4104 6368
260 317 331 372 57
1452 322 1828 380 ΡΒΑΞΡΑΤΙΟ

1956 326 2433 399 ζιΑοΤΑΝτῐυΜ.
3501 344 3571 399 53

256 434 455 530 electio
482 435 988 530 cfelestisinveniat.
1015 437 1226 493 Etenim
1256 437 1346 493 ille
1370 447 1443 501 te.
1462 440 1550 508 qui
1575 454 1680 493 non
1705 455 1854 518 mcn-
1881 444 1935 506 Α
1960 443 2130 500 instar
2156 461 2277 502 esse
2300 451 2539 518 conﬁdo,
2599 464 2943 524 peccatorem
2979 459 3111 529 justi
3157 457 3416 530 petitione
3457 476 3575 518 me-

255 526 360 581 dax
390 535 474 582 est
501 527 662 591 Deus,
693 529 786 600 qui
808 532 1120 602 episcopum
1148 531 1289 601 plebi
1320 546 1431 586 suae
1461 531 1530 587 de
1559 531 1855 604 improviso

256 622 555 688 constituit,
577 624 669 678 ille
696 625 852 694 plena
881 625 1168 683 dilectione
1189 642 1298 682 sum
1320 627 1610 683 voluntatis
1628 637 1679 684 te
1697 644 1853 685 coro-

255 717 429 773 nabit.
455 719 608 774 Tunc
639 730 844 774 tantum
875 731 929 775 ut
958 723 1126 777 nostri
1158 722 1473 777 memineris
1520 725 1770 792 petimus,
1802 733 1855 780 et

252 825 496 876 oramus,
526 826 647 866 cum
684 812 876 882 pudice
893 813 1196 868 allectionis
1221 814 1430 868 Domini
1451 815 1670 884 probata
1695 825 1854 886 atque

253 905 600 960 immaculata
634 904 831 971 hostia,
874 915 999 963 ante
1026 906 1226 962 Christi
1278 908 1509 963 tribunal
1556 908 1847 975 adstiteris,

247 1013 378 1054 cum
407 999 575 1067 gloria
603 1001 786 1071 gratia:
827 1001 942 1069 Dei,
976 1002 1258 1070 prtemium
1299 1001 1510 1058 devotae
1555 1003 1754 1058 mentis
1791 1018 1855 1058 ac

245 1092 746 1147 remunerationem
786 1093 1090 1164 acceperis;
1121 1095 1396 1150 memoriae
1429 1094 1650 1163 htereat,
1698 1104 1752 1150 et
1778 1102 1856 1151 te-

246 1187 463 1239 naciter
486 1186 537 1238 in
553 1187 804 1240 sensibus
830 1187 933 1241 tuis
951 1196 1185 1250 maneat,
1211 1202 1368 1256 quam
1386 1187 1543 1242 nobis
1573 1188 1854 1260 impertire

243 1275 512 1346 dignaris,
537 1277 755 1332 dilectio
793 1278 1101 1344 charitatis;
1151 1289 1208 1334 nt
1234 1281 1567 1335 orationibus
1598 1282 1703 1336 tuis
1734 1297 1856 1351 pec-

241 1377 373 1422 cata
407 1377 591 1423 nostra
620 1371 830 1424 veniam
855 1381 1277 1442 consequantur,
1317 1382 1372 1426 ut
1396 1373 1604 1428 meritis
1625 1374 1854 1444 justitiaa

243 1469 381 1528 tum,
409 1463 528 1517 vita:
558 1471 757 1518 nostras
783 1462 974 1520 delicta
1002 1473 1317 1536 purgentur.
1353 1465 1564 1522 Etenim
1609 1467 1853 1539 martyrii

1966 539 2142 595 ruisse
2174 541 2398 598 salvari:
2423 554 2479 599 ut
2511 555 2583 610 et,
2613 562 2734 602 cum
2766 549 2882 619 ipse
2908 553 3208 620 promereri
3238 553 3363 624 quid
3393 554 3574 623 preci-

1966 628 2184 688 bustuis
2215 635 2392 692 minus
2421 639 2614 707 possis,
2658 644 2910 714 martyris
2933 646 3143 701 meritis
3175 646 3442 703 libereris.
3481 647 3572 704 Sic

1962 722 2066 779 Job
2092 726 2270 795 justus
2301 746 2395 798 pro
2425 732 2720 788 amicorum
2751 736 2912 790 trium
2944 740 3178 806 peccatis
3202 755 3230 793 a
3259 740 3367 795 Deo
3412 756 3574 812 roga-

1966 825 2116 874 turus
2137 829 2192 874 et
2220 821 2603 891 impetraturos
2623 828 2946 896 ostenditur,
2977 839 3032 884 et
3064 831 3310 900 probatio
3363 831 3573 889 timoris

1963 914 2080 985 ejus
2100 925 2154 971 et
2183 916 2303 971 ﬁdei
2335 917 2694 976 Dominivoce
2721 930 2857 978 teste
2874 924 3135 994 signatur.
3165 924 3298 981 Cum
3337 941 3469 998 ergo
3514 927 3570 982 in

1963 1005 2049 1062 die
2098 1007 2436 1065 liberationis
2483 1020 2606 1078 tum,
2671 1013 3014 1084 charissime,
3063 1028 3456 1087 repraesentare
3520 1028 3574 1075 te

1963 1097 2161 1154 Christi
2188 1102 2420 1157 vultibus
2446 1106 2712 1174 cmperis;
2756 1122 2878 1162 cum
2909 1108 2960 1162 in
2987 1110 3347 1165 aeternitatem
3380 1124 3568 1182 perpe«

1963 1192 2318 1263 tuitatemque
2351 1195 2566 1251 videndi
2615 1213 2841 1268 regnare
2863 1216 2983 1255 cum
3012 1200 3232 1256 Christo
3269 1200 3410 1257 felici
3426 1212 3573 1259 sorte

1964 1287 2324 1342 successeris:
2359 1303 2453 1358 pro
2477 1288 2692 1344 Domini
2731 1291 3102 1348 misericordia
3132 1293 3187 1348 in
3235 1301 3416 1350 mente
3457 1293 3570 1366 jam

1964 1380 2103 1437 habe
2139 1396 2363 1451 puerum
2390 1391 2540 1437 tuum
2561 1381 2803 1452 Celsum,
2840 1385 3205 1443 sanctissime.

1623 1581 2178 1640 ANNOTATIONES.

321 1698 540 1753 Pudice.
565 1699 653 1755 Sic
676 1699 909 1770 Remig.;
931 1714 1036 1754 non
1060 1697 1196 1756 male
1216 1701 1268 1756 in
1290 1701 1417 1767 alio,
1438 1701 1671 1770 pudiare;
1694 1700 1845 1767 editi,

237 1771 520 1842 pudicitia.
554 1771 884 1826 Auctoritate
908 1771 1148 1841 ejusdem
1168 1773 1290 1826 cod.
1310 1772 1521 1842 Remig.
1545 1783 1599 1828 et
1621 1772 1849 1828 aliorum

236 1842 634 1897 nonnullorum
668 1843 898 1912 legimus
923 1845 1167 1915 tenaciter
1194 1859 1290 1914 pro
1331 1855 1499 1900 teneas
1535 1854 1610 1908 ut,
1644 1854 1698 1900 et
1723 1861 1848 1915 pro-

232 1915 430 1968 mereri
461 1929 558 1985 pro
590 1931 902 1983 promovere,
933 1923 987 1970 et
1014 1914 1118 1972 alia
1148 1915 1405 1972 nonnulla
1427 1914 1794 1973 emendamus.

397 2055 466 2062 ...α
493 2056 576 2062 ...ν
605 2056 634 2062 ,ι
670 2057 770 2064 ..-δυο
793 2058 840 2063 ._.

2030 1700 2170 1774 Justi
2194 1701 2454 1771 petitione.
2499 1701 2588 1756 Sic
2643 1702 2852 1773 Remig.
2900 1703 3034 1773 justi
3080 1705 3322 1774 martyris
3350 1700 3480 1759 edit.
3515 1708 3573 1758 et

1957 1773 2119 1845 paulo
2145 1783 2281 1841 post,
2308 1773 2557 1845 martyris
2586 1775 2814 1842 precibus
2839 1776 2892 1829 in
2922 1774 3044 1830 eod.
3080 1773 3286 1845 Remig.

2033 1843 2254 1900 Celsum.
2292 1843 2553 1900 Caecilium
2583 1846 2705 1901 cod.
2733 1845 2944 1918 Remig.

967 2057 1364 2065 .—.-—.___.._‘.—._n——
1373 2057 1721 2064 -m—————-—
1733 2055 1864 2064 ρ-ρ-ας-

1956 2055 2369 2064 _—..._._.._._—.—.—
2387 2055 2608 2063 w—
2628 2056 2653 2060 ...
2687 2055 2718 2060 .-.
2751 2052 3016 2060 .-—_—¢——-..H-.
3037 2053 3107 2060 ...-

252 2057 306 2100 ﬁ
323 2056 374 2061 ο-.
397 2055 466 2062 -..α
493 2056 576 2062 ...ν
605 2056 634 2062 ,ι
670 2057 770 2064 κδ---
793 2057 1721 2065 Ψ--.“,-.--ρς-,.---ρ--ρο-Α-,--η-ι
1733 2055 2369 2064 ...ρ-ας--υ--μ-ο-ο--ᾤ-..σ
2387 2055 2608 2063 -ρ--ςρα-
2628 2056 2653 2060 -σ-
2687 2055 2718 2060 .-
2751 2052 3016 2060 Δ----σ--...ηο-...
3037 2053 3107 2060 ---
3147 2049 3534 2102 Ξ

323 2095 1594 2108 *η-α-α--συη-υ--οῌ--νο--Μ
1605 2096 1766 2104 -—————
2405 2093 3006 2104 m—u—vy—W

957 2096 1594 2106 —-————.————.—.—-————'——.
1605 2096 1766 2104 -—————

1207 2250 1253 2296 ο
1412 2209 2386 2346 ΡΡυἘΡΑΤΙΟ

903 2459 1389 2546 NICOLAI
1448 2456 1994 2612 LENGLET
2053 2454 2768 2578 DUFRESNOY
2803 2447 2890 2531 (1)

1127 2679 1332 2792 IN
1407 2673 2690 2795 LACTANTIUM.

1746 2909 2065 2966 δοΜή

225 3065 234 3082 ί
302 3053 348 3110 1.
393 3052 718 3110 Jamdudum
753 3063 1038 3126 expectant
1073 3054 1267 3111 eruditi
1299 3053 1726 3110 emendatiorem
1773 3061 1856 3108 at-
1884 3075 1932 3136 B

225 3162 342 3220 que
397 3147 818 3219 perfectiorem,
869 3165 1029 3219 quam
1078 3148 1326 3214 antehac,
1382 3147 1851 3202 Laetantianorum

226 3258 464 3314 cperum
497 3243 810 3299 editionem.
846 3243 995 3298 Hanc
1029 3243 1222 3312 publici
1249 3243 1386 3312 juris
1415 3241 1659 3305 facimus,
1692 3250 1853 3312 atque

226 3336 286 3390 id
337 3337 668 3403 curavimus,
718 3345 776 3391 ut
821 3345 997 3391 textus
1045 3337 1116 3390 sit
1161 3335 1664 3398 emendatissimus;
1711 3344 1853 3390 nota:

225 3445 366 3486 vero
413 3447 519 3486 non
559 3431 626 3487 ad
668 3432 1107 3496 ostentationem,
1139 3429 1235 3486 sed
1272 3428 1339 3485 ad
1381 3429 1666 3485 utilitatem
1712 3428 1852 3484 ret‘e—

223 3535 447 3582 rantur.
481 3525 558 3582 Ne
598 3535 756 3597 putes
787 3537 964 3581 tamen
991 3568 1002 3590 ,
1035 3525 1203 3580 lector
1231 3523 1440 3580 erudite
1465 3566 1480 3591 ,
1527 3524 1641 3579 haec
1670 3522 1849 3578 omnia

221 3619 333 3673 soli
363 3633 499 3674 meae
524 3633 670 3674 curae
697 3617 902 3674 deberi.
933 3617 988 3672 ln
1018 3607 1526 3687 mentem‘equidem
1553 3615 1682 3670 mihi
1710 3629 1850 3670 anno

223 3711 375 3767 1707
409 3719 632 3766 venerat
659 3709 797 3766 hanc
819 3725 1037 3782 operam
1069 3709 1121 3763 in
1152 3725 1238 3764 me
1268 3711 1564 3776 suscipere,
1596 3716 1652 3761 ut
1681 3707 1848 3760 otium

223 3804 378 3875 quod
427 3814 543 3859 erat
591 3803 724 3858 mihi
765 3819 794 3858 a
841 3804 998 3859 seriis
1048 3803 1298 3873 negotiis,
1331 3801 1524 3872 quibus
1572 3799 1850 3854 detinebar

222 3897 427 3952 insulis
453 3895 808 3950 Flandrorum
850 3896 903 3950 in
931 3895 1049 3950 aula
1079 3891 1714 3950 Bavarico-Coloniensi,
1749 3891 1850 3946 hoc

219 3987 414 4045 studio
468 4003 818 4056 exercerem;
869 4004 1058 4043 omnes
1110 3989 1222 4042 fere
1271 3986 1532 4042 Lactantii
1583 3985 1848 4040 editiones

220 4097 617 4151 congesseram
640 4125 652 4147 ,
695 4090 856 4152 atque
889 4081 1288 4149 manuscriptos
1316 4077 1614 4149 quosdam,
1651 4087 1759 4131 tum
1793 4075 1846 4131 in

222 4173 425 4244 Belgio
450 4216 464 4240 ,
495 4185 604 4228 tum
637 4184 794 4230 antea
844 4176 1061 4229 Parisiis
1091 4175 1429 4230 contuleram
1457 4191 1470 4238 ;
1515 4183 1670 4226 notas
1719 4173 1848 4225 item

222 4267 498 4338 plurimas
521 4267 738 4320 assiduo
770 4268 954 4323 labore
974 4267 1250 4322 confectas
1276 4275 1330 4320 et
1361 4263 1596 4336 undique
1622 4263 1845 4333 conqui-

218 4360 370 4415 sitas
398 4360 451 4412 in
485 4375 648 4413 unum
683 4375 1152 4415 c0acervaveram.

2033 3053 2122 3110 Ill.
2157 3053 2377 3122 Verum,
2404 3067 2463 3108 re
2493 3052 2712 3120 infecta,
2737 3067 2881 3109 anno
2903 3054 3064 3120 1751,
3092 3055 3223 3112 abiit
3249 3055 3314 3111 ad
3341 3069 3570 3128 superos

1958 3149 2040 3204 vir
2071 3149 2349 3213 eruditus,
2383 3157 2544 3218 atque
2592 3147 2911 3220 quibusdam
2957 3149 3026 3204 ab
3074 3149 3198 3205 hinc
3245 3152 3400 3205 annis
3453 3150 3571 3221 ejus

1959 3243 2090 3298 mihi
2113 3243 2399 3298 commissa
2425 3253 2548 3298 sunt
2585 3243 2803 3309 scrinia,
2831 3255 2886 3299 et
2913 3244 3133 3299 creditm
3165 3247 3565 3304 annotationes.

1958 3337 2064 3394 Sed
2113 3348 2342 3408 quantus
2386 3351 2472 3393 me
2516 3345 2706 3408 stupor
2748 3338 3030 3393 incesserit
3059 3341 3150 3394 vix
3181 3355 3438 3395 enarrare
3485 3339 3569 3396 fas

1955 3440 2059 3494 est,
2093 3446 2216 3484 cum
2261 3429 2506 3496 viderim,
2541 3431 2802 3484 editorem
2836 3445 2966 3485 sane
3001 3431 3293 3499 eruditum,
3322 3432 3568 3503 improbo

1954 3523 2142 3579 decem
2175 3539 2439 3577 annorum
2475 3523 2662 3578 labore
2708 3525 2758 3578 in
2807 3539 2874 3579 eo
2903 3532 3108 3578 tantum
3156 3525 3478 3591 desudasse,
3513 3535 3572 3581 ut

1955 3618 2190 3689 undique
2218 3627 2583 3685 coacervaret,
2617 3617 2724 3673 imo
2753 3628 2808 3674 et
2836 3619 3155 3675 corraderet
3183 3621 3359 3673 varias
3384 3620 3571 3674 lectio-

1954 3727 2049 3766 nes
2112 3711 2599 3780 manuscriptornm
2658 3709 2904 3765 codicum
2969 3719 3024 3766 et
3089 3710 3562 3766 Lactantianarum

1953 3804 2282 3871 editionum;
2324 3803 2540 3857 omissis
2581 3803 2796 3858 interim
2848 3803 2916 3858 iis
2946 3803 3449 3870 observationibus,
3480 3805 3565 3859 vel

1954 3901 2249 3961 historicis,
2284 3899 2367 3955 vel
2394 3899 2619 3965 criticis,
2651 3915 2770 3970 qua:
2800 3899 2866 3953 ad
2908 3900 3147 3955 auctoris
3188 3908 3424 3954 mentem
3453 3908 3566 3956 tum

1951 3995 2342 4067 assequendam
2370 4036 2386 4062 ,
2429 4005 2540 4051 ttun
2573 3995 2967 4063 explanandam
2999 4003 3183 4050 essent
3209 3995 3562 4050 necessarim.

1952 4093 2062 4148 llac
2095 4094 2221 4148 inita
2255 4094 2486 4159 ratione,
2519 4107 2806 4148 numerum
2857 4093 3232 4147 tantummodo
3261 4093 3561 4148 editionum

1951 4188 2188 4242 auxisset
2217 4185 2456 4240 Joannes
2488 4185 2536 4240 le
2569 4185 2710 4240 Brun
2739 4201 2754 4250 ;
2786 4184 2881 4240 sed
2910 4185 3274 4253 antiquiorum
3320 4201 3426 4240 non
3453 4201 3560 4240 ex-

1949 4281 2198 4336 tinxisset
2227 4278 2574 4340 desiderium,
2611 4279 2720 4333 imo
2750 4279 2928 4348 potius
2960 4278 3306 4334 incendisset.

2022 4373 2110 4428 IV.
2143 4373 2245 4429 Sed
2277 4373 2342 4427 ad
2389 4371 2724 4428 Lactantium
2760 4373 2934 4442 ipsum
2979 4380 3162 4426 nostra
3211 4383 3562 4430 convertatur

303 4450 487 4506 ILSed
519 4467 626 4521 quo
655 4462 897 4522 tempore
939 4453 1054 4507 lucc
1083 4453 1264 4506 animo
1297 4450 1596 4513 versabant,
1633 4459 1686 4505 et
1731 4464 1843 4503 ma-

1956 4465 2142 4520 oratio.
2172 4464 2390 4520 Certum
2421 4473 2505 4520 est
2533 4477 2782 4519 anetores
2825 4463 2966 4518 inter
3006 4463 3225 4520 Latinos
3265 4465 3315 4520 id
3359 4466 3434 4520 illi
3464 4481 3557 4536 pe-

217 4561 361 4601 num
400 4545 785 4611 admovebant,
824 4557 879 4601 ut
922 4545 988 4600 ad
1032 4546 1192 4601 tinent
1241 4545 1419 4614 aperis
1469 4557 1836 4614 properarem,

211 4640 548 4696 nunciatum
599 4641 729 4695 mihi
775 4639 907 4705 fuit,
951 4640 1211 4696 Joannem
1258 4640 1552 4708 Baptistam
1608 4639 1658 4692 le
1698 4639 1840 4692 Brun

215 4732 750 4804 Rothomagensetn,
781 4735 1006 4790 Aurelia:
1032 4735 1097 4788 ad
1127 4733 1354 4804 Ligerim
1386 4743 1512 4787 tunc
1533 4731 1837 4802 degentem,

220 4842 403 4884 omne
422 4828 681 4891 studium,
702 4828 940 4885 laborem
963 4843 1178 4883 omnem
1202 4827 1480 4882 Lactantio
1503 4827 1841 4882 emendando

219 4923 564 4990 intendere;
607 4933 734 4979 tunc
761 4932 1066 4995 susceptum
1095 4938 1230 4993 opus
1269 4922 1523 4994 deposui,
1555 4932 1716 4992 atque
1746 4938 1840 4993 per

216 5017 590 5086 interpositos
614 5019 818 5073 amicos
848 5019 968 5072 misi
995 5017 1186 5072 .loanni
1219 5017 1268 5072 le
1310 5018 1449 5072 Brun
1481 5017 1710 5072 selectas
1744 5017 1838 5072 de-

210 5127 353 5169 cem
384 5112 644 5168 editiones
686 5125 738 5168 et
769 5113 1000 5182 amplius
1027 5129 1091 5168 ex
1124 5114 1418 5169 rarioribus
1460 5112 1832 5184 quadraginta,

213 5221 372 5275 quas
398 5222 601 5262 summa
633 5221 759 5262 cura
787 5207 1131 5278 collegeram.
1167 5207 1336 5277 Hujus
1364 5207 1605 5262 doctrina
1635 5217 1688 5262 et
1713 5207 1835 5262 dili—

211 5299 417 5372 gentia
461 5301 590 5355 mihi
638 5317 702 5356 ex
732 5301 890 5356 editis
927 5301 984 5357 S.
1020 5301 1226 5356 Paulini
1273 5301 1557 5372 operibus,
1606 5301 1834 5370 aliisque

208 5412 335 5454 non
373 5395 596 5451 indoctis
623 5395 1087 5453 lucubrationibus
1113 5405 1256 5452 nota:
1281 5412 1346 5453 ac
1385 5397 1626 5469 probata:
1653 5404 1828 5450 erant.

291 5579 389 5653 (Ι)
413 5578 911 5653 Cujuseditionem,
935 5588 992 5634 nt
1021 5589 1144 5649 pote
1173 5581 1410 5653 omnium
1431 5579 1694 5636 hactenus
1727 5595 1826 5647 pu-

205 5651 373 5709 bliei'
403 5652 539 5718 juris
579 5651 840 5706 factarum
881 5653 1000 5708 loco
1043 5652 1374 5715 habendam,
1411 5653 1476 5705 ad
1520 5653 1828 5706 innumero-

204 5740 455 5794 rumque
479 5731 582 5775 tam
606 5722 870 5777 editorum
889 5740 1046 5792 quam
1077 5725 1560 5792 manuscriptornm
1579 5724 1826 5780 codicum

201 5797 389 5852 ﬁdem
416 5795 778 5860 emendatam,
807 5796 1063 5851 nonnulis
1092 5806 1270 5854 tamen
1302 5799 1384 5853 vel
1412 5796 1463 5852 in
1494 5797 1686 5854 melius
1710 5813 1823 5853 tnu-

204 5869 349 5926 tatis
381 5867 465 5924 vel
488 5866 704 5936 additis,
735 5867 1061 5927 recudimus.‘

1947 4560 2149 4616 culiare
2177 4576 2318 4626 esse,
2353 4570 2408 4614 ut
2447 4557 2846 4630 quodammodo
2887 4559 2958 4614 sit
3003 4557 3070 4614 ad
3117 4559 3328 4616 diversa
3376 4561 3558 4616 munia

1949 4665 2187 4726 paratus.
2217 4655 2272 4710 Si
2320 4654 2520 4709 etenim
2554 4654 2607 4707 in
2636 4653 2995 4723 scriptoribus
3036 4652 3422 4709 ecclesiasticis
3465 4668 3555 4708 se-

1943 4750 2200 4814 cundum,
2225 4759 2315 4804 aut
2340 4750 2554 4805 tertium
2581 4748 2920 4804 solummodo
2948 4749 3127 4804 locum
3155 4748 3337 4812 habet,
3365 4747 3555 4816 procul

1941 4843 2107 4900 dubio
2137 4845 2218 4898 vir
2248 4843 2349 4898 fuit
2382 4842 2669 4914 primarius
2715 4843 2768 4897 in
2814 4857 2872 4897 re
2907 4842 3186 4904 litterario,
3218 4848 3440 4911 propter
3465 4855 3557 4894 va-

1941 4937 2077 4991 riam
2133 4937 2251 5006 ejus
2303 4935 2704 5002 eruditionem,
2759 4935 2974 5006 dignam
3031 4933 3248 4988 homine
3292 4931 3552 4988 litterato.

1942 5029 2108 5084 Tanta
2136 5031 2334 5101 quippe
2361 5029 2634 5093 facundia,
2660 5029 2832 5084 nitore
2866 5036 3034 5094 tanto,
3065 5035 3209 5082 tanta
3243 5027 3403 5081 etiam
3432 5043 3554 5098 gra-

1939 5124 2104 5178 vitate
2148 5123 2215 5178 de
2245 5122 2407 5178 rebus
2450 5121 2684 5178 maxime
2713 5121 2766 5176 in
2797 5121 3059 5190 religione
3101 5119 3420 5174 necessariis
3455 5135 3550 5174 su-

1937 5216 2104 5274 blime
2132 5214 2374 5286 disputat
2401 5225 2564 5286 atque
2603 5214 2843 5277 disserit,
2878 5222 2932 5266 ut
2977 5212 3180 5266 nostris
3217 5211 3549 5281 temporibus

1936 5324 2090 5380 teque
2115 5317 2300 5378 gratus
2332 5309 2422 5376 sit,
2453 5323 2516 5362 ac
2541 5307 2809 5378 prioribus
2839 5304 3098 5360 Ecclesia:
3130 5305 3366 5360 szrculis.

2008 5401 2072 5456 γ.
2116 5401 2371 5469 Οιιωιθιοε
2420 5400 2578 5470 vulgo
2621 5397 2835 5464 solent,
2883 5412 2981 5451 cur
3026 5397 3268 5452 eruditus
3315 5411 3378 5451 ac
3431 5397 3548 5452 elo-

1934 5496 2318 5566 quentissimus
2367 5495 2599 5564 scriptor
2636 5505 2760 5545 suas
2796 5490 3024 5545 ediderit
3067 5489 3457 5547 lnstitutiones.
3489 5489 3544 5544 ld

1934 5606 2098 5661 porro
2128 5605 2304 5645 causa:
2343 5589 2437 5643 fuit
2469 5606 2481 5642 :
2516 5586 2651 5640 sicut
2685 5585 2996 5654 prudentes,
3027 5595 3081 5639 et
3111 5585 3298 5638 arbitri
3331 5583 3542 5653 equita-

1933 5683 1999 5739 tis
2042 5683 2413 5739 InSIitutiones
2459 5681 2594 5750 juris
2639 5677 2814 5731 civilis
2861 5678 3190 5748 compositas
3217 5675 3538 5745 vulgarunt,

1929 5778 2123 5851 quibus
2149 5773 2526 5832 dissidentium
2573 5770 2694 5830 lites
2736 5771 3218 5840 contentionesque
3259 5768 3536 5838 scpirent,

1929 5871 2007 5927 sic
2041 5871 2254 5928 Divinas
2283 5867 2653 5926 lnstitutiones
2692 5880 2758 5924 co
2785 5865 3128 5939 potissimum
3170 5859 3370 5933 publici
3398 5860 3535 5931 juris
