4104 6368
580 287 651 345 59
1754 276 2131 351 PBNATID
2168 276 2235 339 ΙΝ
2274 276 2747 345 ιΑοτΑΝτωΜ.
3812 277 3877 337 60

581 404 706 460 fecit
730 401 1060 463 Lactantius.
1088 409 1145 458 ut
1166 398 1415 455 ﬁdelibus
1443 413 1552 453 uno
1581 396 1734 470 quasi
1760 397 1955 467 intuitu
1982 407 2179 461 cuncta
2210 398 2264 465 Α
2290 397 2416 465 tius,
2464 412 2571 455 non
2610 406 2696 454 est
2740 411 2908 471 usque
2946 397 3086 461 adeo
3122 405 3351 457 certum.
3390 395 3450 457 in
3491 395 3667 459 varias
3710 395 3877 457 critici

580 506 777 570 praesto
819 504 1004 553 essent
1047 500 1363 575 argumenta
1386 536 1401 559 ,
1435 492 1629 567 quibus
1658 492 1938 567 gentilium
1970 508 2187 553 errores

576 588 944 657 revincerent,
975 596 1028 643 et
1058 592 1364 643 assererent
1394 583 1677 640 infractam
1709 584 1987 663 religionis
2012 585 2189 643 chris-

580 682 741 739 tiana:
793 682 1071 738 veritatem
1121 677 1426 754 (Lactant.,
1479 677 1681 749 lnsttt.,
1735 679 1824 735 lib.
1872 695 1923 749 t,
1972 697 2090 752 cap.
2131 681 2186 749 1,

579 776 680 831 col.
712 774 816 830 116
845 782 980 829 neat.
1004 773 1136 846 δώ).

654 864 739 921 Vl.
774 865 903 936 Eius
942 867 1143 943 quippe
1182 859 1584 933 lnstitutiOnes,
1626 879 1745 936 quae
1785 863 1937 929 libris
1981 875 2190 938 septem

578 959 955 1024 absolvuntur,
987 973 1055 1013 eo
1085 957 1387 1028 procedunt
1428 955 1639 1023 ordine,
1676 966 1733 1011 ut
1780 956 1949 1017 tribus
1994 957 2189 1027 priori-

579 1055 679 1125 bus
703 1055 883 1111 cultus
907 1055 1131 1110 deorum
1160 1053 1379 1108 insanos
1400 1051 1675 1121 retundat,
1711 1051 1882 1111 tribus
1912 1052 2033 1109 aliis
2062 1052 2192 1109 fide-

584 1149 666 1206 les
686 1149 1013 1211 christianos
1038 1147 1105 1204 ad
1126 1148 1405 1204 veritatem
1424 1147 1701 1216 instituat;
1727 1163 1870 1215 nam,
1892 1157 1947 1207 ut
1964 1147 2040 1203 ait
2063 1148 2195 1205 Lac-

582 1245 781 1305 tantius
805 1245 921 1315 ipse
946 1242 1057 1316 (lib.
1091 1259 1129 1311 ι,
1160 1258 1277 1315 cap.
1300 1241 1404 1313 25,
1432 1241 1532 1295 col.
1560 1239 1667 1301 252
1692 1251 1824 1297 neat.
1850 1238 1957 1315 ed.)
1985 1257 1996 1293 :
2025 1258 2042 1294 ι
2072 1239 2190 1303 Pri-

582 1355 703 1396 mus
735 1339 1011 1409 sapientite
1040 1335 1241 1409 gradus
1281 1344 1363 1392 est
1394 1333 1527 1395 falsa
1561 1334 1899 1405 intelligere,
1924 1332 2195 1391 secundus

583 1450 710 1491 vera
739 1446 1101 1505 cognoscere;
1135 1449 1154 1484 ι
1182 1430 1375 1485 ultimo
1401 1428 1617 1483 tandem
1650 1428 1789 1483 libro
1812 1427 1879 1482 de
1908 1427 2197 1495 impiorum

586 1526 759 1597 poenis
787 1533 842 1579 et
869 1523 1222 1590 cruciatibus,
1249 1522 1462 1592 piorum
1492 1536 1619 1577 vero
1648 1519 1940 1575 immortali
1973 1519 2197 1590 praamia

585 1630 641 1677 et
665 1618 1000 1676 beatitudine
1044 1618 1174 1689 agit.
1217 1615 1328 1672 Nec
1374 1624 1552 1671 tamen
1589 1614 1810 1679 credas,
1855 1623 1971 1669 toto
2008 1613 2107 1669 huc
2142 1612 2195 1667 in

588 1727 759 1783 Opere
802 1710 977 1766 omnia
1020 1718 1292 1767 momenta
1331 1723 1488 1782 aeque
1531 1707 1706 1763 valida
1749 1721 1907 1772 esse;
1950 1706 2197 1781 quaedam

2288 494 2538 555 abierunt
2560 495 2875 553 sententias.
2911 495 3069 555 Putat
3096 495 3262 559 lsaius
3288 510 3431 552 anno
3454 494 3562 555 502
3582 494 3879 555 elaboratas

2291 600 2446 655 esse;
2495 586 2589 643 sed
2627 585 2729 644 hoc
2770 602 2912 651 anno
2947 586 3135 651 ﬁdeles
3168 587 3452 647 christiani
3495 586 3881 659 aliquantulum

2290 696 2424 755 pace
2453 681 2785 749 fruebantur,
2817 698 3006 739 verum
3032 697 3140 754 quo
3170 692 3416 752 tempore
3444 680 3616 738 edidit
3648 694 3775 737 suas
3800 680 3885 738 la-

2290 778 2601 835 SIitutiones
2639 776 3017 848 persecutione
3052 777 3426 849 “agitabatur
3461 777 3722 833 Ecclesia.
3758 775 3885 835 Exi-

2295 869 2520 931 stimant
2555 871 2682 941 alii,
2728 885 2870 926 anno
2900 870 3041 938 511;
3090 869 3381 929 cardinalis
3428 869 3724 936 Baronius,
3772 878 3890 939 post

2293 979 2494 1021 annum
2540 965 2676 1033 515;
2732 962 3006 1023 dcctiores
3058 963 3333 1034 denique,
3386 961 3560 1017 multo
3621 971 3744 1033 post
3796 977 3890 1021 an-

2296 1074 2423 1119 num
2452 1058 2579 1123 518,
2607 1056 2747 1115 forte
2772 1073 2916 1114 anno
2941 1056 3049 1115 520
3081 1056 3327 1123 ειυιηὸὶί,
3362 1055 3536 1111 editas
3566 1054 3734 1111 fuisse
3766 1069 3892 1113 sea-

2298 1153 2453 1213 tiuat.
2489 1151 2662 1207 Meum
2690 1168 2796 1209 non
2824 1160 2910 1209 est
2940 1152 3028 1209 hic
3058 1167 3153 1222 per
3185 1151 3385 1209 multas
3425 1165 3740 1207 sermonum
3784 1165 3895 1206 am-

2296 1245 2462 1316 bages
2493 1244 2685 1303 horum
2716 1244 2957 1305 omnium
2987 1244 3191 1315 agitare
3219 1242 3480 1311 rationes,
3508 1252 3562 1298 et
3586 1251 3898 1313 argumenta

2301 1340 2558 1410 utrinque
2589 1339 2749 1395 allata
2776 1339 3046 1395 curiosius
3065 1339 3408 1409 conquirere.
3436 1337 3677 1393 Sufficiat
3705 1337 3902 1408 proba-

2303 1443 2433 1498 tam,
2456 1443 2547 1486 aut
2574 1432 2764 1489 saltem
2797 1431 3212 1502 probabiliorem
3242 1444 3517 1500 exponere
3545 1430 3900 1489 sententiam.

2372 1523 2464 1583 ιχ.
2495 1524 2863 1581 Nicomediam
2886 1523 3152 1595 Bithynim
3178 1537 3244 1578 ex
3267 1521 3449 1578 Africa
3473 1522 3679 1578 accitus
3707 1521 3901 1591 fuerat,

2301 1617 2603 1695 imperante
2635 1618 2995 1685 Dioclesiano,
3027 1617 3361 1683 Lactantius,
3395 1627 3535 1672 utea
3568 1616 3622 1671 in
3653 1615 3789 1671 urbe
3818 1615 3905 1671 lit-

2301 1721 2447 1768 teras
2476 1711 2762 1785 oratorias,
2792 1711 2845 1781 id
2876 1721 2979 1781 est,
3013 1711 3312 1769 Romanum
3344 1711 3566 1768 doceret
3591 1710 3904 1783 eloquium;

588 1805 827 1861 rationes
851 1817 973 1874 quae
1014 1818 1155 1858 nunc
1186 1802 1417 1859 leviores
1444 1809 1499 1858 et
1527 1798 1736 1872 frigidae
1767 1801 2034 1867 videntur,
2063 1809 2191 1855 tunc
2225 1816 2274 1877 Β
2303 1807 2481 1880 ibique
2508 1808 2706 1865 mansit
2728 1817 2840 1862 toto
2863 1806 3256 1879 persecutionis
3282 1816 3553 1879 tempore,
3574 1821 3699 1877 quae
3720 1806 3907 1867 decem

587 1914 781 1973 graves
810 1906 965 1954 erant
986 1908 1147 1969 atque
1175 1896 1365 1952 ﬁrmze.
1398 1896 1474 1953 Ita
1505 1896 1827 1968 quandoque
1861 1896 1919 1950 iit
1940 1938 1954 1962 ,
1986 1905 2097 1950 tum
2131 1909 2199 1950 ex

590 1992 828 2065 ingenio,
867 2000 978 2046 tum
1016 2006 1082 2045 ex
1115 1990 1355 2047 moribus
1387 1989 1689 2055 hominum,
1724 1998 1781 2044 ut
1806 1989 2021 2044 diversa
2058 1998 2196 2044 tem-

590 2100 787 2158 porum
829 2083 1101 2140 curricula
1140 2083 1384 2139 diversas
1414 2082 1576 2139 etiam
1624 2082 1857 2138 habeant
1893 2078 2199 2137 disserendi

595 2178 854 2234 rationes.

664 2269 777 2326 Vll.
809 2268 926 2324 Non
953 2267 1217 2324 difﬁtetur
1236 2276 1416 2324 autem
1438 2267 1770 2333 Lactantius,
1794 2267 1927 2339 quin
1950 2266 2201 2326 eamdem

591 2363 731 2418 viam
760 2362 966 2418 emensi
1001 2362 1110 2433 jam
1143 2361 1345 2417 fuerint
1372 2360 1589 2432 quidam
1621 2379 1651 2417 e
1682 2362 1881 2416 nostris
1924 2360 2204 2431 scriptori-

592 2453 712 2508 bus.
745 2454 873 2519 Sed,
904 2463 963 2509 ut
1006 2454 1122 2525 ipse
1162 2454 1260 2523 ait,
1308 2452 1572 2511 Minucius
1598 2451 1773 2520 Felix,
1819 2453 1909 2524 qui
1957 2452 2203 2519 veritati;

596 2545 824 2602 idoneus
851 2556 1092 2601 assertor
1121 2560 1244 2603 esse
1273 2548 1557 2618 potuisset.
1592 2562 1698 2601 non
1729 2546 1991 2615 integram
2024 2553 2205 2599 tamen

594 2655 695 2697 nec
737 2641 961 2696 omnino
1000 2641 1213 2712 plenam
1260 2642 1314 2696 in
1357 2640 1554 2697 tuenda
1590 2641 1851 2712 religione
1880 2638 2206 2711 disputatio:

596 2749 718 2789 nem
751 2734 989 2803 scripsit.
1022 2733 1079 2788 in
1103 2733 1439 2801 Tertuliano,
1475 2733 1641 2805 idque
1677 2734 1892 2802 merito,
1932 2732 2207 2790 desiderat

598 2827 797 2899 eloquii
827 2828 1267 2899 perspicuitatem
1301 2840 1355 2884 et
1398 2829 1748 2895 facilitatem;
1799 2828 1852 2883 in
1902 2826 2201 2901 Cypriane,

596 2921 847 2993 quamvis
869 2922 1143 2991 eloquenti
1171 2930 1225 2977 et
1249 2932 1463 2989 ornato,
1481 2921 1725 2994 quamvis
1751 2920 1803 2976 in
1829 2902 2207 2992 persuadendo

596 3014 846 3087 potenti,
898 3030 1005 3070 non
1051 3024 1135 3071 sat
1185 3024 1366 3093 aptam
1412 3015 1467 3083 in
1519 3014 1907 3077 convincendis
1958 3014 2207 3087 gentibus

597 3108 944 3179 scriptionem
974 3116 1148 3166 notat.
1183 3110 1254 3171 At
1278 3125 1386 3169 non
1417 3116 1500 3169 est
1539 3107 1842 3181 culpandus
1868 3107 2203 3175 Lactantius,

598 3202 739 3275 quod
787 3214 994 3276 septem
1039 3204 1209 3260 libros
1254 3220 1281 3259 a
1325 3212 1661 3275 praeceptore
1691 3202 1936 3260 Arnobio
1974 3202 2209 3273 scriptos

599 3296 815 3355 silentio
859 3298 1287 3370 praetermiserit.
1330 3297 1602 3355 Arnobius
1645 3300 1788 3352 enim
1836 3311 1944 3353 non
1984 3294 2122 3363 nisi,
2152 3304 2211 3352 ut

599 3392 816 3449 videtur
851 3409 994 3449 anno
1034 3392 1378 3455 Constantini
1420 3408 1510 3463 xx,
1569 3392 1620 3449 id
1671 3401 1771 3458 est,
1798 3406 1922 3457 mra:
1969 3388 2211 3461 vulgaris

601 3485 830 3561 526(1),
860 3489 1208 3547 christianam
1231 3488 1805 3560 suscepitreligionem
1831 3502 1937 3558 quo
1969 3495 2211 3556 tempore

598 3595 725 3639 suas
747 3583 798 3639 in
825 3582 1100 3639 ethnicam
1128 3583 1571 3654 superstitionem
1594 3580 1766 3641 edidit
1785 3580 2208 3651 disputationes,

599 3692 695 3735 sex
726 3678 847 3750 plus
878 3682 1057 3735 minus
1084 3679 1242 3737 annis
1273 3687 1394 3750 post
1420 3678 1668 3747 vulgatas
1708 3693 1737 3737 a
1768 3674 2048 3733 Lactantio
2087 3686 2212 3729 suas

604 3769 997 3827 lnstitutioncs.
1034 3770 1226 3827 Mirum
1279 3771 1442 3840 igitur
1489 3785 1596 3826 non
1646 3776 1760 3834 est,
1802 3768 1847 3824 si
1894 3764 2212 3823 Lactantius

600 3865 1045 3933 christianorum,
1080 3874 1215 3921 teste
1254 3864 1490 3920 Eusebio
1529 3860 1875 3925 Caesariensi,
1907 3858 2215 3917 eruditissi-

602 3972 723 4014 mus
752 3967 859 4012 tam
891 3957 1113 4015 arduam
1143 3957 1195 4011 in
1224 3972 1285 4013 se
1307 3955 1609 4027 susceperit
1635 3968 1889 4027 operam;
1918 3967 2015 4007 nec
2047 3949 2213 4007 inulta

605 4049 841 4107 voluerit
874 4064 994 4106 esse
1020 4049 1266 4106 convicia
1287 4090 1301 4114 ,
1334 4049 1530 4121 quibus
1568 4046 1892 4104 christianos
1918 4043 2215 4100 consectati

607 4143 825 4201 fuerant
853 4143 961 4199 duo
989 4142 1320 4215 philosophi,
1352 4141 1467 4199 sive
1490 4140 1523 4199 ii
1552 4140 1658 4198 sint
1680 4138 1959 4197 Hierocles
1991 4151 2055 4193 ac
2083 4136 2216 4192 Por-

611 4235 861 4307 phyrius,
892 4235 1007 4291 sive
1028 4236 1246 4307 quidam
1275 4234 1388 4291 alii.

678 4325 817 4384 Vill.
848 4327 960 4384 llos
1002 4342 1170 4400 porro
1212 4326 1379 4389 libros
1420 4324 1638 4405 quando
1673 4323 1956 4396 scripserit
1984 4322 2218 4383 Lactan-

681 4483 904 4561 (1)-λ8ῑαΔ
940 4498 1102 4561 porro
1141 4481 1525 4561 ait-Eusebius
1554 4498 1567 4537 :
1600 4482 1746 4561 Anno
1776 4494 1849 4536 xx
1896 4477 2218 4561 Constantini

608 4552 861 4613 Arnobius
889 4552 951 4610 ἔτι
976 4554 1153 4627 Africa
1195 4556 1367 4609 rhetor
1403 4555 1574 4610 clarus
1612 4553 1847 4627 habetur,
1881 4552 1969 4622 qui
1991 4567 2124 4627 cum
2162 4552 2217 4604 in

610 4632 811 4706 ciuitate
857 4624 1032 4706 Sicca!
1065 4629 1154 4706 ad.
1181 4627 1574 4706 declamandum
1617 4626 1829 4706 juvenes
1873 4624 2095 4706 audiret
2118 4662 2137 4706 ν,
2167 4629 2216 4679 et
2240 4645 2295 4706 ι)

608 4703 778 4758 adhuc
808 4701 1033 4777 ethnicus
1087 4699 1154 4777 ad
1170 4699 1531 4777 credulitatem
1549 4699 1774 4777 somniis
1800 4694 2213 4777 compelleretur,

610 4791 769 4847 neque
793 4772 856 4827 ab
886 4771 1136 4847 episcopis
1164 4770 1457 4847 impetraret
1486 4770 1844 4847 [idene-quam
1870 4777 2020 4847 antea
2046 4766 2219 4847 i_mptt_-'-

611 4838 855 4919 gnauerat
877 4886 890 4908 ,
916 4838 929 4919 Ἀ
944 4838 1259 4919 elucubravit
1308 4842 1552 4919 adversus
1600 4838 1901 4919 pristinam”
1920 4838 2219 4919 religionem

612 4907 1043 4974 luculentissima:
1089 4915 1273 4981 libros,
1307 4922 1351 4971 et
1392 4907 1609 4969 tandem
1632 4914 1765 4969 velut
1793 4907 2099 4983 quibusdam
2129 4907 2219 4963 ob-

611 4990 807 5045 aidibua
836 4990 1039 5061 pietatis
1070 4988 1236 5059 [tedas
1267 4987 1587 5061 impetravit.
1608 4985 1682 5041 ita
1712 4981 2019 5061 Chrupieun
2039 4981 2219 5061 _Eusa-

614 5061 688 5117 bii
709 5077 723 5126 ;
748 5051 917 5132 eaque
942 5051 1148 5114 ratione
1171 5051 1534 5132 accessionem
1566 5053 1871 5132 Arnobiiad
1902 5051 2217 5132 religionem

614 5124 961 5188 chr'istia'nam
1005 5132 1059 5186 in
1107 5145 1308 5185 annum
1353 5127 1476 5189 5‘20,
1513 5129 1602 5198 qui
1648 5135 1732 5183 est
1761 5125 2050 5198 vigesimus
2076 5124 2217 5198 Con-

614 5204 856 5268 stantini,
887 5201 1470 5275 rejicimus.quamvi_s
1500 5192 1567 5255 Κ.
1592 5199 1660 5275 Ρ.
1698 5192 1971 5275 Remigius
1999 5192 2218 5275 Ceilliet‘

616 5291 735 5333 eam
762 5268 964 5330 Statuaf
991 5292 1118 5330 ann.
1152 5268 1278 5340 503,
1311 5274 1363 5329 in
1404 5272 1634 5329 Historia
1682 5272 2003 5341 scriptorum
2044 5268 2220 5341 eccle:

617 5348 991 5413 siasticorum,
1024 5357 1169 5402 tumo
1204 5336 1280 5401 ιιιζ
1329 5344 1384 5401 Si
1431 5359 1574 5405 anno
1614 5343 1772 5397 tertio
1791 5336 1989 5413 'quarti
2036 5336 2219 5413 sreculi

616 5420 835 5476 Chrislo
878 5408 1075 5474 nomen
1116 5418 1357 5475 dedisset
1395 5415 1700 5481 Arnobius,
1732 5408 1915 5483 procul
1961 5409 2125 5465 dubio
2169 5408 2221 5464 id

618 5500 931 5547 annotasset
960 5490 1226 5546 Eusebius
1253 5498 1510 5562 regnante
1534 5486 1889 5562 Diocletiano,
1915 5493 2220 5562 nouantem

619 5579 764 5619 anno
808 5579 872 5617 xx
922 5562 1282 5618 Constantini.
1317 5557 1484 5618 l’orro
1512 5559 1632 5631 eius
1663 5557 1936 5631 Chronico
1979 5570 2093 5631 non
2141 5560 2225 5611 est

621 5634 930 5704 deneganda
957 5635 1087 5689 fides
1113 5652 1127 5689 :
1159 5635 1258 5688 hoc
1289 5634 1405 5703 ipso
1435 5626 1675 5702 tempore
1701 5630 1835 5683 liber
1859 5628 1947 5682 ille
1977 5626 2074 5680 fuit
2097 5641 2227 5679 ροη-

622 5706 855 5776 scriptus
877 5722 905 5760 a
930 5706 1045 5760 viro
1075 5705 1464 5776 erutlitissimo,
1488 5704 1578 5776 qui
1598 5716 1818 5776 omnem
1843 5713 2063 5776 operam
2093 5711 2226 5776 co_n-

626 5768 826 5903 tulerit:
869 5779 919 5833 in
950 5775 1286 5849 exploranda
1319 5777 1425 5832 vita
1451 5768 1789 5839 ’doctiorum,
1815 5770 1897 5827 sui
1926 5768 2229 5843 praesertim

626 5861 768 5903 caeca
817 5886 829 5903 .

625 5861 829 5905 amenti.

2304 1910 2357 1956 et
2377 1900 2612 1969 amplius
2633 1914 2807 1955 annos
2829 1901 2883 1955 in
2904 1898 3234 1955 christianos
3268 1899 3465 1954 smviit.
3494 1898 3567 1954 Ea
3591 1913 3723 1954 vero
3746 1897 3909 1954 finem

2303 2008 2412 2049 non
2445 1993 2662 2060 habuit,
2712 1993 2814 2047 nisi
2847 1992 3029 2048 medio
3076 2006 3263 2047 mense
3303 1991 3457 2065 junio
3505 1991 3633 2047 anni
3681 1991 3818 2048 515.
3848 1992 3912 2045 At

2305 2085 2573 2143 Eusebius
2605 2085 2799 2141 horum
2832 2094 3135 2156 temporum
3171 2082 3406 2154 scriptor
3462 2082 3914 2152 diligentissimus

2304 2176 2582 2249 admonet,
2610 2193 2676 2233 ea
2700 2176 2953 2248 Bithynia
2979 2176 3032 2231 in
3056 2174 3262 2232 Gallias
3286 2177 3585 2247 profectum
3612 2190 3719 2231 non
3745 2173 3915 2232 fuisse

2305 2271 2649 2328 Laetantium
2688 2272 2790 2326 nisi
2839 2286 2982 2326 anno
3019 2271 3141 2326 517.
3185 2269 3388 2325 Verum
3429 2269 3743 2325 Lactantius
3788 2282 3915 2324 cum

2307 2364 2525 2434 scripsit
2564 2365 2963 2419 lnstitutionum
2996 2363 3200 2429 libros,
3237 2372 3364 2417 tunc
3405 2363 3458 2417 in
3505 2361 3757 2434 Bithynia
3808 2376 3915 2417 non

2305 2467 2441 2519 erat.
2476 2475 2495 2517 α
2529 2457 2662 2529 Ego,
2695 2453 2883 2527 inquit,
2909 2470 3030 2514 cum
3058 2456 3108 2511 in
3134 2454 3386 2528 Bithynia
3408 2454 3673 2510 oratorias
3698 2452 3913 2510 litteras

2310 2552 2517 2608 accitus
2556 2550 2846 2617 docerem,
2887 2548 3309 2620 contigissetque
3354 2557 3413 2603 ut
3445 2547 3640 2604 eodem
3670 2555 3918 2616 tempore

2309 2645 2406 2711 Dei
2436 2645 2697 2715 templum
2721 2651 3079 2711 everteretur,
3113 2641 3223 2697 duo
3252 2640 3547 2696 extiterunt
3568 2639 3793 2705 ibidem,
3832 2640 3916 2709 qui

2304 2738 2510 2810 jacenti
2539 2736 2748 2792 veritati
2780 2735 3103 2791 insultarent
3133 2734 3288 2808 (libro
3314 2750 3348 2789 v
3378 2732 3646 2802 Institut.,
3683 2748 3806 2802 cap.
3841 2730 3918 2805 2).

2312 2832 2431 2888 Vidi
2483 2846 2612 2904 ego,
2664 2830 2870 2901 inquit,
2921 2830 2973 2884 in
3017 2828 3267 2901 Bithynia
3322 2826 3606 2898 prmsidem
3657 2825 3817 2897 (libro
3864 2840 3914 2889 v,

2310 2945 2358 2983 c.
2394 2926 2504 2999 11).
2533 2926 2659 2982 11ωο
2685 2924 2847 2997 igitur
2890 2924 3093 2996 jamdiu
3136 2924 3538 2995 praeterieram;
3591 2930 3718 2977 tunc
3744 2922 3822 2978 ab
3855 2936 3918 2978 ea

2310 3020 2621 3085 Lactantius
2662 3017 2850 3079 aberat
2885 3016 3182 3090 provincia.
3219 3015 3345 3073 Haec
3372 3030 3506 3088 ergo
3532 3014 3756 3086 scripsit
3799 3023 3919 3087 post

2309 3128 2509 3181 annum
2539 3112 2664 3175 517.

2236 3229 2279 3290 C
2386 3209 2639 3273 Attamen
2670 3205 3078 3280 persecutiones
3103 3212 3476 3263 memorantur
3501 3204 3554 3267 in
3580 3202 3731 3260 libris
3764 3202 3924 3261 Insti-

2315 3306 2580 3363 tutionum
2615 3320 2629 3357 :
2663 3302 2758 3359 sed
2789 3316 3036 3373 quasnam
3087 3303 3207 3357 ista:
3235 3300 3438 3363 fuerint
3479 3315 3548 3359 ex
3588 3299 3708 3371 ipso
3734 3298 3925 3359 videre

2312 3409 2396 3457 est
2428 3397 2728 3455 Lactantio.
2753 3396 2886 3454 Eam
2918 3411 3026 3453 non
3056 3406 3187 3468 puto
3215 3394 3404 3462 fuisse,
3432 3410 3592 3467 quam
3633 3393 3924 3451 desinente

2311 3506 2454 3551 anno
2496 3492 2602 3547 302
2652 3491 3051 3547 meditabantur
3103 3489 3470 3551 Diocletianus
3522 3497 3576 3544 et
3627 3487 3922 3557 Galerius;

2312 3599 2540 3655 quaeque
2586 3584 2810 3655 incmpit
2848 3581 2937 3639 die
2963 3580 3224 3639 februarii
3258 3580 3330 3635 25
3374 3581 3500 3635 anni
3528 3579 3659 3645 505,
3688 3579 3927 3639 exitum-

2312 3693 2417 3749 que
2450 3677 2633 3733 habuit
2675 3676 2765 3737 die
2792 3676 2861 3731 15
2893 3674 3030 3745 junii
3073 3674 3196 3730 anni
3228 3672 3356 3730 515.
3391 3671 3543 3728 Tune
3583 3674 3727 3733 enim
3758 3670 3924 3728 Nico-

2314 3770 2507 3831 media:
2533 3780 2650 3826 erat
2679 3770 3022 3836 Lactantius;
3066 3783 3173 3827 non
3204 3767 3368 3839 igitur
3397 3767 3535 3825 hanc
3578 3781 3645 3819 eo
3690 3764 3803 3823 loci
3834 3781 3928 3836 apo

2316 3868 2478 3938 pellat
2506 3864 2961 3935 persecutionem.
2991 3860 3204 3919 Clarius
3252 3859 3393 3917 istud
3437 3858 3701 3917 elucescit
3728 3873 3803 3914 ex
3845 3858 3929 3919 his

2316 3958 2576 4019 Lactantii
2608 3956 2788 4013 verbis
2809 3954 2922 4025 (lib.
2951 3970 3021 4020 vr,
3052 3970 3099 4008 c.
3129 3950 3219 4024 l7)
3247 3970 3260 4007 :
3297 3970 3317 4004 ι
3349 3950 3617 4022 Spectata:
3638 3959 3766 4005 sunt
3796 3964 3930 4020 spe-

2315 4062 2637 4124 ctanturqne
2671 4050 2847 4109 adhuc
2876 4048 2956 4127 (1)
2992 4064 3089 4121 per
3124 4049 3314 4105 orbem
3349 4057 3505 4105 terrae
3544 4062 3719 4118 prona:
3748 4047 3932 4103 culto-

2316 4164 2436 4207 rum
2468 4148 2586 4215 Dei,
2628 4147 2680 4201 in
2726 4146 2921 4217 quibus
2966 4142 3347 4203 excruciandis
3378 4155 3518 4199 nova
3570 4150 3627 4197 et
3670 4140 3932 4201 inusitata

2319 4251 2587 4300 tormenta
2614 4241 2915 4311 excogitata
2962 4246 3108 4295 sunt.
3141 4237 3274 4294 Nam
3303 4236 3374 4294 de
3400 4236 3593 4293 mortis
3629 4235 3933 4307 generibus

2319 4338 2503 4393 horret
2533 4334 2743 4389 animus
2767 4330 3076 4397 recordari,
3112 4344 3237 4386 cum
3267 4328 3584 4385 immanium
3621 4327 3931 4387 bestiarum

2319 4432 2457 4487 ultra
2489 4430 2659 4499 ipsam
2688 4435 2917 4482 mortem
2959 4423 3269 4480 carnillcina
3301 4422 3558 4479 saevierit.
3596 4439 3616 4474 ι
3652 4420 3934 4492 Equidem

2319 4539 2387 4580 eo
2416 4522 2520 4578 loci
2550 4519 2789 4592 loquitur
2819 4517 3129 4574 Lactantius
3160 4515 3231 4573 de
3266 4515 3631 4572 Diocletianea
3662 4528 3935 4585 persecu-

2322 4620 2510 4675 tione:
2538 4616 2634 4673 sed
2676 4629 2739 4672 ea
2779 4624 2905 4670 tunc
2934 4627 3045 4669 non
3082 4610 3362 4669 saeviebat.
3393 4608 3624 4680 Propius
3661 4607 3932 4680 inspicias

2322 4712 2438 4767 haec
2467 4708 2652 4776 verba,
2690 4724 2709 4759 ι
2741 4705 3012 4774 Spectata:
3051 4710 3180 4759 sunt
3208 4716 3418 4774 poma;
3452 4709 3727 4758 tormenta
3766 4715 3939 4760 exeo-

2321 4804 2486 4875 gitata
2510 4808 2669 4867 sunt;
2699 4799 2891 4857 horret
2911 4798 3126 4855 animus
3148 4793 3456 4861 recordari;
3482 4809 3605 4851 cum
3629 4795 3934 4853 saeviet-it.)

2323 4891 2596 4964 Numquid
2639 4891 2725 4951 ha:
2768 4891 3068 4947 locutiones
3094 4888 3162 4944 ad
3190 4897 3388 4945 statum
3420 4895 3747 4958 praesentem
3776 4901 3944 4959 spee-

2323 4990 2476 5046 tant?
2498 4986 2760 5058 numquid
2790 5001 2822 5042 e
2847 4983 3123 5041 contrario
3142 4984 3210 5039 ad
3238 4980 3601 5053 praeteritum?
3620 4980 3743 5039 lam
3770 4980 3944 5053 igitur

2322 5082 2438 5141 haec
2482 5080 2662 5139 omnia
2708 5076 3117 5150 praterierant,
3164 5090 3289 5135 cum
3336 5075 3562 5145 scripsit
3589 5074 3941 5137 Lactantius.

2400 5259 2476 5331 (l)
2513 5257 2639 5313 Haec
2681 5269 2812 5331 sane
2846 5250 3347 5331 sunt__intelligenda
3394 5251 3477 5331 de
3507 5251 3669 5307 claris
3702 5251 3946 5331 istorum

2330 5322 2629 5402 temporum
2680 5325 3114 5402 confessorihus,
3147 5322 3283 5396 quos
3320 5322 3847 5402 partibus__corporis
3880 5336 3950 5402 ac

2330 5393 2590 5459 membris
2617 5396 2836 5453 mutilos
2865 5396 3104 5452 fecerant
3126 5393 3524 5465 persecutores.
3551 5393 3759 5449 Horum
3783 5393 3950 5450 multi

2331 5471 2691 5531 interfuerunt
2732 5469 2963 5524 concilio
3008 5466 3249 5522 Nicaeae.
3296 5467 3376 5520 Ex
3423 5467 3488 5520 iis
3517 5476 3676 5521 erant
3702 5465 3800 5521 SS.
3842 5465 3952 5519 Pa-

2332 5546 2588 5618 phnutius
2609 5540 2921 5601 Thebaidis,
2942 5539 3168 5618 Potamo
3193 5536 3750 5618 lleraclete,_S|_iiridio
3771 5535 3953 5618 Cypri

2329 5609 2738 5687 episc0porum,
2782 5627 3013 5682 quorum
3041 5613 3290 5687 stigmata
3322 5626 3419 5680 pro
3444 5609 3669 5687 Christo
3714 5617 3954 5678 accepta

2331 5678 2679 5746 deosculatus
2704 5678 2922 5738 est'non
2968 5678 3135 5737 semel
3176 5678 3564 5737 Constantinus
3606 5682 3916 5749 imperatur

2329 5752 2821 5831 justaLEusehiuip,
2854 5752 3092 5831 iul-iuius
3118 5753 3377 5831 principis
3411 5751 3551 5818 Vita,
3582 5750 3678 5831 lib:
3711 5765 3791 5831 tu,
3823 5766 3882 5831 c_.

2338 5819 2406 5889 ad
2430 5824 2516 5896 15,
2534 5836 2589 5883 et
2610 5833 2734 5896 post
2757 5819 3049 5881 Eusebium
3072 5819 3227 5883 multi
3248 5819 3545 5901 scriptores
3558 5819 3951 5885 ecclesiasch
