4104 6368
633 313 705 371 63
1811 333 2180 394 PREFATIO
2217 337 2285 397 IN
2313 337 2781 401 LACTANTIUM.
3860 351 3924 409 64

634 433 918 503 potuisset,
956 452 1117 510 quam
1144 439 1302 499 facile
1346 442 1518 500 aliena
1550 444 1851 504 deetruxit!
1883 450 1989 507 Sed
2033 467 2137 509 non
2167 468 2232 507 eo
2258 458 2308 517 Α
2336 455 2611 512 εῐιεεονυιη
2626 458 3034 533 dogmata,qu:e
3050 462 3371 535 quandoque
3387 464 3439 521 in
3459 464 3781 537 quibusdam
3795 481 3921 526 mss.

635 526 1029 596 progredimur,
1076 540 1133 587 ut
1171 547 1294 588 eum
1324 549 1444 589 cum
1473 537 1712 595 Antonio
1741 540 2014 599 Raudensi
2052 543 2128 618 (l)
2164 562 2231 602 ex

635 618 825 676 ordine
873 624 1163 691 Minorum,
1205 630 1389 685 saeculi
1430 647 1503 687 xv
1551 632 1823 706 theologo,
1871 638 2228 710 exagitemus,

633 716 787 785 quasi
819 717 935 788 ejus
967 719 1089 775 libri
1120 719 1419 781 literesibus
1455 735 1511 782 et
1550 728 1827 799 impietate
1871 732 2108 805 undique
2147 750 2232 792 re-

634 805 755 861 ferti
783 808 909 863 sint.
943 810 1095 866 Mens
1118 828 1238 869 mea
1270 831 1374 871 non
1402 828 1483 873 est
1515 818 1567 875 in
1600 821 1775 877 varias
1812 822 2115 882 doctiorum
2148 828 2230 883 in-

632 916 853 960 currere
880 907 1353 978 reprehensiones,
1385 928 1454 969 ne
1485 914 1672 971 eadem
1704 916 1756 971 in
1781 933 1869 974 me
1895 919 2116 976 dicteria
2145 922 2228 977 in-

632 995 904 1069 ferantur,
935 1002 1114 1074 qualia
1148 1014 1406 1075 expertus
1442 1017 1526 1064 est
1569 1009 1871 1067 Raudensis
1910 1013 2038 1081 ille,
2069 1030 2228 1086 quem

632 1105 740 1148 non
792 1094 967 1150 solum
1018 1096 1257 1153 Adamus
1314 1098 1394 1173 (2)
1446 1101 1664 1172 quidam
1694 1143 1711 1170 ,
1769 1106 2071 1164 monachus
2123 1108 2230 1167 Ge-

632 1187 876 1254 nuensis,
901 1196 1055 1244 notat
1080 1189 1434 1249 vehementer
1458 1203 1517 1250 ut
1542 1196 1809 1265 insanum,
1842 1213 2026 1255 verum
2066 1202 2228 1257 etiam

632 1277 956 1340 Franciscus
982 1285 1245 1345 Pliilelfus
1272 1288 1537 1346 bonarum
1588 1291 1679 1348 ille
1720 1293 2023 1352 litterarum
2055 1298 2232 1354 cultor

631 1375 903 1432 assiduus.
936 1378 1029 1435 Sic
1058 1380 1202 1435 enim
1238 1380 1535 1439 Antonium
1569 1385 1913 1444 Haudensem
1939 1389 2233 1462 alloquitur

632 1467 940 1544 (Pliilelfus,
985 1473 1075 1528 lib.
1104 1491 1141 1530 v
1178 1474 1374 1548 Epist.,
1404 1478 1475 1533 ad
1499 1495 1586 1534 an.
1624 1481 1805 1553 1M5),
1837 1492 2056 1554 propter
2090 1485 2232 1543 male

629 1570 687 1618 et
707 1563 907 1620 insulse
922 1566 1312 1636 reprehensum
1335 1568 1403 1624 ab
1420 1584 1487 1625 eo
1512 1572 1684 1629 tribus
1700 1572 1853 1630 libris
1868 1574 2227 1633 Lactantium:

638 1674 656 1708 ι
689 1655 894 1713 Vellem
921 1659 1193 1731 equidem,
1224 1661 1386 1719 Pater
1409 1663 1633 1734 optime,
1658 1666 1727 1723 ab
1751 1668 1898 1723 omni
1930 1669 2230 1726 istiusmodi

630 1750 903 1808 scribendi
953 1768 1155 1825 genere
1181 1764 1233 1812 te
1271 1757 1651 1825 continuisses,
1682 1775 1860 1831 neque
1909 1776 2033 1818 cum
2086 1763 2230 1819 insa-

2338 549 2456 619 ejus
2478 551 2755 609 codicibus
2782 570 2845 609 ac
2869 556 3028 611 editis
3054 557 3323 629 leguntur.
3364 558 3439 615 Ea
3469 561 3614 617 enim
3642 561 3734 619 vix
3769 578 3924 635 repe-

2334 645 2442 701 ries
2472 646 2524 701 in
2549 649 2773 701 vetustis
2803 651 3233 722 exemplaribus;
3259 664 3351 709 aut
3382 656 3578 712 saltem
3605 657 3659 712 in
3690 660 3925 730 margine

2336 740 2694 810 quorumdam
2726 742 2995 815 adscripta
3029 757 3187 813 sunt,
3225 748 3373 805 velut
3398 761 3652 809 extranea
3685 765 3740 809 et
3775 770 3927 825 perc—

2334 833 2510 903 grina.
2540 836 2610 891 At
2636 851 2744 890 uno
2776 836 2961 907 verbo,
2989 838 3298 899 Maniclueis
3332 859 3439 900 non
3471 846 3768 904 adhaesisse
3793 848 3926 906 Lac-

2334 927 2562 981 tantium
2587 969 2600 993 ,
2645 944 2711 983 ex
2752 930 2970 987 silentio
3002 931 3061 988 S.
3094 933 3407 1009 Hieronymi
3446 947 3501 993 et
3539 939 3597 995 S.
3641 941 3926 1012 Augustini

2334 1018 2676 1092 aliorumque
2702 1023 3026 1094 scriptorum
3052 1028 3395 1086 manifestum
3409 1041 3509 1088 est.
3530 1033 3585 1087 In
3608 1033 3929 1092 Manichaeo-

2334 1127 2452 1167 rum
2490 1128 2654 1185 grege
2686 1116 2867 1173 nullus
2909 1134 3142 1191 unquam
3183 1137 3304 1178 eum
3337 1127 3745 1195 annumeravit,
3787 1130 3927 1200 quod

2335 1207 2518 1277 procul
2540 1208 2704 1265 dubio
2729 1225 2834 1266 non
2850 1212 3241 1280 omisissent,si
3267 1231 3452 1272 ansam
3469 1218 3522 1273 in
3553 1233 3619 1275 eo
3632 1220 3929 1292 reprehen-

2332 1299 3095 1361 sionisdedissetLactantius.
3111 1306 3203 1362 liae
3220 1310 3420 1365 etenim
3436 1310 3739 1382 impietates
3752 1316 3932 1386 saepis.

2335 1391 2472 1448 sime
2494 1404 2689 1449 assutae
2714 1397 2880 1451 textui
2903 1396 3257 1455 Lactatttiano
3287 1416 3393 1459 non
3424 1404 3587 1460 modo
3612 1408 3935 1477 perturbant

2335 1483 2629 1555 Scriptoris
2682 1505 3012 1556 sermonem,
3064 1508 3248 1550 verum
3292 1496 3455 1552 etiam
3507 1498 3624 1570 ejus
3665 1500 3927 1560 doctrina:

2334 1578 2495 1649 plane
2524 1590 2650 1636 sunt
2678 1584 2983 1650 contrarim,
3016 1595 3073 1641 ut
3093 1586 3220 1642 data
3251 1588 3542 1647 occasione
3564 1593 3931 1651 ostendimus.

2407 1669 2548 1729 XIV.
2579 1673 2836 1742 Quamvis
2866 1676 2918 1732 in
2946 1679 3266 1749 explicanda
3296 1681 3457 1738 Verbi
3494 1683 3669 1741 divini
3708 1701 3935 1758 genera-

2335 1762 2484 1820 tione
2513 1781 2619 1822 non
2647 1768 2910 1824 erraverit
2937 1770 3273 1842 Lactantius,
3308 1776 3485 1832 minus
3513 1787 3693 1834 tamen
3722 1780 3937 1837 theolo-

632 1846 816 1902 niente
846 1846 1088 1905 Candide
1133 1849 1426 1908 Decembre
1469 1852 1722 1925 desipere
1761 1855 1878 1927 ipse
1914 1856 2181 1914 voluisses
2212 1876 2227 1915 :
2259 1861 2307 1923 B
2333 1859 2451 1928 gice
2481 1860 2693 1916 locutus
2715 1872 2797 1917 est
2827 1881 2841 1916 :
2872 1863 2966 1919 sed
3001 1864 3448 1938 philosophorum
3477 1869 3732 1942 loquendi
3759 1874 3937 1932 modis

632 1940 688 1997 id
717 1950 864 1999 certe
883 1940 1076 1999 fuisset
1098 1954 1152 2000 et
1171 1944 1398 2012 ordinis,
1421 1956 1476 2003 et
1499 1945 1775 2019 dignitatis
1793 1957 1916 2004 tuae.
1933 1948 2066 2016 Quae
2085 1951 2227 2007 enim

634 2052 732 2109 per
759 2037 1122 2095 immortalem
1142 2038 1312 2097 Deum
1335 2040 1562 2096 fanatica
1594 2042 1734 2097 ratio
1756 2050 1809 2098 te
1838 2043 2149 2111 commovit,
2173 2051 2231 2099 ut

631 2132 856 2203 perinde
880 2141 1041 2204 atque
1068 2132 1265 2190 infesto
1304 2135 1560 2206 quodam,
1588 2143 1749 2207 atque
1773 2136 1992 2195 inimico
2013 2138 2227 2195 afﬂatus

630 2224 857 2297 Spiritu,
887 2228 944 2282 in
971 2227 1143 2282 virum
1172 2227 1320 2283 illum
1343 2227 1720 2284 doctissimum
1747 2238 1908 2311 atque
1936 2230 2229 2287 disertissi—

630 2335 776 2376 mum
810 2329 916 2377 tam
945 2321 1265 2389 insolenter,
1299 2332 1407 2378 tam
1439 2323 1716 2395 injuriose,
1750 2333 1856 2381 tam
1889 2325 2051 2396 impie
2078 2326 2231 2384 inve-

630 2413 859 2483 hereris,
903 2424 963 2471 ut
997 2430 1105 2473 non
1135 2431 1223 2473 res
1252 2417 1427 2473 solum
1472 2432 1611 2489 pene
1639 2418 2067 2477 innumerabiles
2091 2435 2226 2477 eon-

627 2507 770 2563 sulto
796 2508 934 2565 male
955 2510 1345 2581 interpreteris,
1368 2511 1465 2567 sed
1499 2526 1694 2567 nomen
1716 2513 1879 2568 etiam
1901 2512 2001 2568 viri
2032 2512 2228 2584 depra-

628 2617 758 2659 vare
800 2603 1105 2671 studueris;
1134 2613 1320 2675 utpote
1347 2620 1508 2675 quem
1536 2605 1856 2661 Lactensium
1882 2622 1979 2679 pro
2000 2607 2226 2664 Lactan-

629 2697 700 2751 tio
727 2698 1010 2753 nomines?
1037 2697 1170 2754 Nam
1201 2699 1271 2755 de
1311 2700 1475 2755 rebus
1514 2700 1646 2770 ipsis
1686 2700 1811 2771 quid
1840 2702 2060 2773 loquar,
2093 2718 2227 2773 quas

626 2788 712 2843 vel
744 2789 925 2859 pueris
955 2798 1111 2846 notas
1134 2790 1260 2847 dum
1286 2805 1633 2864 corrumpere
1669 2793 1921 2863 laboras,
1958 2804 2010 2850 te
2051 2795 2228 2850 omni-

626 2879 729 2937 bus
751 2881 981 2937 eruditis
1012 2891 1067 2938 et
1093 2884 1428 2955 gravissimis
1453 2886 1585 2942 viris
1606 2886 1835 2944 ridiculo
1856 2888 2087 2960 praebes.
2121 2889 2227 2946 Pu-

625 2973 719 3031 det
745 2990 831 3031 me
858 2976 1099 3046 profecto
1124 2992 1185 3034 ea
1214 2978 1267 3034 in
1300 2979 1536 3037 medium
1560 2980 1823 3051 proferre,
1843 2997 1962 3054 quae
1992 2997 2020 3037 a
2048 2992 2100 3041 te
2117 2999 2226 3040 non

625 3069 807 3142 inepte
832 3071 1031 3137 minus,
1060 3088 1222 3144 quam
1248 3089 1531 3145 perperam
1571 3084 1753 3131 notata
1793 3086 1922 3134 sunt
1944 3087 2105 3148 atque
2138 3092 2224 3134 re-

626 3162 916 3233 prehensa.
951 3184 971 3218 i
1000 3164 1271 3237 Nusquam
1314 3165 1428 3223 vidi
1469 3166 1690 3224 Antonii
1731 3168 1884 3225 istius
1925 3169 2224 3227 Handensis

2335 1953 2519 2019 utitur,
2551 1954 2693 2024 quod
2721 1956 2995 2014 interdum
3028 1961 3211 2017 evenit
3234 1962 3300 2017 iis
3319 1964 3653 2034 auctoribus,
3680 1967 3773 2038 qui
3800 1980 3927 2024 ante

2331 2045 2609 2103 Niczenum
2660 2048 2998 2120 scripserunt
3038 2054 3331 2111 concilium
3354 2098 3369 2124 ,
3414 2072 3523 2129 quo
3549 2074 3657 2114 non
3685 2059 3935 2117 doctrina

2334 2145 2542 2195 tantum
2571 2142 2836 2200 catholica
2867 2144 3154 2204 dilucidius
3192 2159 3244 2205 et
3277 2150 3489 2221 planius
3513 2168 3675 2224 quam
3703 2158 3940 2212 antehac

2332 2234 2595 2304 explicata
2621 2248 2924 2302 est,verum
2954 2241 3115 2297 etiam
3149 2258 3309 2300 voces
3331 2242 3595 2302 doctrina:
3616 2246 3936 2306 christiana:

2333 2329 2567 2383 maxime
2595 2342 2849 2388 consona:
2872 2330 3117 2389 formatae
3143 2344 3271 2391 sunt
3296 2344 3353 2391 et
3377 2339 3709 2396 constitutae.
3744 2340 3929 2398 Caete-

2332 2434 2451 2474 rum
2481 2420 2645 2476 verba
2677 2437 2796 2493 quae
2827 2441 2889 2480 ex
2918 2426 3092 2496 capite
3122 2427 3156 2483 9
3211 2428 3332 2484 libri
3372 2431 3597 2489 secundi
3638 2431 3943 2490 Institutio-

2334 2529 2461 2568 num
2483 2524 2669 2570 contra
2701 2532 2917 2572 sensum
2936 2519 3195 2577 Ecclesiae
3220 2534 3473 2596 excerpta
3503 2540 3626 2583 esse
3650 2536 3936 2599 putantur,

2337 2620 2401 2662 ea
2430 2622 2529 2662 nec
2560 2608 2610 2661 in
2641 2609 2875 2681 antiquis
2921 2612 3169 2683 leguntur
3210 2616 3641 2687 exemplaribus,
3688 2635 3797 2676 nec
3833 2621 3941 2676 illis

2330 2701 2589 2755 convenit
2631 2716 2753 2756 eum
2786 2702 3031 2759 doctrina
3076 2704 3370 2776 Lactantii,
3404 2711 3493 2781 qui
3535 2711 3805 2782 Verbum,
3854 2715 3943 2771 Dei

2329 2793 2524 2849 Filium
2547 2838 2562 2861 ,
2616 2806 2743 2853 ante
2782 2799 2976 2853 saecula
3006 2800 3169 2857 fuisse
3196 2803 3435 2874 genitum
3474 2808 3795 2875 pronuntiat
3828 2811 3845 2875 (
3874 2809 3941 2863 li-

2330 2890 2419 2945 bro
2470 2907 2522 2946 tv
2568 2890 2763 2959 Instit.,
2816 2909 2862 2947 c.
2897 2893 2976 2965 6),
3021 2896 3162 2967 quod
3203 2898 3472 2969 negabant
3513 2902 3722 2959 Ariani.
3774 2903 3937 2960 Hunc

2328 2985 2489 3040 etiam
2529 3002 2548 3036 ‹
2576 3001 2786 3042 summo
2816 2986 2963 3043 Patri
2992 2988 3222 3045 similem
3243 3010 3261 3043 ι
3296 2995 3611 3062 pronuntiat
3641 2994 3755 3067 (lib.
3790 3013 3866 3063 tv,
3890 3013 3935 3051 ε.

2330 3077 2418 3141 15,
2451 3078 2620 3147 initio)
2654 3096 2668 3132 :
2698 3080 2827 3149 quin
2858 3081 2967 3135 imo
2992 3079 3155 3136 Isaias
3179 3083 3835 3157 inquit(ibid.)Cltristum
3858 3100 3944 3145 «et

2332 3168 2496 3224 Deum
2520 3170 2686 3226 fuisse
2713 3171 3056 3229 etbominem
3079 3183 3325 3231 testatur.
3360 3197 3380 3231 ι
3411 3178 3501 3234 Sic
3525 3196 3685 3250 porro
3713 3182 3800 3237 ait
3820 3198 3940 3254 cap.

625 3265 931 3312 erratorum
957 3254 1220 3313 Lactantii
1250 3258 1416 3313 libros
1444 3268 1552 3315 tres
1582 3261 1722 3333 typis
1743 3262 2104 3318 commissos:
2129 3277 2221 3317 eo-
2250 3260 2294 3324 C
2330 3264 2398 3320 19
2420 3262 2540 3318 libri
2574 3280 2641 3317 vn
2672 3282 2683 3317 :
2716 3283 2735 3318 ί
2777 3264 2870 3320 Hic
2897 3276 2981 3322 est
3008 3267 3149 3322 enim
3180 3268 3457 3335 liberator,
3493 3272 3758 3342 etjudex,
3786 3285 3845 3331 et
3872 3277 3950 3330 ul-

624 3362 744 3403 rum
786 3349 839 3404 in
876 3349 1210 3406 Bibliotheca
1238 3351 1400 3422 Regia
1447 3352 1544 3407 tria
1589 3354 1837 3409 novimus
1875 3354 2211 3425 exemplaria

628 3455 794 3497 manu
819 3450 1071 3509 exarata;
1109 3443 1268 3500 editae
1291 3453 1494 3503 tantum
1531 3445 1747 3502 fuerunt
1774 3462 1843 3503 ex
1869 3448 1934 3504 iis
1973 3447 2219 3520 quaedam

624 3532 895 3606 decerpta:
915 3537 1315 3595 annotationes.

697 3628 812 3685 XII.
843 3628 1075 3686 Nimium
1097 3631 1260 3687 etiam
1291 3631 1530 3687 excrevit
1555 3632 1781 3703 Iosephi
1809 3634 1924 3689 lsmi
1955 3649 2217 3703 censura,

623 3738 728 3794 qua
758 3724 809 3778 in
834 3723 1117 3780 Lactantio
1142 3724 1615 3796 reprehenduntur
1637 3727 2038 3797 propositiones
2054 3742 2223 3784 nona-

620 3818 772 3888 ginta
816 3829 1067 3889 quatuor,
1113 3836 1340 3891 quarunt
1374 3829 1552 3876 tamen
1596 3819 1876 3890 quaedam,
1921 3822 2039 3889 ipso
2086 3830 2223 3877 teste

622 3910 756 3968 Isaeo
775 3953 791 3980 ,
821 3912 1052 3983 benigno
1081 3927 1248 3970 sensu
1272 3922 1395 3969 sunt
1432 3912 1851 3984 interpretanda:
1870 3955 1886 3981 ,
1929 3914 2075 3985 quod
2107 3915 2212 3969 ali-

618 4002 836 4075 quando
855 4003 965 4059 Iieri
986 4004 1188 4061 soletin
1214 4004 1694 4061 vetustissimorum
1715 4015 1819 4061 tem
1829 4021 2019 4076 porum
2056 4008 2222 4078 scrip~

620 4095 826 4151 toribus
867 4096 1274 4153 ecclesiasticis.
1329 4096 1584 4153 Libenter
1613 4099 1792 4168 potius
1841 4099 2220 4170 amplectimur

618 4189 842 4247 Joannis
890 4191 1069 4248 Marire
1110 4191 1420 4247 Brasichelli
1474 4194 1849 4248 annotationes
1896 4194 2206 4263 censorias,

620 4299 739 4355 qua:
763 4284 1021 4340 moderati
1050 4294 1175 4339 sunt
1202 4285 1461 4356 theologi.
1496 4285 1667 4356 Hujus
1689 4284 2212 4354 animadversiones,

621 4378 722 4434 etsi
754 4378 1056 4446 Lactantio,
1090 4380 1180 4435 ubi
1208 4395 1343 4452 opus
1376 4390 1516 4446 erat,
1544 4380 2099 4448 accomodaverimus,
2127 4396 2220 4435 eas

619 4470 1115 4530 nihilominusinfra
1142 4475 1363 4530 suhuno
1397 4476 1547 4547 quasi
1560 4484 1852 4546 conspectu
1871 4475 2211 4531 exhibemus.

690 4564 833 4622 XIII.
862 4567 970 4624 Nec
988 4569 1148 4626 etiam
1164 4569 1447 4627 Lactantio
1464 4570 1741 4642 adjudices
1757 4570 1917 4641 impia
1934 4570 2023 4625 illa
2043 4569 2218 4626 Mani-

689 4727 740 4802 (I
757 4730 775 4799 )
792 4728 937 4802 Vide
962 4730 1161 4787 Lucam
1185 4731 1509 4800 Wadingum
1535 4733 1588 4787 in
1615 4732 1753 4786 libro
1770 4731 2102 4802 Scriptorum
2127 4747 2215 4787 or-

615 4798 760 4855 dinis
787 4800 1073 4863 Minornm.
1107 4803 1341 4868 iri-folio,
1364 4798 1550 4858 Romae
1575 4804 1735 4859 1650.
1755 4803 1852 4858 Hic
1867 4798 2045 4857 autem
2066 4803 2216 4858 Rau-

613 4870 796 4928 densis
820 4873 1014 4930 librum
1042 4874 1209 4929 edidit
1231 4876 1390 4929 alium
1415 4876 1479 4929 de
1510 4873 1672 4928 Verbo
1696 4875 1846 4931 bono.
1868 4890 2026 4943 quem
2052 4889 2217 4946 prop-

616 4946 919 5017 terstylum
951 4946 1175 5001 multum
1202 4947 1437 5017 exagitat
1466 4946 1788 5002 Laurentius
1804 4946 1977 5001 Valla.

690 5014 960 5085 (2)‘Hujus
984 5020 1034 5069 in
1065 5014 1406 5073 Raudenéem
1438 5019 1765 5087 epigramma
1797 5032 2050 5072 versuum
2089 5027 2216 5073 octo

613 5084 807 5157 Iegitdr
828 5084 883 5142 in
904 5088 1141 5144 editione
1172 5089 1435 5143 Lactantii
1460 5084 1701 5144 Remane
1734 5089 1858 5143 anni
1884 5089 2043 5154 1468,
2072 5089 2213 5157 apud

616 5154 832 5226 Petrum
865 5158 934 5215 de
966 5159 1242 5225 Maximis,
1291 5161 1434 5215 unde
1476 5160 1609 5215 illud
1638 5160 1924 5226 exscripsit
1955 5154 2213 5216 Albertus

617 5225 894 5304 faltrieius
953 5231 1306 5304 Bibliotheca:
1370 5231 1574 5286 Latinze
1617 5225 2041 5301 Supplementa,
2086 5246 2209 5304 pag.

615 5296 742 5353 395.
775 5299 886 5355 Hoc
911 5316 975 5356 eo
1005 5302 1108 5358 loci
1127 5304 1258 5359 dare
1287 5304 1444 5359 nobis
1472 5304 1647 5358 visum
1674 5296 1794 5358 est:

674 5435 767 5487 Hic
791 5439 921 5488 male
945 5441 1179 5504 corripuit
1203 5442 1395 5493 stolidis
1419 5442 1661 5493 Antonius
1684 5440 1977 5503 (Raudensis
1992 5442 2125 5492 ausis

766 5505 1032 5568 Auctorem
1058 5518 1069 5551 :
1096 5506 1147 5553 in
1170 5506 1316 5555 variis
1336 5518 1480 5556 causa
1506 5506 1677 5568 pianda
1698 5504 1837 5555 locis.

672 5561 912 5631 Nonerat
935 5566 986 5615 in
1010 5568 1235 5631 tenebris
1258 5577 1486 5620 errantes
1506 5561 1738 5631 imaginis
1760 5574 1944 5618 astrum

765 5625 971 5693 Dicere,
999 5629 1076 5678 vel
1100 5630 1305 5679 nitidum
1332 5632 1442 5681 luce
1467 5625 1642 5682 carere
1660 5632 1823 5693 jubar.

672 5687 902 5756 Denique
926 5687 1035 5740 cum
1061 5699 1243 5742 sancta:
1275 5693 1515 5744 Ecclesiae
1540 5694 1614 5756 pia
1635 5687 1817 5743 lumina
1840 5698 2052 5746 constet.

765 5749 1019 5817 Obsequio
1043 5768 1108 5805 ex
1134 5763 1269 5805 tanto
1290 5749 1584 5806 conticuisse
1606 5758 1711 5806 viro
1732 5771 1746 5814 ;

670 5811 744 5863 Tu
766 5811 1141 5889 _vero,_'_eloquio
1164 5818 1330 5889 lingua
1352 5811 1816 5889 interdiqtaLatino,
1831 5860 1845 5884 ,

766 5872 1024 5933 Icubitum
1037 5872 1055 5946 ξ
1079 5893 1191 5937 nam
1214 5872 1265 5935 te
1287 5880 1501 5945 pensitat
1523 5872 1816 5935 elleboi'um.

2330 3365 2434 3424 tor,
2464 3368 2517 3415 et
2548 3358 2684 3424 Rex,
2706 3367 2760 3413 et
2793 3360 2954 3428 Deus,
2980 3378 3140 3432 quem
3174 3379 3274 3420 nos
3295 3363 3567 3421 Chrisntm
3602 3381 3895 3424 vocamus.
3924 3389 3943 3422 ›

2329 3449 2436 3507 Sed
2468 3450 2767 3506 doctrinam
2793 3452 3113 3510 catholicam
3134 3497 3149 3523 ,
3194 3456 3406 3527 qualem
3452 3473 3572 3513 eam
3612 3462 3867 3530 reperias
3896 3463 3949 3516 iu

2326 3544 2577 3601 Patribus
2606 3546 3017 3613 ante-Nicaenis,
3036 3550 3263 3619 atquein
3286 3551 3526 3622 probatis
3546 3552 3765 3609 illorum
3805 3564 3949 3611 tem-

2323 3652 2516 3709 porum
2549 3638 2912 3708 scriptoribus
2944 3641 3348 3709 ecclesiasticis,
3385 3645 3566 3701 multis
3595 3646 3789 3702 verbis
3818 3664 3952 3720 prai-

2324 3729 2466 3785 dicat
2492 3741 2681 3786 auctor
2708 3742 2911 3787 noster.
2948 3751 2967 3785 ι
2992 3732 3124 3789 Cum
3149 3734 3394 3805 dicimus,
3418 3737 3609 3808 inquit,
3636 3738 3821 3796 Deum
3846 3742 3952 3797 Pa-

2327 3830 2460 3877 trem
2495 3832 2550 3878 et
2582 3824 2751 3880 Deum
2782 3825 2977 3879 Filium
3000 3868 3014 3893 ,
3058 3842 3163 3881 non
3202 3827 3475 3885 diversum
3507 3830 3737 3888 dicimus
3763 3876 3787 3901 ,
3844 3851 3949 3892 nec

2326 3922 2615 3985 utrumque
2645 3917 2997 3982 secernimus,
3027 3919 3147 3989 quia
3180 3935 3281 3975 nec
3312 3921 3469 3977 Pater
3504 3924 3623 3980 sine
3647 3924 3802 3983 Filio
3825 3944 3953 3985 esse

2327 4016 2525 4078 potest,
2551 4022 2652 4063 nec
2668 4008 2837 4065 Filius
2855 4025 2882 4062 a
2906 4010 3065 4066 Patre
3090 4014 3373 4069 secerni...
3398 4012 3532 4070 Cum
3558 4017 3719 4088 igitur
3746 4029 3819 4075 et
3846 4021 3954 4075 Pa—

2325 4108 2409 4154 ter
2436 4098 2628 4156 Filium
2647 4100 2825 4168 faciat,
2856 4103 3099 4160 etFilius
3118 4105 3353 4174 Patrem,
3385 4124 3491 4163 una
3515 4114 3732 4181 utrique
3756 4128 3949 4181 mens,

2322 4206 2461 4247 unus
2489 4193 2732 4263 spiritus,
2761 4211 2865 4249 una
2891 4196 3176 4252 substantia
3198 4208 3342 4256 est...
3372 4199 3440 4254 Et
3469 4199 3639 4257 Filius
3664 4217 3733 4259 ac
3764 4205 3944 4262 Pater

2321 4286 2411 4357 qui
2442 4287 2727 4343 unanimes
2768 4290 3009 4346 incolunt
3064 4293 3319 4347 mundum
3353 4294 3494 4350 Deus
3521 4312 3660 4352 unus
3680 4339 3696 4363 ,
3723 4301 3865 4370 quia
3896 4309 3955 4357 et

2320 4392 2459 4432 unus
2484 4387 2568 4434 est
2598 4389 2871 4452 tamquam
2901 4383 3027 4448 duo,
3055 4391 3111 4439 et
3135 4382 3242 4439 duo
3275 4393 3544 4457 tamquam
3570 4403 3787 4445 unus...
3824 4392 3943 4448 De.

2322 4469 2485 4541 nique
2530 4487 2696 4527 unum
2732 4474 2899 4529 Deum
2940 4489 3060 4530 esse
3107 4486 3212 4531 tam
3255 4479 3467 4534 Patrem
3515 4496 3679 4551 quam
3733 4483 3952 4541 Filium

2320 4562 2486 4619 Isaias
2517 4567 2772 4622 ostendit.
2799 4585 2819 4619 ›
2844 4567 2969 4623 Haec
2997 4570 3176 4625 omnia
3205 4571 3488 4642 scriptoris
3526 4585 3653 4630 sunt
3677 4577 3956 4648 apprime

2243 4661 2298 4722 D
2322 4657 2609 4725 catholici,
2645 4670 2805 4732 atque
2833 4671 2943 4716 tum
2980 4677 3009 4717 a
3038 4664 3240 4733 verbis,
3272 4674 3382 4720 tum
3416 4682 3444 4722 a
3482 4678 3663 4724 mente
3697 4672 3955 4730 Ariano-

2318 4765 2437 4805 rum
2465 4753 2686 4808 omnino
2711 4754 2907 4821 aliena,
2926 4756 3095 4826 iisque
3121 4762 3351 4815 maxime
3368 4764 3660 4818 contraria.
3688 4765 3760 4821 Hi
3785 4770 3950 4823 enim

2317 4857 2579 4914 nusquam
2605 4845 2855 4903 dixerunt
2872 4848 3085 4904 Patrem
3115 4859 3168 4905 ct
3192 4851 3385 4907 Filium
3418 4872 3437 4906 ‹
3470 4856 3631 4912 unius
3649 4872 3782 4915 esse
3802 4863 3950 4918 sub-

2317 4941 2548 4995 stantiae.
2588 4961 2608 4994 ι
2635 4941 2834 4997 Verum
2866 4953 3066 4999 tantam
3090 4945 3191 4999 sibi
3225 4946 3553 5014 Lactantius,
3585 4960 3695 5005 tum
3717 4955 3800 5010 ob
3829 4956 3957 5013 sin—

2317 5032 2561 5104 gularem
2605 5033 2933 5101 facundiam,
2966 5046 3075 5090 tum
3105 5038 3175 5092 ob
3205 5041 3406 5093 variam
3454 5042 3960 5118 multiplicemque

2318 5128 2700 5196 eruditionem,
2746 5131 3127 5186 conciliaverat
3171 5131 3311 5202 apud
3336 5134 3589 5205 antiquos
3629 5142 3963 5200 auctorita—

2319 5229 2449 5285 tem,
2482 5230 2543 5275 ut
2570 5220 2689 5292 ejus
2714 5222 2943 5293 scripta,
2975 5232 3243 5294 tamquam
3284 5226 3385 5280 sibi
3414 5225 3683 5297 faverent,
3729 5248 3819 5287 ex
3872 5236 3963 5292 in-

2316 5312 2475 5383 genio
2506 5315 2850 5384 corruperint
2881 5314 3120 5371 lueretici
3160 5316 3413 5387 quidam,
3457 5319 3570 5375 sive
3607 5320 3964 5398 Manichmi,

2317 5405 2432 5461 sive
2456 5407 2666 5462 Ariani.

2387 5498 2504 5554 XV.
2526 5500 2593 5554 At
2610 5514 2906 5570 suspensus
2929 5501 3111 5558 haereo
3135 5513 3354 5575 propter
3377 5505 3434 5562 S.
3457 5506 3789 5582 Hieronymi
3815 5528 3967 5573 auc-

2322 5593 2608 5649 .‘oritatem.
2633 5591 2863 5648 Sanctus
2889 5598 3032 5651 enim
3067 5596 3264 5653 Doctor
3304 5598 3379 5653 ait
3418 5598 3615 5671 (Epist.
3648 5602 3720 5656 ad
3779 5604 3970 5663 Pam-

2312 5685 2509 5759 much.)
2542 5685 2911 5756 Lactantium,
2953 5708 2970 5742 ‹
2997 5705 3183 5747 errore
3213 5690 3438 5747 Judaico
3479 5694 3530 5748 in
3580 5693 3737 5750 libris
3789 5702 3967 5773 suis,

2314 5779 2546 5835 maxime
2578 5780 2629 5833 in
2657 5780 2902 5850 epistolis
2918 5782 2982 5837 ad
3000 5783 3419 5863 Demetrianum,
3443 5802 3640 5858 negare
3657 5790 3968 5863 substan-

2314 5859 2443 5929 iiam
2475 5863 2710 5945 spiritus
2740 5875 2932 5932 saneti.‘
2964 5884 2983 5929 ι
3018 5876 3216 5935 Vernin
3246 5859 3407 5949 hitde
3429 5882 3631 5938 erroris
3650 5859 3719 5939 ne
3758 5859 3964 5944 vesii.
