4104 6368
177 277 238 334 65
1331 271 1701 332 I’RJEFATIO
1739 274 1806 332 IN
1845 272 2316 335 LACTANTIUM.

3401 270 3482 330 66’

177 394 304 466 gittm
334 389 556 460 quidem
586 397 733 447 extat
763 389 818 446 in
846 388 1270 456 lnstitutionum,
1301 391 1528 462 aliiSqllc
1559 395 1674 462 ejus
1701 393 1767 447 Ii-
1794 394 1844 454 Α
1873 391 2088 462 quidam
2117 388 2476 453 adhibendus,
2497 400 2566 442 ne
2592 385 2937 443 amanuensis
2955 392 3194 443 erratum
3216 385 3337 443 loco
3356 385 3472 442 veri

176 486 294 541 bris.
321 483 464 538 Ilinc
487 499 608 538 cum
632 483 822 539 eodem
845 482 1174 555 Hieronymo
1197 483 1309 555 (tib.
1333 501 1351 538 ι
1371 486 1421 538 in
1449 485 1674 556 Epistol.
1701 486 1768 540 ad

178 577 361 641 Galat.,
386 592 437 631 c.
465 575 526 648 4)
555 575 734 631 dicere
767 577 921 631 nobis
948 576 1107 631 liceat
1134 594 1145 628 :
1168 595 1186 628 ‹
1222 575 1351 645 Quis
1383 577 1510 631 mihi
1543 577 1767 632 interdi-

177 685 289 728 cere
331 677 513 740 potest
554 685 623 725 ne
664 669 837 739 legam
886 669 1284 723 Institutionum
1334 669 1533 733 libros,
1576 670 1771 740 quibus

176 774 350 821 contra
378 763 587 819 Gentes
623 763 839 834 scripsit
869 762 1180 827 fortissime,
1212 764 1335 828 quia
1366 764 1612 832 superior
1645 778 1771 817 sen—

179 857 329 914 tentia
356 855 679 912 detestenda
704 858 821 912 est?
851 875 869 907 ι
904 855 977 909 Ita
1013 869 1173 925 porro
1204 854 1412 909 locutus
1434 863 1516 909 est
1541 855 1771 909 erravit-

176 967 271 1022 que
299 950 616 1005 Lactantius
664 967 683 999 ι
720 965 816 1018 per
843 947 1162 1019 imperitiam
1191 949 1624 1019 Scripturarum,
1645 968 1663 1001 ›
1698 948 1776 1004 ait

177 1043 311 1099 idem
343 1053 570 1097 sanctus
597 1042 814 1096 Doctor.

241 1135 384 1192 XVI.
416 1135 605 1190 Nullus
639 1143 815 1189 tamen
859 1132 1152 1200 diffitctur,
1185 1133 1237 1188 in
1276 1135 1598 1190 sententiam
1627 1149 1778 1189 erro-

179 1243 369 1300 resque
405 1227 824 1282 inlIenariorum
856 1226 1200 1282 descendisse
1237 1226 1594 1281 Lactantium.
1628 1227 1780 1281 Exis-

178 1322 562 1387 timavitenim,
586 1337 706 1376 cum
726 1321 852 1376 viris
873 1332 998 1376 tunc
1015 1321 1259 1392 apprime
1271 1320 1574 1386 catholicis,
1595 1319 1780 1375 Chris-

178 1429 284 1472 tum
314 1415 627 1481 Dominum,
660 1421 920 1484 vergente
955 1413 1023 1468 ad
1054 1412 1215 1468 ﬁnem
1245 1413 1475 1478 mundo,
1511 1427 1606 1482 per
1637 1413 1782 1468 mille

177 1523 344 1564 annos
373 1523 497 1565 cum
519 1506 678 1578 justis
710 1505 1016 1561 hominibus
1048 1507 1100 1560 in
1136 1517 1277 1560 terra
1309 1515 1678 1577 regnaturum.
1714 1509 1784 1561 At

174 1604 281 1673 jam
312 1618 340 1656 a
379 1601 550 1656 multo
581 1610 826 1671 tempore
853 1599 1098 1655 sublatus
1124 1609 1208 1656 est
1235 1615 1265 1655 a
1302 1600 1607 1656 Christiana
1651 1601 1780 1656 reli.

177 1694 333 1766 gione
365 1693 453 1748 hic
480 1709 653 1756 error,
673 1691 827 1763 cujus
855 1707 1047 1762 parens
1061 1691 1161 1746 fuit
1182 1693 1490 1763 virquidam
1515 1695 1654 1764 pius,
1685 1692 1784 1747 Pa-

1872 485 2196 552 scriptorunt
2231 482 2496 537 sermonis
2519 480 2864 548 suscipiatur.

1945 575 2146 629 Eorum
2168 576 2618 645 qualemcumque
2647 573 3020 643 pertexuimus
3047 573 3303 639 indicem,
3326 573 3476 629 addi-

1877 676 1949 731 to,
1977 679 2232 737 quantum
2268 669 2319 722 in
2362 667 2516 722 nobis
2544 666 2658 729 fttit.
2693 667 2999 737 scriptionis
3022 674 3288 738 tempore,
3324 681 3391 721 ne
3421 664 3477 720 in

1876 773 2160 813 censuram
2189 759 2523 814 eruditorum
2563 758 2984 814 incurreremus.
3014 758 3124 814 Nec
3161 757 3325 830 igitur
3361 758 3480 814 sine

1877 853 2084 907 ratione
2125 851 2359 907 Gallaeus
2390 851 2667 922 culpatur,
2705 851 2900 907 merito
2930 851 3094 907 Isreus
3134 851 3249 921 ipse
3279 852 3482 921 impro-

1879 945 2055 1013 batur,
2090 947 2180 1016 qtti
2210 963 2332 1002 cum
2360 945 2644 1002 duodecim
2671 945 2959 1001 Vaticanus
2989 946 3204 1002 codices
3232 947 3480 1016 inspexe-

1881 1042 1983 1105 rit,
2010 1056 2197 1096 eorum
2232 1049 2411 1096 tamen
2443 1050 2656 1097 aetatem
2680 1057 2789 1094 non
2825 1039 3099 1096 indicavit.
3132 1041 3300 1096 Recte
3329 1055 3480 1111 ergo,

1880 1133 2006 1203 quin
2041 1134 2147 1187 imo
2171 1143 2227 1188 et
2256 1135 2581 1201 rectissime,
2613 1134 2997 1189 Bunemannus
3025 1133 3099 1188 ait
3123 1131 3488 1205 (Prwfationis

1880 1241 1986 1279 sure
2008 1224 2364 1280 Lactantiana:
2389 1226 2651 1290 editionis,
2685 1243 2805 1299 pag.
2841 1225 2897 1299 7)
2925 1241 2937 1278 :
2976 1225 3122 1281 (Non
3152 1226 3337 1281 dubito
3363 1235 3488 1298 post

1881 1319 2001 1374 lsaei
2030 1328 2272 1386 tempora
2307 1321 2489 1390 plures
2520 1320 2736 1376 codices
2761 1320 2812 1374 in
2842 1321 3152 1376 Vaticanam
3179 1320 3484 1392 (Bibliothe-

1885 1427 1995 1464 cam
2023 1408 2208 1482 fuisse)
2237 1411 2436 1466 illatos.
2472 1411 2720 1476 Utinam,
2769 1413 2971 1483 inquit,
3015 1413 3313 1483 opitulante
3348 1412 3480 1468 Ean-

1887 1518 2200 1559 NENTISSIMO
2225 1504 2540 1572 PASSIONEO,
2572 1507 2842 1576 praecipuo
2871 1505 3486 1574 Iitterarumelegantio-

1889 1613 2007 1651 rum
2041 1607 2298 1666 patrono,
2343 1598 2534 1668 aliquis
2577 1597 2701 1654 inde
2739 1599 2804 1652 ad
2840 1599 3178 1654 Lactantium
3210 1599 3488 1656 illustran-

1889 1688 2016 1742 dum
2045 1687 2253 1742 l‘ructus
2278 1689 2440 1743 etiam
2470 1691 2800 1758 postliminio
2830 1690 3187 1746 redundaret!
3223 1710 3240 1743 ι

180 1789 288 1859 pias
302 1787 535 1852 scilicet,
555 1785 1268 1858 episcopusHierapoleosin
1298 1785 1782 1857 Pltrygia,inennle
1811 1782 1859 1842 B
1957 1780 2142 1836 XVIII.
2174 1781 2348 1836 Variae
2367 1799 2510 1838 nunc
2530 1783 2677 1839 brevi
2705 1785 3082 1854 percurreuda:
3108 1794 3234 1840 sunt
3261 1785 3489 1841 Lactan-

178 1882 372 1938 steculo
396 1880 656 1937 secundo.
681 1879 836 1934 Hunc
865 1889 1074 1944 autem,
1099 1893 1164 1935 ex
1190 1894 1474 1950 perperam
1508 1879 1781 1935 intellecto

180 1975 582 2046 Apocalypseos
605 1974 782 2044 capite
811 1990 882 2028 xx
912 1981 1088 2029 ortum
1112 2014 1125 2036 ,
1159 1972 1401 2028 studiose
1429 1974 1784 2046 comprobare

182 2068 363 2122 nititur
389 2067 724 2133 Lactantius,
769 2076 880 2120 tum
923 2081 990 2122 ex
1018 2066 1265 2121 versibus
1292 2065 1596 2137 Virgilianis
1617 2109 1630 2133 ,
1675 2077 1784 2122 tum

181 2179 234 2218 ex
265 2161 426 2217 libris
452 2159 762 2232 Sybillinis,
795 2159 886 2230 qui
919 2159 1096 2215 medio
1123 2158 1315 2215 eodem
1356 2161 1552 2216 saeculo
1577 2161 1785 2217 exarati

181 2256 500 2321 creduntur,
545 2253 744 2323 quique
782 2253 923 2322 apud
953 2253 1157 2322 ipsum,
1202 2261 1362 2323 atque
1391 2252 1526 2308 alios
1554 2254 1785 2323 scripto-

183 2364 258 2404 res
280 2347 710 2412 ecclesiasticos,
735 2345 1024 2416 plurimum
1053 2354 1322 2415 poterant.
1346 2345 1452 2402 Sed
1481 2347 1556 2402 illi
1577 2363 1680 2403 non
1705 2358 1788 2404 est

183 2441 330 2495 venia
353 2437 697 2508 deneganda,
727 2453 887 2507 quam
916 2438 1008 2492 alii
1035 2437 1103 2493 ob
1134 2438 1274 2492 istud
1304 2449 1541 2494 erratum
1567 2455 1790 2510 accepe-

183 2542 318 2588 runt.
343 2532 541 2587 Merito
556 2541 732 2585 tamen
755 2531 1097 2600 etsapienter
1113 2529 1360 2588 Gelasius
1383 2547 1541 2603 papa,
1559 2543 1790 2589 exeunte

182 2628 383 2685 steculn
412 2628 626 2698 quinto,
647 2626 910 2680 Lactantii
941 2641 1106 2695 opera
1136 2642 1240 2680 una
1271 2642 1390 2682 cum
1423 2627 1637 2697 scriptis
1660 2643 1789 2698 apo-

182 2721 398 2793 cryphis
425 2727 786 2783 annumerat,
817 2717 961 2788 quod
999 2734 1060 2774 ea
1095 2734 1200 2773 non
1235 2728 1486 2788 poterant
1525 2720 1790 2775 inoffensa

185 2814 405 2868 omnino
436 2811 686 2867 doctrina
711 2810 973 2866 catholica
1005 2810 1204 2882 perlegi
1231 2827 1257 2865 a
1288 2813 1494 2868 cunctis
1518 2813 1788 2869 lidelibus.

248 2907 330 2962 Nc
353 2916 540 2962 autem
561 2904 821 2960 lectorem
843 2903 1007 2960 verba
1025 2915 1079 2959 et
1103 2906 1397 2960 auctoritas
1411 2905 1673 2960 Lactantii
1698 2907 1792 2962 de-

187 2999 404 3070 cipiant,
425 2997 757 3054 etinducant
773 2998 823 3051 in
838 2997 954 3066 ejus
969 3012 1207 3064 errores,
1233 3014 1336 3052 non
1359 3008 1564 3054 tantum
1585 3001 1634 3054 in
1653 2999 1792 3055 notis

189 3091 307 3148 illos
333 3092 684 3162 depellimus,
713 3089 808 3146 sed
836 3091 996 3145 etiam
1026 3091 1077 3145 in
1109 3090 1270 3162 hujus
1293 3093 1420 3146 tomi
1466 3092 1626 3163 primi
1657 3108 1794 3162 pra:-

189 3188 408 3243 monitis
423 3185 733 3256 diligenter,
748 3201 812 3240 ex
832 3184 993 3241 variis
1008 3186 1337 3254 auctoribus,
1354 3186 1727 3243 admonemus.

256 3277 425 3334 XVI].
469 3277 833 3335 Nihilominus
879 3277 1178 3334 doctissimi
1225 3279 1425 3350 quique
1471 3279 1587 3348 ejus
1632 3279 1798 3334 libros

191 3387 406 3429 summo
428 3374 484 3427 in
516 3373 690 3443 pretio
720 3371 1019 3436 habebant;
1049 3377 1210 3441 atque
1239 3371 1435 3426 mirum
1462 3380 1562 3436 est,
1587 3380 1718 3441 quot
1745 3371 1798 3424 in

191 3470 319 3526 orbe
345 3469 621 3524 litterario
664 3467 1138 3522 Lactantianorum
1175 3480 1400 3534 Operuin
1439 3461 1657 3518 codices
1684 3477 1800 3517 ma-

193 3564 456 3634 nuscripti
488 3561 850 3633 reperiantur.
889 3558 942 3614 In
965 3558 1079 3614 sola
1111 3556 1401 3613 Parisiensi
1430 3556 1562 3610 urbe
1587 3555 1798 3625 triginta

193 3666 401 3726 septem
444 3665 504 3712 et
538 3654 770 3725 amplius
810 3654 1160 3709 innotuerunt
1202 3650 1332 3705 ntibi
1363 3667 1378 3705 :
1409 3649 1582 3704 multo
1619 3647 1801 3717 plures

198 3753 441 3810 invenias
473 3754 531 3808 in
560 3751 682 3810 aliis
707 3750 894 3807 Galliae
918 3758 1116 3803 nostra:
1146 3743 1521 3808 bibliothecis;
1554 3742 1644 3813 qui
1673 3754 1803 3796 vero

198 3859 420 3906 ceteras
466 3847 704 3916 Europae
752 3843 1001 3914 regiones
1059 3839 1445 3910 perlustraret,
1497 3833 1802 3890 uberiorem

197 3959 325 4000 sane
350 3950 604 4013 segetem
624 3945 1063 4009 consequeretur.
1083 3933 1340 3989 Vaticana
1364 3929 1668 3995 duodecim,
1693 3927 1804 3981 Re-

195 4036 277 4106 gia
304 4035 667 4092 Tanrincnsis
694 4031 1020 4088 bibliotheca
1041 4043 1234 4084 novem
1265 4024 1543 4082 exhibent.
1570 4022 1708 4090 Quid
1739 4019 1805 4076 ab

198 4129 533 4200 Ilispanicis,
564 4127 800 4183 maxime
831 4123 1178 4190 Scorialensi,
1197 4121 1416 4176 omnino
1441 4117 1664 4174 eruditis
1683 4131 1806 4171 nos-

198 4224 634 4294 tratibusignota
657 4263 671 4287 ,
697 4222 944 4291 quamvis
957 4218 1156 4274 referta
1183 4213 1476 4270 rarioribus
1504 4226 1659 4276 niss.,
1679 4207 1808 4279 quid

198 4332 229 4370 a
255 4315 659 4388 Neapolitanis,
677 4309 1098 4382 ,Vindobonensi
1115 4351 1130 4376 ,
1152 4308 1353 4364 Veneta
1373 4348 1385 4370 ,
1411 4304 1766 4360 Atnbrosiana
1789 4342 1803 4367 ,

198 4409 555 4476 Florentina,
590 4405 899 4463 Cassinensi
922 4448 936 4472 ,
980 4403 1176 4460 Siculis
1202 4399 1596 4469 expectandum
1629 4396 1811 4452 esset?

197 4504 314 4561 Non
343 4518 547 4562 omnes
569 4515 746 4558 tamen
773 4515 925 4570 aeque
956 4507 1078 4554 sunt
1098 4495 1301 4566 antiqui
1329 4505 1382 4549 et
1410 4494 1628 4564 optimm
1645 4501 1807 4546 notae.

1891 1876 1945 1930 tii
1977 1876 2264 1932 editiones.
2300 1877 2401 1933 Vix
2430 1894 2567 1933 unus
2595 1888 2688 1933 aut
2718 1880 2855 1934 alter
2895 1889 2978 1934 est
3020 1880 3314 1951 scriptores
3347 1881 3491 1936 inter

1891 1970 2171 2039 profanos,
2226 1986 2295 2026 ne
2339 1971 2514 2027 dicam
2541 1973 2963 2039 ecclesiasticos,
2984 1989 3144 2044 quem
3168 1974 3368 2044 saepius
3394 1973 3487 2029 vel

1891 2061 2034 2116 docti
2062 2063 2495 2131 emendaverint,
2533 2065 2613 2118 vel
2651 2065 3317 2136 excuderintbibliopolte.
3348 2065 3497 2121 Cen-

1892 2159 1993 2214 ties
2033 2158 2243 2230 integer
2272 2161 2437 2230 przelo
2473 2161 2748 2230 subjectus
2769 2170 2853 2216 est
2881 2178 2895 2216 :
2927 2162 3043 2231 ejus
3072 2177 3200 2217 vero
3243 2161 3364 2216 libri
3393 2160 3492 2216 ali-

1889 2253 2033 2323 quod
2063 2252 2374 2324 quindecies
2405 2263 2458 2308 et
2493 2254 2726 2324 amplius
2766 2270 2888 2308 cum
2919 2255 3061 2310 notis
3103 2255 3305 2326 vulgati
3344 2263 3490 2310 sunt.

1891 2346 2069 2416 Atque
2095 2345 2164 2400 ab
2189 2346 2321 2416 ipsis
2355 2346 2723 2417 typographiae
2749 2347 3108 2413 incunabulis,
3140 2359 3266 2403 ante
3292 2362 3492 2403 annum

1894 2437 2126 2508 primum
2152 2436 2339 2492 saeculi
2368 2437 2564 2493 decimi
2607 2439 2767 2506 sexti,
2797 2438 2979 2494 decies
2999 2439 3200 2510 septies
3228 2440 3281 2494 in
3314 2441 3492 2496 lucem

1892 2532 2208 2602 prodierunt
2229 2551 2241 2586 :
2259 2531 2401 2602 quod
2415 2531 2502 2586 vix
2528 2532 2769 2602 reperias
2793 2533 2845 2588 in
2864 2533 3044 2604 aliquo
3074 2533 3181 2588 alio
3203 2535 3492 2603 scriptore.

1895 2623 2201 2695 Aliquando
2243 2634 2324 2678 ter
2344 2664 2359 2688 ,
2399 2625 2601 2695 saepius
2637 2623 2718 2679 bis
2742 2639 3068 2695 unoquoque
3094 2639 3237 2680 anno
3265 2625 3496 2681 diversis

1896 2718 1949 2772 in
1981 2718 2205 2773 urbibus
2235 2718 2430 2788 publici
2452 2718 2594 2788 juris
2618 2718 2863 2774 fecerunt
2889 2735 3013 2775 eum
3053 2720 3250 2775 eruditi
3280 2729 3390 2775 tum
3417 2737 3500 2777 ca.

1897 2810 2114 2878 tholici,
2157 2820 2269 2866 tum
2303 2827 2332 2867 a
2361 2813 2508 2867 cultu
2545 2814 2816 2870 catholico
2853 2815 3099 2871 Romano
3131 2816 3313 2872 alieni.
3349 2817 3497 2886 Itali,

1896 2905 2058 2975 Galli,
2088 2905 2373 2972 Germani,
2418 2907 2661 2978 Hispani,
2697 2910 2919 2978 Batavi,
2963 2911 3121 2983 Angli
3162 2913 3304 2968 hunc
3335 2913 3496 2979 notis,

1897 3008 2156 3069 quantum
2191 3000 2244 3054 in
2286 3000 2352 3054 iis
2378 2999 2494 3066 fuit,
2535 3001 2895 3058 illustrarunt.
2929 3007 3180 3060 Attamen
3213 3021 3320 3060 non
3348 3021 3502 3076 aeque

1897 3106 2087 3147 omnes
2108 3103 2235 3147 sunt
2268 3093 2424 3150 utiles
2449 3112 2463 3148 :
2487 3093 2664 3150 adhuc
2691 3096 2912 3167 aliquid,
2948 3112 3054 3152 non
3082 3097 3257 3153 solum
3293 3107 3352 3152 ut
3380 3109 3497 3154 tex-

1823 3179 1867 3243 C
1905 3196 1987 3240 tus
2013 3187 2080 3241 ab
2098 3186 2346 3242 omnibus
2373 3190 2782 3243 amanuensium
2810 3190 3021 3246 mendis
3043 3191 3181 3246 liber
3208 3192 3384 3257 ﬁeret,
3404 3200 3501 3247 ve-

1903 3293 2022 3333 rum
2062 3279 2225 3334 etiam
2257 3290 2312 3334 ut
2343 3281 2586 3350 apprime
2626 3291 2863 3338 mentem
2912 3285 3147 3339 auctoris
3179 3299 3500 3355 assequerc-

1907 3389 2065 3436 mur,
2123 3374 2508 3430 desiderabant
2549 3375 2822 3432 doctiores
2879 3378 3114 3449 quiquef;
3159 3379 3506 3450 fatenturquc

1905 3465 2184 3535 (Nicotaus
2230 3470 2276 3519 te
2308 3465 2524 3538 Nourry
2546 3508 2560 3532 ,
2593 3485 2620 3522 e
2659 3470 3056 3540 congregatione
3093 3469 3156 3525 S.
3202 3470 3378 3525 Mauri
3406 3471 3509 3526 Be-

1905 3559 2211 3622 nedictinus,
2247 3558 2300 3612 in
2342 3558 2613 3629 Apparatu
2639 3561 2708 3614 ad
2739 3560 2986 3616 Biblioth.
3020 3561 3127 3617 SS.
3171 3561 3346 3630 Patr.,
3377 3573 3412 3618 t.
3446 3581 3505 3630 tt,

1907 3651 2009 3706 col.
2041 3652 2168 3722 658)
2198 3669 2217 3701 ι
2253 3651 2457 3706 nullam
2499 3668 2564 3708 ex
2597 3653 2848 3709 omnibus
2883 3654 2966 3708 his
3010 3655 3340 3710 editionibus
3387 3671 3509 3712 esse

1907 3746 2131 3799 omnino
2161 3743 2860 3817 perfectam,omnibusque
2887 3747 3001 3803 suis
3032 3748 3277 3804 numeris
3308 3758 3362 3805 et
3382 3764 3508 3820 par-

1909 3836 2054 3891 tibus
2075 3836 2366 3906 expletam.
2397 3856 2416 3890 ›
2469 3838 2728 3910 Equidem
2754 3839 3135 3896 vetustissimae
3157 3841 3277 3897 loco
3305 3851 3510 3898 tantum

1909 3941 2034 3988 sunt
2053 3945 2183 3987 mss.
2203 3933 2472 4001 codicum,
2501 3949 2636 4005 quos
2663 3936 3142 4006 repraesentant.Si
3165 3937 3305 3992 enim
3325 3953 3513 3994 exem-

1910 4027 2100 4096 plaria,
2117 4043 2182 4081 ex
2199 4027 2395 4098 quibus
2411 4030 2807 4100 exprimuntur,
2830 4040 3076 4085 truncata
3093 4030 3516 4088 fueruntetcor-

1910 4130 2087 4190 rupta,
2118 4121 2305 4190 procul
2331 4121 2495 4176 dubio
2527 4122 2730 4178 editum
2769 4138 3020 4179 mancum
3045 4135 3127 4180 est
3150 4135 3204 4180 et
3227 4126 3515 4196 imperfec—

1916 4225 2046 4272 tum.
2081 4217 2170 4272 Sic
2193 4217 2360 4273 editio
2381 4218 2656 4274 rarissima
2688 4221 2815 4274 anni
2846 4221 2987 4276 1465
3009 4221 3061 4275 in
3096 4221 3281 4278 multis
3307 4222 3512 4291 deficit,

1914 4312 2113 4381 quippe
2135 4328 2258 4381 quae
2288 4312 2355 4368 ab
2383 4328 2491 4368 uno
2516 4321 2721 4368 tantum
2741 4315 2950 4380 codice,
2971 4330 3145 4386 eoque
3177 4316 3515 4386 imperfecto,

1916 4402 2077 4458 fuerit
2127 4404 2468 4474 deprompta.
2525 4406 2711 4461 Grreca
2766 4407 3090 4477 quandoque
3148 4411 3517 4478 prtetermissa

1917 4508 2071 4564 sunt;
2105 4499 2304 4570 saepius
2334 4498 2496 4555 etiam
2544 4499 2740 4556 absunt
2775 4501 2993 4572 quidam
3033 4517 3224 4558 versus
3273 4513 3327 4558 et
3368 4519 3518 4559 com-

197 4599 390 4655 Nullus
425 4610 606 4655 tamen
633 4605 716 4652 est
746 4591 1258 4666 przclermilleﬂdlls,
1289 4590 1485 4659 quippe
1511 4588 1600 4656 (illi
1630 4601 1696 4642 ΘΧ
1713 4602 1812 4639 ειη·
1837 4587 1891 4647 Ι)
1916 4601 2080 4647 mata.
2118 4591 2190 4646 Ita
2222 4589 2334 4647 fere
2360 4603 2443 4647 est
2464 4592 2529 4647 de
2556 4593 2737 4661 editis,
2765 4611 2884 4666 qua;
2918 4597 3132 4668 vulgata
3157 4608 3284 4653 sunt
3323 4599 3519 4669 priori-

200 4695 430 4765 tiquiori
466 4691 772 4759 descriptus
812 4687 883 4742 sit
920 4683 1237 4755 exemplari.
1274 4680 1412 4735 IIinc
1453 4678 1668 4735 erudito
1698 4678 1808 4731 lec-

197 4789 306 4844 tori
341 4800 669 4858 persuasum
695 4780 1010 4848 essedebet,
1044 4776 1230 4848 quanti
1259 4775 1574 4843 scriptorem
1593 4771 1812 4842 elegan-

198 4881 484 4936 tissimum
508 4877 741 4934 fecerint
769 4874 1002 4942 majores
1032 4869 1225 4926 nostri.
1251 4867 1445 4922 Multos
1465 4876 1640 4921 tamen
1660 4879 1817 4934 repe-

195 4975 311 5030 rias
340 4973 565 5030 saeculis
598 4985 691 5024 xtv
721 4977 776 5023 et
801 4982 872 5021 xv
901 4972 1170 5020 exaratos.
1206 4959 1354 5016 Tunc
1387 4957 1646 5028 temporis
1672 4957 1815 5012 enim

197 5070 412 5125 iterum
435 5067 634 5124 ardere
660 5071 972 5133 cciperunt,
1017 5061 1068 5114 in
1099 5057 1250 5112 Italia
1280 5056 1607 5126 praesertim,
1642 5050 1818 5108 studia

195 5165 522 5221 litterarum
550 5178 567 5228 ;
609 5171 771 5230 atque
797 5156 1132 5212 Lactantium
1159 5167 1266 5206 non
1298 5158 1517 5220 propter
1542 5147 1716 5202 solum
1743 5144 1822 5199 Ia-

198 5261 302 5315 tini
331 5257 612 5315 sermonis
641 5254 897 5320 nitorem,
918 5250 1011 5306 sed
1046 5257 1264 5318 pr0ptcr
1285 5245 1487 5299 variam
1510 5258 1574 5297 ac
1602 5241 1823 5296 minime

195 5353 498 5425 vulgarem
540 5349 900 5406 eruditionem
945 5351 1200 5400 curarunt
1229 5339 1427 5409 ubique
1466 5334 1716 5392 describi.
1765 5333 1823 5388 In

195 5446 579 5504 emendandis
635 5449 797 5515 porro
851 5442 1139 5512 diligenter
1190 5435 1499 5492 auctoribus
1551 5432 1819 5503 antiquis,

200 5559 358 5600 unus
395 5557 503 5596 non
558 5539 759 5594 sufﬁcit
801 5533 1197 5604 manuscriptus
1245 5531 1451 5596 codex,
1497 5528 1590 5584 sed
1643 5527 1826 5598 plures

198 5645 338 5691 sunt
367 5632 690 5689 adhibendi.
720 5631 817 5686 Ille
839 5628 1056 5697 quidem
1075 5624 1559 5697 veramJectionem
1585 5618 1822 5690 profert:

195 5729 309 5788 sed
338 5726 489 5782 alius
515 5741 637 5782 eam
669 5722 986 5788 conﬁrmat;
1027 5733 1128 5776 nec
1161 5717 1276 5774 sine
1308 5716 1538 5788 plurium
1579 5713 1819 5768 testimo-

200 5823 306 5890 nio
336 5819 550 5892 aliquid
571 5818 710 5876 certi
731 5817 1055 5890 depromere
1078 5814 1222 5873 licet.
1259 5814 1510 5868 Attamen
1537 5806 1828 5866 estmodus

1917 4686 2017 4742 bus
2046 4685 2161 4741 istis
2192 4685 2542 4754 temporibus.
2577 4687 2676 4742 Vix
2724 4697 2902 4744 textus
2945 4690 3266 4748 emendatus
3310 4702 3520 4747 utcumc

1918 4795 2025 4850 que
2056 4779 2210 4833 nobis
2236 4778 2472 4849 suppetit
2495 4789 2618 4836 ante
2638 4781 2864 4838 Aldinas
2893 4784 3159 4840 editiones
3189 4800 3292 4855 ope
3319 4795 3372 4841 et
3391 4801 3520 4842 cura

1921 4881 2031 4928 tum
2062 4871 2315 4942 Baptistae
2344 4872 2579 4943 Egnatii,
2610 4883 2721 4930 tum
2751 4875 3007 4932 Honorati
3036 4878 3520 4936 Fasitellii.Verum

1921 4966 1990 5021 ab
2021 4981 2085 5021 eo
2111 4974 2356 5036 tempore
2378 4967 2445 5022 ad
2470 4984 2674 5024 annum
2701 4971 2861 5039 1544,
2895 4987 3004 5042 quo
3036 4973 3232 5042 prodiit
3262 4974 3521 5031 emenda-

1924 5057 2034 5113 tior
2063 5057 2229 5114 editio
2255 5057 2622 5129 Coloniensis,
2652 5062 2741 5117 vix
2772 5063 2878 5119 ulla
2901 5073 3003 5132 est,
3033 5079 3152 5135 quae
3176 5065 3363 5122 lectori
3395 5082 3528 5139 pos-

1922 5150 1993 5205 sit
2019 5150 2350 5208 satisfacere.

1995 5242 2141 5298 XIX.
2189 5243 2294 5299 Sed
2334 5244 2400 5300 ad
2434 5244 2769 5303 Lactantium
2817 5248 3025 5319 planius
3073 5249 3477 5323 intelligendum
3505 5296 3520 5323 ,

1924 5347 2147 5408 propter
2178 5339 2382 5396 variam
2415 5341 2532 5411 ejus
2557 5341 2856 5397 doctrinam
2877 5385 2891 5410 ,
2936 5347 3255 5401 necessariae
3281 5358 3406 5402 sunt
3432 5364 3528 5404 an-

1929 5433 2255 5490 notationes.
2287 5436 2462 5506 Atque
2490 5436 2693 5505 primus
2737 5436 2977 5492 omnium
3014 5438 3218 5511 Xystus
3253 5441 3527 5498 Betuleius

1929 5525 2164 5597 integras
2231 5527 2542 5592 elaboravit,
2594 5544 2715 5597 qua:
2780 5545 2922 5585 anno
2980 5533 3166 5600 1565,
3227 5544 3345 5604 post
3410 5534 3526 5604 ejus

1931 5629 2182 5685 mortem,
2212 5621 2440 5676 Basilea:
2471 5621 2696 5692 vulgata:
2739 5621 2970 5679 luerunt.
3021 5626 3275 5682 Erasmus
3303 5627 3523 5697 quidem

1926 5714 2038 5784 jam
2089 5728 2231 5768 anno
2276 5712 2416 5768 1529
2443 5755 2458 5779 ,
2509 5712 2560 5767 in
2617 5713 2810 5769 librum
2839 5715 2906 5772 de
2947 5716 3173 5787 Opiﬁcio
3218 5719 3310 5774 Dei
3357 5736 3526 5776 anno-

1937 5805 2254 5865 tatiunculas
2282 5804 2553 5876 ediderat,
2601 5807 2740 5865 sicut
2763 5818 2818 5866 et
2841 5809 3150 5869 Willichius
3192 5826 3334 5868 anno
3359 5813 3520 5876 1542.
