4104 6368
547 262 619 333 67
1715 250 2089 326 ramulo
2126 262 2194 326 ut
2231 265 2701 329 “summa.
3791 253 3862 324 es

548 385 655 447 Sed
706 384 982 444 Betuleius
1022 378 1129 442 vix'
1155 396 1289 441 mss.
1322 381 1574 441 codicum
1626 382 1893 440 rationem
1920 382 2142 453 Juabuit.
2175 384 2221 446 Α
2254 397 2455 443 metam
2486 400 2621 458 opus
2652 392 2761 440 tam
2790 381 3049 441 eximium
3079 393 3187 439 non
3212 376 3572 452 perduxisse;
3598 390 3721 437 cum
3749 379 3862 451 jam

548 478 682 549 Ejus
736 490 876 536 nota:
922 480 1091 535 multo
1122 493 1280 550 quam
1311 493 1409 548 par
1452 476 1942 547 est.jprolixiores,
1993 483 2048 531 et
2086 473 2154 530 ad

548 572 870 629 eruditionis
928 573 1089 629 varia:
1142 571 1597 635 ostentationem,
1675 585 1783 626 non
1845 568 1913 624 ad
1972 569 2155 639 legen-

549 665 684 721 tium
710 665 995 722 utilitatem
1039 674 1167 720 sunt
1213 664 1523 721 elaboratae.
1574 661 1798 718 Michael
1832 661 2155 717 Thomasius

550 758 909 829 Taxsquetius
940 757 1134 814 melius
1163 757 1364 827 aliquid
1396 757 1613 812 molitus
1650 765 1732 812 est
1772 758 1817 814 πῖ
1839 753 1936 810 sed
1970 753 2156 825 jejuno

549 849 838 906 admodum
862 863 991 905 usus
1026 857 1111 905 est
1143 848 1355 905 duobus
1384 835 1774 921 antiquissimis
1798 846 2158 903 Bononiensi-

550 942 653 998 bus
676 941 1078 1012 exemplaribus
1118 949 1174 997 et
1202 939 1475 996 Vaticanis
1501 950 1709 1011 septem
1727 980 1745 1007 ,
1775 954 1897 1010 qua:
1926 937 2152 994 viderat.

550 1033 717 1092 Plane
758 1034 923 1105 igitur
970 1042 1025 1091 et
1073 1032 1312 1105 perfecte
1351 1032 1614 1089 medicam
1661 1047 1879 1088 manum
1910 1031 2160 1087 omnibus

552 1127 890 1186 Lactantiani
939 1137 1124 1185 textus
1169 1128 1485 1184 vulneribus
1530 1141 1637 1182 non
1677 1126 1942 1182 adhibuit.
1993 1124 2161 1184 Multo

552 1220 846 1293 perfectior
871 1229 956 1276 est
986 1220 1102 1275 lsari
1129 1219 1440 1277 emendatio
1467 1259 1484 1287 ,
1516 1235 1637 1290 quae
1660 1216 1900 1275 Caseus:
1930 1219 1985 1274 in
2010 1212 2161 1274 Italia

554 1313 767 1385 vulgata
796 1312 970 1367 fuitin
997 1327 1140 1368 anno
1169 1311 1333 1379 1646,
1360 1327 1430 1369 ex
1456 1310 1734 1368 Vaticanis
1760 1310 2046 1367 duodecim
2071 1324 2165 1367 co-

555 1404 768 1461 dicibus
815 1419 1097 1475 expressa.
1147 1402 1380 1461 Criticas
1428 1419 1534 1461 non
1590 1405 1805 1473 solum,
1859 1403 1957 1461 sed
2002 1404 2164 1460 etiam

558 1498 888 1571 theologicae
937 1499 1319 1556 annotationes
1362 1499 1629 1570 apposuit.
1682 1497 1919 1570 Thysius
1963 1510 2168 1568 paucas

560 1591 872 1659 admodum,
905 1600 959 1649 et
989 1592 1191 1648 nullius
1217 1590 1336 1648 fere
1359 1592 1617 1648 momenti
1648 1601 1804 1648 notas
1847 1592 2013 1647 textui
2035 1590 2167 1647 Lac-

2258 480 2433 546 lortis,
2458 479 2569 551 jam
2613 477 2850 550 ingentis
2886 489 3077 534 cursus
3120 488 3374 533 emensus
3413 482 3559 532 esset
3604 474 3865 546 spatium.

2258 573 2344 629 Nil
2375 572 2515 628 factu
2544 579 2661 628 erat
2689 570 2893 626 facilius
2945 586 2957 619 :
3010 568 3189 624 minus
3227 567 3413 639 procul
3451 567 3619 624 dubio
3661 565 3868 623 laboris

2260 667 2448 723 fuisset
2491 681 2557 721 ex
2588 664 2825 735 antiquis
2862 677 2925 719 ea
2973 661 3265 733 colligere,
3313 674 3436 731 quae
3470 668 3591 731 apta
3634 667 3761 715 sunt
3803 652 3873 715 ad

2258 760 2403 817 hunc
2432 768 2705 815 auctorem
2751 756 3166 828 explicandum;
3220 755 3342 828 plus
3368 763 3547 812 tamen
3589 754 3871 821 scientias,

2262 854 2382 925 plus
2422 851 2742 909 contulisset
2773 848 3000 922 ingenii.

2332 946 2450 1002 XX.
2493 943 2630 1014 Quid
2679 945 2765 1000 alii
2812 944 2864 999 in
2896 941 3110 999 edendo
3154 941 3437 998 Lactantio
3483 940 3876 1014 praestiterint,

2262 1039 2533 1103 diximus;
2576 1037 2704 1108 quid
2731 1036 2842 1107 jam
2870 1035 2926 1091 in
2968 1035 3069 1092 hac
3098 1034 3339 1091 editione
3365 1042 3720 1106 praestemus,
3749 1047 3881 1090 nos-

2265 1139 2408 1187 trum
2431 1139 2515 1186 est
2536 1140 2814 1185 enarrare.
2839 1127 3160 1199 Quanquam
3191 1128 3259 1184 de
3300 1135 3522 1184 auctore
3554 1136 3745 1183 nostro
3775 1141 3881 1197 op-

2268 1225 2396 1281 time
2416 1223 2487 1278 sit
2512 1222 2738 1278 meritus
2763 1220 2923 1277 Joan.
2947 1220 3106 1292 Bapt.
3157 1220 3209 1277 1e
3234 1220 3402 1286 Brun,
3422 1218 3670 1291 quaedam
3696 1220 3880 1276 tamen

2266 1317 2385 1390 ejus
2410 1314 2849 1372 annotationibus
2887 1314 3138 1371 addenda
3183 1326 3306 1371 esse
3351 1312 3558 1385 putavi.
3604 1300 3706 1370 Vix
3741 1310 3881 1369 mihi

2268 1410 2532 1470 creditum
2585 1421 2670 1467 est
2715 1410 2875 1482 hujus
2931 1410 3160 1466 editoris
3204 1408 3600 1481 autographum‘
3647 1404 3885 1465 Lactan-

2271 1506 2495 1570 tianum,
2513 1519 2633 1560 cum
2664 1503 2717 1558 in
2738 1510 2979 1560 mentem
3000 1501 3310 1568 mihivenit,
3332 1509 3391 1556 ut
3421 1515 3554 1573 quas
3582 1500 3698 1572 ipse
3726 1488 3888 1557 notas

2272 1612 2648 1673 congesseram
2677 1599 2846 1664 olim,
2888 1597 2942 1652 in
2986 1610 3152 1652 unum
3192 1609 3317 1651 cum
3363 1593 3532 1651 variis
3558 1592 3889 1649 lectionibus

561 1687 800 1741 ῑίιηίίειηο
825 1688 1088 1756 aspersit;
1111 1687 1427 1758 Primusque
1448 1686 1580 1742 mihi
1609 1686 1758 1742 νίευε
1783 1695 1867 1742 θέε
1891 1693 2171 1741 memet"
2272 1708 2302 1751 a
2319 1694 2526 1752 Joanne
2545 1694 2598 1751 le
2619 1694 2764 1750 Brun
2786 1691 3029 1748 collectis
3052 1690 3365 1762 copularem
3391 1700 3556 1761 atque
3573 1688 3884 1761 jungerem.

563 1789 805 1838 nostrum
832 1782 1139 1853 corrupisse
1167 1780 1290 1837 libri
1316 1797 1356 1848 ι,
1382 1780 1557 1852 capite
1582 1782 1669 1837 15.
1695 1780 1865 1849 Quam
1892 1784 2171 1850 corrupte-
2199 1768 2247 1844 Β
2275 1787 2387 1845 Hac
2432 1788 2641 1844 ratione
2686 1784 2991 1841 existimavi
3038 1783 3153 1839 ﬁeri
3200 1796 3394 1855 posse,
3445 1790 3504 1838 ut
3547 1780 3887 1838 eruditorum

562 1874 669 1930 lam
695 1875 975 1945 amplexus
1002 1884 1087 1931 est
1105 1918 1121 1940 ,
1149 1882 1311 1945 atque
1336 1875 1565 1945 longiori
1593 1917 1606 1939 ,
1633 1888 1793 1944 quam
1823 1888 1918 1944 par
1944 1883 2047 1937 est,
2076 1888 2171 1927 an-

564 1966 839 2022 notatione
877 1975 1065 2022 contra
1093 1966 1264 2022 bonos
1296 1982 1475 2022 mores
1502 1981 1567 2021 ac
1612 1966 1895 2021 veritatem
1940 1978 2172 2035 evange-

565 2060 724 2117 licam
749 2059 991 2117 defendit
1024 2059 1261 2117 Gallacus
1287 2101 1303 2127 ,
1346 2069 1404 2115 ut
1434 2074 1535 2130 pro
1569 2073 1730 2115 usura
1769 2067 2168 2130 propugnaret;

567 2169 668 2209 nec
692 2169 813 2209 eam
837 2152 1130 2209 emendare
1157 2160 1469 2223 sategerunt
1497 2151 1761 2222 Sparltins
1789 2162 1840 2207 et
1869 2148 2168 2207 Walchius.

567 2247 802 2303 Gallaeus
825 2250 940 2319 ipse
961 2289 976 2313 ,
1026 2262 1168 2301 anno
1198 2245 1367 2315 1660,
1406 2246 1835 2303 emendatiorem
1863 2261 1927 2301 ac
1956 2246 2174 2302 nitidio-

567 2355 680 2396 rcm
704 2340 917 2411 juvenis
942 2339 1159 2395 molitus
1198 2351 1283 2397 est
1327 2339 1591 2395 Lactantii
1631 2339 1966 2408 editionem,-
2010 2354 2171 2410 quam

568 2436 710 2491 notis
756 2434 994 2505 undique
1044 2434 1405 2505 conquisitis,
1446 2433 1721 2489 extraneis
1773 2448 1960 2503 stupe,
2011 2441 2066 2488 et
2105 2431 2175 2487 ad

568 2527 968 2583 controversias
1035 2526 1367 2597 theologicas
1429 2525 1800 2596 spectantibus
1862 2524 2170 2580 illustravit.

569 2618 830 2691 Sparkius
856 2618 1096 2687 Gallaeo,
1141 2620 1244 2675 etsi
1288 2618 1459 2674 multo
1483 2618 1718 2689 parcior,
1750 2617 1963 2673 doctior
1993 2625 2175 2672 tamen

569 2712 687 2769 fuit.
720 2712 1182 2783 Cantabrigiensia
1210 2710 1386 2768 editor
1413 2709 1635 2777 fatetur.
1662 2725 1723 2766 se
1746 2711 1944 2765 iterum
1972 2709 2177 2766 cudere

571 2806 614 2861 Τ
620 2806 995 2861 homasianum
1035 2812 1264 2860 textum.
1299 2803 1568 2860 Cellarius
1597 2802 1897 2875 quasdam,
1947 2802 2043 2859 sed
2075 2806 2176 2859 nec

571 2898 791 2956 inutiles
805 2906 982 2966 notas,
997 2913 1099 2954 nec
1113 2896 1363 2954 inductas
1375 2895 1629 2967 adjunxit
1647 2907 1732 2953 sat
1745 2894 2048 2953 emendata:
2063 2900 2183 2951 sum

572 2992 814 3050 editioni.
837 2991 1078 3049 Joannes
1099 2989 1365 3063 Georgius
1391 2989 1675 3048 Walchius
1701 2990 1788 3046 vix
1812 3004 1989 3046 annos
2017 2997 2178 3047 natus

576 3087 765 3159 viginti
792 3087 846 3142 in
877 3085 1161 3142 Lactantio
1188 3084 1531 3141 emendando
1550 3085 1829 3156 specimen
1858 3084 1999 3140 acris
2023 3082 2177 3156 judi-:

2276 1883 2514 1939 omnium
2544 1874 3045 1937 animadversiones
3083 1875 3201 1932 haec
3245 1874 3540 1932 novissima
3573 1889 3881 1946 repraesen—

2276 1984 2414 2031 taret
2463 1972 2664 2041 editio,
2724 1980 2885 2042 atque
2924 1976 3241 2026 cunctarum
3292 1967 3462 2023 instar
3500 1980 3623 2021 esse
3677 1975 3887 2037 posset.

2276 2070 2446 2137 Alias,
2477 2080 2586 2123 non
2616 2076 2807 2121 omnes
2835 2060 3041 2131 tamen,
3073 2074 3263 2118 verum
3303 2059 3532 2116 selectas
3562 2066 3620 2115 et
3646 2057 3891 2114 utiliores

2276 2162 2575 2234 conquisivi
2607 2170 2660 2216 et
2698 2160 2838 2231 elegi
2868 2158 2923 2214 in
2957 2157 3213 2224 Erasmo,
3248 2153 3528 2220 Betuieio,
3558 2146 3890 2219 Thomasio,

2276 2257 2443 2322 Isaeo,
2476 2254 2678 2312 Gallico
2699 2296 2713 2320 ,
2755 2249 2987 2322 Sparkio
3012 2292 3027 2317 ,
3071 2246 3302 2305 Cellario
3323 2290 3338 2314 ,
3383 2243 3634 2301 Walch‘io
3664 2252 3718 2300 et
3750 2240 3894 2298 Heu-

2278 2362 2499 2405 manno.
2549 2347 2621 2403 At
2669 2345 2787 2401 lsrci
2825 2344 2991 2401 editio
3039 2346 3161 2399 cuin
3211 2356 3338 2397 raro
3374 2355 3573 2397 venum
3597 2342 3720 2405 eat,
3776 2335 3895 2407 ejus

2280 2453 2456 2499 tamen
2480 2452 2621 2498 notae
2643 2440 2751 2497 sint
2779 2438 3026 2505 eruditae,
3055 2448 3111 2493 et
3136 2434 3205 2492 ad
3231 2437 3495 2491 rationem
3529 2428 3895 2503 theologicam

2279 2539 2478 2609 szepius
2526 2545 2763 2592 exarata!
2793 2575 2808 2600 ,
2843 2533 3082 2603 integras
3126 2538 3219 2586 eas
3260 2527 3555 2600 adjungere
3586 2526 3758 2582 visum
3812 2531 3901 2580 est

2278 2632 2345 2689 ad
2373 2632 2579 2688 calcem
2629 2627 2827 2699 prioris
2868 2625 3200 2691 voluminis,
3245 2638 3313 2680 ne
3336 2621 3651 2679 desiderent
3687 2616 3900 2691 aliquid

2278 2725 2517 2782 lectores
2542 2723 2594 2778 in
2622 2720 2724 2778 hac
2745 2720 2931 2777 ultima
2956 2716 3224 2774 Lactantii
3261 2715 3525 2781 editione,
3558 2729 3678 2786 qua:
3705 2726 3905 2769 omnes

2278 2817 2411 2872 alias
2442 2830 2549 2871 uno
2590 2814 2743 2884 quasi
2791 2811 2988 2866 intuitu
3037 2807 3459 2880 complectitur.
3490 2805 3548 2864 Si
3591 2819 3722 2878 ergo
3761 2803 3901 2860 sub-

2274 2910 2492 2983 jiciatur
2522 2908 2690 2965 textui
2732 2904 3088 2963 Lactantiano
3117 2900 3363 2974 quaedam
3404 2898 3685 2955 annotatio
3723 2896 3906 2952 histo-

2281 3005 2391 3061 rica
2419 3010 2512 3059 aut
2534 3001 2746 3068 critica,
2779 3014 2846 3055 ne
2874 2997 3109 3061 dubites,
3136 3010 3198 3052 ea
3223 3002 3309 3051 est
3334 2991 3605 3065 Lengletii
3636 3007 3650 3046 :
3688 2990 3734 3046 si
3760 3004 3904 3046 vero

2282 3095 2495 3152 subsint
2525 3094 2786 3149 lectiones
2812 3089 2978 3145 varice
2997 3129 3012 3155 ,
3058 3100 3152 3142 eas
3177 3127 3190 3152 ,
3241 3084 3565 3157 quibusdam
3594 3090 3777 3138 tamen
3805 3095 3908 3137 ex-

574 3182 642 3239 cii
658 3180 828 3238 edidit
847 3188 1010 3251 atque
1033 3179 1440 3250 doctrinae,qua
1472 3180 1696 3235 nuncin
1728 3179 1903 3251 patria
1916 3178 2179 3234 illustrior
2282 3189 2453 3260 captis
2477 3230 2494 3256 ,
2526 3184 2723 3243 Joanni
2776 3183 2828 3240 le
2862 3181 3007 3237 Brun
3055 3176 3352 3250 adjndices.
3402 3175 3530 3231 Haec
3574 3183 3657 3231 est
3705 3178 3906 3229 norma

576 3275 827 3343 habetur;
845 3274 1125 3345 mirorque
1140 3273 1196 3330 in
1213 3272 1542 3342 ltacjuveniii
1555 3280 1715 3328 aetate
1734 3287 1874 3343 opus
1886 3273 2055 3329 senile
2073 3287 2178 3328 non

576 3368 775 3424 obiisse
804 3365 994 3432 modo,
1022 3365 1119 3422 sed
1149 3374 1204 3421 et
1229 3365 1587 3435 excogitasse.
1618 3363 2046 3434 Christophorus
2069 3365 2183 3420 Au-

577 3470 767 3533 gustus
798 3459 1151 3517 Heumannus
1188 3458 1493 3528 elegantem
1523 3472 1657 3514 sane
1679 3456 1932 3525 excudit,
1970 3465 2087 3513 tum
2111 3458 2182 3513 ob

582 3563 758 3611 textus
788 3550 1126 3609 Lactantiani
1153 3549 1616 3616 emendationem,
1639 3565 1799 3621 quam
1826 3557 2030 3617 tamen,
2060 3549 2183 3620 ipso

578 3646 803 3714 fatente,
826 3659 857 3701 a
885 3643 1279 3714 Christopltoro
1294 3642 1530 3698 Cellario
1546 3651 1823 3698 mutuatus
1836 3650 1944 3709 est,
1974 3651 2084 3697 tum
2112 3642 2184 3697 ob

581 3754 709 3797 suas
737 3747 1047 3807 notas,qnm
1061 3736 1338 3805 singulare
1364 3735 1419 3790 in
1449 3741 1570 3790 arte
1598 3732 1785 3790 critica
1810 3733 2068 3803 studium,
2092 3748 2186 3790 ac-

582 3843 931 3901 curatamque
947 3828 1280 3900 diligentiam
1303 3826 1582 3885 exhibent.
1599 3827 1766 3883 Multo
1793 3828 1947 3899 plura
1977 3837 2180 3896 tamen,

583 3942 745 3999 quam
805 3924 1114 3989 debuisset,
1158 3923 1484 3994 glossemata
1537 3921 1808 3994 excogitat
1851 3924 1907 3978 in
1951 3921 2185 3978 Lactan-

586 4023 719 4078 tium
748 4035 779 4075 a
822 4019 956 4074 viris
999 4032 1186 4089 parum
1222 4017 1480 4074 litteratis
1513 4015 1732 4072 inducta
1771 4015 1958 4074 fuisse.
1984 4018 2188 4073 Occur-

586 4117 731 4173 ritne
773 4112 993 4171 difﬁcile
1043 4111 1250 4183 aliquid
1278 4152 1294 4178 ,
1348 4118 1476 4167 tunc
1527 4112 1717 4167 subest
1769 4109 1849 4165 illi
1904 4111 2186 4183 cujusdam

586 4208 937 4267 additamenti
986 4208 1266 4279 suspicio,
1318 4215 1412 4262 aut
1456 4205 1621 4262 etiam
1669 4205 1891 4277 querela
1925 4248 1942 4275 ,
1996 4220 2186 4263 verum

589 4305 889 4378 saepissime
928 4302 1102 4367 falsa,
1155 4310 1343 4372 utpote
1392 4301 1597 4357 nullius
1643 4300 1777 4357 fulta
1829 4301 2187 4373 mannaeripti

590 4399 795 4456 codicis
836 4395 1195 4454 auctoritate?
1241 4394 1483 4451 Tandem
1529 4393 1685 4451 Joan.
1740 4393 2058 4466 Ludolphus
2083 4396 2191 4451 Bu-

593 4506 893 4551 nemannus
916 4490 970 4545 in
997 4487 1212 4545 edendo
1238 4488 1521 4544 Lactantio
1544 4488 1781 4558 palmam
1800 4488 2197 4544 aiiisomniltus

2282 3280 2443 3352 hujus
2485 3292 2643 3335 curas
2690 3274 2759 3332 ab
2803 3274 3026 3330 alterius
3079 3284 3246 3343 opera
3293 3264 3638 3325 secernendi.
3683 3264 3902 3323 Verum

2282 3392 2401 3449 qum
2431 3375 2498 3431 ad
2538 3372 2981 3447 grammaticam,
3023 3367 3364 3438 aberamque
3403 3363 3731 3435 scriptorum
3775 3375 3908 3417 cum

2282 3462 2549 3530 Lactantii
2580 3469 2765 3525 verbis
2791 3464 3137 3523 collationem
3165 3468 3443 3534 spectant,
3476 3458 3565 3514 vix
3592 3456 3896 3530 attigimus.

2283 3567 2340 3623 Si
2368 3564 2454 3622 cui
2479 3576 2642 3635 porro
2673 3558 2998 3617 necessariae
3030 3555 3209 3611 forent
3237 3560 3380 3609 noue
3406 3594 3421 3622 ,
3456 3546 3545 3609 vel
3575 3550 3752 3622 potius
3781 3546 3907 3605 dis-

2284 3660 2600 3733 quisitiones
2638 3656 2691 3711 in
2721 3654 3065 3711 Lactantium
3098 3646 3419 3719 theologicae
3440 3690 3456 3715 ,
3503 3659 3596 3703 eas
3628 3642 3910 3700 uberrime

2284 3755 2433 3811 dabit
2461 3754 2701 3809 Domnus
2740 3747 2990 3804 Nicotaus
3036 3744 3088 3800 le
3123 3742 3361 3813 Nourry,
3408 3753 3441 3796 e
3478 3735 3907 3811 congregatione

2286 3848 2345 3905 S.
2379 3846 2548 3902 Mauri
2585 3840 2997 3906 Benedictinus,
3033 3844 3165 3892 tom.
3198 3849 3235 3889 ιι
3262 3832 3570 3904 Apparatus
3595 3828 3662 3885 a‘d
3693 3824 3908 3884 Bibiio-

2286 3938 2500 3996 thecam
2524 3936 2850 3993 Sanctorum
2882 3930 3125 3995 Patrum,
3158 3942 3188 3983 a
3218 3927 3471 3983 columna
3498 3922 3597 3980 57l
3634 3919 3705 3978 ad
3732 3918 3904 3977 H72.

2357 4030 2501 4088 XXI.
2530 4028 2779 4085 Attamen
2806 4022 3066 4098 quosdam
3096 4019 3489 4092 manuscriptos
3509 4014 3752 4082 codices,
3781 4012 3911 4071 edi-

2289 4124 2570 4194 tionesque
2598 4116 2887 4176 nonnullas
2913 4130 2949 4171 a
2974 4114 3184 4170 Joanne
3214 4112 3266 4168 le
3290 4111 3439 4167 Brun
3463 4108 3731 4180 nusquam
3755 4103 3910 4161 Visae

2290 4215 2617 4288 conquisivi.
2637 4212 2890 4271 Codicem
2922 4224 3091 4266 unum
3112 4205 3393 4275 eximium,
3416 4204 3517 4261 etsi
3540 4201 3913 4275 quadringen-

2290 4321 2471 4367 torum
2508 4315 2716 4364 tantum
2757 4317 3061 4369 annorum,
3092 4297 3458 4371 suppeditavit
3482 4293 3913 4368 exquisitissima

2292 4401 2630 4458 Bibliotheca
2656 4394 3083 4454 Eminentissimi
3111 4390 3401 4449 cardinalis
3429 4389 3499 4446 de
3528 4386 3743 4453 Rohan,
3777 4399 3916 4456 nus-

2294 4509 2457 4568 quam
2486 4508 2517 4549 a
2551 4490 2841 4562 theologis,
2868 4490 2978 4544 imo
3016 4500 3117 4542 nec
3147 4501 3176 4539 a
3208 4483 3462 4540 litteratis
3497 4479 3748 4538 Omnibus
3789 4478 3915 4534 sine

593 4586 887 4661 praeripuit.
938 4584 1108 4640 Tanta
1152 4584 1298 4639 enim
1336 4582 1608 4639 variarum
1661 4581 2180 4638 animadversionum

2295 4588 2455 4644 laude
2473 4581 2805 4642 nominandi.
2835 4580 3092 4636 Codicem
3119 4577 3285 4632 alium
3316 4582 3685 4631 trecentorum
3714 4578 3771 4627 et
3789 4584 3915 4625 am-

595 4683 847 4748 ubertas,
881 4677 1217 4734 diversarum
1249 4677 1542 4733 lectionum
1573 4683 1682 4731 tam
1710 4675 1990 4746 multiplex
2024 4674 2201 4732 afﬂuit

594 4777 772 4849 copia,
830 4783 937 4830 tam
967 4780 1216 4844 argutum
1239 4771 1424 4842 iudicii
1447 4771 1615 4826 enitet
1639 4784 1865 4826 acumen
1887 4769 1942 4824 in
1973 4768 2074 4825 hac
2098 4784 2201 4826 sua

598 4872 868 4938 editione,
916 4880 975 4924 ut
1014 4868 1194 4923 nullus
1239 4875 1368 4922 ante
1398 4866 1548 4921 illum
1578 4880 1648 4921 eo
1672 4879 1848 4935 usque
1879 4879 2201 4937 progressus

598 4966 780 5023 fuerit.
820 4965 915 5022 Sat
941 4962 1044 5034 ipsi
1075 4977 1181 5018 non
1220 4960 1319 5018 fuit
1345 4969 1423 5017 tot
1440 4975 1571 5017 mss.
1591 4959 1835 5022 codices,
1860 4968 1968 5015 tam
1999 4960 2200 5014 multas

599 5059 884 5130 variasque
925 5056 1175 5114 conferre
1216 5054 1525 5121 editiones;
1570 5053 1900 5124 Scriptorem
1950 5061 2193 5108 nostrum

601 5168 725 5208 cum
774 5152 955 5207 latinae
997 5151 1193 5220 linguae
1240 5146 1574 5219 principibus
1621 5162 1774 5218 teque
1820 5145 2089 5215 contulit,
2141 5154 2200 5202 ut

605 5259 921 5318 persuasum
970 5244 1043 5301 sit
1087 5242 1341 5299 omnibus
1367 5283 1384 5311 ,
1431 5240 1771 5296 Lactantium
1821 5249 2072 5296 auctores
2110 5240 2196 5297 in-

608 5350 690 5397 ter
710 5337 1110 5395 ecclesiasticos
1128 5335 1579 5393 dissertissimum
1596 5334 1788 5391 fuisse.
1818 5332 1972 5390 Hunc
2003 5333 2204 5406 quippe

607 5432 674 5488 ad
726 5430 1109 5503 quinquaginta
1158 5429 1298 5486 duos
1348 5441 1483 5484 mss.
1532 5426 1749 5483 codices
1776 5469 1792 5494 ,
1852 5427 2207 5498 vuigatosque

609 5526 989 5598 quinquaginta
1021 5524 1261 5594 quinque
1296 5521 1627 5578 emendavit.
1662 5520 1854 5576 Merito
1888 5521 2050 5592 igitur
2087 5533 2207 5575 ma-

610 5633 772 5691 gnam
818 5619 871 5673 in
906 5615 1193 5674 Germania
1242 5615 1459 5671 laudem
1489 5615 1563 5671 ob
1583 5610 1931 5671 emendatum
1972 5613 2207 5669 Lactan-

614 5713 751 5767 tium
789 5717 1116 5765 consecutus
1156 5716 1241 5766 est
1266 5708 1347 5764 vir
1375 5707 1790 5764 eruditissimus.
1825 5705 1992 5763 Miror
2024 5714 2207 5763 tamen

616 5804 790 5876 illum,
815 5803 1071 5862 adhibitis
1090 5802 1362 5862 historicis
1389 5801 1846 5870 annotationibus,
1876 5801 1947 5859 ad
1968 5810 2207 5874 optatam

2300 4682 2437 4753 piius
2467 4692 2731 4735 annorum
2756 4671 3182 4746 perhumaniter,
3203 4676 3265 4725 ut
3296 4668 3458 4733 solet,
3477 4662 3915 4723 subministravit

2299 4775 2367 4831 Β.
2398 4774 2461 4829 Ρ.
2495 4771 2733 4828 Domnus
2758 4766 3061 4824 Ludovicus
3092 4761 3405 4819 Lemcrault
3423 4802 3439 4828 ,
3466 4758 3652 4829 Regia
3677 4755 3917 4827 Sangar-

2302 4866 2547 4925 manensi
2563 4863 2913 4920 Biblimhecae
2954 4847 3243 4929 prmfcctus
3274 4873 3286 4910 :
3313 4852 3633 4910 cenationes
3651 4858 3914 4921 quorum-

2301 4961 2424 5016 dam
2452 4958 2763 5013 Italicorum
2792 4949 3284 5020 manuscriptorum
3301 4962 3328 5001 a
3357 4944 3553 5001 Latino
3570 4942 3783 4999 Latinio
3799 4939 3919 4996 fac-

2304 5062 2404 5121 tas,
2445 5066 2564 5122 quae
2600 5049 2653 5105 in
2684 5052 2802 5120 ejus
2840 5043 3173 5101 Bibliotheca
3204 5055 3315 5098 non
3355 5040 3632 5112 leguntur,
3672 5036 3922 5106 aliasque

2297 5149 2456 5204 etiam
2480 5162 2507 5201 a
2542 5145 2701 5201 Petro
2745 5141 3034 5199 Ciaccouio
3072 5137 3330 5194 collectas
3360 5134 3505 5190 ultro
3552 5129 3925 5189 commodavit

2305 5241 2369 5297 D‘.
2395 5237 2657 5296 Claudius
2682 5235 2961 5295 Prevotius
2986 5232 3279 5289 canonicos
3306 5226 3572 5300 regularis
3610 5232 3677 5281 est
3719 5221 3924 5293 regalis

2302 5333 2536 5392 abbatiac
2590 5328 2971 5388 Genovetiante
3021 5324 3351 5382 Bibliotheca
3384 5321 3721 5391 desumptas.
3771 5315 3925 5372 Duos

2305 5428 2522 5485 codices
2545 5434 2603 5481 ut
2628 5424 2697 5480 ad
2709 5436 2796 5479 me
2813 5423 3157 5477 mitterentur
3166 5408 3399 5488 benigne
3413 5412 3685 5471 concessit
3707 5407 3927 5478 insigne

2308 5523 2600 5595 Capitulnm
2623 5518 3021 5576 Cameracense
3041 5556 3057 5582 ,
3085 5528 3251 5569 unum
3284 5510 3478 5568 decimi
3500 5508 3584 5563 vel
3614 5502 3922 5569 undecimi,

2308 5614 2404 5672 sed
2432 5614 2689 5678 lacerum,
2722 5612 2953 5666 alterum
2987 5607 3253 5678 integrum
3280 5602 3483 5661 decimi
3502 5600 3675 5673 quinti
3709 5602 3927 5653 tantum

2309 5709 2514 5768 saeculi.
2535 5707 2792 5776 Quintum
2821 5702 3038 5759 tandem
3069 5699 3355 5778 habuimus
3382 5708 3450 5753 ex
3477 5691 3807 5751 Bibliotheca
3825 5702 3928 5778 pth

2312 5810 2452 5858 trum
2481 5798 2881 5874 Capueinorum
2920 5800 3217 5851 conventus
3247 5787 3420 5848 sancti
3463 5782 3733 5845 Honorati
3761 5777 3927 5839 Pari-
