4104 6368
188 345 257 403 69
1366 338 1740 406 Damiano
1778 345 1845 407 ttt
1885 338 2352 408 LACTANTIUM.
3427 357 3504 416 7o

187 463 399 528 sinnsis,
443 459 690 531 ejusdem
731 461 846 518 fere
884 459 1194 531 scriptionis
1236 477 1299 519 ac
1343 471 1425 518 est
1465 465 1792 534 Sangerma-
1819 467 1872 524 Α
1898 473 1950 520 et
1987 465 2053 518 ad
2094 463 2468 536 Asclepiadem
2498 463 2666 521 libros
2701 463 2870 529 duos;
2916 465 2984 521 de
3025 465 3409 523 Persecmione
3437 469 3504 523 li-

186 558 365 612 ncnsis
403 556 601 624 codex,
637 556 798 626 paulo
839 565 1016 611 tamen
1061 559 1437 614 recentiorem.
1468 559 1626 613 Manu
1657 573 1788 613 exa-

185 660 356 705 ratum
373 649 622 704 codicem
646 647 908 706 Lactantii
931 651 1192 706 librorum
1215 651 1281 706 de
1303 650 1383 705 Ira
1407 659 1458 706 et
1481 652 1548 706 de
1565 651 1790 721 Opiﬁcio

186 740 1334 811 Deiquadringentorumcircitcrannorutn
1364 742 1524 796 habet
1551 741 1706 797 Joan.
1742 743 1792 797 le

182 835 330 896 Bcui,
365 834 556 905 Regi-au
585 835 1002 906 Inscriptionum
1029 851 1091 890 ac
1121 837 1448 892 Litterarum
1478 837 1790 892 Academiae

184 927 386 983 socius.
416 927 574 983 Hune
607 928 838 983 libenter
869 928 1127 984 utendum
1168 930 1235 985 ad
1267 945 1352 984 me
1392 931 1556 993 misit,
1596 946 1662 985 ex
1691 945 1789 985 eo-

181 1033 284 1089 que
311 1019 500 1089 aliqua
526 1019 914 1090 decerpsimus.
940 1021 1358 1091 Manuscriptum
1389 1021 1656 1091 quoddam
1685 1023 1789 1077 Coa

183 1110 440 1166 loniense
481 1112 704 1167 exhibet
749 1113 1010 1182 praeclara
1049 1124 1104 1168 et
1142 1115 1427 1168 emendata
1462 1113 1628 1170 editio
1665 1114 1790 1167 anni

184 1206 349 1262 15M.
387 1206 476 1261 Ad
511 1206 851 1277 septuaginta
890 1207 1054 1278 igitur
1095 1208 1334 1278 quinque
1370 1207 1608 1272 codices,
1655 1222 1792 1277 quos

183 1301 548 1356 enumerabat
574 1299 811 1356 Joannes
839 1301 892 1357 le
919 1301 1090 1370 Brun,
1118 1302 1286 1358 additi
1316 1316 1442 1359 sunt
1469 1315 1499 1357 a
1531 1317 1615 1358 me
1639 1303 1795 1374 quin-

188 1407 310 1464 que,
347 1403 446 1448 aut
473 1393 643 1448 etiam
670 1409 766 1448 sex
797 1393 906 1448 alii.

191 1544 194 1545 ν
252 1486 406 1541 Idem
451 1486 526 1540 sit
562 1485 822 1556 judicium
865 1486 932 1542 de
970 1485 1237 1556 pluribus,
1290 1486 1464 1557 iisque
1503 1485 1794 1541 rarissimis

184 1578 538 1641 editionibus,
568 1594 702 1648 quas
723 1593 833 1634 non
859 1578 1070 1634 viderat
1095 1579 1252 1634 Joan.
1285 1580 1333 1635 le
1365 1580 1534 1646 Brun,
1565 1593 1628 1634 ac
1657 1593 1796 1649 prae-

185 1673 342 1744 cipue
377 1673 450 1728 de
489 1673 804 1730 Soblaccnsi
843 1674 971 1728 anni
1016 1674 1176 1739 M65,
1225 1689 1345 1743 quae
1375 1674 1617 1728 omnium
1650 1673 1793 1742 prin-

185 1781 308 1836 ceps
336 1777 425 1822 est
453 1776 511 1822 et
541 1765 818 1835 primaria,
855 1765 984 1836 quin
1017 1767 1177 1820 etiam
1207 1775 1261 1820 et
1288 1767 1593 1829 rarissima;
1636 1763 1794 1833 hujus

1893 557 2047 612 brum
2077 574 2269 619 unum;
2295 558 2362 612 ad
2394 558 2624 614 Probum
2655 559 3017 629 Epistolarum
3037 562 3204 617 libros
3227 574 3455 631 quatuor
3485 581 3500 629 ;

1894 650 1960 704 ad
1995 651 2252 705 Severum
2287 650 2656 720 Epistolarum
2687 653 2851 709 libros
2881 653 3051 718 duos;
3093 654 3159 710 ad
3202 656 3505 711 Demetria-

1895 760 2022 799 num
2070 743 2374 798 auditorem
2419 760 2573 800 suum
2607 745 2969 817 Epistolarum
3013 749 3178 805 libros
3220 749 3387 819 duos;
3429 749 3499 806 ad

1895 836 2145 891 eumdem
2176 836 2242 892 de
2268 836 2495 906 Opificio
2530 839 2644 905 Dei,
2678 840 2759 893 vel
2784 838 3127 894 Foruiatione
3157 840 3393 895 hominis
3433 841 3504 896 li-

1893 929 2050 984 brum
2079 943 2269 983 unum.
2303 929 2400 984 Hie
2427 937 2665 984 extrema
2692 941 2969 986 senectute
2993 931 3245 1003 magister
3271 930 3507 988 Caesaris

1895 1020 2088 1090 Crispi,
2115 1021 2214 1074 lilii
2255 1021 2616 1089 Constantini,
2651 1024 2702 1078 in
2746 1023 2917 1080 Gallia
2959 1024 3077 1092 fuit,
3115 1025 3206 1096 qui
3240 1032 3428 1096 postea
3469 1040 3500 1079 a

1896 1122 2047 1184 patre
2069 1114 2386 1169 interfectus
2408 1125 2507 1170 est.
2549 1133 2566 1167 ι

1896 1219 1923 1266 [ι.
1969 1206 2048 1261 Ex
2072 1208 2156 1263 his
2184 1208 2353 1262 sancti
2387 1209 2626 1264 Doctoris
2652 1209 2828 1265 verbis
2854 1252 2868 1276 ,
2905 1209 3131 1280 aliisque
3160 1209 3504 1268 documentis

1897 1299 2041 1367 elici,
2072 1314 2178 1354 non
2210 1311 2363 1356 certo
2393 1301 2630 1371 quidem,
2665 1301 2760 1357 sed
2792 1317 2900 1356 non
2925 1303 3272 1372 improbabili
3295 1304 3510 1375 conjec-

1903 1402 2021 1445 tura
2057 1403 2253 1460 potest,
2287 1400 2502 1462 tempus
2537 1408 2644 1462 quo
2677 1407 3115 1465 unumquemque
3157 1395 3350 1450 librum
3388 1395 3508 1451 edi--

1901 1481 2044 1538 derit
2088 1481 2416 1538 Lactantius.
2446 1483 2563 1538 .la'm
2597 1485 2642 1539 is
2681 1494 2980 1541 extremam
3022 1495 3359 1541 senectutem
3392 1495 3510 1543 erat

1899 1575 2151 1647 adeptus,
2185 1590 2306 1630 cum
2338 1577 2390 1631 in
2422 1575 2622 1633 Gallias
2647 1578 2844 1633 missus
2870 1586 2951 1634 cst
2977 1595 3007 1633 a
3038 1578 3416 1646 Constantino,
3445 1589 3504 1634 ut

1899 1668 2150 1738 CriSpum
2206 1670 2371 1724 lilium
2418 1670 2608 1725 litteris
2658 1671 2938 1738 erudiret,
2980 1672 3124 1742 quod
3173 1671 3372 1727 factum
3403 1681 3507 1740 est,

1893 1761 2048 1832 juxta
2102 1761 2316 1817 Eusebii
2369 1762 2699 1832 Chronicou,
2745 1765 2888 1820 circa
2947 1779 3146 1819 annum
3195 1764 3322 1819 518.
3355 1763 3508 1819 Hanc

183 1861 384 1930 quippe
425 1860 664 1930 quinque
692 1860 780 1913 vix
820 1860 1060 1928 reperias
1092 1859 1422 1928 exemplaria
1448 1875 1461 1911 :
1488 1872 1653 1912 unum
1686 1858 1792 1912 Bo-
1822 1869 1869 1928 Β
1898 1865 2234 1911 senectutem
2250 1865 2546 1912 extremam
2569 1858 2839 1928 conjicere
2871 1858 2998 1913 licet
3017 1857 3183 1912 fuisse
3212 1858 3279 1912 ad
3302 1871 3505 1912 annum

183 1969 306 2018 mae,
340 1954 398 2007 in
425 1952 724 2007 Barburiua
750 1951 1116 2018 Bibliotheca;
1164 1951 1393 2006 alterum
1445 1952 1497 2005 in
1539 1950 1798 2020 Mogonti-

181 2049 366 2102 nensis
413 2045 922 2102 ecclesiaiarcbivio
940 2047 1241 2112 litterario;
1277 2046 1493 2101 tertium
1527 2047 1577 2098 in
1600 2045 1800 2099 eximio

181 2155 394 2196 musmo-
407 2141 511 2194 viri
530 2140 818 2195 clarissimi
847 2155 910 2194 ac
926 2139 1123 2194 eruditi
1151 2139 1362 2194 Claudii
1388 2139 1456 2194 de
1475 2139 1636 2204 Boze,
1659 2139 1794 2192 utri-

180 2250 349 2306 usque
368 2234 707 2301 Academite,
725 2245 835 2288 tum
852 2232 1072 2289 Gallicae
1089 2276 1104 2299 ,
1142 2244 1254 2286 tum
1283 2231 1465 2302 Regia:
1492 2232 1799 2303 inscriptio-

179 2343 302 2383 num
333 2327 496 2390 socii,
514 2337 676 2396 atque
699 2325 986 2396 Regiorum
1008 2324 1401 2380 Numismatum
1427 2325 1639 2380 scriniis
1670 2341 1800 2394 prte-

179 2421 336 2492 positi
366 2438 380 2473 :
407 2428 664 2490 quartum
684 2419 960 2488 exemplar
980 2419 1161 2488 Tiguri
1193 2427 1359 2482 extat,
1377 2417 1432 2472 in
1463 2417 1797 2473 Bibliotheca

181 2511 469 2577 Carolina;
526 2513 772 2582 quintum
821 2511 1036 2567 tandem
1088 2513 1143 2566 in
1192 2511 1526 2566 Bibliotheca
1583 2512 1799 2568 Scholtc

182 2607 612 2663 Zwickaviensis
651 2605 945 2678 (Cy-coeat)
1002 2614 1267 2660 servatur.
1319 2605 1492 2674 Hujus
1543 2605 1800 2659 editionis

178 2701 342 2754 variat
369 2699 642 2754 lectiones
682 2697 956 2768 sigilla-tim
1016 2697 1102 2752 hic
1149 2699 1398 2752 eduntur.
1458 2699 1799 2753 Contulimus

179 2803 449 2864 praetcrea
483 2794 628 2846 hunc
675 2801 950 2846 auctorem
982 2800 1224 2846 nostrum
1260 2790 1328 2844 ad
1352 2790 1656 2846 Parisiensc
1681 2790 1799 2845 edi-

181 2899 290 2942 tum
314 2902 466 2942 anno
489 2887 652 2954 1515,
693 2886 939 2958 quamvis
961 2886 1177 2942 caeteris
1209 2886 1387 2941 minus
1423 2887 1794 2941 emendatum.

178 2981 288 3038 Sed
344 2995 679 3052 magquere
733 2981 1062 3037 attendimus
1109 2980 1440 3036 editionibus
1485 2979 1798 3036 Coloniensi

176 3076 308 3130 anni
338 3075 504 3141 1544,
533 3074 956 3130 Heumannianae
983 3074 1110 3128 anni
1144 3072 1310 3139 1756,
1337 3084 1502 3144 atque
1532 3073 1654 3128 aliis
1686 3073 1801 3144 qui-

175 3169 431 3237 busdam,
460 3184 594 3239 quas
617 3184 726 3224 non
755 3169 1069 3238 inspexerat
1093 3167 1333 3223 Joannes
1360 3168 1413 3223 le
1441 3167 1612 3222 Brun.

1905 1951 2120 2006 circiter
2173 1953 2654 2022 septuagesimum.
2717 1953 2800 2008 Ab
2859 1954 3015 2007 annis
3081 1953 3242 2023 igitur
3299 1953 3405 2010 518
3465 1952 3510 2008 si

1905 2043 2204 2114 dempseris
2257 2047 2632 2115 septuaginta,
2690 2056 2980 2118 supersunt
3039 2045 3181 2112 248,
3228 2060 3336 2117 quo
3388 2060 3513 2101 uerte

1904 2139 2214 2192 christiana:
2237 2153 2379 2193 anno
2413 2148 2569 2193 natus
2593 2140 2774 2194 l'orsau
2809 2147 2892 2194 est
2922 2138 3239 2194 Lactantius
3269 2146 3472 2194 noster.

1963 2231 2032 2285 At
2050 2231 2200 2300 juxta
2223 2231 2632 2302 ilieronymum,
2653 2232 2757 2293 hic,
2775 2247 2896 2286 cum
2917 2239 3061 2286 esset
3075 2229 3511 2286 adolescentulus

1909 2325 1962 2379 in
2005 2325 2208 2380 scholis
2262 2324 2493 2390 Africae,
2540 2325 2758 2395 scripsit
2815 2323 3158 2396 Symposium
3212 2337 3393 2386 anno,
3455 2328 3513 2376 tit

1903 2429 2053 2488 puto,
2077 2419 2206 2473 “268.
2230 2418 2339 2473 l-loc
2354 2418 2692 2487 deperditum
2711 2416 3061 2472 crediderunt
3079 2415 3297 2471 eruditi.
3315 2415 3386 2470 At
3401 2429 3512 2471 non

1904 2513 2074 2567 semel
2107 2513 2234 2566 iilud
2267 2512 2436 2567 edidit
2462 2513 2566 2567 sub
2590 2511 2809 2567 nomine
2829 2510 3093 2566 Lactantii
3126 2509 3507 2576 llenmannus;

1905 2620 2003 2659 nec
2023 2606 2244 2658 multum
2276 2605 2458 2658 abnuit
2487 2604 2892 2659 Bunemannus.
2920 2603 3170 2657 Attamen
3202 2600 3318 2656 hinc
3343 2600 3511 2671 enig-

1905 2711 2048 2751 mata-
2104 2698 2391 2770 Symposio
2431 2697 2644 2752 cuidam
2704 2713 2734 2752 a
2788 2695 3063 2751 veteribus
3093 2694 3423 2761 tribuuntur,
3454 2703 3513 2750 ut

1902 2794 2145 2863 apprime
2174 2802 2326 2847 notat
2353 2792 2605 2848 Albertus
2628 2791 2911 2846 Frabicius
2944 2792 2994 2844 in
3022 2789 3373 2845 Bibliotheca:
3402 2789 3510 2843 La-

1903 2886 2027 2940 tinae
2065 2887 2442 2957 supplemento
2485 2900 2538 2956 p.
2580 2885 2705 2940 ‘2'“.
2751 2883 3118 2938 Nihilominus
3166 2891 3348 2937 tamen
3379 2881 3512 2936 illud

1903 2980 2104 3035 iterum
2134 2981 2328 3036 excudi
2356 2982 2539 3035 curavi
2571 2990 2722 3034 tonio
2744 2995 2780 3034 ιι
2809 2978 3035 3048 hujusce
3062 2978 3334 3032 editionis.
3365 2976 3512 3032 Istud

1901 3085 2080 3128 autem
2125 3072 2506 3144 Symposium,
2555 3086 2692 3140 Opus
2726 3070 2946 3141 quidem
2981 3069 3247 3140 juvenile,
3291 3077 3511 3124 centum

1902 3168 2440 3238 continetaenigmata
2459 3165 2707 3221 versibus
2723 3174 2962 3230 exarata,
2985 3179 3105 3233 quat
3125 3163 3269 3233 prius
3295 3161 3513 3231 vulgata

246 3263 373 3320 Jam
401 3273 602 3320 metam
631 3262 834 3317 laboris
861 3260 1192 3332 attingebam
1215 3302 1229 3327 ,
1260 3275 1386 3316 cum
1415 3259 1546 3314 mihi
1580 3259 1793 3314 nuntia—
1820 3263 1868 3327 C
1900 3259 2116 3313 fuero-nt
2143 3260 2242 3314 sub
2271 3257 2582 3331 Symphosii
2602 3258 2691 3312 vel
2718 3255 3012 3336 Symposii,
3046 3256 3214 3326 ignoti
3231 3254 3512 3325 cujusdam

181 3368 291 3414 tum
346 3359 447 3414 fuit
488 3375 520 3412 a
566 3371 778 3428 magna:
821 3357 935 3427 spei
983 3355 1296 3426 juvenibus,
1343 3355 1644 3410 doctissimi
1692 3354 1792 3409 viri

177 3451 332 3508 Joan.
359 3451 578 3522 Georgii
596 3449 835 3507 Walchii
856 3449 1004 3514 filiis,
1029 3461 1156 3504 cum
1176 3463 1261 3503 me
1286 3447 1507 3503 Parisiis
1535 3447 1791 3513 invisere,

177 3547 363 3601 virum
403 3560 558 3616 aeque
593 3544 958 3598 clarissimum
990 3557 1054 3598 ac
1083 3540 1534 3605 eruditissimum,
1571 3540 1655 3594 Jo.
1691 3537 1798 3594 Lu-

178 3636 448 3710 doiphum
481 3637 912 3702 Bunemannum,
950 3635 1299 3690 novissimam
1328 3648 1473 3687 anno
1493 3632 1652 3698 1739,
1680 3631 1797 3687 vul-

181 3746 339 3801 gasse
386 3731 441 3786 in
484 3728 776 3786 Germania
816 3728 1294 3782 Lactantianorum
1337 3739 1563 3795 operum
1602 3723 1796 3779 editio-

181 3841 324 3881 nem.
372 3823 514 3878 Eam
553 3822 734 3877 statim
776 3820 1098 3892 conquisivi,
1141 3829 1302 3889 atque
1340 3833 1404 3873 ex
1441 3833 1505 3872 ea
1549 3817 1800 3887 decerpsi-

182 3932 286 3973 nou
319 3931 525 3987 paucas
548 3915 954 3980 annotationes,
977 3927 1071 3972 eas
1094 3913 1281 3990 etiam,
1305 3926 1426 3981 quae
1449 3908 1574 3965 huic
1595 3921 1797 3964 nostrae

184 4010 554 4066 emendationi
609 4008 984 4063 adversantur.
1047 4004 1279 4076 [tiaeque
1331 4004 1565 4074 praemisi
1624 4002 1796 4058 text-ui

186 4105 550 4162 lactantia-no
573 4104 625 4158 in
655 4113 886 4173 utroque
914 4101 1139 4170 hujusce
1169 4099 1421 4154 editionis
1443 4099 1742 4153 volumine.

253 4199 432 4256 XXII.
465 4199 580 4254 Hoc
606 4213 775 4268 usque
796 4196 865 4251 de
890 4196 1096 4250 Divinis
1123 4202 1330 4248 tantum
1359 4191 1789 4248 lnst-itutionihus

186 4300 346 4355 verba
391 4296 494 4352 feci
527 4313 540 4349 :
569 4295 671 4349 alia
719 4303 898 4348 tamen
942 4291 1200 4362 opuscula
1243 4289 1416 4345 edidit
1454 4285 1792 4353 Lactantius,

188 4408 416 4464 quorum
477 4391 629 4460 plura
695 4388 782 4443 vel
848 4386 1218 4449 interierunt,
1287 4382 1370 4438 vel
1433 4381 1629 4437 alicubi
1701 4379 1798 4434 de-

189 4485 468 4540 litescunt.
525 4481 721 4536 Verum
784 4494 899 4550 quo
957 4486 1213 4548 putantur
1269 4475 1460 4531 ordine
1518 4473 1795 4529 elaborata

189 4593 350 4643 esse,
403 4591 511 4630 non
559 4574 654 4628 abs
698 4587 756 4628 re
790 4572 895 4627 erit
947 4571 1245 4640 inquirere.
1293 4567 1448 4635 Quod
1492 4575 1549 4621 ut
1589 4564 1795 4621 rectius

1896 3361 2070 3423 poetae
2101 3351 2320 3406 nomine
2354 3369 2366 3403 :
2397 3350 2595 3419 aliqua:
2627 3357 2805 3403 tamen
2842 3347 3110 3403 editiones
3140 3348 3349 3401 titulum
3375 3361 3512 3417 pra:-

1897 3442 2078 3500 ferunt
2103 3461 2116 3496 :
2151 3441 2296 3497 Caelii
2325 3440 2583 3494 Firmiani
2611 3439 2875 3510 Sympoaii
2907 3437 3108 3492 Poetae.

1972 3539 2282 3609 Elegantius
2306 3549 2444 3591 vero
2464 3533 2874 3590 estCarmen‘de
2894 3533 3168 3599 thnice,
3193 3532 3338 3603 quod
3368 3533 3510 3588 acris

1897 3648 2048 3704 aeque
2071 3648 2133 3686 ac
2151 3629 2322 3684 limati
2343 3629 2534 3700 judicii
2548 3629 2649 3692 vir,
2668 3625 2921 3682 Nicolaus
2945 3625 3217 3690 Heinsius,
3243 3624 3510 3680 Lactantii

1897 3726 2086 3782 foetum
2111 3723 2354 3796 agnoscit
2373 3731 2428 3777 et
2454 3720 2732 3794 praedicat.
2759 3719 2907 3775 Idem
2925 3729 3114 3775 censet
3136 3719 3328 3774 Petrus
3347 3718 3509 3772 Lam-

1899 3818 2082 3875 becius
2111 3819 2165 3873 in
2194 3815 2583 3873 eruditissimis
2622 3814 2689 3870 de
2718 3814 3054 3868 Bibliotheca
3085 3811 3511 3868 Caesareo-Vin-

1899 3911 2198 3967 dohonensi
2217 3907 2663 3973 Commentariis,
2693 3907 2734 3961 i.
2770 3920 2827 3974 ιι,
2853 3919 2972 3976 cap.
2999 3906 3052 3969 8,
3075 3921 3127 3975 p.
3162 3905 3287 3960 788.
3314 3907 3391 3960 Ac
3415 3903 3512 3960 do-

1899 4007 2102 4062 ctiores
2115 4004 2332 4075 quidam
2355 4012 2464 4058 tum
2476 4011 2624 4068 ante,
2644 4008 2764 4056 tum
2780 4006 2901 4070 post
2914 3998 3509 4067 Lambecium,in-eam—

1899 4100 2022 4156 dem
2055 4100 2352 4169 loquuntur
2383 4094 2708 4150 sententiam
2731 4109 2746 4158 ;
2769 4101 2932 4162 atque
2969 4091 3156 4146 multis
3198 4091 3248 4144 in
3276 4104 3381 4146 ms.
3409 4091 3512 4146 sub

1898 4191 2160 4249 Lactantii
2179 4191 2398 4246 nomine
2415 4189 2628 4260 legitur.
2641 4185 2732 4243 Sic
2747 4187 2907 4243 etiam
2922 4185 3082 4240 habet
3095 4183 3262 4240 codex
3287 4182 3514 4254 Sanger-

1900 4286 2175 4341 manensis
2203 4302 2214 4337 :
2241 4301 2259 4333 ο
2292 4281 2398 4337 Ista
2439 4282 2681 4337 carmina
2721 4280 2979 4334 dicuntur
3009 4292 3132 4333 esse
3162 4277 3450 4334 Lactantii.
3485 4295 3505 4329 ι

1899 4378 2031 4446 Quae
2061 4377 2110 4430 si
2129 4375 2238 4430 sint
2256 4374 2539 4444 scriptoris
2564 4372 2745 4443 hujus,
2779 4372 2866 4425 illa
2881 4372 3022 4426 circa
3041 4384 3240 4424 annum
3255 4369 3364 4424 280
3381 4369 3516 4424 scri-

1899 4482 1989 4544 pta
2011 4480 2158 4537 sunt,
2179 4483 2299 4524 cum
2328 4469 2438 4539 jam
2461 4468 2514 4522 in
2545 4467 3124 4522 maturioremaetntem
3154 4463 3468 4519 adoleverat
3496 4480 3509 4516 :

1899 4569 2139 4622 nomium
2189 4573 2375 4619 tamen
2413 4560 2634 4615 Christo
2673 4573 2868 4614 nomen
2910 4557 3138 4612 dederat
3175 4555 3506 4612 Lactantius.

190 4672 299 4738 liat,
347 4671 480 4740 quid
529 4668 596 4723 de
637 4669 904 4738 scriptore
953 4665 1056 4720 illo'
1086 4665 1292 4718 dixerit
1321 4661 1379 4717 S.
1426 4661 1790 4731 Hieronymus
1815 4664 1868 4724 D
1895 4663 1968 4718 Ea
1999 4663 2158 4716 etiam
2192 4658 2440 4713 dedimus
2471 4666 2618 4711 tom'o
2643 4654 2892 4710 secundo
2921 4662 3120 4707 nostrae
3153 4651 3428 4707 editionis.

190 4763 274 4838 (de
301 4763 614 4833 Scriptorib.
648 4762 1026 4827 ecclesiasticis,
1058 4775 1174 4828 cap.
1208 4756 1324 4826 80),
1359 4757 1412 4810 in
1445 4754 1683 4810 medium
1713 4762 1798 4809 est

189 4857 550 4913 aﬂ‘erendum.
587 4874 607 4908 ι
645 4855 972 4920 Firmianus,
1018 4850 1216 4922 inquit,
1254 4850 1343 4920 qui
1376 4857 1430 4903 et
1461 4847 1794 4914 Lactantius,

193 4955 417 5011 Arnobii
454 4953 778 5024 discipulus,
813 4951 914 5005 sub
957 4945 1291 5004 Diocletiano
1321 4944 1563 5015 principe
1593 4943 1801 4999 accitus

191 5063 312 5106 cum
334 5047 546 5103 Fannio
563 5047 942 5119 grammatico,
961 5044 1115 5114 cujus
1131 5043 1198 5098 de
1215 5041 1622 5097 Medicinalibus
1638 5054 1800 5094 versu

193 5144 479 5214 compositi
511 5152 696 5198 extant
717 5141 861 5206 libri,
892 5137 1220 5194 Nicomediae
1245 5136 1568 5192 rhetoricam
1593 5133 1800 5202 docuit,

193 5254 257 5294 ac
299 5239 528 5308 penuria
570 5237 960 5308 discipulorum
1006 5235 1076 5288 ob
1116 5247 1349 5305 grtecam
1390 5230 1682 5295 civitatem,
1731 5228 1802 5282 ad.

192 5330 545 5388 scribendum
572 5345 632 5386 se
669 5329 917 5385 contulit.
962 5327 1231 5383 Habemus
1265 5325 1384 5397 ejus
1419 5325 1762 5397 Symposium
1783 5361 1798 5389 ,

191 5424 340 5496 quod
391 5423 835 5480 adolescentulus
881 5422 933 5476 in
981 5419 1184 5477 scholis
1222 5419 1440 5490 scripsit
1480 5416 1700 5486 Airicm,
1746 5426 1802 5472 et

190 5515 543 5595 ὀδοιπορικὸν
571 5517 640 5572 de
666 5515 848 5572 Africa
878 5529 1044 5585 usque
1062 5512 1448 5576 Nicomediam,
1471 5510 1809 5567 hexametris

189 5614 456 5684 scriptum
494 5610 776 5674 versibus,
819 5620 875 5664 et
914 5608 1078 5662 alium
1123 5605 1315 5661 librum
1363 5604 1452 5674 qui
1491 5602 1802 5659 inscribitur

191 5704 614 5771 Grammaticus,
646 5713 700 5760 et
737 5703 900 5758 alium
935 5701 1356 5774 pulcherrimum
1383 5699 1454 5754 de
1481 5698 1565 5753 Ira
1597 5697 1714 5766 Dei,
1749 5699 1808 5752 et’

192 5800 598 5858 Institutionum
621 5800 930 5856 Divinarum
955 5798 1215 5854 adversus
1238 5795 1440 5852 Gentes
1473 5794 1642 5850 libros
1672 5801 1808 5864 sep-

195 5907 331 5965 tem,
355 5907 410 5954 et
428 5895 701 5972 Ἑπιτομὴν
720 5893 961 5967 ejusdem
982 5892 1165 5966 operis
1191 5891 1244 5947 in
1266 5888 1406 5946 libro
1423 5903 1530 5946 uno
1547 5887 1799 5964 ἀκεφάλου,

1967 4757 2038 4810 At:
2084 4768 2204 4809 cum
2231 4793 2244 4814 ,
2291 4750 2624 4806 Diocletiano
2657 4749 2956 4818 imperante
2983 4789 2996 4812 ,
3033 4761 3099 4800 ex
3133 4744 3312 4799 Atl'rica
3344 4742 3513 4800 Nico-

1901 4849 2133 4905 mediam
2174 4847 2379 4902 accitus
2429 4843 2588 4898 fuerit
2635 4841 2884 4910 Scriptor
2929 4838 3365 4910 elegantissimus
3392 4877 3407 4904 ,
3456 4843 3518 4891 ut

1900 4943 2232 5000 rhetoricam
2256 4939 2477 4994 doceret
2501 4979 2517 5004 ,
2547 4945 2709 5007 atque
2737 4933 3106 5010 Ὀδοιπορικόν,
3139 4930 3192 4986 id
3237 4939 3322 4985 est
3359 4930 3517 4985 itine-

1901 5040 2096 5094 rarium
2127 5053 2274 5090 suum
2294 5077 2310 5103 ,
2345 5033 2681 5089 hexametris
2712 5031 2966 5086 versibus
3001 5025 3282 5096 scripserit
3310 5067 3324 5090 ,
3360 5040 3517 5082 mens

1903 5143 2020 5188 mea
2052 5141 2133 5188 est
2163 5146 2360 5184 annum
2391 5129 2608 5185 circiter
2636 5126 2743 5182 990
2775 5125 2827 5180 in
2862 5121 3168 5193 Bithyniam
3197 5119 3517 5176 advocatum

1901 5229 2044 5286 hunc
2095 5227 2281 5283 fuisse.
2317 5225 2686 5281 Diocletianus
2717 5221 2862 5276 enim
2898 5233 3004 5272 non
3038 5225 3122 5272 est
3154 5215 3384 5286 imperio
3415 5230 3516 5286 po-

1900 5324 2053 5391 titus,
2086 5322 2187 5378 nisi
2215 5335 2360 5376 auno
2387 5317 2515 5374 284.
2551 5316 2791 5373 Peractis
2821 5320 3009 5367 autcn'r
3033 5309 3085 5364 in
3115 5310 3332 5379 Europa
3360 5308 3520 5364 bellis

1900 5415 2254 5488 quibusdam,
2284 5413 2463 5470 Asiam
2491 5409 2706 5480 repetiit
2732 5406 2926 5463 annui
2934 5403 3026 5470 89⁵,
3056 5419 3086 5460 a
3115 5417 3241 5475 quo,
3273 5413 3334 5458 ut
3361 5413 3513 5474 puto,

1904 5510 2184 5581 petierunt
2203 5503 2679 5567 Nicomedienses,
2711 5507 2769 5554 ut
2797 5498 2863 5554 ad
2897 5513 2957 5554 se
2985 5498 3069 5553 vir
3101 5497 3193 5553 ille
3222 5495 3520 5553 disertissi-

1909 5616 2030 5658 mus
2069 5608 2456 5656 accerseretur.
2501 5595 2559 5651 Id
2598 5607 2734 5649 vero
2770 5607 2801 5649 a
2836 5591 2954 5647 sol'o
2993 5599 3246 5661 poterant
3279 5589 3520 5660 Impera-

1912 5703 2030 5751 tore
2059 5706 2292 5751 exorare
2321 5700 2486 5760 atque
2516 5689 2826 5759 impetrare.
2863 5684 3080 5742 Eodem
3106 5687 3243 5741 forte
3277 5695 3520 5755 tempore

1911 5787 2332 5846 Grammaticum
2385 5781 2606 5854 scripsit
2654 5779 2991 5837 Lactantius.
3045 5778 3289 5851 Uterque
3335 5785 3521 5839 autem

1910 5883 2046 5940 liber
2073 5897 2179 5938 non
2209 5877 2503 5936 invenitur.
