4104 6368
565 314 632 374 Ἠ
1740 311 2112 372 ΡΒᾸΕῈΑἹΊΟ
2139 311 2205 371 ΙΝ
2243 312 2714 372 LACTANTIUM.
3802 317 3876 372 79.

635 425 742 482 Sed
772 439 895 483 cum
924 424 1142 484 Christo
1169 424 1333 483 fuerit
1361 433 1550 498 postea
1582 429 1948 501 mancipatus,
1987 446 2167 486 veram
2197 434 2246 493 Α
2275 431 2412 502 giam
2459 431 2603 486 venit
2648 425 3036 486 Bibliothecam
3060 469 3076 496 ,
3113 427 3324 500 copiam
3368 425 3500 484 mihi
3523 427 3668 496 fecit,
3716 426 3875 486 insito

561 520 616 576 in
648 521 776 578 Asia
810 522 1049 592 suscepit
1081 522 1402 593 religionem
1431 565 1444 587 ,
1481 521 1662 577 forsan
1698 539 1844 578 anno
1874 523 2014 590 295,
2049 540 2173 593 sep-

565 623 672 669 tem
707 613 791 669 vel
819 621 943 670 octo
969 615 1127 670 annis
1157 626 1447 686 antequam
1480 615 1533 670 in
1567 616 1782 672 Fideles
1817 618 2016 672 fureret
2050 633 2174 686 pcr-

564 707 793 763 secutio.
842 707 951 762 Hac
990 709 1278 775 saeviente,
1331 710 1550 779 scripsit
1594 710 1906 765 Lactantius
1937 709 2174 765 libellum

560 803 822 860 eximium
854 803 922 860 de
951 802 1181 876 Opificio
1215 805 1343 872 Dei,
1375 806 1519 859 circa
1553 819 1752 860 annum
1785 804 1922 873 510,
1968 804 2033 858 ad
2078 805 2176 860 De-

563 897 885 953 tnetrianum
943 897 1220 968 quondam
1280 897 1584 954 auditorem
1639 913 1839 963 suum,
1900 906 1958 952 ut
2016 913 2175 968 quem

567 992 761 1047 litteris
803 992 936 1047 nihil
966 991 1113 1046 aliud
1146 1007 1306 1063 quam
1340 993 1574 1064 linguam
1611 991 2002 1048 instruentibus
2041 1007 2179 1046 eru-

562 1087 771 1154 dierat,
807 1087 904 1157 ipsi
937 1102 1044 1143 non
1076 1087 1292 1142 deesset
1324 1085 1656 1142 honestioris
1684 1087 1795 1153 rei,
1829 1085 2179 1155 meliorisque

565 1180 832 1237 doctrinm
860 1190 1166 1251 praeceptor
1191 1180 1210 1251 (
1231 1179 1307 1236 De
1332 1179 1555 1250 Opi/icio
1589 1179 1720 1245 Dei,
1755 1197 1873 1250 cap.
1902 1179 1991 1254 1).
2027 1180 2179 1234 Hunc

563 1272 760 1328 librum
791 1274 864 1328 ita
897 1273 1274 1344 philosophice
1305 1274 1520 1345 scripsit
1552 1275 1897 1341 Lactantius,
1932 1285 1988 1328 ut
2017 1291 2082 1329 ex
2114 1288 2180 1328 eo

569 1377 746 1421 tamen
791 1365 949 1422 facile
992 1366 1333 1421 Christianus
1365 1366 1613 1421 mandata
1653 1367 1896 1423 ctelestia
1941 1366 2176 1422 hauriat.

567 1459 865 1515 Obscurius
893 1459 1263 1526 nihilominus,
1290 1460 1408 1529 ipso
1437 1458 1638 1514 fatente
1670 1458 1784 1531 (De
1811 1459 2034 1530 Opiﬁcio
2061 1459 2176 1524 Dei,

568 1569 684 1622 cap.
717 1551 856 1622 20),
891 1552 1103 1607 locutus
1143 1563 1258 1619 εει,
1291 1568 1452 1622 quam
1495 1552 1708 1617 decuit,
1744 1551 1904 1622 idque
1947 1568 2044 1624 pro
2091 1569 2178 1608 re-

574 1661 692 1700 rum
726 1660 789 1700 ac
823 1644 1079 1714 temporis
1109 1645 1465 1712 necessitate,
1503 1645 1654 1715 plura
1697 1655 1752 1700 et
1793 1645 2016 1699 meliora
2060 1644 2176 1700 edi-

571 1749 748 1804 turus,
779 1738 824 1793 si
854 1738 1188 1810 indulgentia
1215 1739 1430 1795 caelitus
1455 1739 1682 1794 venerit.
1711 1740 1842 1804 Quae
1862 1737 2027 1792 verba
2055 1751 2178 1806 pro-

2279 524 2508 594 quodam
2544 525 2623 578 vel
2658 524 2841 579 innato
2875 523 3052 592 potius
3079 538 3187 594 quo
3216 532 3302 578 est
3333 522 3384 577 in
3416 538 3530 579 rem
3563 523 3873 580 litterariam

2277 632 2462 672 amore
2486 616 2740 673 Claudius
2767 617 2979 683 Sallier,
3011 616 3190 687 Regia:
3219 616 3568 672 BibliOthcca:
3597 618 3878 686 prmfectus

2279 711 2436 766 alter.
2469 711 2726 766 Codicem
2756 713 2899 766 hunc
2921 726 3042 766 cum
3071 709 3233 766 editis
3259 710 3458 767 iterum
3487 709 3877 766 conferendum

2279 819 2400 860 esse
2434 804 2596 871 duxi,
2642 813 2696 858 et
2735 803 2980 875 quaedam
3023 819 3212 858 rursus
3253 803 3436 874 (quod
3464 804 3550 857 vix
3577 801 3808 874 credas)
3848 817 3877 857 a

2280 899 2494 966 multis,
2531 900 2702 968 iisque
2742 901 2871 953 viris
2911 899 3171 967 eruditis,
3205 899 3572 969 praetermissa
3602 897 3879 953 annotavi.

2280 991 2352 1046 lta
2389 1003 2445 1046 ιιι
2474 992 2634 1046 etiam
2670 992 3032 1063 expresserim
3064 992 3116 1046 in
3150 992 3292 1048 notis
3333 1008 3452 1063 quae
3493 991 3695 1048 fuerint
3733 1006 3884 1046 ama-

2280 1084 2502 1140 nucnsis
2533 1094 2732 1139 errata.
2767 1084 2842 1139 Ea
2873 1085 3018 1139 enim
3050 1084 3359 1154 Saepissime
3388 1083 3725 1139 doctioribus
3754 1084 3885 1139 dant

2279 1177 2456 1232 locum
2475 1221 2489 1244 ,
2516 1194 2707 1232 novam
2731 1193 2793 1234 ac
2818 1178 3086 1234 utiliorem
3109 1187 3203 1232 aut
3222 1177 3615 1250 elegantiorem
3639 1177 3880 1248 fingendi

2280 1269 2804 1340 interpretationem.
2833 1270 2938 1326 Sed
2965 1286 3033 1326 ne
3059 1270 3263 1341 aliquid
3291 1270 3506 1326 deesset
3533 1271 3655 1326 huic
3681 1281 3883 1327 nostra:

2279 1365 2538 1431 editioni,
2567 1365 3022 1432 commentarios,
3055 1381 3194 1436 quos
3224 1366 3276 1420 in
3311 1365 3724 1436 Ultrajectinam
3751 1367 3881 1422 anni

2283 1457 2424 1513 1692
2452 1468 2802 1529 congesserat
2830 1457 3032 1513 Paulus
3063 1458 3316 1525 Bauldri,
3351 1473 3445 1514 eos
3476 1475 3696 1524 omnes,
3730 1461 3884 1515 nullo

2281 1551 2503 1622 dempto
2524 1596 2538 1621 ,
2573 1553 2758 1610 recudi
2790 1553 3124 1608 curavimus.
3158 1552 3325 1622 quue
3355 1561 3502 1607 tanta
3533 1551 3638 1608 fide
3669 1569 3732 1608 ac
3756 1553 3888 1608 dili-

2279 1644 2458 1715 gentia
2481 1687 2494 1712 ,
2527 1655 2584 1699 ut
2612 1662 2798 1700 eorum
2823 1646 2986 1700 etiam
3017 1647 3320 1700 notationes
3347 1647 3656 1712 censorias,
3689 1647 3890 1717 quibus

2280 1738 2499 1807 gravius
2540 1753 2701 1806 quam
2750 1736 2908 1794 decet
2952 1739 3004 1791 in
3048 1737 3357 1794 Doctrinam
3389 1737 3891 1794 catholico-roma-

567 1833 652 1887 cul
697 1832 862 1887 dubio
901 1833 1211 1888 szevientem
1255 1833 1492 1887 indicant
1537 1832 1988 1902 persecutionem.
2020 1831 2172 1886 Tunc
2202 1833 2250 1892 B
2278 1845 2400 1884 nam
2436 1830 2750 1892 incurrunt,
2797 1846 2906 1885 non
2945 1831 3424 1902 praetermiserim,
3467 1832 3650 1887 addita
3684 1831 3889 1889 nihilo-

573 1935 756 1981 autem
812 1924 1171 1980 meditabatur
1229 1925 1537 1981 Lactantius
1595 1925 1852 1996 grandius
1901 1925 2170 1996 quoddam

565 2019 821 2075 volumen
867 2032 1058 2073 contra
1105 2017 1490 2090 phil050phns,
1527 2029 1578 2073 et
1610 2018 1676 2073 de
1707 2019 1773 2072 iis
1802 2034 1920 2086 qua:
1951 2017 2018 2072 ad
2050 2017 2174 2072 vita:

569 2115 748 2171 beata:
778 2122 973 2169 statum
1007 2123 1250 2183 Spectant
1277 2112 1446 2182 (Ibid.
1467 2117 1504 2184 ).
1530 2113 1629 2168 Hic
1653 2130 1756 2168 non
1780 2113 2008 2169 obscure
2033 2111 2174 2167 indi-

567 2219 650 2263 cat
686 2206 905 2262 Divinas
931 2208 1322 2272 lnstitmiones,
1347 2224 1573 2277 quarum
1603 2207 1722 2261 libri
1753 2209 1960 2278 priores
1987 2201 2174 2262 contra

564 2302 928 2371 Phil050phos
967 2301 1152 2371 scripti
1178 2311 1332 2367 sunt,
1370 2302 1588 2356 ultimus
1618 2301 1684 2356 de
1716 2301 1831 2356 Vita
1868 2302 2031 2357 Beata
2063 2302 2172 2356 disc

563 2396 716 2452 serit.
750 2394 869 2451 Non
901 2395 1061 2466 igitur
1094 2395 1213 2450 illas
1240 2397 1349 2466 jam
1383 2395 1627 2451 ediderat
1655 2396 2001 2461 Lactantius,
2034 2393 2175 2466 quod

565 2489 738 2545 multo
762 2490 962 2546 clarius
990 2490 1167 2545 elucet
1195 2489 1497 2560 legentibus
1524 2502 1684 2560 caput
1712 2489 1782 2546 20
1812 2489 1929 2545 libri
1957 2489 2023 2544 de
2051 2489 2178 2559 Opi-

567 2582 692 2639 ficio
727 2583 843 2639 Dei.

639 2675 842 2732 Eodem
886 2675 1069 2731 forsan
1120 2684 1362 2746 tempore
1402 2677 1618 2747 scripsit
1662 2675 1731 2732 ad
1776 2676 2179 2732 Demetrianum

567 2767 741 2839 ipsum
778 2767 1143 2837 Epistolarum
1173 2767 1280 2823 duo
1302 2767 1574 2824 volumina
1595 2809 1608 2834 ,
1633 2784 1784 2839 quae,
1811 2769 1949 2825 sicut
1979 2778 2033 2824 et
2061 2769 2183 2824 alite

568 2863 688 2932 ejus
715 2862 960 2932 epistola:
983 2905 998 2928 ,
1033 2861 1462 2918 interciderunt:
1497 2862 1756 2932 quasdam
1791 2872 2006 2929 tamen,
2038 2863 2182 2919 desio

568 2966 756 3026 nente,
773 2955 973 3012 ειρουιο
992 2972 1103 3023 xvr,
1124 2955 1330 3011 viderat
1349 2955 1650 3011 Hadrianus
1667 2956 1855 3012 Junius
1871 2957 1922 3011 in
1941 2955 2183 3027 Egmun-

568 3049 694 3104 dani
718 3048 1030 3104 monasterii
1053 3048 1382 3105 Bibliotheca
1403 3092 1418 3115 ,
1444 3066 1546 3104 ms.
1571 3050 1846 3106 codicibus
1868 3051 1994 3106 olim
2018 3049 2187 3105 refer-

572 3142 776 3197 tissima
803 3141 1104 3212 (Hadrian.
1137 3141 1325 3197 Junius
1348 3183 1362 3207 ,
1385 3147 1438 3196 in
1459 3141 1692 3197 Batavia:
1724 3142 1981 3210 Historia,
2015 3142 2181 3211 iit-4°,

2277 1922 2459 1976 minus
2490 1922 2722 1992 quadam
2746 1965 2760 1989 ,
2798 1922 2884 1978 ubi
2914 1938 3052 1993 opus
3083 1933 3205 1989 est,
3237 1923 3712 1980 animadversione
3733 1966 3748 1992 ,
3784 1941 3891 1996 qua

2277 2017 2330 2071 in
2363 2024 2738 2070 annotatorem
2783 2015 3028 2085 rejicitur
3067 2031 3239 2070 error.
3286 2016 3366 2072 Ad
3407 2016 3536 2087 quid
3577 2019 3720 2073 enim
3766 2019 3891 2074 ista:

2278 2118 2386 2163 tam
2414 2109 2807 2178 intempestiva:
2854 2109 3208 2164 excursiones
3229 2151 3243 2176 ,
3277 2109 3365 2164 ubi
3388 2109 3454 2165 de
3483 2110 3710 2166 historia
3731 2153 3745 2179 ,
3773 2128 3889 2168 non

2277 2203 2344 2259 de
2375 2203 2538 2258 rebus
2566 2204 2740 2274 agitur
2771 2203 3122 2274 theologicis?
3161 2203 3271 2258 Hac
3299 2205 3510 2260 ratione
3555 2213 3803 2260 nostram
3843 2206 3893 2261 in

2280 2296 2575 2353 editionem
2604 2313 2665 2352 ea
2697 2298 2878 2352 omnia
2905 2297 3270 2364 contulimus,
3297 2313 3419 2370 qum
3464 2298 3612 2368 prius
3653 2299 3900 2370 undique

2280 2392 2555 2461 sigillatim
2597 2392 2918 2463 conquirere
2958 2402 3077 2447 erat
3120 2407 3378 2461 necesse,
3427 2403 3482 2448 ut
3529 2393 3736 2466 integra
3790 2395 3900 2450 La-

2281 2487 2464 2541 ctantii
2512 2502 2712 2557 opera,
2763 2488 3051 2557 variosque
3105 2488 3156 2542 in
3203 2503 3266 2544 ea
3315 2488 3738 2544 commentarios
3785 2489 3898 2544 sibi

2282 2589 2626 2648 compararet
2652 2581 2820 2636 lector
2847 2581 3113 2637 eruditus.

2355 2672 2608 2745 Crispus,
2637 2689 2781 2728 anno
2805 2674 2933 2739 517,
2963 2675 3138 2729 aetatis
3169 2673 3432 2746 vigesimo
3455 2719 3468 2742 ,
3505 2673 3689 2730 Caesar
3716 2674 3901 2732 factus

2285 2775 2368 2820 est
2395 2782 2425 2820 a
2450 2767 2809 2821 Constantino
2838 2775 3012 2837 patre.
3047 2767 3198 2823 Tunc
3229 2769 3279 2822 in
3308 2768 3736 2839 Galliisuterque
3753 2780 3900 2837 erat,

2285 2876 2395 2930 quo
2423 2862 2628 2916 accitus
2659 2860 2759 2916 fuit
2788 2861 3105 2916 Lactantius
3125 2903 3138 2927 ,
3189 2861 3280 2933 qui
3334 2861 3502 2917 lilium
3550 2861 3904 2931 imperatoris

2286 2955 2496 3012 litteras
2526 2957 2785 3012 edoceret
2817 2956 3189 3012 humaniores.
3236 2958 3410 3027 Atque
3439 2957 3508 3010 ab
3547 2971 3612 3010 eo
3654 2965 3906 3026 tempore

2290 3064 2395 3103 non
2425 3049 2576 3104 solus
2602 3064 2702 3120 ego
2733 3048 2921 3105 multis
2949 3049 3147 3104 ductus
3174 3049 3477 3105 rationibus
3502 3050 3698 3119 opinor
3723 3049 3907 3106 editas

2290 3142 2459 3197 fuisse
2505 3142 2724 3196 Divinas
2770 3141 3144 3208 lntitutiones,
3199 3157 3384 3197 verum
3431 3141 3482 3195 in
3526 3139 3774 3197 eamdem
3826 3141 3907 3198 lo-

570 3233 815 3306 Lugduni
842 3233 1023 3288 Batav.
1053 3233 1216 3303 1588,
1240 3252 1361 3307 pag.
1389 3235 1538 3308 511).
1566 3236 1632 3290 At
1651 3237 1763 3306 jam
1787 3235 1854 3288 ab
1875 3249 2017 3289 anno
2042 3234 2184 3290 1575
2210 3233 2254 3296 C
2287 3247 2529 3308 quuntur
2553 3237 2880 3293 sententiam
2909 3237 3180 3292 Antonius
3209 3237 3404 3308 Pagius
3441 3235 3670 3307 (Critica
3696 3237 3767 3290 ad
3795 3238 3909 3292 Au-

572 3330 770 3385 sublati
803 3338 955 3386 erant
985 3330 1038 3382 hi
1069 3329 1176 3384 duo
1209 3330 1364 3394 libri,
1393 3343 1530 3400 quos
1570 3329 1732 3385 Junio
1759 3328 1928 3384 abbas
1959 3327 2183 3398 hujusce

571 3423 885 3480 monasterii
920 3433 1047 3479 tunc
1077 3423 1410 3479 ostenderat.

645 3519 701 3573 In
744 3517 935 3574 eadem
975 3518 1116 3572 forte
1161 3516 1542 3588 persecutione
1581 3516 1780 3571 multas
1821 3513 2038 3586 scripsit
2077 3513 2180 3569 La-

580 3612 813 3668 ctantius
851 3610 1124 3680 Epistolas
1163 3609 1230 3664 ad
1276 3609 1677 3681 Asclepiadem.
1726 3608 1861 3663 lluic
1889 3622 2022 3662 sane
2062 3620 2184 3660 cum

581 3703 988 3775 elegantissimo
1017 3702 1282 3772 scriptore
1327 3713 1512 3758 nostro
1553 3699 1889 3757 consuetudo
1922 3700 2186 3754 interces-

575 3805 726 3851 serat
752 3804 806 3850 et
836 3794 1194 3849 familiaritas.
1238 3793 1389 3849 Sicut
1419 3793 1563 3848 enim
1597 3791 1978 3863 Asclepiades,
2027 3798 2188 3846 caete-

577 3903 698 3943 rum
729 3887 819 3942 vix
848 3896 1041 3954 notus,
1075 3885 1171 3942 sed
1201 3895 1294 3940 aut
1320 3885 1528 3940 Griecia
1552 3925 1566 3951 ,
1599 3895 1689 3939 aut
1723 3885 1849 3938 Asia
1893 3882 2185 3946 oriundus,

577 3989 637 4035 ut
681 3993 877 4035 nomen
922 3979 1158 4044 indicat,
1204 3978 1270 4033 ad
1313 3976 1652 4033 Lactantium
1683 3976 1879 4032 librum
1909 3990 2186 4045 nuncupa-

576 4083 732 4130 verat
758 4072 826 4128 de
860 4088 1068 4127 summa
1116 4071 1211 4127 Dei
1259 4071 1609 4127 Providentia
1652 4069 1781 4143 (lib.
1837 4084 1911 4124 vn
1954 4067 2186 4123 lnstitut.

580 4167 728 4235 Div.,
761 4184 808 4221 c.
841 4167 963 4233 4,in
993 4167 1162 4238 ﬁne);
1197 4165 1433 4221 vicissim
1465 4165 1565 4234 ipsi
1597 4163 1734 4219 duos
1764 4162 1932 4219 libros
1961 4162 2192 4218 Lactan—

583 4262 691 4318 tius
718 4259 1016 4330 inscripsit.
1051 4258 1249 4315 Vernm
1283 4259 1334 4312 hi
1367 4259 1552 4328 utique
1583 4257 1876 4328 perierunt.

651 4354 850 4411 Sedata
877 4353 1240 4408 Diocletianea
1269 4351 1677 4423 persecutione,
1711 4365 1842 4422 pace
1866 4348 2190 4420 composita,

579 4448 888 4504 Christianis
919 4449 975 4504 in
1003 4449 1272 4520 integrum
1306 4447 1566 4504 restitutis
1593 4489 1606 4515 ,
1641 4446 1953 4502 Lactantius
1998 4446 2192 4501 librttm

581 4543 650 4599 de
678 4541 938 4598 Mortibus
968 4551 1373 4613 persecutorum
1403 4540 1651 4610 scripsit,
1679 4556 1842 4602 anno,
1874 4549 1929 4594 ut
1959 4539 2192 4606 videtur,

2289 3329 2400 3383 nol.
2433 3327 2675 3395 Baronii,
2707 3330 2774 3382 ad
2805 3346 2892 3383 an.
2927 3329 3054 3392 315,
3090 3346 3142 3382 η.
3177 3327 3272 3400 6),
3305 3327 3682 3382 Tillemontius
3713 3327 3904 3400 (Hist.

2290 3422 2462 3489 Eccf.,
2490 3433 2610 3476 tom.
2635 3439 2706 3488 vt,
2736 3440 2788 3492 p.
2818 3421 2958 3492 728)
2979 3463 2993 3489 ,
3014 3420 3270 3476 Nicolaus
3301 3421 3351 3475 le
3380 3419 3591 3486 Nourry
3622 3423 3905 3491 (Apparat.

2289 3515 2357 3568 ad
2384 3515 2628 3570 Biblioth.
2655 3515 2763 3571 SS.
2790 3514 3047 3581 Patrum,
3073 3525 3197 3569 tant.
3230 3531 3264 3570 tt
3284 3556 3298 3581 ,
3332 3533 3384 3586 ρ.
3410 3514 3518 3570 536
3540 3523 3585 3568 et
3606 3513 3736 3584 5151))
3758 3557 3773 3577 ,
3803 3515 3908 3571 Re-

2289 3610 2486 3680 migius
2511 3608 2921 3679 Ceillier(Hist.
2951 3610 3014 3664 de
3038 3611 3185 3662 Auct.
3207 3610 3357 3672 ποίη
3388 3618 3512 3663 tom.
3546 3625 3621 3672 Ill,
3652 3627 3705 3679 ρ.
3733 3607 3847 3663 592
3863 3607 3906 3680 ),

2292 3713 2516 3774 uterque
2567 3702 2989 3769 Benedictinus,
3037 3702 3278 3758 Joannes
3331 3703 3567 3774 Baptista
3618 3703 3665 3756 le
3713 3703 3906 3770 Brun,

2291 3797 2492 3868 aliique
2513 3797 2652 3853 bene
2679 3797 2830 3852 multi
2851 3841 2867 3865 ,
2891 3797 3087 3869 quibus
3109 3807 3193 3852 est
3216 3811 3530 3868 persuasum
3559 3795 3908 3852 Laetantium

2292 3894 2437 3949 hunc
2466 3893 2662 3948 librum
2694 3893 2933 3973 edidisse
2961 3903 3250 3965 postquam
3283 3891 3593 3963 percrebuit
3621 3891 3910 3947 Liciniana

2295 3986 2642 4057 persecutio,
2691 4003 2813 4057 qua:
2864 3987 3060 4042 sazvire
3104 4003 3212 4041 non
3255 3985 3422 4056 cmpit
3461 3985 3566 4040 nisi
3604 4001 3747 4040 anno
3777 3985 3908 4041 520.

2292 4080 2468 4136 Nolim
2504 4090 2687 4136 tamen
2715 4078 2938 4136 diffiteri
2968 4079 3308 4136 Lactantiutn
3350 4079 3516 4134 multa
3561 4080 3708 4149 prius
3741 4078 3813 4134 de
3852 4093 3915 4133 re

2295 4174 2594 4231 christiana
2632 4175 2686 4230 in
2729 4175 2946 4230 arcanis
2984 4173 3197 4230 tabellis
3237 4173 3446 4242 scripto
3487 4181 3782 4227 annotasse
3806 4213 3821 4238 ,
3858 4179 3918 4226 ut

2297 4284 2433 4340 opus
2463 4268 2566 4323 hoc
2598 4277 2704 4323 tam
2734 4268 2998 4334 arduum,
3033 4277 3141 4322 tam
3174 4267 3396 4322 difficile
3427 4280 3535 4320 non
3565 4267 3739 4320 solum
3772 4263 3914 4319 ado-

2297 4364 2520 4431 riretur,
2552 4362 2647 4418 sed
2678 4362 2842 4418 etiam
2869 4361 2937 4417 ad
2963 4371 3206 4432 optatum
3239 4359 3560 4431 perduceret
3584 4359 3786 4413 exitum
3821 4357 3914 4412 vix

2297 4456 2442 4512 enim
2473 4455 2629 4510 aliter
2656 4455 2772 4511 ﬁeri
2800 4455 2995 4528 potuit.
3028 4452 3438 4508 lnstitutionum
3466 4467 3596 4506 vero
3629 4449 3912 4520 duplicem

2299 4567 2326 4606 a
2369 4551 2654 4607 Lactantio
2693 4551 2968 4621 vulgatam
3016 4549 3185 4604 fuisse
3228 4547 3558 4612 editionem,
3608 4561 3714 4601 non
3757 4543 3912 4599 Tho-

581 4636 710 4692 515.
743 4634 909 4703 quue
937 4650 1044 4690 non
1073 4635 1248 4691 solum
1282 4642 1402 4704 post
1432 4649 1662 4704 pugnam
1695 4631 1763 4686 ad
1794 4630 2056 4700 Campum
2089 4632 2184 4686 Se-

2299 4646 2500 4702 masius
2530 4645 2689 4701 modo
2730 4639 3005 4714 (Tharrias.
3049 4654 3186 4696 noue
3209 4641 3278 4695 ad
3319 4656 3436 4712 cap.
3478 4640 3502 4693 1
3545 4638 3634 4692 lib.
3669 4655 3682 4692 ι
3740 4635 3914 4694 Insti-

581 4744 772 4786 renum
799 4728 1124 4799 descriptam
1155 4728 1330 4798 capite
1356 4727 1448 4793 17,
1481 4741 1584 4796 qua
1615 4734 1902 4796 superatus
1948 4732 2031 4778 est
2054 4739 2082 4777 a
2111 4723 2197 4778 Li—

583 4823 728 4880 cinio
755 4819 1110 4889 Maximinus,
1140 4821 1228 4876 die
1255 4821 1427 4892 primo
1459 4820 1584 4874 maii
1613 4820 1737 4874 anni
1769 4818 1902 4885 515,
1938 4818 2046 4873 imo
2079 4827 2200 4888 post

584 4917 818 4974 edictum
841 4917 908 4972 de
928 4915 1260 4972 restituenda
1282 4915 1522 4970 Ecclesia
1538 4956 1554 4981 ,
1580 4913 1721 4984 quod
1745 4913 1832 4968 die
1857 4912 2068 4968 decimo
2091 4919 2197 4967 ter-

587 5013 661 5066 tio
697 5012 830 5082 junii
864 5011 1090 5083 proponi
1115 5009 1281 5081 jussit
1309 5009 1575 5076 Licinius,
1603 5018 1662 5064 ut
1691 5008 1918 5063 habetur
1948 5021 2069 5077 cap.
2104 5006 2194 5069 48,

586 5119 772 5159 verum
816 5105 978 5160 etiam
1026 5113 1149 5174 post
1193 5111 1461 5168 mortem,
1506 5118 1607 5173 qua
1655 5102 1868 5156 Valeria
1913 5117 2055 5155 anno
2092 5097 2199 5155 515

587 5198 842 5254 mulctata
873 5198 1078 5254 fuerat:
1109 5196 1250 5268 quod
1279 5196 1474 5266 legitur
1501 5210 1620 5264 cap.
1647 5196 1735 5251 51.
1762 5195 1914 5252 llnnc
1946 5196 2189 5252 libellum

589 5293 658 5348 de
687 5305 794 5362 quo
825 5292 1015 5346 iterum
1047 5289 1287 5346 dicemus
1328 5289 1484 5344 initio
1511 5289 1736 5345 alterius
1765 5291 2057 5345 voluminis
2078 5333 2092 5357 ,
2125 5291 2192 5345 ab

589 5386 748 5441 annis
777 5383 926 5439 mille
955 5383 1296 5454 deperditum
1323 5424 1337 5450 ,
1371 5389 1754 5453 repertumque
1795 5384 1846 5438 in
1880 5383 2192 5438 Diblotheca

590 5479 903 5538 Colbertina
929 5519 943 5544 ,
975 5478 1183 5548 primus
1211 5493 1359 5534 anno
1387 5477 1526 5533 1679
1556 5478 1726 5534 edidit
1757 5479 2066 5550 Stephanus
2096 5480 2197 5534 Ba-

591 5573 764 5630 luzius
785 5612 803 5641 ,
847 5571 1138 5627 mandante
1168 5571 1532 5628 illustrissimo
1559 5571 1676 5628 viro
1705 5571 1916 5630 Joamte
1957 5574 2196 5644 Baptista

592 5668 846 5735 Colbert,
877 5665 990 5738 regi
1015 5681 1044 5720 a
1073 5667 1434 5724 sanctioribus
1461 5669 1711 5735 secretis,
1743 5678 1796 5724 et
1827 5684 2042 5725 summo
2065 5685 2200 5726 tera-

593 5762 659 5820 rii
703 5761 1042 5816 administro.
1087 5760 1387 5834 Singularis
1428 5761 1589 5835 hujus
1630 5763 1684 5818 in
1725 5763 1856 5820 orbe
1899 5762 2200 5820 christiano

598 5855 800 5920 codicis
820 5899 834 5926 ,
865 5855 954 5930 qui
981 5870 1102 5912 cum
1132 5855 1353 5928 reliquis
1377 5859 1630 5918 omnibus
1655 5857 1980 5916 Colbertinis
2008 5858 2062 5914 in
2091 5861 2200 5916 lie-

2298 4749 2392 4794 tut.
2421 4741 2476 4810 ),
2507 4738 2602 4793 sed
2630 4747 2684 4792 ct
2722 4737 2976 4791 Baluzius
3003 4735 3117 4804 ipse
3147 4733 3374 4807 (Batus.
3427 4743 3563 4786 notae
3611 4731 3664 4785 in
3705 4731 3799 4786 lib.
3851 4731 3919 4786 de

2309 4832 2461 4887 Mart.
2508 4839 2756 4902 persecat.
2781 4871 2797 4897 ,
2845 4829 2913 4882 ad
2952 4827 3142 4882 calcem
3177 4837 3297 4880 tom.
3332 4841 3370 4880 ιι
3408 4834 3596 4879 nosth
3637 4823 3827 4893 edit.),
3859 4832 3918 4879 et

2299 4923 2653 4980 Heumannus
2683 4921 2701 4995 (
2727 4921 2856 4978 Not.
2884 4920 2954 4975 ad
2980 4921 3146 4991 cap.1
3182 4919 3356 4974 Dicin.
3389 4917 3563 4973 lauit.
3584 4917 3698 4971 libri
3729 4918 3915 4990 primi)

2299 5027 2662 5082 monuerunt;
2694 5017 2836 5087 apud
2869 5030 3006 5086 quos
3036 5015 3182 5085 leges
3202 5056 3218 5082 ,
3252 5013 3498 5068 tristibus
3524 5012 3744 5084 quidem
3775 5020 3919 5067 tem-

2299 5112 2523 5183 poribus
2544 5111 2776 5180 scriptas
2796 5123 2921 5164 esse
2946 5107 3163 5162 Divinas
3187 5105 3585 5169 lnstitutiones,
3613 5103 3922 5159 laetioribus

2289 5214 2469 5261 autem
2499 5205 2837 5271 emendatas,
2867 5211 3057 5258 auctas
3082 5210 3136 5257 et
3155 5201 3512 5257 Constantino
3542 5199 3770 5253 dicatas.
3795 5197 3916 5271 Bis,

2293 5298 2471 5369 inquit
2499 5299 2869 5363 Heumannus,
2894 5295 3212 5352 Lactantius
3239 5293 3343 5348 hoc
3373 5308 3510 5364 Opus
3531 5291 3726 5360 edidit,
3759 5292 3922 5361 prius

2295 5405 2424 5449 ante
2463 5409 2689 5465 regnum
2731 5391 3114 5458 Constantini,
3162 5390 3357 5445 iterum
3399 5405 3465 5443 eo
3509 5404 3686 5443 rerum
3719 5387 3918 5458 potito.

2297 5486 2378 5542 Ex
2405 5485 2506 5542 hac
2534 5485 2716 5541 forsan
2744 5485 2944 5556 duplici
2971 5484 3217 5540 editione
3241 5491 3594 5546 emanarunt,
3629 5496 3735 5535 non
3759 5481 3923 5550 cqui-

2302 5578 2424 5634 dem
2457 5594 2682 5646 omnes,
2717 5579 2812 5634 sed
2844 5577 3092 5649 quaedam
3123 5577 3386 5632 lectiones
3429 5576 3589 5630 varhc
3611 5615 3626 5640 ,
3671 5592 3787 5644 qua:
3835 5573 3923 5628 la-

2301 5671 2452 5728 boris
2483 5688 2588 5727 non
2623 5671 2906 5727 minimum
2938 5670 3215 5727 facessere
3237 5712 3251 5735 ,
3287 5679 3400 5724 tum
3427 5670 3602 5725 doctis
3645 5668 3921 5723 Lactantii

2302 5766 2636 5834 editoribus,
2687 5776 2799 5822 tum
2843 5765 3073 5823 eruditis
3112 5765 3436 5837 quibusque.
3483 5763 3599 5820 Non
3633 5763 3778 5819 enim
3810 5761 3917 5815 ad-

2303 5871 2549 5919 versatur
2577 5861 2826 5934 scriptori
2854 5861 3018 5918 etiam
3049 5858 3466 5932 diligentiSsimo
3485 5898 3500 5926 ,
3530 5873 3630 5916 nec
3653 5857 3921 5915 abhorret
