4104 6368
265 356 338 410 75
1443 351 1818 414 PREFATIO
1856 355 1924 413 IN
1962 354 2432 416 LACTANTIUM.
3507 372 3576 426 74

264 485 295 526 a
326 471 540 525 ratione
561 510 576 532 ,
607 475 664 524 ut
693 482 822 524 suas
852 468 968 540 ipse
997 475 1257 525 retractet
1297 467 1722 528 lucubrationes.
1765 473 1869 528 Fe—
1895 473 1948 536 Α
2046 473 2196 529 Circa
2229 475 2416 530 eadem
2450 483 2690 546 tempora
2720 477 3008 550 scripsisse
3049 480 3178 536 mihi
3217 481 3432 540 videtur
3468 484 3574 542 La-

265 562 420 617 licior
448 577 584 618 sane
621 572 784 631 atque
825 561 1046 616 suavior
1084 564 1256 616 multo
1286 574 1371 618 est
1407 564 1716 619 emendatio
1743 579 1864 636 pro-

263 655 381 724 pria
419 669 582 724 quam
611 654 812 709 aliena.

335 747 404 803 At
424 748 563 805 liber
583 748 681 802 iste
700 748 848 803 varia
864 754 923 804 et
942 747 1223 818 multiplici
1245 763 1368 804 cum
1391 748 1627 804 refertus
1651 750 1719 805 sit
1739 750 1869 806 doc-

265 844 426 908 trina,
461 844 528 898 ad
559 843 680 914 ejus
710 843 1001 899 lectionem
1023 886 1039 911 ,
1074 852 1131 898 ut
1162 844 1322 914 plane
1353 845 1708 914 intelligatur,
1736 847 1868 916 vigi-

266 937 387 992 lans
417 953 485 993 ac
515 939 808 1008 singularis
838 936 1148 992 adhibenda
1183 947 1264 992 est
1293 953 1477 1008 opera.
1511 939 1656 992 Multi
1687 953 1867 994 autem

260 1042 546 1087 terrentur
591 1032 811 1086 assiduo
852 1039 908 1087 et.
949 1031 1146 1086 acriori
1190 1031 1392 1087 studio.
1439 1031 1576 1086 Hinc
1621 1032 1868 1102 Epitome

254 1123 498 1196 prodiit,
553 1125 862 1193 postulante
906 1123 1200 1190 Pentadio,
1280 1125 1397 1180 sive
1447 1125 1492 1178 is
1541 1123 1712 1180 frater
1759 1125 1865 1180 La-

255 1220 448 1275 ctantii
498 1217 690 1282 fuerit,
739 1219 855 1274 sive
898 1218 1230 1273 christianos
1271 1217 1490 1288 quidam
1532 1227 1587 1273 et
1625 1220 1864 1286 amicus,

252 1329 414 1386 quem
447 1313 572 1368 loco
604 1312 785 1367 fratris
817 1311 1132 1366 Lactantius
1163 1310 1417 1367 habebat.
1451 1311 1745 1366 Pentadius
1781 1311 1868 1366 ille

251 1406 503 1472 ejusdem
551 1407 781 1460 fortasse
822 1404 1041 1474 generis
1068 1411 1216 1468 erat,
1261 1411 1424 1473 atque
1462 1403 1603 1458 alter
1645 1403 1868 1473 hujusce

254 1501 531 1563 nominis,
579 1501 671 1570 qui
718 1500 1038 1554 Constantio
1082 1498 1396 1568 imperatori
1445 1497 1654 1552 intimis
1695 1496 1793 1552 fuit
1835 1513 1864 1550 a

252 1596 511 1648 secretis.
562 1593 705 1647 Istud
747 1592 890 1648 enim
924 1607 1122 1646 nomen
1152 1607 1339 1662 parum
1367 1591 1588 1662 vulgare
1615 1601 1698 1646 est
1726 1589 1868 1662 apud

249 1688 534 1758 antiquos.
578 1686 652 1740 Ita
686 1701 854 1756 porro
882 1701 1009 1742 suas
1048 1685 1421 1740 lnstitutiones
1462 1685 1867 1756 angustioribus

250 1777 584 1834 constrinxit
605 1779 855 1832 terminis
871 1786 1058 1833 auctor
1076 1788 1284 1843 noster,
1305 1787 1359 1832 ut
1378 1788 1588 1834 mentes
1611 1779 1862 1843 instruat,

1972 566 2206 621 ctantius
2238 568 2606 636 Epistolarum
2636 571 2702 625 ad
2734 569 2993 626 Severum
3026 573 3192 629 libros
3219 576 3375 632 duos.
3407 577 3576 635 Seve~
3671 581 3681 591 ”

1973 673 2066 712 rus
2104 671 2285 714 autem
2327 660 2418 715 ille
2456 661 2724 732 Hispanus
2761 673 2911 726 erat.
2944 677 3106 737 atque
3131 685 3267 724 tinus
3297 687 3362 725 ex
3404 673 3579 744 majo.

1971 749 2120 804 ribus
2150 752 2347 822 Aquilii
2378 751 2598 820 Severi,
2632 754 2700 810 de
2727 773 2836 826 quo
2865 759 2939 812 ait
2977 758 3035 815 S.
3085 760 3446 834 Hieronymus
3486 764 3577 839 (in

1973 841 2219 917 Catalogo
2258 847 2504 916 scriptor.
2541 849 2828 906 ecclesiast.
2857 851 2904 921 ):
2937 870 2955 902 ι
2985 853 3228 923 Aquilius
3259 855 3492 913 Severus
3523 861 3578 914 in

1973 934 2227 1006 Hispania
2248 979 2262 1002 ,
2293 937 2360 992 de
2400 955 2598 1009 genere
2641 941 2785 996 illius
2812 942 3002 998 Severi
3034 947 3099 999 ad
3129 963 3289 1015 quem
3319 949 3579 1008 Lactantii

1972 1028 2076 1084 duo
2099 1031 2455 1099 Epistolarum
2484 1035 2794 1090 scribuntur
2822 1037 2964 1092 libri.
2989 1056 3008 1090 ι
3041 1045 3104 1093 At
3129 1039 3577 1102 Nicomedienscs

1972 1122 2112 1177 sicut
2134 1131 2188 1177 et
2209 1123 2471 1194 Bithynos
2497 1125 2637 1182 inter
2657 1137 2711 1182 et
2734 1128 3000 1198 Ilispanos
3021 1130 3175 1195 nihil,
3196 1134 3420 1190 multum
3447 1153 3578 1194 vero

1972 1212 2198 1269 Galliam
2233 1217 2374 1271 inter
2401 1227 2455 1272 et
2484 1217 2800 1289 Hispaniam
2831 1231 2953 1276 erat
2982 1225 3203 1293 negotii.
3238 1226 3371 1282 llinc
3401 1232 3576 1300 conji-

1970 1321 2096 1362 cere
2119 1308 2242 1363 licet
2264 1307 2361 1363 has
2387 1309 2656 1381 Epistolas
2685 1328 2714 1366 a
2739 1313 3016 1369 Lactantio
3043 1317 3216 1372 editas
3242 1317 3425 1384 fuisse,
3448 1322 3576 1377 dum

1971 1399 2024 1453 in
2066 1398 2236 1456 Gallia
2280 1402 2605 1458 morabatur.
2642 1405 2842 1460 Eadetn
2878 1423 3038 1476 porro
3066 1408 3302 1464 dicerem
3333 1411 3402 1465 de
3430 1413 3579 1469 libris

1969 1502 2200 1563 quatuor
2225 1494 2590 1564 Epistolarum
2622 1497 2689 1552 ad
2720 1498 2988 1566 Probum,
3037 1502 3189 1571 cujus
3231 1519 3427 1559 nomen
3472 1522 3577 1563 non

1970 1586 2287 1653 Asiaticum,
2319 1589 2412 1644 sed
2444 1589 2742 1645 Romanum
2770 1602 2872 1656 est,
2899 1593 2983 1649 vel
3013 1593 3151 1650 forte
3178 1595 3465 1653 Gallicum.
3495 1601 3580 1656 Ad

1970 1693 2093 1732 eum
2125 1680 2266 1734 enim
2295 1679 2347 1734 in
2375 1680 2562 1736 Gentis
2587 1684 2812 1752 gratiam
2844 1694 3002 1756 atque
3029 1687 3241 1742 laudem
3270 1688 3580 1748 Lactantius

1972 1773 2055 1827 his
2082 1774 2134 1828 in
2169 1775 2425 1844 Epistolis
2454 1777 2520 1833 de
2547 1777 2715 1834 Gallis
2759 1781 3016 1850 praaclara
3068 1784 3313 1854 quiedam
3347 1787 3575 1856 profert,

251 1885 360 1926 nec
388 1878 571 1925 tamen
601 1870 883 1940 prolixitas
913 1870 1088 1940 pariat
1115 1870 1385 1925 fastidium
1409 1912 1425 1938 ,
1455 1871 1596 1926 sicut
1619 1887 1717 1926 nec
1746 1871 1865 1926 bre-
1895 1874 1944 1936 Β
1973 1875 2198 1924 testante
2212 1869 2269 1925 S.
2301 1869 2627 1942 llieronymo
2655 1872 2905 1945 (Pratum.
2927 1877 3090 1940 lib.tt,
3121 1878 3172 1931 in
3188 1878 3358 1947 Epist.
3379 1882 3446 1932 ad
3474 1879 3579 1936 Ga-

248 1963 396 2016 vitas
423 1962 839 2018 obscuritatem.
885 1963 1144 2030 Quamvis
1174 1973 1357 2017 autem
1386 1963 1634 2018 eamdem
1661 1962 1735 2020 ibi
1771 1963 1860 2017 Di-

249 2055 502 2108 vinarum
547 2054 950 2109 lnstitutionum
993 2053 1279 2109 tradiderit
1317 2055 1656 2122 doctrinam,
1699 2071 1860 2125 quam

252 2146 392 2201 alibi
425 2148 658 2217 passim,
689 2163 809 2202 eam
839 2147 1187 2202 nihilominus
1216 2147 1404 2202 iisdem
1434 2147 1613 2201 verbis
1636 2162 1741 2200 non
1770 2162 1864 2201 ex-

244 2240 444 2310 plicat.
488 2239 655 2294 Sicuti
695 2240 954 2295 nonnulla
989 2241 1336 2310 prmtermisit
1366 2240 1602 2294 intacta:
1639 2242 1709 2294 ita
1745 2240 1864 2310 plu-

247 2335 426 2399 rima,
460 2333 698 2388 veritatis
739 2334 1077 2404 explicanda:
1118 2350 1276 2389 causa
1299 2375 1314 2398 ,
1350 2334 1620 2389 interdum
1653 2334 1860 2404 adjicit.

247 2428 395 2484 Hinc
427 2428 586 2486 facile
628 2430 696 2484 ad
737 2429 1086 2484 scribendum
1114 2472 1128 2496 ,
1173 2429 1297 2484 hinc
1326 2433 1531 2484 varium
1575 2439 1868 2502 aptumque

245 2522 321 2577 ad
356 2524 533 2578 omnia
565 2523 784 2578 exhibet
814 2523 1107 2593 ingenium.
1154 2522 1322 2593 Hujus
1365 2533 1544 2578 autem
1585 2522 1866 2592 Epitomes

250 2631 390 2688 pars
429 2619 658 2671 maxima
697 2617 809 2688 jam
841 2633 869 2670 a
905 2627 1148 2687 tempore
1175 2618 1348 2672 sancti
1376 2618 1686 2689 Hieronymi
1719 2619 1865 2674 desi-

248 2710 581 2777 derabatur;
611 2726 775 2781 quam
806 2720 988 2766 tamen
1017 2712 1280 2782 integram
1309 2711 1423 2768 fere
1448 2728 1514 2768 ex
1542 2713 1729 2768 codice
1762 2728 1863 2768 ms.

255 2803 454 2875 Regia:
482 2804 837 2860 Taurineusis
866 2804 1212 2860 Bibliotheca:
1239 2805 1408 2860 edidit
1437 2806 1694 2870 Parisiis,
1724 2823 1868 2862 anno

254 2895 403 2951 1712
421 2937 434 2959 ,
471 2896 551 2950 vir
578 2895 930 2951 doctissimus
957 2897 1384 2966 Christ0phorus
1405 2897 1691 2952 blattharus
1719 2897 1866 2953 Pfaf-

252 2988 361 3045 {ius
380 3032 394 3054 ,
421 2988 790 3061 Tubiugensis
821 2988 1127 3044 Academiae
1149 2990 1530 3046 cancellarius.
1553 2991 1720 3060 Cujus
1748 2989 1869 3045 libri

252 3085 636 3154 apographum
667 3084 734 3138 ad
765 3100 887 3148 me,
931 3083 1259 3151 deprecante
1302 3083 1673 3138 eruditissimo
1712 3082 1868 3138 Joan.

252 3175 484 3231 Daniele
529 3176 900 3246 Schoepilino,
932 3175 1279 3231 historiarum
1311 3184 1365 3230 et
1391 3177 1715 3244 eloquentiae.
1750 3190 1868 3244 pro-

1967 1958 2148 2028 latas).
2182 1979 2201 2012 ι
2229 1961 2393 2028 Galli,
2421 1964 2592 2035 inquit
2617 1965 2930 2022 Lactantius
2950 2010 2965 2030 ,
2994 1984 3022 2021 a
3070 1970 3306 2026 candore
3331 1975 3578 2044 corporis

1967 2049 2173 2106 Galatae
2196 2066 2593 2124 nuncupantur,
2616 2069 2667 2112 et
2685 2058 2892 2131 Sibylla
2913 2061 2992 2115 sic
3019 2076 3115 2117 eos
3143 2064 3401 2133 appellat.
3423 2068 3579 2134 Quod

1967 2143 2203 2213 signiﬁCa
2215 2162 2271 2201 re
2289 2147 2457 2202 voluit
2475 2160 2652 2218 poeta,
2670 2167 2790 2205 cum
2807 2153 2882 2207 ait
2899 2173 2912 2208 :
2933 2152 3058 2207 Tum
3075 2171 3283 2211 LACTEA
3299 2157 3435 2212 colla
3451 2176 3579 2214 auro

1966 2234 2312 2306 innectuntur,
2343 2256 2466 2296 cum
2511 2253 2696 2311 posset
2735 2245 2919 2302 dicere
2946 2262 3196 2303 CANDIDA.
3234 2250 3368 2306 Hinc
3397 2253 3582 2323 utique

1969 2331 2173 2388 Galatia
2208 2337 2517 2404 provincia,
2552 2339 2602 2392 in
2645 2355 2806 2407 quam
2836 2339 2971 2396 Galli
3005 2343 3304 2412 aliquando
3351 2347 3580 2402 venien-

1969 2432 2085 2492 tes,
2126 2441 2249 2479 cum
2297 2427 2502 2483 Cra-cis
2545 2445 2603 2483 se
2649 2431 3018 2499 miscuerunt;
3049 2433 3191 2487 unde
3235 2435 3467 2504 primum
3515 2453 3580 2493 ea

1971 2519 2123 2588 regio
2165 2518 2596 2586 Gallo-Grmcia;
2646 2534 2767 2592 post
2812 2524 3058 2591 Galatia,
3102 2527 3376 2583 nominata
3419 2539 3525 2584 est.
3553 2549 3574 2584 ι

1972 2609 2098 2663 Haec
2126 2619 2304 2666 tamen
2324 2653 2340 2678 ,
2367 2629 2471 2666 non
2499 2613 2734 2669 difliteor
2761 2616 2908 2684 ipse,
2943 2617 3112 2672 levior
3139 2628 3222 2674 est
3246 2621 3578 2690 conjectura;

1972 2717 2156 2756 verum
2187 2705 2255 2758 ab
2281 2705 2400 2760 aliis
2425 2708 2679 2775 certiora,
2711 2708 3042 2780 melioraque
3067 2721 3194 2766 sunt
3220 2715 3576 2782 expectanda.

2045 2796 2233 2853 XXIII.
2263 2797 2380 2853 Jam
2423 2799 2656 2856 diximus
2696 2801 2765 2856 de
2802 2802 3054 2858 omnibus
3095 2803 3353 2861 Laetautii
3397 2807 3581 2876 libris,

1977 2897 2086 2944 tum
2118 2891 2448 2958 extantibus,
2484 2903 2595 2947 tum
2627 2893 2950 2964 deperditis,
2982 2912 3117 2966 quos
3145 2910 3428 2954 enumerat
3459 2915 3584 2955 san-

1974 2994 2093 3040 ctus
2122 2986 2521 3058 Hieronymus;
2551 2989 2644 3043 sed
2674 3004 2860 3059 parum
2891 2990 3047 3044 nobis
3079 3007 3224 3048 cura:
3247 3003 3331 3048 est
3362 2994 3429 3048 de
3459 3009 3586 3065 pro-

1976 3080 2158 3136 missis
2206 3081 2493 3150 operibus,
2545 3098 2667 3152 qutc
2713 3099 2976 3152 nusquam
3022 3085 3202 3138 forsan
3249 3087 3581 3155 extiterunt,

1976 3172 2135 3242 quale
2161 3173 2292 3228 illud
2321 3185 2404 3229 est
2442 3174 2708 3230 adversus
2730 3174 2950 3230 Judmos
2976 3174 3175 3246 (LacL,
3203 3177 3341 3234 Inst.
3368 3179 3458 3234 lib.
3491 3198 3582 3248 vtr,

252 3270 469 3325 fessore
494 3268 711 3337 publico
737 3269 786 3322 in
809 3268 1351 3338 Argentoratensium
1376 3267 1751 3330 universitate,
1776 3268 1875 3321 mi-
1901 3270 1946 3332 C
1979 3283 2025 3320 c.
2058 3267 2157 3338 1),
2186 3268 2340 3337 cujus
2369 3279 2611 3324 veterum
2646 3271 2824 3324 nullus
2857 3272 3121 3326 meminit.
3158 3272 3248 3327 Sic
3277 3275 3436 3329 etiam
3472 3277 3588 3345 pol-

255 3363 327 3417 sit
359 3362 607 3430 Pfaflius,
634 3374 800 3434 atque
828 3363 881 3418 in
909 3379 975 3418 eo
999 3366 1244 3433 quaedam
1275 3379 1381 3417 non
1407 3364 1586 3434 exigui
1616 3364 1875 3418 momenti

253 3455 570 3510 observavi.
595 3454 674 3510 Ne
695 3465 853 3526 putes
883 3465 1063 3510 tamen
1096 3457 1277 3510 statim
1308 3465 1432 3527 post
1457 3457 1633 3512 editas
1660 3455 1878 3510 Institu-

257 3549 440 3603 tiones
484 3547 774 3618 Epitomen
825 3547 994 3604 fuisse
1043 3549 1398 3619 perscriptam
1442 3568 1456 3603 :
1503 3549 1688 3619 plures
1733 3549 1876 3604 enim

256 3642 429 3710 elapsi
459 3649 589 3694 sunt
613 3642 738 3696 anni
771 3657 910 3710 opus
937 3643 1078 3695 inter
1110 3649 1423 3712 utrumque.
1461 3659 1479 3692 ι
1505 3640 1874 3710 Quamquam,

256 3735 337 3790 ait
377 3735 696 3790 Lactantius
750 3734 1026 3808 (Epitome
1071 3736 1125 3790 in
1188 3734 1466 3806 prooemio)
1495 3776 1510 3802 ,
1565 3735 1877 3790 Divinarum

261 3828 669 3884 Institutionum
724 3827 882 3891 libri,
931 3842 1069 3898 quos
1116 3825 1440 3898 jampridem
1493 3825 1559 3881 ad
1610 3826 1882 3882 illustran-

259 3921 385 3976 dam
431 3921 716 3975 veritatem
760 3920 1183 3991 religionemque
1229 3920 1684 3990 conscripsimus,
1713 3928 1814 3974 etc.
1857 3939 1876 3972 ι

259 4013 732 4080 Quemadmodum
764 4013 880 4069 haec
903 4013 1064 4067 verba
1085 4053 1100 4078 ,
1126 4028 1262 4067 «non
1293 4013 1363 4068 ita
1391 4011 1618 4081 pridem,
1643 4030 1662 4064 ι
1682 4026 1884 4082 paucos

263 4121 464 4172 annos,
510 4107 588 4160 sic
627 4121 688 4161 ea
716 4124 735 4157 ι
761 4105 1117 4175 jampridem,
1145 4124 1164 4157 ι
1186 4121 1305 4176 quae
1346 4104 1652 4160 Lactantius
1693 4103 1882 4173 habet,

262 4200 485 4270 longius
513 4199 774 4269 temporis
802 4197 1106 4268 signiﬁcant
1135 4198 1494 4252 intervallum.
1529 4196 1728 4252 Libens
1756 4211 1886 4267 ergo

263 4291 592 4348 crediderim
619 4308 762 4346 anno
788 4290 896 4348 525
912 4300 1007 4345 aut
1025 4289 1130 4346 526
1153 4289 1352 4345 editam
1384 4289 1548 4344 fuisse
1577 4289 1880 4359 Epitomcn.

341 4389 412 4442 At
441 4387 648 4442 interea
667 4429 683 4454 ,
714 4385 852 4440 forte
879 4400 1022 4439 anno
1051 4383 1157 4439 524
1176 4425 1191 4449 ,
1225 4382 1404 4453 plures
1433 4383 1566 4437 alios
1596 4397 1691 4452 per
1719 4383 1886 4436 otium

266 4481 437 4537 libros
473 4479 644 4536 edidit
688 4479 922 4549 scriptor
961 4475 1380 4544 disertissimus,
1425 4477 1573 4531 illum
1619 4475 1888 4546 prmcipue

266 4577 359 4646 qui
402 4575 472 4629 de
525 4573 609 4628 Ira
660 4573 752 4626 Dei
804 4570 1136 4634 inscribitur,
1179 4584 1340 4639 quem
1369 4568 1639 4624 editurum
1665 4584 1724 4623 se
1749 4582 1888 4637 pric-

1980 3358 2158 3415 licitus
2186 3360 2360 3416 fuerat
2389 3361 2776 3431 Disputationes
2798 3376 2976 3417 contra
3004 3379 3177 3418 omnes
3206 3367 3589 3423 mendaciorum

1979 3463 2142 3506 sectas
2164 3452 2334 3513 (Lact.
2348 3495 2362 3518 ,
2383 3454 2473 3508 lib.
2496 3471 2546 3509 tv
2577 3453 2640 3506 Di
2648 3456 2750 3507 vin.
2770 3454 2799 3507 Ι
2809 3457 2970 3523 nstit.,
2989 3472 3108 3524 cap.
3131 3458 3331 3523 ultimo,
3352 3468 3399 3512 et
3415 3461 3476 3513 de
3493 3461 3520 3514 Ι
3529 3478 3588 3515 ra

1982 3543 2102 3606 Dei,
2123 3561 2240 3614 cap.
2261 3545 2508 3614 2).Qttod
2535 3562 2820 3617 utrumque
2841 3563 2980 3600 onus
3003 3549 3171 3602 mttlto
3200 3552 3416 3619 gravius
3446 3561 3584 3620 erat,

1983 3652 2144 3707 quam
2168 3647 2225 3690 ut
2244 3636 2372 3691 illud
2398 3637 2624 3692 feliciter
2652 3640 2925 3693 suStinere
2955 3650 3343 3704 possetauctor
3372 3643 3589 3714 elegan-

1986 3729 2248 3790 tissimus.
2279 3741 2334 3787 at
2363 3732 2413 3784 in
2441 3729 2736 3800 Scripturis
2763 3731 2931 3784 sacris
2959 3747 3064 3785 non
3088 3735 3218 3787 satis
3240 3735 3583 3802 exercitatus,

1985 3837 2088 3878 nec
2118 3821 2327 3892 integre
2355 3833 2603 3877 versatus
2633 3823 2685 3876 in
2715 3822 2971 3877 Ecclesia:
3013 3823 3278 3880 doetrina.
3321 3826 3431 3882 Nrc
3473 3829 3592 3896 plus

1986 3929 2242 3970 curamus
2266 3929 2362 3969 eos
2390 3914 2601 3970 libellos
2621 3930 2757 3985 quos
2777 3915 3066 3985 suppositos
3088 3918 3445 3988 appellamus.
3476 3919 3590 3975 Me-

1988 4017 2204 4062 morant
2233 4007 2507 4064 doetiores
2547 4007 2764 4077 quidam
2800 4008 2989 4062 librum
3019 4008 3086 4063 de
3119 4010 3453 4079 Spectaculis
3497 4013 3591 4084 (in

1991 4100 2260 4156 Memoriis
2304 4101 2686 4167 Trevoltianis,
2735 4104 2803 4156 ad
2850 4118 2974 4156 ann.
3029 4104 3213 4169 1705,
3259 4122 3379 4176 pag.
3413 4106 3588 4172 I992;

1991 4192 2270 4248 Nouvelles
2291 4194 2355 4247 de
2376 4193 2426 4247 la
2446 4192 2766 4264 République
2785 4194 2874 4248 des
2894 4192 3112 4256 Lettres,
3134 4212 3257 4250 ann.
3282 4198 3444 4264 1705,
3464 4208 3588 4258 tom.

1991 4303 2057 4352 ιι,
2088 4304 2206 4359 pag.
2235 4287 2360 4351 H7;
2387 4285 2590 4341 Buddei
2613 4285 2841 4341 Lexicon
2870 4287 3176 4354 universale,
3204 4303 3324 4342 voce
3346 4290 3593 4346 Lacun-

1991 4381 2166 4452 TIUS),
2195 4398 2355 4452 quem
2378 4381 2568 4436 dicunt
2592 4381 2693 4436 sub
2720 4381 2937 4436 nomine
2959 4382 3218 4436 Lactantii
3246 4399 3310 4438 ex
3340 4399 3445 4438 ms.
3473 4385 3590 4440 edi-

1992 4488 2103 4532 tum
2149 4492 2272 4532 esse
2321 4475 2560 4532 Venetiis
2585 4518 2600 4543 ,
2644 4491 2788 4530 anno
2820 4475 2982 4531 1705.
3018 4475 3188 4545 Hujus
3216 4479 3429 4548 cupiam
3462 4479 3594 4533 tnihi

1992 4569 2172 4625 facere
2195 4609 2212 4637 ,
2241 4569 2349 4623 imo
2379 4584 2479 4625 nec
2510 4579 2713 4624 certam
2745 4569 2944 4625 habere
2972 4571 3214 4624 notitiam
3259 4573 3402 4639 potui
3434 4587 3497 4625 ex
3531 4571 3597 4626 il-

269 4675 561 4723 monuerat
587 4663 861 4736 (Diuinar.
893 4662 1071 4717 lmtit.
1099 4663 1190 4716 lib.
1219 4677 1288 4729 ιι,
1315 4676 1434 4730 cap.
1459 4660 1584 4732 l7):
1614 4661 1885 4730 «Sepona—
1911 4671 1966 4732 1)
1990 4663 2438 4720 lustrissimorum
2469 4665 2709 4718 virorum
2731 4704 2746 4729 ,
2780 4673 2940 4733 atque
2969 4664 3132 4719 etiam
3175 4664 3589 4733 bibliopolarum

268 4768 384 4825 tur,
413 4758 585 4829 inquit
603 4799 617 4822 ,
650 4758 805 4813 locus
833 4756 898 4812 de
919 4757 1000 4811 Ira
1027 4755 1150 4821 Dei,
1175 4754 1318 4826 quod
1346 4763 1400 4808 et
1426 4753 1644 4809 uberior
1665 4762 1746 4808 est
1772 4769 1883 4808 ma-

269 4856 410 4910 teria
431 4896 446 4921 ,
479 4863 534 4909 et
562 4868 730 4924 opere
761 4851 980 4922 proprio
1011 4850 1171 4904 latius
1198 4849 1535 4920 exequenda.
1554 4866 1574 4900 ι
1612 4848 1725 4903 Hoc
1754 4861 1884 4903 vero

268 4959 466 5005 contra
509 4948 807 5017 Epicureos
851 4945 1075 5015 probat,
1121 4944 1287 4998 Deum
1325 4958 1534 4998 summe
1567 4941 1772 5012 justum
1813 4941 1884 4997 ob

269 5041 476 5098 malam
511 5041 786 5095 hominum
821 5049 1056 5094 mentem
1078 5079 1092 5103 ,
1125 5047 1540 5109 perpetrataque
1563 5038 1632 5091 ab
1659 5037 1723 5091 iis
1753 5035 1886 5092 deli-

269 5143 364 5190 cta
384 5173 402 5200 ,
441 5135 721 5203 imponere
752 5148 943 5204 poenas
970 5132 1246 5196 sontibus,
1277 5131 1417 5186 sicut
1448 5131 1584 5186 bene
1614 5139 1885 5185 merentes

274 5227 567 5300 promissis
606 5227 774 5282 donat
814 5225 1153 5282 muneribus.
1193 5222 1348 5279 Hunc
1387 5223 1581 5279 librum
1620 5239 1726 5280 non
1771 5222 1889 5294 pul-

273 5320 616 5377 cberrimum
643 5319 838 5383 modo,
867 5319 965 5375 sed
996 5328 1050 5372 et
1089 5317 1251 5372 docto
1289 5317 1492 5387 pariter
1525 5325 1582 5372 et
1618 5315 1891 5387 eloquenti

274 5427 535 5470 sermone
564 5413 929 5482 conscriptum
947 5452 965 5479 ,
992 5420 1141 5467 recte
1169 5409 1227 5466 S.
1250 5409 1616 5480 Hieronymus
1644 5408 1808 5463 habet
1835 5415 1894 5463 ut

1983 4757 2181 4813 litteris
2207 4756 2460 4812 Venetias
2485 4756 2686 4812 missis.
2723 4755 2874 4810 Unde
2900 4757 3093 4810 merito
3125 4755 3263 4810 hanc
3292 4756 3587 4810 editionem

1987 4850 2221 4905 fabulam
2268 4863 2389 4904 esse
2418 4858 2698 4919 putamus,
2727 4863 2849 4903 cum
2884 4849 3000 4902 viro
3029 4849 3335 4903 clarissimo
3365 4846 3451 4903 Jo.
3485 4848 3592 4904 Lu-

1962 4942 2189 5013 dolpho
2244 4941 2595 4996 Bttnemanuo
2654 4941 2706 4995 in
2761 4938 3120 4996 Miscellaneis
3171 4940 3588 5010 Lipsiensibus,

1987 5045 2133 5093 tonio
2158 5051 2216 5092 ιιι
2236 5077 2251 5098 .
2285 5049 2405 5105 pag.
2442 5033 2566 5092 136.

2058 5127 2176 5184 Jam
2208 5142 2350 5181 anno
2406 5125 2549 5182 I570
2581 5132 2864 5181 monuerat
2904 5123 3131 5179 Michael
3171 5121 3495 5181 Thomasius
3537 5128 3592 5184 in

1992 5219 2370 5291 Antuerpieusi
2390 5235 2486 5274 sua
2512 5219 2771 5284 editione,
2790 5232 3007 5274 carmen
3032 5215 3098 5268 dc
3117 5215 3320 5271 Pascha
3345 5233 3448 5273 non
3473 5235 3595 5276 csse

1993 5313 2290 5379 Lactantii,
2325 5313 2422 5367 sed
2455 5311 2699 5367 Venanlii
2734 5311 2954 5366 Honorii
2994 5307 3356 5365 Glementiani
3400 5311 3597 5366 Fortu-

1996 5408 2107 5463 nati
2131 5449 2146 5473 ,
2173 5404 2468 5478 presbyteri
2501 5403 2671 5460 Italici
2699 5420 2749 5457 vi
2776 5401 2982 5465 seculo,
3016 5408 3252 5456 testante
3279 5417 3380 5456 ms.
3411 5401 3600 5458 codice

276 5507 575 5577 Epitomen
608 5506 958 5576 Dialogorum
987 5504 1292 5560 Ciceronis.
1326 5503 1429 5571 Qui
1463 5503 1664 5557 utinam
1697 5501 1895 5558 eximie
1945 5499 1948 5502 ’
1998 5500 2345 5559 Bibliotheca:
2372 5498 2664 5562 Vaticanae,
2698 5497 2748 5550 in
2768 5511 2874 5566 quo
2894 5495 3148 5564 leguntur
3166 5502 3410 5564 poemata
3440 5495 3602 5563 hujus

275 5610 338 5656 et
367 5599 643 5669 eleganter
669 5600 723 5653 in
749 5597 1008 5654 Gallicam
1039 5596 1272 5667 linguam
1299 5610 1486 5650 versus
1513 5609 1541 5647 a
1565 5593 1775 5650 Joanne
1802 5593 1893 5648 Fr.
1935 5625 1938 5628 ~

278 5697 468 5752 Dreux
496 5693 566 5748 du
585 5693 804 5759 Radier,
826 5692 969 5762 regis
999 5708 1028 5744 a
1057 5691 1332 5759 consiliis,
1367 5690 1422 5745 in
1455 5698 1628 5744 tractu
1659 5688 1898 5761 Tbyma-

277 5788 435 5846 rensi
470 5797 702 5857 praetore
730 5784 990 5856 speciali,
1021 5800 1147 5841 mox
1175 5784 1404 5856 prodeat
1434 5783 1489 5840 in
1516 5783 1690 5841 lucem
1713 5823 1731 5855 ,
1763 5783 1905 5840 sicut

278 5887 345 5940 et
375 5879 494 5952 ipse
519 5893 674 5952 spem
702 5878 860 5934 nobis
891 5876 1042 5933 fecit.

739 5973 1021 6038 Punon.
1069 5971 1177 6038 Vl.

1999 5593 2252 5650 Venantii
2281 5591 2596 5655 Fortunati,
2626 5589 2714 5659 qui
2747 5598 2928 5658 postea
2959 5586 3057 5641 fuit
3095 5587 3450 5642 Pictatiensis
3489 5589 3604 5658 epi-

2004 5684 2339 5759 sc0pus.Alii
2358 5697 2544 5738 versus
2569 5682 2637 5737 de
2664 5681 2922 5736 Passione
2949 5681 3159 5734 Domini
3188 5681 3424 5750 ignotum
3457 5698 3610 5750 pror-

2005 5795 2099 5838 sus
2129 5779 2328 5835 habent
2352 5784 2628 5832 auctorem
2653 5817 2669 5841 ,
2702 5784 2758 5830 at
2784 5789 2892 5829 non
2919 5772 3275 5828 Laetantium.
3307 5769 3436 5826 Haec
3468 5773 3610 5829 nihi-

2007 5873 2242 5931 lominus
2270 5870 2511 5929 carmina
2542 5867 2810 5927 edidimus
2833 5910 2850 5939 ,
2891 5881 2962 5924 ne
2999 5864 3142 5922 forte
3169 5876 3467 5936 querantur
3495 5883 3615 5925 mo.

2980 5957 3020 6022 3
