4104 6368
547 357 617 414 75

1906 345 2276 404 LACTANTII
2315 343 2501 402 VITA.

3780 344 3857 402 76

546 471 656 526 rosi
703 466 922 539 quidam
971 465 1226 530 lectores,
1281 470 1580 534 patentque
1637 469 1884 518 truncam
1926 477 2053 519 esse
2089 477 2152 520 ac
2179 469 2233 532 Α
2258 461 2387 516 nino
2415 458 2608 530 sapiat.
2641 455 2815 514 Habet
2843 465 3024 514 tamen
3053 456 3221 514 verba
3244 456 3491 528 quaedam
3535 459 3854 530 peregrina,

443 568 451 577 ’
550 562 919 635 imperfectam
950 568 1188 615 nostram
1217 557 1532 614 editionem.

623 657 878 726 Quamvis
923 665 1101 710 autem
1148 653 1486 726 antiquiores
1538 653 1876 709 Lactantiani
1924 653 2146 710 codices

549 768 664 807 uno
703 759 966 805 contextu
994 748 1180 818 scripti
1227 749 1338 802 sint
1361 748 1481 804 sine
1511 746 1620 801 ulla
1662 762 1763 802 nec
1801 747 2106 803 sectionum
2129 788 2143 812 ,

550 859 653 900 nec
677 843 935 912 capitum,
968 840 1064 896 sed
1095 839 1724 896 solummodolibrorum
1755 839 2142 895 distinctione:

549 945 826 1009 receptam
882 944 1062 990 tamen
1101 934 1445 989 adhibuimus
1472 933 1526 987 in
1556 933 1733 1003 capita
1786 931 2144 998 divisionem,

551 1031 866 1088 summariis
885 1028 1109 1094 additis,
1129 1037 1189 1082 ut
1208 1037 1398 1082 cuneta
1417 1027 1722 1099 legentibus
1739 1026 1971 1082 clariora
1989 1023 2141 1080 ﬁant.

557 1124 723 1181 Medii
751 1121 850 1178 aevi
879 1121 1236 1190 exemplaria,
1269 1120 1428 1191 quale
1457 1119 1586 1174 illud
1618 1127 1703 1174 est
1732 1117 2148 1174 eminentissimi

555 1218 850 1275 cardinalis
876 1217 946 1272 de
977 1215 1169 1270 Rohan
1191 1255 1205 1280 ,
1237 1216 1511 1268 sectiones
1538 1213 1736 1267 multas
1760 1211 1992 1276 habent;
2026 1213 2146 1265 nul-

551 1311 635 1368 las
661 1310 904 1382 reperire
947 1309 1113 1365 estin
1145 1306 1528 1363 vetusussimis
1556 1304 1738 1375 Regiis
1785 1314 1839 1359 et
1888 1304 2147 1359 Camera-

545 1405 698 1461 eensi
716 1447 731 1472 ,
761 1419 862 1459 nec
883 1407 1046 1458 etiam
1073 1401 1127 1456 in
1150 1400 1602 1471 Sangermanensi
1628 1413 1644 1464 ;
1669 1406 1722 1452 at
1741 1396 1913 1452 codex
1937 1404 2145 1466 patrum

546 1499 946 1568 Capucinorum
980 1496 1072 1568 qui
1104 1495 1376 1552 recentior
1423 1504 1541 1561 est,
1595 1492 1829 1565 vulgatis
1877 1490 2148 1562 capitibus

547 1592 919 1663 distinguitur.

621 1687 775 1741 Dictu
804 1684 996 1740 inutile
1027 1686 1211 1755 putavi
1236 1680 1306 1737 de
1332 1679 1476 1753 stylo
1500 1678 1771 1735 Lactantii
1800 1676 2011 1748 longius
2036 1675 2150 1732 dis-

544 1794 750 1838 serere.
787 1781 882 1837 Sat
904 1789 989 1836 est
1017 1780 1336 1836 observasse
1377 1792 1500 1832 eum
1547 1775 1604 1832 S.
1640 1775 1968 1846 Hieronymo
1995 1769 2147 1826 aliis-

2252 553 2348 610 sed
2380 569 2441 609 ea
2469 553 2553 608 vel
2581 563 2706 608 sunt
2731 553 2874 608 illius
2899 551 3085 608 saeculi
3111 567 3220 622 quo
3249 551 3381 607 vixit
3399 552 3732 619 Lactantius,
3762 553 3856 609 vel

2250 645 2519 701 Africanae
2541 655 2701 700 terra:
2731 643 2908 699 solum
2939 643 3208 699 redolent.
3235 643 3326 699 Sic
3353 643 3746 711 Tertullianus,
3772 644 3859 700 sic

2253 740 2348 798 SS.
2379 739 2682 812 Cyprianus
2707 781 2719 802 ,
2751 737 3088 808 Augustinus
3114 746 3171 792 et
3201 735 3520 807 Fulgentius
3540 777 3556 803 ,
3592 750 3748 806 atque
3788 749 3859 791 ac

2251 834 2566 889 Lactantius
2596 832 2856 898 Africani,
2893 830 3071 886 verbis
3094 830 3418 901 quibusdam
3451 837 3676 884 utuntur
3703 829 3856 884 insn-

2254 926 2362 982 litis
2379 938 2432 982 et
2452 925 2720 981 barbaris.
2747 925 2820 980 Ea
2843 939 3008 995 porro
3032 924 3085 978 in
3105 937 3290 978 rerum
3318 921 3500 978 indice
3523 921 3743 977 diverso
3760 961 3774 987 ,
3802 919 3863 976 id

2253 1027 2370 1084 est,
2404 1018 2590 1072 Italico
2615 1018 2935 1072 charactere
2965 1017 3051 1070 edi
3078 1014 3409 1069 curavimus.

2329 1116 2382 1168 In
2418 1116 2518 1168 hae
2550 1128 2682 1167 vero
2725 1111 2963 1166 editione
2985 1151 2998 1174 ,
3031 1126 3151 1180 quae
3184 1117 3391 1164 textum
3438 1106 3866 1163 Lactantiauum

2253 1208 2368 1262 sine
2395 1207 2786 1278 typographico
2805 1219 2996 1258 errore
3021 1212 3403 1271 repraesentat,
3423 1199 3700 1256 noluimus
3724 1214 3862 1254 auc-

2254 1305 2388 1357 toris
2419 1302 2578 1371 hujus
2609 1299 2788 1354 verbis
2818 1297 3122 1353 admiscere
3157 1298 3364 1351 litteras
3389 1305 3482 1350 aut
3511 1297 3666 1365 signa
3689 1334 3704 1359 ,
3735 1307 3865 1364 quae

2254 1406 2410 1450 notas
2441 1394 2779 1458 iudicarent,
2811 1407 2877 1446 ne
2905 1406 3084 1461 rerum
3112 1391 3285 1445 series
3314 1388 3688 1460 perturbetur,
3721 1400 3866 1442 neve

2255 1489 2574 1544 immuletur
2612 1487 2876 1542 orationis
2903 1485 3076 1552 ordo;
3110 1499 3177 1539 ne
3205 1483 3422 1540 tandem
3456 1484 3865 1553 frequentiores

2253 1586 2454 1640 notulai
2485 1583 2656 1639 textui
2704 1581 2976 1652 permistae
3001 1620 3016 1648 ,
3046 1587 3316 1634 attentum
3362 1577 3581 1633 lectoris
3610 1578 3862 1630 animum

2252 1679 2564 1748 retardent,
2594 1677 2807 1747 alioque
2832 1682 3102 1730 avertant.
3137 1673 3282 1730 Satis
3307 1686 3429 1727 esse
3457 1670 3714 1725 duximus
3748 1667 3866 1722 ini-

2254 1774 2329 1828 tio
2357 1773 2620 1844 cujusque
2663 1770 3030 1826 annotationis
3069 1781 3347 1839 apponere
3398 1780 3562 1820 voces
3601 1777 3725 1833 qua:
3769 1761 3860 1816 fo-

545 1889 651 1947 que
698 1876 832 1930 viris
892 1872 1251 1938 doctissimis,
1305 1872 1624 1942 scriptorem
1682 1870 1824 1924 hunc
1899 1866 2148 1923 disertis-
2178 1877 2227 1941 Β
2255 1874 2377 1920 rent
2406 1866 2458 1919 in
2493 1865 2724 1936 gratiam
2755 1864 2934 1919 minus
2970 1861 3168 1918 eruditi
3193 1860 3411 1916 lectoris
3435 1857 3650 1929 planius
3679 1854 3864 1926 expli-

547 1973 748 2027 simum
778 1970 1058 2026 Ciceronis
1096 1968 1454 2040 eloquentiam
1484 1966 1708 2023 referre.
1737 1963 2009 2035 Nusquam
2033 1961 2151 2033 ejus

551 2075 770 2138 turget,
817 2079 944 2121 raro
989 2065 1223 2135 assurgit
1267 2063 1476 2128 oratio;
1503 2061 1598 2116 sed
1624 2075 1744 2116 cum
1773 2059 1990 2114 lenitate
2019 2071 2152 2127 qua-

550 2161 676 2217 dam
721 2158 1057 2230 aquabiliter
1097 2156 1349 2228 proﬂuit,
1384 2171 1490 2210 non
1522 2165 1699 2210 tamen
1742 2153 1858 2208 sine
1885 2149 2066 2206 nervis
2095 2158 2150 2205 et

557 2253 766 2309 viribus
799 2268 812 2305 :
850 2261 956 2307 tam
985 2259 1068 2305 est
1094 2257 1376 2316 accurata,
1426 2256 1533 2303 tam
1564 2248 1750 2311 fortis,
1793 2255 1850 2300 ut
1895 2244 2036 2299 nulla
2080 2243 2151 2299 sit

544 2348 722 2420 aptior
743 2347 808 2402 ad
834 2344 1288 2417 persuadendum,
1309 2343 1404 2398 sed
1424 2343 1540 2397 sine
1557 2340 1796 2412 judiciali
1832 2339 2145 2409 asperitate,

549 2449 608 2496 et
636 2439 756 2495 sine
782 2439 1176 2496 sententiarum
1209 2436 1504 2492 forensium
1530 2435 1751 2489 aculeis.
1790 2433 1930 2487 Puro
1968 2431 2151 2486 studet

543 2533 786 2603 eloquio,
819 2533 1102 2602 perspicuo
1134 2539 1294 2600 atque
1321 2528 1585 2597 eleganti;
1620 2525 1970 2595 sequiturque
2013 2524 2149 2577 hanc

544 2624 828 2680 Ciceronis
852 2623 1019 2692 ipsius
1059 2634 1325 2681 normam,
1360 2638 1378 2669 ι
1412 2618 1745 2674 Pacatiorem
1804 2615 2152 2686 phil050pho-

545 2732 667 2772 rum
701 2717 969 2770 rationem
1014 2727 1170 2780 esse,
1231 2722 1505 2768 oratormn
1535 2727 1662 2766 vero
1695 2710 2085 2782 pugnatiorem.
2123 2725 2144 2762 ι

544 2808 608 2864 In
657 2824 853 2864 vocum
891 2807 1246 2877 dispositione
1292 2813 1490 2860 tantam
1524 2812 1762 2860 sectatur
1787 2806 2150 2871 suavitatem,

547 2911 608 2956 ut
647 2901 812 2958 etiam
859 2900 1000 2970 apud
1047 2899 1263 2970 eloquio
1293 2906 1541 2969 potentes
1582 2896 1774 2952 Cicero
1820 2896 2149 2951 Christianus

550 2993 742 3052 audire
769 3004 1065 3061 mereatur,
1097 3002 1154 3049 et
1178 2993 1410 3048 Romani
1452 2991 1697 3048 Oratoris
1727 2991 2002 3062 ingenium
2029 3003 2147 3045 om-

2253 1959 2464 2016 caudae.

2327 2054 2453 2109 Haec
2471 2053 2542 2110 de
2569 2062 2750 2108 nostra
2775 2051 3010 2107 sufﬁciat
3031 2051 3354 2106 observasse
3381 2045 3638 2113 editione,
3665 2044 3720 2100 in
3747 2057 3863 2116 qua

2253 2150 2569 2207 excudeuda
2599 2151 2773 2206 vicem
2805 2163 2959 2204 suam
2993 2147 3182 2217 implet
3207 2145 3448 2200 Joannes
3475 2142 3545 2197 de
3574 2141 3740 2204 Dure,
3767 2139 3862 2194 bi-

2253 2245 2522 2313 bliOpola,
2571 2253 2628 2297 ut
2672 2243 2847 2297 doctis
2893 2239 3233 2311 emptoribus
3275 2235 3370 2290 [lat
3413 2236 3579 2302 satis,
3632 2242 3742 2288 tam
3798 2230 3864 2288 in

2254 2340 2439 2395 charta
2469 2338 2738 2409 eligenda,
2770 2351 2932 2409 quam
2977 2333 3328 2391 nitidioribus
3372 2327 3698 2387 adhibendis
3727 2326 3866 2384 cha-

2255 2431 2576 2487 racteribus.

2323 2527 2591 2582 Caeterum
2614 2526 2658 2581 si
2681 2523 2810 2596 quid
2842 2524 2979 2580 forte
3010 2523 3060 2577 in
3092 2523 3233 2577 notis
3261 2521 3463 2576 dictum
3496 2518 3660 2574 fuerit
3687 2531 3720 2572 a
3749 2530 3864 2572 no-

2256 2620 2338 2674 bis
2366 2620 2635 2674 adversus
2674 2629 2878 2674 sanctis
2900 2659 2914 2684 ,
2947 2616 3230 2672 catholicae
3254 2653 3268 2677 ,
3299 2612 3613 2684 apostolica:
3642 2619 3698 2666 et
3738 2609 3866 2664 Bo-

2258 2729 2431 2769 mana:
2479 2711 2732 2769 Ecclesia:
2762 2713 2931 2780 scita,
2982 2713 3140 2779 cujus
3165 2708 3374 2779 judicio
3417 2709 3532 2761 haec
3563 2713 3872 2774 nostraque

2257 2809 2437 2864 omnia
2467 2808 2706 2880 subjecta
2754 2817 2950 2873 sunto,
2985 2806 3118 2861 illud
3167 2803 3429 2859 indictum
3477 2800 3700 2856 omnino
3729 2811 3870 2857 esse

2255 2905 2536 2971 volumus,
2571 2903 2744 2974 parati
2771 2902 3097 2968 emendare,
3135 2899 3226 2956 ubi
3257 2911 3394 2969 opus
3421 2897 3547 2952 erit.

589 3143 3866 3176 ww

1454 3264 2413 3394 LACTANTII
2507 3268 2962 3399 VITA.

551 3644 555 3648 ·
629 3620 825 3679 Lucius
845 3618 1041 3675 Crelius
1067 3615 1153 3671 vel
1178 3613 1430 3670 Caecilius
1459 3614 1758 3671 FIBIIANUS
1783 3615 2129 3674 LAC'I‘ANTIUS
2147 3663 2163 3688 ,
2197 3619 2240 3683 C
2276 3621 2512 3692 matique
2537 3619 2605 3674 ad
2635 3620 2746 3675 veri
2781 3619 2874 3676 Dei
2905 3621 3109 3675 cultum
3130 3661 3146 3687 ,
3171 3621 3440 3692 justitiam
3468 3622 3822 3680 disceremus.
3843 3641 3870 3676 ι

559 3731 668 3772 non
702 3718 754 3769 in
786 3713 970 3777 Italia,
1001 3710 1097 3767 setl
1129 3710 1184 3764 in
1215 3707 1392 3764 Africa
1420 3711 1600 3778 potius
1631 3719 1787 3765 natus
1833 3727 1955 3767 esse
2003 3721 2155 3767 recte

555 3808 819 3865 creditur.
852 3805 930 3859 lbi
986 3803 1129 3859 enim
1162 3803 1322 3856 etiam
1353 3801 1791 3857 adolescentulus
1824 3815 2159 3875 praeceptore

558 3915 688 3956 usus
715 3909 798 3953 est
827 3896 1084 3950 Arnobio.
1118 3893 1228 3949 Nec
1253 3908 1370 3947 nios
1393 3893 1491 3946 fuit
1518 3909 1768 3963 umquam
1794 3895 2160 3950 ltomauorum

559 4001 652 4046 aut
699 3989 957 4045 Italorum
1009 3986 1246 4041 Africam
1301 3996 1521 4054 petere,
1556 3994 1614 4039 ut
1642 3972 2013 4057 eloquentiam
2067 3996 2162 4043 aut

560 4083 815 4140 scientias
863 4081 1261 4145 edocerentur;
1299 4081 1407 4134 imo
1441 4079 1550 4134 Afri
1584 4079 1639 4134 in
1667 4080 1871 4137 Italiam
1917 4083 2161 4154 discipli-

563 4192 753 4230 narum
803 4182 894 4228 aut
943 4175 1140 4227 artium
1169 4171 1552 4227 diseendarum
1605 4189 1734 4244 ergo
1780 4176 2164 4247 immigrabant

562 4266 882 4335 saepissime.
917 4263 1070 4319 Tunc
1100 4274 1281 4319 autem
1313 4263 1483 4319 Siecm
1513 4263 1596 4336 (l)
1629 4266 1958 4322 rhetoricam
2005 4267 2167 4324 doce-

568 4360 658 4414 bat
687 4355 998 4422 Arnobius,
1048 4371 1209 4424 quem
1243 4371 1348 4409 non
1395 4357 1628 4426 aequavit
1658 4358 1847 4423 modo,
1881 4360 1975 4416 sed
2006 4362 2168 4416 etiam

570 4451 699 4506 vicit
741 4447 954 4504 dicendi
997 4448 1268 4504 suavitate
1301 4447 1611 4505 Lactantius
1634 4491 1648 4516 ,
1683 4453 1753 4506 ita
1783 4454 2090 4510 nominatus
2136 4470 2165 4509 a

571 4546 740 4600 lactea
765 4585 781 4608 ,
825 4554 884 4596 ut
911 4543 1098 4608 aiunt,
1133 4541 1462 4610 eloquentia.
1499 4543 1654 4598 Circa
1679 4559 1878 4599 annum
1905 4545 2012 4602 290
2031 4588 2045 4611 ,
2075 4546 2170 4602 Ni-

569 4635 872 4693 eomediam
923 4635 1131 4688 accitus
1175 4644 1260 4689 est
1307 4635 1409 4689 sub
1464 4636 1834 4703 Diocletiano,
1867 4646 1924 4694 ut
1967 4639 2172 4695 litteras

573 4731 840 4787 oratorias
860 4727 1106 4782 doceret.
1135 4727 1389 4783 Testatur
1417 4730 1600 4800 itaque
1646 4731 1789 4787 hunc
1815 4734 1871 4788 S.
1907 4734 2175 4807 llierony-

577 4839 698 4879 mus
719 4823 804 4893 (de
825 4821 1000 4890 Scrip.
1021 4820 1228 4892 eccles.)
1251 4821 1306 4877 '0
1325 4821 1696 4900 30mopcx6v.id
1713 4835 1815 4891 est,
1833 4826 2174 4883 ltinerarium

577 4933 734 4974 suum
761 4933 826 4972 ex
857 4914 1040 4971 Alriea
1066 4914 1437 4970 Nicomediam
1470 4934 1638 4988 usque
1671 4919 2000 4976 hexametris
2051 4937 2177 4977 ver-

581 5013 730 5066 sibus
759 5009 1136 5081 descripsisse.
1188 5010 1342 5064 lllutn
1392 5011 1624 5066 ethnicis
1667 5013 1983 5082 parentibus
2009 5014 2178 5072 fuisse

584 5113 942 5172 prognatum,
973 5110 1136 5171 atque
1185 5118 1373 5157 eorutn
1418 5118 1632 5159 errores
1683 5117 1804 5160 cum
1836 5105 1974 5162 lacte
2020 5107 2180 5162 simul

591 5194 838 5250 hausisse
888 5195 1165 5265 colligitur
1212 5210 1280 5250 ex
1336 5211 1403 5250 eo
1429 5237 1443 5259 ,
1496 5199 1636 5266 quod
1667 5197 1735 5253 de
1763 5216 1822 5253 se
1855 5201 1969 5269 ipse
1996 5200 2140 5254 dicat
2161 5240 2178 5267 ,

590 5287 872 5358 Epitomes
899 5289 1074 5356 capite
1100 5287 1191 5354 48,
1225 5290 1386 5359 paulo
1412 5303 1540 5345 ante
1563 5294 1720 5345 linem
1748 5310 1760 5346 :
1793 5311 1812 5344 ί
1839 5291 1951 5348 Nos
1981 5295 2068 5363 qui
2092 5308 2186 5348 su-

588 5397 711 5436 mus
752 5395 816 5434 ex
850 5379 1150 5446 Gentibus;
1193 5399 1211 5434 ι
1247 5392 1302 5437 et
1353 5383 1504 5437 initio
1533 5384 1728 5451 capitis
1771 5384 1807 5439 2
1833 5385 1900 5440 de
1929 5386 2010 5440 Ira
2043 5387 2137 5442 Dei
2169 5403 2184 5442 :

597 5492 617 5526 ι
656 5472 894 5529 Liberali
925 5473 994 5526 ab
1038 5487 1227 5529 errore
1260 5491 1368 5545 quo
1396 5476 1653 5545 implicati
1701 5479 2037 5548 tenebamur,
2073 5479 2184 5536 for-

669 5649 955 5737 (1).Si£ca,
988 5650 1114 5737 urbs
1141 5650 1364 5737 Africae.
1387 5655 1619 5737 propria}
1640 5674 1672 5737 ;_
1709 5669 2035 5730 vocaturque
2084 5663 2185 5718 ali-

596 5720 812 5805 quando
840 5720 1266 5805 Siccaj’eneria,
1287 5726 1366 5805 vel
1388 5720 1550 5781 Sicca
1579 5727 1811 5805 Colonia.
1840 5720 2189 5791 Sicéesitanus

598 5793 870 5878 episfppus
913 5793 1572 5878 legiturapudﬁfictorein
1606 5799 1880 5860 Vitensem
1925 5804 1976 5860 in
2019 5803 2187 5864 histo-

601 5867 681 5926 ria
706 5865 1106 5924 Persecutionis
1138 5865 1460 5926 Vandalicas.
1827 5878 1841 5946 ρ

2260 3713 2350 3768 Sic
2371 3724 2425 3769 et
2450 3714 2589 3769 libro
2618 3729 2725 3780 vn,
2756 3713 2933 3783 capite
2966 3715 3158 3768 ultimo
3179 3716 3256 3769 ait
3286 3733 3297 3768 :
3337 3733 3356 3766 ί
3391 3715 3635 3784 Abjectis
3664 3716 3881 3771 errori-

2263 3805 2396 3866 bus,
2429 3807 2625 3876 quibus
2652 3816 2808 3861 antea
2863 3806 3204 3871 tenebamur,
3249 3807 3316 3862 ad
3362 3816 3568 3863 azterua
3629 3807 3885 3865 caelestis

2266 3898 2504 3953 thesauri
2536 3900 2754 3966 prmmia
2783 3898 3101 3968 dirigamur.
3141 3919 3160 3951 ›

2268 4029 2276 4056 η
2337 3991 2456 4058 Quo
2485 4007 2611 4045 vero
2639 4001 2883 4061 tempore
2913 3991 2979 4045 ad
3009 3991 3361 4046 Christianam
3408 3993 3724 4064 religionem
3769 4007 3877 4048 ac-

2268 4085 2532 4149 cesserit,
2562 4093 2716 4140 certo
2752 4100 2860 4139 non
2890 4093 3146 4150 constat;
3183 4087 3319 4140 forte
3352 4095 3530 4142 tamen
3559 4102 3702 4141 anno
3731 4085 3873 4154 295,

2270 4185 2327 4232 ut
2351 4179 2460 4246 jam
2481 4177 2737 4231 diximus.
2770 4177 3131 4232 Nihilominus
3162 4187 3247 4232 sat
3274 4179 3429 4234 nobis
3471 4188 3556 4235 est
3585 4194 3835 4235 asserere
3865 4222 3879 4243 ,

2271 4272 2418 4326 illum
2468 4282 2595 4326 ante
2626 4273 2914 4338 incmptam
2947 4271 3047 4324 sub
3075 4269 3449 4339 Diocletiano,
3497 4287 3640 4326 anno
3666 4271 3888 4327 scilicet

2271 4364 2396 4430 505,
2433 4362 2861 4433 persecutionem
2889 4362 3114 4418 caeleste
3147 4363 3324 4417 lumen
3357 4363 3624 4433 attigisse.
3657 4361 3715 4417 Id
3744 4362 3871 4417 col—

2273 4458 2454 4529 ligitur
2481 4474 2547 4512 ex
2581 4458 2684 4512 hoc
2717 4458 3030 4512 Divinarum
3063 4457 3470 4512 lnstitutionum
3501 4459 3623 4512 loco
3649 4456 3782 4529 (lib.
3816 4471 3881 4525 v,

2274 4568 2390 4619 cap.
2416 4553 2450 4606 4
2471 4590 2488 4618 ,
2517 4552 2711 4622 initio.)
2745 4567 2758 4604 :
2796 4570 2814 4603 ‹
2845 4550 2980 4605 Cum
3014 4561 3284 4621 praesente
3309 4566 3419 4616 me,
3452 4551 3649 4620 inquit,
3675 4565 3740 4605 ac
3770 4549 3881 4604 do-

2275 4644 2449 4708 lente,
2504 4644 2794 4714 sacrilegas
2824 4645 3031 4699 litteras
3077 4659 3204 4698 suas
3245 4644 3649 4715 explicassent,
3689 4661 3708 4695 ι
3765 4642 3883 4699 duo

2278 4735 2582 4805 pltilOSOphi
2610 4735 2858 4790 acerrimi
2889 4734 3306 4790 Christianorum
3331 4734 3656 4790 adversarii.

2351 4849 2564 4905 Litteris
2611 4847 3018 4904 humanioribus
3049 4863 3078 4904 a
3113 4850 3316 4904 teneris
3363 4849 3521 4903 annis
3569 4847 3738 4918 probe
3787 4849 3888 4905 fuit

2281 4943 2528 4997 excultus
2559 4942 2894 5008 Lactantius,
2924 4941 3080 5012 cujus
3113 4958 3333 5012 praecox
3385 4943 3665 5012 ingenium
3716 4952 3887 4998 testa-

2289 5043 2374 5088 tur
2397 5035 2759 5106 Symposium,
2783 5035 2926 5105 quod
2951 5035 3392 5090 adolescentulus
3412 5034 3629 5105 scripsit
3653 5036 3703 5089 in
3728 5037 3890 5091 scho-

2290 5125 2357 5179 lis
2401 5127 2614 5181 Al‘ricaa.
2648 5126 2778 5180 Illud
2811 5138 2990 5182 autem
3027 5143 3132 5180 nou
3166 5138 3417 5197 putamus
3443 5142 3596 5194 esse,
3626 5128 3772 5198 quod
3802 5141 3885 5184 ta-

2292 5233 2414 5272 men
2447 5228 2568 5288 post
2613 5218 2990 5273 Heumamtum
3023 5230 3079 5275 et
3121 5221 3533 5276 Bunemannum
3565 5221 3839 5277 edidimus
3871 5238 3886 5276 :

2291 5327 2427 5382 Opus
2457 5327 2586 5368 Sane
2607 5314 2846 5384 juvenile
2876 5315 2960 5369 vel
2992 5315 3152 5369 etiam
3183 5316 3390 5385 puerile
3413 5356 3428 5381 ,
3457 5316 3510 5369 in
3535 5330 3642 5386 quo
3671 5325 3888 5370 centum

2296 5407 2541 5475 quaedam
2591 5406 2932 5478 explicantur
2980 5408 3284 5478 aenigmata.
3338 5407 3546 5463 Forsan
3597 5416 3891 5479 antequam

2296 5499 2605 5557 christiana:
2633 5503 2838 5558 militiae
2885 5517 3083 5558 nomen
3111 5502 3270 5558 daret
3298 5545 3312 5569 ,
3345 5503 3578 5558 Carmen
3625 5503 3695 5558 de
3724 5503 3890 5560 Plite-

2298 5596 2414 5652 uice
2447 5597 2703 5666 vulgavit,
2729 5597 2894 5666 quod,
2923 5605 3060 5652 teste
3090 5596 3314 5653 Heinsio
3355 5597 3583 5666 aliisque
3603 5596 3736 5652 viris
3759 5597 3893 5652 doc-

2296 5689 2392 5756 tis,
2424 5701 2506 5745 sat
2531 5702 2615 5747 est
2642 5691 2895 5762 elegans,
2928 5701 2989 5746 ut
3032 5691 3230 5746 ascribi
3263 5690 3544 5746 Lactantio
3575 5692 3782 5762 possit,
3813 5692 3892 5748 ei-

2293 5799 2397 5856 que
2427 5800 2617 5841 revera
2644 5787 2935 5841 aseribitur
2965 5785 3285 5856 quibusdam
3311 5785 3366 5840 in
3413 5785 3818 5854 manuscriptis.

2293 5879 2620 5951 gQuamvis
2648 5879 2974 5953 eloquentia:
3000 5881 3156 5938 daret
3181 5890 3428 5952 cperam,
3455 5879 3894 5953 rbetorieamque
