4104 6368
239 267 321 342 7‘!

1346 274 1760 343 TESTIMONIA
1800 282 1891 341 DE
1928 278 2341 345 LACTANTIO.
3495 294 3563 353 78

250 402 501 467 duceret,
537 396 711 455 forum
740 405 917 455 tamen
949 406 1214 470 nusquam
1243 401 1444 473 attigit,
1468 399 1585 471 sed,
1621 400 1739 473 ipso
1766 400 1846 455 ia-
1877 417 1925 476 Α
1952 404 2232 475 republica
2264 410 2381 461 erat
2434 408 2732 476 occupatus
2752 445 2769 472 ,
2810 406 2868 462 ut
2897 403 3231 463 exercitibus
3261 420 3565 481 praeesset,

253 504 403 550 lente
422 533 437 560 ,
466 486 535 549 ad
562 500 807 564 argutam
839 490 1097 550 malitiam
1115 492 1346 565 juvenes
1368 490 1684 559 erudiebat;
1715 494 1857 566 quod

252 596 306 643 et
323 586 696 655 Quintilianus
718 582 889 641 multo
907 595 1036 642 ante
1060 585 1395 642 Lactantiutn
1419 587 1570 655 fecit,
1593 591 1734 643 sicut
1752 597 1860 643 tes-

254 689 443 736 tantur
469 680 589 749 ejus
620 678 1074 735 Deciamationes.
1105 680 1171 736 Ut
1197 688 1380 736 autem
1404 688 1618 752 tempus
1637 687 1857 745 tereret,

252 774 543 844 aliumque
565 773 723 830 dulce
754 770 1100 840 honestaret,
1134 788 1194 831 se
1219 783 1438 845 propter
1476 773 1861 846 discipulorum

253 866 544 937 penuriam
588 865 659 921 ad
698 866 1043 923 scribendum
1086 868 1352 937 contulit,
1393 869 1558 924 etiam
1606 851 1865 937 suscepta

252 960 529 1030 religione
551 957 869 1014 christiana.
899 956 1041 1016 Hinc
1070 972 1398 1017 emanarunt
1424 976 1587 1032 opera
1616 961 1863 1032 quaedam

254 1051 330 1107 ab
351 1067 420 1107 eo
448 1053 683 1121 vulgata,
717 1052 787 1107 de
807 1054 1002 1124 quibus
1043 1064 1209 1124 supra
1245 1054 1480 1110 diximus
1524 1052 1866 1112 Prtefattionis

252 1154 465 1201 nostra:
483 1162 535 1216 p.
551 1160 643 1200 nv
658 1144 777 1219 (cal.
793 1146 948 1216 hujus
964 1148 1118 1202 ed.'ii
1130 1148 1303 1217 ).Post
1315 1146 1566 1219 adeptam
1581 1150 1866 1206 veritatem

252 1235 590 1294 Nicomedia:
603 1249 972 1294 commoratus
983 1251 1065 1295 est
1078 1239 1389 1296 Lactantius
1401 1240 1468 1295 ad
1480 1255 1683 1295 annum
1698 1255 1869 1311 usque

255 1330 406 1396 517;
440 1330 511 1386 ibi
539 1344 673 1402 ergo
702 1328 804 1386 fuit
832 1339 947 1388 toto
992 1331 1294 1410 decenpio,
1342 1346 1450 1404 quo
1478 1328 1653 1388 saeviit
1682 1331 1871 1388 odiosa

254 1421 569 1495 principum
609 1420 925 1480 crudelitas.
957 1422 1095 1493 Quid
1138 1424 1240 1481 hac
1268 1424 1483 1481 furente
1514 1422 1736 1493 fecerit,
1766 1440 1869 1496 qua

254 1516 478 1574 ratione
506 1518 623 1588 ipse
649 1519 981 1575 christianos
1025 1520 1078 1574 in
1109 1527 1218 1576 tam
1269 1508 1491 1575 horrida
1543 1527 1871 1591 tempestate

254 1625 487 1672 catenas
530 1624 623 1671 aut
652 1615 866 1672 vincula
895 1614 1182 1687 effugerit,
1215 1616 1464 1688 ignotum
1495 1618 1719 1672 omnino
1765 1626 1869 1671 est.

254 1708 362 1766 liie
384 1708 616 1767 fortasse
664 1726 693 1766 a
737 1710 1072 1782 principibus
1101 1726 1166 1770 ac
1205 1711 1528 1784 praesidibus
1558 1728 1665 1766 non
1695 1706 1873 1767 chris-

1961 496 2152 554 consui
2179 499 2472 569 eligeretur
2503 499 2658 553 annis
2688 498 2815 565 3i8,
2845 498 2947 556 521
2984 512 3036 556 et
3066 499 3196 567 524,
3227 501 3563 561 Francorum

1961 592 2134 647 victor
2157 606 2303 647 anno
2327 591 2456 658 5‘20,
2481 604 2645 663 atque
2672 592 2862 647 Licinii
2893 607 3039 649 anno
3064 595 3192 663 513,
3224 596 3406 653 fuerit.
3436 597 3572 655 Hinc

1963 684 2150 741 videas
2179 685 2313 742 illud
2339 685 2578 741 officiunt
2612 685 2877 742 Lactantii
2907 688 3258 755 litterarium,
3292 693 3573 764 egregium

1964 776 2263 848 quidem,at
2278 795 2377 836 nec
2392 780 2719 847 servile,nec
2736 780 3120 846 domeSticum,
3141 799 3242 839 nec
3259 784 3477 839 tandem
3498 784 3573 840 ita

1966 880 2285 940 perpetuum
2316 872 2504 935 fuisse,
2533 882 2590 925 ut
2619 886 2648 925 a
2681 872 2974 927 scribendo
2994 875 3392 931 deterreretur.
3422 876 3576 933 Tunc

1967 981 2097 1037 ergo
2119 966 2339 1023 molitus
2362 977 2445 1023 est
2471 966 2783 1022 Divinarum
2801 967 3209 1024 lnstitutionum
3235 986 3372 1042 opus
3390 1012 3406 1037 ,
3433 969 3576 1039 quod

1970 1056 2118 1130 prius
2150 1077 2254 1116 non
2279 1061 2440 1117 modo
2467 1059 2646 1118 fuerat
2675 1062 2988 1130 meditatus,
3016 1063 3111 1119 sed
3143 1064 3209 1119 ad
3240 1065 3381 1135 quod
3413 1063 3574 1120 etiam

1969 1155 2333 1209 extruendum
2381 1154 2620 1209 eruditas
2673 1153 3202 1222 animadversiones,
3237 1167 3397 1227 prout
3438 1168 3578 1212 tem-

1971 1260 2102 1315 pora
2130 1246 2364 1315 dabant,
2396 1245 2622 1318 privatis
2651 1245 2857 1302 chartis
2884 1246 3034 1303 haud
3082 1249 3247 1305 dubie
3294 1251 3582 1321 consigna.

1971 1350 2145 1394 verat.

2045 1431 2167 1486 Alia
2196 1432 2360 1487 etiam
2386 1431 2573 1499 edidit,
2605 1432 2673 1487 de
2693 1433 2895 1504 quibus
2928 1432 3040 1505 jam
3062 1435 3276 1506 egimus
3298 1435 3352 1491 in
3378 1436 3585 1493 Praefa-

1974 1524 2141 1578 tione.
2173 1524 2373 1580 Verom
2395 1525 2463 1580 ab
2491 1539 2560 1581 eo
2590 1534 2838 1594 tempore
2868 1542 2977 1598 quo
3005 1528 3258 1599 Crispum
3289 1528 3438 1585 «adiit
3459 1570 3472 1596 ,
3508 1528 3586 1585 nil

1973 1614 2041 1670 de
2068 1616 2351 1672 Lactantio
2374 1632 2475 1674 nec
2504 1619 2609 1682 sui,
2644 1633 2747 1675 nec
2772 1620 3115 1691 sequentium
3149 1631 3455 1692 temporum
3490 1634 3591 1678 no-

1977 1715 2090 1762 tant
2144 1707 2408 1765 historici.
2455 1706 2513 1765 id
2560 1709 2740 1765 solum
2788 1710 3048 1768 observat
3096 1712 3372 1769 Eusebius
3416 1716 3591 1770 virum

255 1803 484 1870 tianns,
529 1802 625 1859 sed
657 1802 1011 1875 philosophus
1038 1805 1218 1876 potius
1248 1805 1570 1861 habebatur.
1607 1803 1699 1863 Sic
1724 1804 1870 1860 enim
1978 1798 2144 1865 hunc,
2196 1816 2358 1872 quem
2408 1802 2921 1872 eloquentissimum
2947 1845 2961 1870 ,
2995 1821 3159 1875 quem
3212 1806 3590 1861 doctissimum

260 1895 344 1953 de
369 1896 680 1953 christianis
709 1899 787 1953 ait
816 1900 932 1969 ipse
961 1900 1053 1970 (de
1080 1898 1304 1969 Opiﬁcio
1332 1898 1451 1966 Dei,
1481 1914 1529 1953 c.
1561 1901 1585 1955 1
1613 1940 1627 1964 ,
1656 1896 1830 1970 initio)
1859 1910 1873 1953 :

268 2007 292 2044 ι
332 1988 453 2056 Quo
480 1989 788 2061 philosophi
817 2000 1020 2048 neStrae
1063 1994 1227 2048 secta:
1248 2033 1264 2060 ,
1295 2006 1457 2063 quam
1489 2000 1729 2056 tuemur,
1764 1988 1884 2068 ius:

260 2086 568 2143 tructiores
595 2084 983 2156 doctioresque
1035 2086 1087 2141 in
1120 2095 1400 2157 posterum
1433 2085 1585 2140 fiant.
1622 2104 1641 2138 ι
1676 2085 1771 2141 liis
1799 2084 1880 2139 In-

261 2180 431 2237 terim
460 2181 926 2251 elegantissimum
952 2181 1151 2236 librum
1176 2180 1387 2250 scripsit
1414 2182 1483 2235 de
1503 2180 1731 2252 Opilicio
1758 2179 1876 2245 Dei,

259 2275 418 2349 Ston
446 2285 621 2331 tamen
654 2290 803 2332 ntere
834 2275 1206 2347 pltilowphico
1231 2318 1246 2342 ,
1277 2275 1524 2346 aliosque
1546 2273 1878 2339 nennnllos;

261 2380 441 2441 atque
469 2370 758 2426 consilium
787 2379 914 2425 tunc
941 2368 1063 2424 iniit
1088 2377 1283 2424 contra
1310 2367 1668 2439 philosophos
1691 2382 1882 2423 omnes

265 2462 622 2532 disputandi,
651 2474 708 2518 ut
738 2477 902 2518 vanas
928 2478 1119 2519 eorum
1147 2462 1420 2519 refelleret
1445 2461 1755 2534 opiniones,
1785 2474 1882 2517 ve-

267 2554 615 2626 ritatemque
663 2563 964 2626 esponeret
1008 2569 1072 2611 ac
1116 2558 1525 2629 pmpttgnaret:
1559 2566 1668 2609 non
1697 2561 1879 2609 autem

269 2646 427 2706 istud
469 2663 533 2703 eo
565 2654 811 2717 tempore
836 2647 904 2703 ad
948 2660 1266 2719 prosperum
1320 2646 1624 2703 adduxerat
1651 2644 1883 2703 exitum.

271 2742 448 2801 Anno
478 2757 608 2798 vero
633 2742 739 2799 5ίῖ
764 2742 1070 2809 desinente,
1097 2743 1150 2797 in
1179 2740 1432 2806 Galliam,
1455 2740 1770 2796 Nicomedia
1797 2753 1886 2795 re-

269 2838 431 2901 liCta,
463 2839 759 2893 accersitus
783 2845 888 2900 est,
911 2846 967 2891 ut
987 2835 1191 2906 Crispi,
1217 2850 1427 2906 magum
1455 2834 1569 2906 spei
1604 2834 1883 2905 principis,

272 2930 381 2986 ﬁlii
408 2928 752 2984 Constantini
783 2937 911 2985 natu
941 2927 1184 2995 maximi,
1213 2926 1515 2999 iuvenilem
1546 2934 1762 2984 telatem
1794 2943 1890 2981 no-

271 3022 568 3081 bilioribus
589 3023 800 3078 artibus
828 3039 894 3079 ac
923 3023 1171 3079 scientiis
1198 3023 1537 3079 informaret.
1568 3022 1720 3079 Tunc
1745 3023 1889 3078 enim

279 3115 467 3172 solum
498 3115 819 3186 vigesimum
865 3117 1041 3171 matis
1088 3131 1288 3171 annum
1346 3116 1597 3187 attigerat
1626 3115 1848 3187 Crispus
1872 3157 1889 3182 ,

1980 1894 2238 1964 appellat,
2270 1893 2407 1950 adeo
2433 1895 2501 1949 ab
2525 1894 2719 1950 aulicis
2750 1895 3106 1953 abhorruisse
3135 1897 3370 1965 deliciis,
3395 1899 3591 1953 vitam-

1981 2003 2086 2057 que
2115 1996 2262 2041 tanta
2296 1987 2349 2042 in
2384 1998 2625 2059 egestate
2654 1988 2869 2060 degisse
2892 2031 2909 2058 ,
2944 2000 3004 2047 ut
3028 2006 3175 2055 same
3205 1993 3370 2048 etiam
3399 2007 3591 2048 neces-

1982 2079 2144 2135 sariis
2172 2079 2460 2150 indigeret,
2488 2081 2636 2153 quod
2663 2091 2749 2137 est
2767 2082 2888 2153 ejus
2915 2084 2968 2138 in
2997 2083 3300 2140 christiana
3329 2086 3598 2157 religione

1982 2173 2318 2228 inconcussa:
2343 2178 2665 2230 constantiae
2694 2188 3102 2247 argumentum.
3135 2178 3283 2234 Talis
3311 2194 3445 2235 sane
3475 2186 3597 2236 erat

1983 2268 2246 2325 Lactantii
2280 2266 2504 2339 penuria
2534 2279 2828 2341 antequam
2860 2270 3054 2341 Crispo
3083 2268 3290 2327 Caesari
3323 2273 3462 2329 foret
3491 2272 3594 2328 ad-

1984 2361 2182 2418 dictus.
2213 2361 2325 2418 Nec
2348 2366 2543 2418 mirum
2560 2364 2720 2433 igitur
2741 2365 2785 2417 si
2806 2370 2957 2417 tanto
2986 2365 3193 2428 animo,
3220 2365 3265 2419 si
3296 2375 3443 2420 tanta
3465 2380 3595 2421 cura

1985 2454 2173 2510 laudes
2199 2453 2444 2510 efiundat
2489 2457 2543 2510 in
2596 2465 2972 2526 paupertatem
3004 2457 3398 2527 evangelicum.
3434 2458 3601 2513 Dttbi-
3662 2453 3676 2464 ’

1988 2558 2136 2605 tetne
2178 2551 2445 2620 quispiam
2473 2591 2487 2616 ,
2515 2547 2645 2620 quin
2673 2548 2906 2605 Caesaris
2925 2561 3249 2621 praeceptor,
3281 2565 3444 2621 quem
3465 2548 3601 2607 tanti

1987 2642 2218 2698 faciebat
2250 2642 2640 2698 Constantinus
2670 2641 2917 2713 Magnus,
2950 2642 3205 2713 princeps
3229 2644 3511 2700 benelicus
3537 2660 3601 2700 ac

1988 2737 2230 2793 liberalis
2260 2738 2309 2791 itt
2343 2752 2559 2804 omnes,
2585 2738 2932 2794 sanctissime
2950 2738 3166 2800 vixerit,
3194 2738 3288 2809 qui
3310 2755 3444 2809 opes
3466 2779 3478 2803 ,
3504 2740 3597 2811 qui

1990 2828 2301 2901 dignitates,
2333 2832 2424 2901 qui
2456 2830 2692 2885 honores
2714 2831 2928 2901 aliaque
2958 2831 3099 2885 bona
3130 2831 3365 2885 calcavit
3396 2844 3600 2886 morta-

1991 2922 2060 2979 lia
2094 2943 2107 2980 :
2136 2924 2228 2996 qui
2258 2923 2492 2997 denique
2519 2924 2772 2996 Crispum
2798 2925 3129 2996 discipulum
3160 2924 3238 2981 sic
3270 2925 3523 2989 instituit,
3550 2931 3609 2981 ut

1993 3018 2137 3074 hunc
2182 3018 2451 3074 Eusebius
2499 3018 2857 3074 Caesariensis
2911 3018 3213 3088 principem
3243 3018 3510 3089 optimum
3552 3028 3609 3075 et

1995 3112 2107 3167 Deo
2136 3112 2360 3167 charum
2397 3113 2773 3183 appellaverit.

278 3223 410 3267 cum
462 3223 492 3263 a
542 3221 695 3279 patre
739 3209 920 3265 CaeSar
946 3207 1119 3265 factus
1149 3218 1265 3274 est,
1309 3224 1453 3265 anno
1492 3206 1618 3277 317,
1651 3206 1971 3272 kalendisC
2074 3208 2191 3276 Quo
2238 3222 2421 3274 anno,
2470 3207 2553 3261 vel
2597 3225 2700 3277 qua
2749 3209 2802 3262 in
2836 3208 2969 3264 urbe
3020 3209 3219 3265 obierit
3251 3208 3606 3282 Lactantius,

280 3298 521 3366 martiis,
551 3312 609 3355 ut
640 3309 905 3357 testantur
930 3300 1164 3357 ldaciani
1193 3292 1362 3357 Fasti.

360 3395 532 3464 Hujus
580 3404 688 3450 tam
725 3396 1007 3464 praeclari,
1043 3395 1437 3465 nobiliorisrjue
1484 3395 1728 3449 muneris
1772 3406 1903 3449 nus-

282 3502 453 3557 quam
486 3488 539 3542 in
562 3487 780 3557 scriptis
802 3489 916 3542 suis
939 3488 1181 3543 memittit
1204 3486 1549 3553 Lactantius;
1582 3494 1747 3541 tantm
1771 3496 1892 3542 mo—

284 3579 486 3637 destia:
533 3580 634 3637 fuit
679 3582 763 3637 vir
811 3582 904 3638 ille
946 3581 1385 3639 eruditissimus!
1428 3576 1649 3651 Crispus
1681 3588 1897 3645 autem,

286 3674 549 3745 quamvis
566 3673 802 3743 juvenis,
822 3674 1155 3730 moderatam
1184 3681 1364 3729 tamen
1387 3670 1569 3727 studio
1599 3672 1902 3726 litterarum

286 3766 532 3823 navabat
573 3780 794 3839 operam
814 3809 827 3833 ,
863 3782 927 3823 ac
956 3766 1148 3823 eodem
1203 3775 1449 3836 tempore
1478 3764 1548 3818 ita
1580 3764 1633 3818 in
1658 3763 1896 3835 gerenda

2004 3303 2228 3357 omnino
2279 3304 2542 3356 incertum
2585 3311 2713 3356 est:
2747 3302 2906 3359 facile
2951 3314 3129 3358 tamen
3158 3307 3434 3361 assentior
3483 3307 3612 3362 viris

2004 3393 2332 3449 doctissimis
2349 3392 2683 3464 Christopho
2703 3378 2960 3449 Brom-0
2990 3406 3043 3449 et
3069 3396 3293 3467 Egidit)
3319 3399 3609 3467 But-herio,

2004 3485 2093 3555 qui
2126 3485 2366 3552 tradunt,
2388 3502 2510 3540 eum
2531 3486 2772 3541 Treviris
2793 3502 2897 3542 non
2919 3488 3092 3542 solum
3112 3502 3411 3544 estremam
3435 3489 3612 3560 egi~se

2007 3588 2366 3642 senectutem,
2389 3578 2482 3633 sed
2526 3588 2580 3634 et
2616 3595 2928 3648 supremum
2964 3580 3106 3635 diem
3143 3581 3347 3636 obiisse
3371 3622 3387 3647 ,
3413 3597 3517 3651 qua
3556 3582 3611 3636 in

2007 3672 2141 3726 urbe
2181 3671 2276 3725 diu
2324 3681 2568 3725 moratus
2602 3666 2697 3725 fuit
2743 3671 2999 3743 Crispus,
3040 3672 3106 3726 ad
3144 3689 3308 3744 quem
3344 3672 3520 3728 fuerat
3545 3690 3614 3731 ex

2001 3762 2126 3817 Asia
2160 3764 2366 3818 accitus
2394 3772 2583 3817 auctor
2616 3773 2819 3819 noster.

455 4006 1393 4143 INSIGNIUM
1486 3968 2292 4181 VIRORUM
2380 4008 3473 4143 TESTIMONIA

376 4368 517 4481 Ῑιο
567 4363 1319 4483 οεαιιιιο
1374 4358 1885 4472 PIBMJ

1995 4360 2202 4473 IN
2212 4359 2325 4473 0
2388 4360 3534 4483 ΙιΔΟΤΔΝΤῙθο

1603 4588 1967 4609 ρὰ*

383 4727 647 4783 Eusenos
666 4723 1041 4790 Carsariensis,
1067 4723 1120 4776 in
1147 4718 1444 4782 Chronico,
1473 4732 1527 4773 tv
1550 4718 1749 4772 stecnio
1775 4737 1787 4774 :

385 4798 623 4867 Crispum
639 4796 942 4851 Lactantius
963 4796 1137 4849 latinis
1161 4794 1342 4848 litteris
1353 4791 1571 4867 erudiit,
1592 4792 1669 4844 vir
1684 4791 1915 4867 ontnium

308 4886 409 4926 suo
437 4863 662 4940 tempore
683 4869 1146 4940 eloquentissimus,
1177 4866 1265 4920 sed
1294 4864 1423 4940 adeo
1452 4864 1505 4940 in
1532 4863 1762 4940 hac‘oita
1785 4879 1914 4940 pou-

313 4959 429 5012 ριν,
465 4952 519 4996 ut
540 4934 843 5011 plerumque
869 4939 1023 4994 etiam
1051 4938 1353 4993 necessariis
1392 4934 1695 5005 indiguerit,
1729 4938 1918 4989 nedum

314 5013 840 5148 “gallinariae,
869 5082 938 5137 de
964 5079 1329 5150 Scriptoribus
1362 5081 1523 5144 ecc|.,
1554 5095 1584 5132 v
1612 5078 1819 5150 saeculo
1844 5095 1857 5131 :

389 5154 715 5223 Firmium“,
747 5156 837 5227 qui
874 5164 924 5210 et
967 5149 1295 5218 Lactantius,
1336 5151 1553 5206 Arnob“
1593 5149 1884 5220 discipulus
1909 5188 1923 5213 ,

1969 4590 2307 4607 ψ

1943 4725 1997 4787 Ι)
2021 4717 2114 4772 sub
2146 4714 2466 4790 Diocletiano
2485 4715 2717 4790 principe
2737 4715 2931 4768 accitus
2945 4731 3060 4768 cum
3086 4714 3620 4790 Flabogrammatico,

2023 4791 2171 4859 cujus
2190 4790 2252 4840 de
2273 4785 2666 4859 Medicinalibus
2687 4803 2833 4840 versu
2854 4790 3123 4855 compositi
3142 4785 3343 4844 exuunt
3360 4792 3497 4855 libri,
3524 4785 3625 4847 Ni;

2024 4857 2267 4914 comedim
2293 4859 2601 4932 rhetoricam
2628 4857 2822 4932 docuit,
2848 4875 2909 4911 ac
2924 4861 3144 4932 penuria
3169 4862 3539 4932 discipulorum
3563 4866 3626 4920 ob

2028 4932 2260 4986 Gnarum
2291 4930 2523 4983 videlicet
2548 4931 2826 4996 civitatem,
2861 4931 2931 4983 ad
2955 4933 3279 4985 scribendum
3304 4930 3360 4987 se
3384 4940 3626 4992 contulit.

2032 5003 2292 5078 Habetttus
2333 5002 2447 5078 ejus
2477 5001 2833 5078 Lﬁytttpasium,
2862 5003 2997 5078 (Iuntl
3024 5004 3438 5078 adolescentulus
3464 5011 3630 5078 scrip-

2030 5077 2095 5130 sit
2127 5075 2337 5150 Arriae.
2371 5084 2415 5125 et
2435 5071 2861 5150 'Qdomoptxdrde
2881 5071 3629 5150 A[ricaAusqttelVicomcdim'n,

2034 5145 2339 5201 hexmnetris
2364 5148 2610 5214 scriptum
2642 5145 2887 5211 uersibus,
2922 5154 2968 5198 et
2999 5145 3160 5198 alium
3208 5146 3395 5204 librant
3424 5153 3512 5216 qui
3540 5152 3629 5206 in-

1704 5264 2151 5329 ANNUTATION
2162 5270 2261 5327 ES.

394 5393 587 5449 Flabo.
617 5395 707 5450 Sic
736 5393 945 5450 restitui
979 5408 1045 5449 ex
1070 5408 1202 5447 mss.
1234 5393 1260 5447 1
1298 5391 1457 5462 Reg,
1490 5408 1545 5445 η.
1571 5389 1736 5456 5756,
1765 5402 1935 5445 anno-

318 5482 447 5523 rum
469 5465 613 5525 900.
645 5475 700 5521 et
742 5481 757 5520 t
786 5466 1024 5520 Clarom.
1071 5464 1409 5536 approbante
1446 5463 1581 5518 clnr.
1616 5462 1855 5536 B_a_lnzio,
1881 5473 1939 5518 ct

321 5553 358 5595 e
382 5553 539 5621 mss;
551 5536 1101 5621 PP..Capucittorum.
1121 5531 1180 5592 In
1211 5537 1494 5606 impressis
1518 5541 1604 5590 est
1630 5531 1815 5588 Flavio
1831 5551 1849 5600 ;
1882 5534 1934 5617 in

324 5626 461 5677 uno,
493 5608 719 5663 Fannio.
759 5608 765 5609 “
1910 5610 1915 5617 ’

399 5681 625 5750 Scripsit
673 5680 883 5752 Africis.
922 5678 997 5735 ita
1028 5688 1163 5752 mss.
1189 5676 1362 5752 idBeg
1392 5668 1787 5752 'l‘orncsianus,
1820 5688 1875 5734 ct
1907 5678 1928 5733 i

324 5749 568 5810 Clarom.
601 5749 909 5819 nec'male,
940 5760 999 5807 ut
1026 5751 1171 5822 apud
1214 5750 1559 5815 Ciceronem,
1594 5749 1791 5806 Sicilia:
1820 5760 1935 5805 cum

2036 5404 2216 5444 essem.
2245 5385 2304 5442 In
2338 5385 2588 5459 versione
2616 5382 2919 5459 Graecaest
2942 5380 3314 5459 ἑντῇ.’Λφρικῇ.
3344 5382 3638 5452 Supradic-

2040 5472 2145 5516 lant
2180 5460 2507 5514 locutionem
2544 5457 2761 5509 latinam
2813 5455 3128 5523 ignorantes
3154 5455 3410 5510 ‘etliintes
3453 5471 3639 5508 emen-

2038 5532 2171 5587 dare
2216 5532 2522 5589 Voluerunt,
2572 5528 2624 5580 in
2656 5524 2901 5594 pluribus
2946 5525 3107 5580 editis
3141 5524 3376 5580 tnilcntio
3404 5524 3637 5649 AA'l‘lt'CL’;

2040 5606 2092 5649 in
2125 5603 2335 5649 tilluhlls
2366 5600 2728 5649 nrmnonemio
2761 5598 2810 5649 in
2842 5597 3031 5649 scholis
3054 5605 3130 5649 τῶ
3177 5588 3390 5649 scripsi!
3475 5596 3637 5649 frica:

2040 5606 2092 5658 itt
2125 5603 2335 5657 duobus
2366 5588 2732 5672 praeponen'tio
2761 5598 2810 5650 in
2842 5597 3031 5672 scholis
3054 5605 3130 5672 τῷ
3163 5588 3636 5672 ηδενὲρδίῖΑᾸῙνὶεαξ

2041 5676 2093 5731 in
2122 5672 2336 5730 duobus
2362 5671 2485 5725 aliis
2513 5668 2774 5724 mutando
2820 5668 3232 5724 adolescentulus
3264 5672 3316 5723 in
3343 5669 3643 5724 adolescat-

2042 5746 2174 5802 tibus
2200 5787 2214 5812 ,
2244 5744 2315 5799 ita
2347 5751 2406 5797 ut
2435 5741 2644 5812 legatur
2665 5736 3070 5796 adolescentibus
3097 5739 3298 5809 scripsit
3328 5736 3536 5811 Arriae.
3560 5808 3563 5811 Α
