4104 6368
346 272 417 330 81
1387 273 1767 335 SYNTHESIS
1808 274 2178 335 DOCTRINAE
2218 279 2608 340 LACTANTII.
3582 286 3657 344 82

418 386 488 460 Et
512 386 660 445 libro
684 388 876 460 quinto
900 431 912 443 .

415 458 684 514 Judicium
706 458 902 532 'porro,
929 469 984 515 ut
1010 460 1147 526 quod
1175 469 1250 516 est
1291 463 1346 517 in
1375 460 1649 533 prudentia
1685 462 1941 529 naturale,

343 530 519 585 doceri
564 550 666 586 non
719 530 911 599 potest,
961 532 1163 587 elimari
1202 542 1246 587 et
1287 530 1451 589 excoli
1500 544 1691 602 potest:
1725 537 1946 601 primum

346 602 565 674 lectione
589 620 768 658 eorum
795 614 1082 671 auctorum,
1106 605 1192 673 qui
1212 606 1488 674 plurimum
1517 605 1645 659 bono
1664 607 1753 659 illo
1775 607 1949 660 value-

344 684 470 728 runt
494 673 755 733 Platonis.
792 676 1095 738 Ariswtelis,
1131 673 1508 741 Demosthenis,
1538 674 1818 743 Ciceronis,
1853 677 1948 731 Se-

346 761 506 808 necae,
546 746 877 813 Quintiliani,
928 745 1227 813 Plutarchi;
1276 766 1339 803 ea:
1379 750 1564 803 nostris
1614 760 1786 803 autem
1833 747 1947 804 Ori-

346 819 512 888 gent's,
543 816 918 890 Chrysostomi,
952 816 1277 891 Hieronymi,
1307 819 1588 883 Lactantii,
1619 831 1726 875 etc.

413 931 657 1058 i[otiatur-ss
691 932 957 988 ΒΑΜ-ιδῃ
998 932 1146 1002 Plus,
1190 932 1451 989 Aunotat.
1483 949 1534 990 c.
1566 933 1669 1001 98,
1714 949 1805 990 xvt
1841 948 1946 990 sa:-

434 1021 497 1058 o:

340 1016 497 1059 cuto:

411 1075 717 1131 Laclantius
741 1073 1041 1131 Firmianus
1071 1076 1326 1131 maximus
1363 1077 1625 1149 religionis
1652 1092 1784 1132 verte
1824 1093 1946 1148 pro-

340 1157 623 1218 pugnator.

410 1261 724 1320 Gneeonms
762 1262 1033 1319 GIRALDUS
1062 1263 1364 1338 Vettonum,
1411 1264 1632 1337 Dialogo
1658 1267 1847 1338 quinto
1875 1266 1945 1324 de

336 1333 481 1390 Hist.
513 1345 818 1399 poetarum,
845 1349 938 1389 XVI
970 1336 1201 1391 sanenlo:

409 1404 609 1459 Eodem
631 1422 731 1473 quo
759 1405 1019 1479 Juvencus
1051 1418 1274 1477 tempore
1300 1408 1397 1479 fuit
1421 1417 1469 1463 et
1495 1408 1797 1463 Laclantius
1827 1406 1945 1463 Fir-

332 1478 563 1536 mianus.
592 1494 723 1532 unus
762 1477 1065 1546 eloquentia:
1095 1477 1447 1535 Ciceronianus
1482 1484 1614 1535 inter
1638 1480 1943 1534 christianos

333 1549 630 1621 praecipuus
658 1550 945 1612 aemulator,
969 1550 1055 1619 qui
1084 1562 1269 1618 prreter
1309 1567 1372 1606 ea
1393 1594 1405 1615 ,
1433 1568 1547 1621 qua:
1576 1553 1736 1605 multa
1772 1550 1943 1606 soluta

331 1620 569 1674 oratione
594 1621 822 1689 scripsit,
851 1629 898 1675 et
938 1637 1052 1690 qua:
1079 1624 1273 1692 passim
1301 1622 1356 1676 in
1384 1620 1619 1679 manibus
1665 1624 1936 1688 habentur,

328 1706 510 1747 uersus
540 1708 742 1762 quoque
768 1694 1079 1763 composuit,
1112 1702 1219 1749 etc.

404 1801 738 1877 Faauciscns
781 1802 1075 1877 Fcontous,
1121 1804 1534 1862 Subsecivarum
1562 1807 1713 1865 Lect.
1746 1809 1840 1865 lib.
1878 1825 1934 1877 ιι,

334 1887 456 1942 cap.
485 1875 544 1935 4,
579 1890 665 1929 xvi
693 1876 893 1930 smculo
919 1892 934 1931 :

402 1944 709 2000 Lactantius
748 1945 1069 2010 Firntianus.
1117 1948 1327 2002 Arnobii
1354 1950 1579 2015 auditor,
1628 1949 1932 2009 Latinorum

324 2017 584 2083 omnium,
613 2018 703 2079 qui
724 2018 1010 2089 theologica
1033 2029 1337 2087 tractarunt,
1368 2022 1499 2075 citra
1536 2026 1932 2079 controuersiam

323 2088 797 2163 eloquentissimus,
814 2088 1101 2157 nostraeque
1112 2090 1375 2163 religionis
1391 2103 1615 2147 assertor
1631 2097 1929 2161 acerrimus,

322 2160 677 2237 celeberrimi,
701 2162 824 2237 dum
855 2165 1084 2237 uiueret,
1115 2160 1334 2237 nominis
1377 2177 1584 2237 propter
1619 2167 1931 2237 singularem

322 2233 685 2306 attollentia»:
703 2249 735 2287 a
756 2233 1049 2287 christiana
1076 2234 1278 2303 pietatis
1301 2235 1582 2290 cultoribus
1612 2233 1810 2292 habitus
1835 2249 1927 2306 est,

323 2304 580 2380 editisque
628 2320 735 2380 non
786 2306 963 2380 paucis
1008 2306 1419 2380 elegantissimis.
1477 2323 1765 2380 magnaque
1814 2304 1931 2364 erit;

321 2374 525 2428 ditione
552 2376 754 2447 refertis
780 2375 1239 2443 lucubrationibus,
1266 2394 1481 2447 quarum
1507 2374 1638 2432 bona
1666 2374 1785 2446 pars
1806 2381 1927 2435 doc-

321 2454 498 2499 torum
523 2446 757 2501 manibus
787 2447 989 2511 teritur,
1020 2466 1139 2515 pars
1168 2446 1285 2503 vero
1303 2465 1571 2504 commune
1590 2467 1703 2505 cum
1732 2453 1930 2509 cteteris

323 2516 689 2591 Romanorum
716 2520 922 2585 scriptis
958 2520 1287 2591 naufragium
1315 2538 1466 2589 passa
1496 2530 1589 2588 est,
1622 2524 1694 2577 sic
1725 2524 1777 2577 in
1820 2540 1929 2577 om-

322 2589 476 2641 nium
505 2605 592 2664 ore
624 2600 873 2664 versatur.
904 2592 1051 2658 quasi
1089 2589 1349 2664 quiunice
1375 2603 1555 2647 cuncta
1596 2595 1930 2664 philosopho-

318 2675 449 2736 rum
482 2662 723 2736 dogmata
748 2663 1042 2717 christianis
1066 2678 1129 2717 ea:
1158 2663 1409 2717 diametro
1443 2666 1767 2719 adversantia
1797 2662 1931 2736 opti-

321 2731 432 2786 mis
456 2732 743 2789 rationibus
782 2743 1091 2805 pervertens,
1124 2744 1173 2791 et
1205 2736 1520 2807 gravissimis
1554 2731 1840 2804 sententiis,
1882 2746 1930 2793 et

368 2951 2910 2990 mm

1970 393 2025 455 A
2049 394 2171 473 styli
2190 394 2595 473 candoreioiice
2615 398 2680 473 sit
2695 398 3146 473 commendandus.
3177 398 3516 467 Quamobrem
3545 405 3658 473 {ue-

2049 466 2152 519 rint
2182 466 2319 544 licet,
2342 467 2431 536 qui
2461 467 2591 521 alias
2606 469 2885 544 theologia:
2914 480 3081 544 partes
3104 466 3329 544 facilius,
3362 490 3515 544 qnam
3544 466 3653 541 ille,

2050 546 2203 624 atque
2246 539 2679 624 otianuagqntius
2726 539 3063 624 caculaerint,
3093 543 3170 624 in_
3198 543 3261 596 iis
3306 539 3496 609 tamen,
3543 539 3659 616 qua:

2052 608 2121 662 ad
2146 597 2731 688 coq[utan_da_(:eittiitin
2754 613 2848 676 (sic
2874 614 3006 688 enim
3028 597 3336 688 uocabantur
3354 597 3658 688 quicuquue

2051 690 2170 755 ante
2206 680 2396 755 Christi
2416 683 2687 735 adventum
2714 685 2875 753 legem
2901 702 2932 737 a
2958 684 3136 755 Moyse
3158 680 3397 739 traditam
3421 705 3522 741 non
3544 680 3659 743 αἰη-

2049 751 2406 823 plecterentur)
2436 754 2624 823 placitn
2651 751 2909 819 spectant,
2944 751 3091 809 nenia
3121 757 3190 809 ad
3228 758 3359 811 hanc
3388 759 3524 813 diem
3566 776 3658 814 ea:-

2050 823 2149 899 t_itit
2204 833 2474 899 (quantum
2521 826 2724 899 quidem
2773 827 2884 899 ipse
2919 827 3161 898 judicare
3210 830 3375 897 valeo)
3403 832 3490 899 qui
3538 847 3655 885 cum

2049 892 2515 972 Lactanliolongo
2567 892 2836 972 intervallo
2882 892 2947 953 sit
2999 892 3370 972 conferendas}
3408 892 3487 954 uel
3531 902 3655 972 quia

2047 982 2222 1021 rerum
2250 966 2611 1035 verborumque
2641 969 2885 1036 pondere.
2908 986 2968 1023 ac
2991 966 3178 1040 νήεσὰεὶ
3200 972 3423 1038 quadam
3456 966 3655 1027 natura:

2048 1040 2096 1091 ui
2121 1050 2411 1108 susceptum
2440 1049 2618 1092 contra
2645 1041 3013 1096 munitissimus
3040 1043 3353 1096 ethnicorum
3376 1045 3653 1098 sententias

2048 1126 2231 1164 manus
2285 1112 2482 1182 egregie
2533 1111 2660 1173 obit,
2702 1114 2779 1165 vel
2833 1113 2953 1181 quia
2996 1112 3175 1182 paucis
3220 1113 3385 1168 verbis
3429 1113 3656 1182 plurima

2047 1181 2682 1256 coritplect_itur,r_semper
2727 1182 2897 1256 (quod
2950 1181 3014 1237 de
3069 1181 3368 1253 Thucydide
3427 1181 3656 1255 perhibet

2049 1251 2126 1325 Μ.
2162 1250 2387 1325 Tullius)
2413 1252 2507 1307 sibi
2534 1250 3052 1325 instans,nullasque
3089 1250 3288 1321 sordes,
3306 1265 3364 1308 ut
3393 1250 3483 1310 alii
3521 1274 3657 1310 cont-

2048 1324 2221 1390 plures
2251 1327 2481 1395 faciunt,
2510 1341 2680 1379 secum
2708 1329 2936 1379 trahens.
2971 1326 3122 1393 Quod
3150 1329 3249 1380 nisi
3289 1336 3393 1380 tam
3433 1329 3654 1384 eatimius

2047 1405 2225 1449 auctor
2251 1396 2476 1466 plurima
2517 1397 2824 1466 scripsisset,
2856 1398 2909 1450 in
2931 1397 3113 1468 quibus
3149 1398 3236 1451 via:
3275 1399 3455 1453 credas
3490 1400 3655 1454 virum

2046 1475 2150 1520 tam
2181 1468 2381 1521 curiose
2411 1471 2463 1521 in
2484 1468 2644 1522 sacris
2675 1469 3009 1539 profanisque
3033 1468 3215 1523 litteris
3249 1481 3503 1523 versatum
3546 1470 3654 1525 labi

2048 1539 2291 1611 potuisse,
2340 1554 2464 1593 eum
2508 1554 2676 1593 unum
2715 1556 2780 1593 ea:
2814 1539 3049 1594 omnibus
3087 1539 3261 1594 latinis
3299 1541 3653 1611 Scriptoribus

2045 1610 2269 1665 maxime
2312 1610 2637 1681 deligendum
2665 1627 2941 1678 censerem,
2986 1612 3075 1681 qui
3115 1614 3289 1681 pueris
3323 1616 3379 1666 in
3419 1610 3654 1669 inanibus

2044 1697 2244 1747 semper
2274 1694 2434 1748 esset,
2462 1691 2517 1735 ut
2545 1682 2720 1735 eodem
2749 1694 2972 1752 tempore
3000 1683 3080 1736 illi
3116 1698 3178 1736 ea:
3217 1683 3370 1738 unius
3412 1683 3649 1750 lectione,

2045 1763 2092 1826 et
2118 1753 2414 1808 christiana:
2440 1752 2561 1821 ﬁdei
2585 1754 2897 1822 rudimenta,
2931 1766 2978 1809 et
3008 1753 3232 1809 Romani
3271 1756 3520 1810 sermonis
3551 1772 3653 1826 pu-

2045 1825 2247 1878 ritatem
2274 1826 2544 1889 discerent,
2576 1833 2685 1878 etc.

1968 1902 2019 1964 Β
2117 1915 2427 1974 Guumuus
2449 1919 2759 1983 Camenas,
2783 1915 2984 1974 Novar.
3007 1917 3159 1975 Lect.
3188 1918 3282 1975 lib.
3312 1933 3391 1986 ιιι,
3415 1933 3533 1990 cap.
3556 1918 3651 1986 30,

2040 2003 2128 2042 XVI
2160 2003 2361 2042 81130010
2383 2008 2396 2042 Ζ

2114 2004 2128 2042 ι
2160 1991 2396 2045 sarculo:

2114 2059 2277 2126 Quem
2324 2062 2458 2133 inter
2500 2062 2707 2120 Graecos
2756 2061 3020 2133 theologos
3060 2061 3232 2116 locum
3286 2060 3653 2133 Nazianzenus

2039 2129 2319 2202 Gregorius
2360 2132 2592 2202 obtinet,
2633 2150 2747 2189 eum
2777 2135 2911 2187 inter
2929 2129 3156 2188 Latinos
3189 2137 3293 2192 fere
3322 2132 3652 2188 Firmianum

2035 2201 2366 2258 Lactantium
2391 2215 2560 2261 tenere
2588 2224 2693 2261 non
2718 2206 2970 2259 immerito
2994 2206 3108 2276 quis
3121 2205 3342 2277 judicet.

2108 2316 2224 2391 Non
2254 2333 2318 2374 ex
2348 2334 2408 2374 re
2434 2321 2742 2390 putavimus
2770 2320 2909 2374 ultra
2954 2319 3208 2391 progredi
3243 2336 3256 2372 :
3291 2326 3375 2373 sat
3403 2327 3486 2374 est
3528 2333 3648 2374 mo-

2036 2390 2242 2454 nuisse,
2274 2392 2543 2446 nemiuem
2576 2394 2713 2446 inter
2741 2390 3052 2446 nostrorum
3078 2400 3382 2460 temporum
3413 2392 3646 2459 scripto-

2035 2476 2123 2515 rcs
2152 2476 2292 2525 esse,
2323 2464 2412 2532 qtti
2444 2462 2706 2518 Lactantii
2746 2464 2916 2518 nostri
2946 2477 3067 2516 cmn
3109 2460 3267 2517 laude
3309 2479 3413 2515 non
3449 2461 3646 2516 memi-

2035 2534 2194 2587 nerit.
2235 2533 2492 2601 Quamvis
2522 2550 2645 2589 eum
2678 2551 2784 2589 non
2811 2534 3141 2603 inculpatum
3159 2536 3381 2587 omnino
3412 2533 3647 2587 habeant

2034 2604 2265 2674 eruditi,
2296 2605 2413 2671 ejus
2457 2617 2633 2660 tamen
2675 2606 3024 2674 multiplicem
3072 2604 3407 2669 doctrinam,
3442 2606 3644 2659 variam

2030 2673 2088 2729 in
2130 2692 2186 2728 re
2230 2675 2453 2744 profana
2495 2677 2890 2742 eruditionem,
2948 2692 3216 2732 summam
3265 2677 3484 2731 tandem
3528 2675 3647 2746 ejus

2035 2746 2400 2821 eloquentiam
2429 2748 2727 2818 praedicant
2752 2762 2964 2805 omnes.

2913 2962 3632 2988 ’.τῲ-

1679 3095 2313 3188 SYNTHESIS

893 3300 1888 3418 DOGTBINE
1965 3302 3081 3420 LACTANTII.

1850 3557 2120 3619 κιοφι

406 3733 675 3803 Quoniam
717 3733 838 3807 plus
868 3749 1050 3805 operae
1085 3736 1139 3792 in
1170 3735 1320 3793 falsis
1352 3735 1652 3794 refutandis
1684 3750 1843 3807 quam
1873 3737 1928 3791 in
1954 3735 2001 3801 C
2034 3752 2080 3791 c.
2109 3733 2223 3806 21).
2255 3732 2393 3807 Num
2416 3732 2599 3807 igitur,
2629 3733 2824 3807 inquit,
2856 3735 2999 3791 Deus
3025 3744 3081 3794 et
3110 3737 3308 3793 mentis
3338 3749 3393 3793 et
3419 3739 3567 3794 vocis
3584 3749 3642 3797 et

326 3808 481 3864 veris
502 3806 886 3880 conﬁrmandis
904 3810 1083 3879 posuit
1106 3809 1437 3877 Lactantius,
1468 3810 1590 3864 ideo
1614 3806 1780 3880 pauca
1806 3807 1929 3862 ﬁdei

328 3888 540 3935 nostra:
580 3879 752 3952 capita
796 3879 952 3952 plene
1001 3881 1070 3935 ab
1104 3896 1171 3936 eo
1208 3892 1333 3937 sunt
1365 3879 1649 3951 “posita:
1679 3881 1934 3952 pleraque

332 3961 544 4006 tantum
567 3951 763 4019 attigit;
782 3950 1009 4021 plurima
1034 3968 1139 4007 non
1165 3950 1452 4009 intellexit.
1479 3953 1557 4008 Ex
1584 3953 1648 4007 iis
1673 3950 1794 4020 qum
1822 3955 1933 4020 ple-

330 4024 459 4079 nius-
482 4022 755 4089 aliquanto
777 4022 845 4078 ab
875 4037 939 4077 eo
968 4035 1090 4079 sunt
1110 4024 1403 4083 declarata.
1438 4035 1521 4080 est
1559 4024 1801 4079 doctrina
1827 4041 1840 4077 :
1864 4022 1934 4078 de

330 4094 602 4168 religione
634 4092 949 4168 chtjstiana.
984 4095 1052 4150 de
1077 4095 1186 4149 Deo
1214 4098 1264 4150 in
1295 4112 1516 4168 genere,
1545 4096 1613 4151 dc
1634 4093 1931 4151 Providen-

334 4166 435 4225 tia.
464 4166 533 4219 de
559 4181 688 4218 vero
715 4165 808 4220 Dei
829 4166 986 4221 Cultu
1019 4168 1296 4223 interiore.

412 4237 708 4303 Religionis
748 4236 1056 4293 christiana:
1088 4248 1300 4306 partes,
1343 4238 1595 4308 adjuncta
1647 4245 1702 4293 et
1736 4236 1930 4293 effecta

334 4308 603 4379 protelare
632 4318 946 4378 persecutus
969 4319 1070 4365 est.
1098 4310 1284 4365 Partes
1314 4310 1446 4365 duas
1474 4326 1596 4365 esse
1628 4310 1814 4365 statuit
1841 4324 1929 4363 re-

334 4381 561 4455 ligionis
584 4399 598 4435 :
621 4380 950 4455 agnitionem
978 4382 1068 4455 Dei
1099 4393 1153 4438 et
1180 4383 1383 4438 cultum
1414 4381 1665 4455 (Lib._tu,
1676 4384 1809 4450 cap.
1836 4379 1929 4445 29;

339 4454 434 4508 lib.
467 4468 543 4513 tv,
568 4452 757 4525 cap._4,
784 4451 938 4523 etc.).
961 4454 1225 4523 Adjuncta
1257 4451 1533 4525 religionis
1556 4453 1830 4523 Scriptura
1854 4466 1933 4525 sa-

338 4539 431 4597 cra
471 4522 877 4597 comprehensa.-
900 4522 1024 4580 lnrc
1048 4522 1299 4597 explicat
1325 4547 1337 4582 :
1364 4522 1689 4597 veritatem,
1725 4522 1933 4593 perspi-

339 4595 596 4651 cuitatem
620 4637 635 4660 ,
681 4596 1048 4665 antiquitatem
1073 4638 1087 4657 ,
1137 4595 1556 4662 Simplicitatem.
1584 4595 1781 4652 Veram
1814 4608 1935 4650 esse

342 4668 657 4735 religionem
687 4666 1037 4722 christianam
1054 4682 1120 4723 ex
1150 4683 1217 4723 eo
1246 4669 1456 4738 prohat,
1475 4667 1619 4736 quod
1645 4667 1936 4738 prOpheta-

343 4754 463 4792 rum
490 4740 740 4792 vaticinia
761 4737 964 4810 fuerint
987 4739 1204 4810 impleta
1228 4736 1255 4806 ,ἡ
1271 4739 1414 4809 quod
1450 4740 1725 4806 propheta:
1752 4736 1938 4793 fallere

345 4826 454 4864 non
483 4810 759 4882 potuerint
782 4808 921 4882 (Lib.
948 4828 983 4875 ι,
1004 4808 1123 4878 cap.
1146 4809 1227 4880 4).
1255 4808 1406 4879 Quod
1433 4809 1664 4882 apostoli
1692 4823 1795 4862 ttOtt
1817 4817 1937 4861 tan-

343 4890 457 4937 tum
490 4897 586 4949 pro
612 4880 717 4936 ﬁde
749 4880 974 4937 mortem
1003 4884 1264 4938 subierint
1286 4924 1299 4943 ,
1331 4883 1424 4936 sed
1452 4880 1613 4935 etiam
1648 4881 1940 4934 morituros

341 4968 465 5026 esse
480 4968 539 5007 se
554 4964 611 5009 et
629 4954 867 5016 scierint,
890 4964 943 5009 et
967 4954 1305 5022 prtedixcrint
1327 4953 1463 5026 (Lib.
1487 4968 1542 5026 ν,
1557 4970 1672 5023 cap.
1694 4952 1770 5021 5).
1782 4950 1939 5026 Quod

343 5023 636 5081 Christiani
673 5042 778 5079 non
815 5034 999 5080 errent
1036 5027 1087 5080 in
1120 5027 1242 5081 vitae
1269 5023 1379 5080 sua:
1410 5024 1620 5079 artibus
1645 5023 1898 5079 omnibus
1920 5063 1935 5088 ,

343 5099 491 5152 unde
521 5096 797 5165 probabile
824 5098 896 5151 sit
931 5112 1026 5151 cos
1066 5112 1166 5151 nec
1192 5099 1245 5153 iu
1281 5099 1393 5167 ipsa
1423 5111 1656 5159 summa,
1705 5094 1807 5167 hoc
1833 5102 1938 5158 est,

343 5171 401 5225 in
430 5169 711 5240 religione,
739 5183 921 5223 errare
940 5167 1076 5236 (Lib.
1101 5183 1155 5232 v,
1183 5166 1313 5237 cap.
1332 5168 1582 5237 9).Qnod
1606 5166 1942 5240 Christiano:

343 5256 464 5296 rum
513 5235 768 5295 numerus
817 5240 867 5294 in
910 5240 1024 5309 ipsa
1059 5235 1431 5309 persecutione
1456 5235 1721 5308 augeatur
1753 5254 1765 5288 :
1796 5235 1939 5306 quod

346 5312 512 5368 iidem
541 5312 906 5366 dilacerentur
928 5308 1091 5366 variis
1110 5320 1503 5367 tormentorum
1535 5308 1848 5379 generibus,
1885 5315 1943 5362 et

346 5385 489 5439 inter
512 5382 760 5453 fatigatos
781 5384 1065 5438 carniﬁces
1091 5384 1341 5438 invictam
1363 5391 1576 5436 teneant
1600 5380 1936 5453 patientiam,

346 5456 492 5513 unde
510 5465 564 5509 et
581 5451 768 5524 vulgus
780 5456 1015 5525 colligat,
1041 5470 1138 5509 nec
1156 5469 1477 5510 consensum
1499 5463 1604 5506 tam
1625 5451 1938 5525 multorum,

2039 3804 2234 3878 linguae
2263 3804 2462 3879 artifex
2494 3804 2874 3879 diserte'loqui
2917 3822 3022 3863 non
3056 3810 3267 3879 pmest?
3312 3810 3482 3865 lmmo
3513 3823 3644 3868 vero

2041 3877 2251 3933 summa
2276 3877 2613 3949 providentia
2641 3892 2827 3950 Carere
2853 3877 2975 3934 fuco
3001 3877 3168 3936 voluit
3194 3896 3255 3934 ea
3277 3923 3292 3947 ,
3319 3898 3437 3950 qua:
3463 3883 3642 3938 divina

2043 3960 2169 4005 sunt
2192 3991 2208 4016 ,
2250 3960 2305 4004 ut
2350 3964 2541 4006 omnes
2573 3949 2934 4021 intelligerent
2985 3968 3106 4023 qum
3138 3952 3251 4023 ipse
3278 3953 3529 4010 omnibus
3558 3956 3642 4011 lo-

2082 4023 2326 4077 uehatur.

2044 4037 2505 4163 quilitatilqititatem
2537 4091 2829 4161 Scriptura)
2852 4094 2965 4149 sive
2986 4094 3263 4164 religionis
3281 4106 3479 4151 nostrm
3499 4096 3645 4152 elicit

2044 4180 2110 4220 ex
2134 4164 2517 4239 prophetarum
2550 4166 2798 4239 uitalibus
2819 4164 3053 4239 (Lib.tv,
3079 4182 3126 4220 c.
3152 4167 3233 4237 5),
3260 4168 3345 4223 ubi
3375 4168 3646 4239 antiquio-

2038 4252 2149 4305 res,
2189 4236 2593 4309 inquitletiam
2625 4236 2836 4293 Graecis
2866 4236 3218 4305 scriptoribus
3247 4236 3524 4309 prrphetre
3555 4254 3642 4293 re-

2040 4308 2342 4436 periuntur.
2375 4307 2631 4362 Errorem
2663 4310 2824 4378 igitur
2847 4325 3001 4363 somn
3026 4307 3282 4375 sentiani,
3313 4307 3401 4380 qui
3432 4325 3643 4365 sacram

2080 4380 2373 4436 eripit-iram
2397 4392 2690 4436 coarguere
2718 4381 2960 4435 nituntur
2984 4390 3253 4436 tamquam
3275 4397 3467 4436 novam
3487 4390 3542 4436 et
3565 4397 3643 4436 re-

2080 4380 2373 4447 cripturam
2397 4392 2690 4449 coarguere
2718 4381 2960 4435 nituntur
2984 4390 3253 4449 tamquam
3275 4397 3467 4436 novam
3487 4390 3542 4436 et
3565 4397 3646 4437 re-

2041 4466 2171 4524 cens
2203 4450 2404 4511 (ictam,
2444 4449 2752 4524 ignorantes
2779 4467 2846 4507 ex
2876 4466 2985 4522 quo
3019 4450 3168 4507 fonte
3197 4463 3399 4509 sanctae
3428 4453 3643 4524 religio-

2042 4523 2127 4577 nis
2151 4524 2301 4591 origo
2324 4522 2640 4576 manaverit.

2117 4592 2472 4666 Simplicitate
2496 4592 2805 4666 Scripturje
2847 4592 3006 4649 docet
3037 4593 3237 4666 multos
3264 4593 3462 4650 olTendi
3497 4592 3639 4666 (Lib.

2048 4679 2108 4731 v,
2131 4681 2246 4735 cap.
2276 4664 2348 4729 1),
2377 4662 2471 4718 sed
2494 4662 2706 4732 injuria.
2726 4664 2837 4720 Nec
2866 4667 3008 4720 enim
3037 4665 3257 4721 decebat
3290 4666 3461 4727 aliter,
3480 4662 3643 4732 quam

2048 4737 2189 4790 unde
2213 4746 2261 4789 et
2284 4735 2522 4790 breviter
2539 4752 2656 4790 eam
2682 4737 2843 4801 tradi,
2878 4746 2933 4791 ut
2958 4752 3081 4792 cum
3108 4739 3248 4793 Deus
3270 4737 3333 4791 ad
3366 4736 3640 4791 hominem

2046 4808 2388 4874 loqueretur,
2445 4822 2550 4862 non
2583 4809 2915 4875 argumentis
2962 4817 3234 4864 assereret
3282 4821 3406 4861 suas
3439 4821 3635 4871 voces,
3678 4838 3681 4841 λ

2047 4888 2299 4947 tanquam
2325 4880 2458 4932 lides
2485 4880 2532 4933 ei
2554 4896 2658 4934 non
2684 4880 2995 4945 haberetur;
3028 4881 3121 4935 sed
3153 4882 3464 4948 loqueretur
3480 4879 3637 4947 quasi

2046 4966 2229 5005 rerum
2259 4965 2498 5004 omnium
2532 4952 2801 5007 maximus
2836 4951 3005 5021 judex
3038 4967 3052 5006 :
3079 4951 3194 5018 ejus
3224 4958 3308 5005 est
3338 4964 3441 5003 non
3472 4964 3635 5021 argu-

2048 5024 2298 5092 mentari,
2331 5021 2424 5076 sed
2456 5025 2802 5092 pronuntiare
2830 5019 3013 5077 verum
3038 5021 3176 5088 (Lib.
3210 5036 3284 5083 ιιι,
3317 5037 3434 5088 cap.
3469 5019 3543 5092 1).

2120 5091 2328 5147 Effecta
2362 5091 2633 5163 religionis
2663 5094 3136 5163 christiatuc,qu:e
3162 5103 3472 5163 quantaque
3493 5091 3637 5159 Sint,

2049 5164 2270 5233 pulchre
2300 5162 2531 5231 explicat
2568 5164 2704 5236 (Lib.
2737 5180 2814 5228 ιιι,
2844 5162 3111 5236 (ξηιλ-25).
3141 5163 3220 5236 Da
3247 5162 3399 5229 mihi,
3429 5164 3600 5231 inquit
3620 5207 3634 5231 ,

2046 5237 2243 5298 virum,
2267 5238 2356 5307 qui
2381 5237 2449 5291 sit
2470 5233 2779 5303 iracundus,
2805 5233 3118 5307 maledicus.
3143 5233 3483 5291 eliminatos:
3509 5250 3639 5307 pau-

2047 5305 2299 5362 cissimis
2325 5307 2416 5362 Dei
2448 5309 2625 5365 verbis
2655 5318 2759 5363 tam
2793 5305 3057 5378 placidum
3083 5350 3094 5369 ,
3127 5322 3285 5376 quam
3316 5322 3469 5378 ovem
3510 5306 3639 5361 Γυά-

2048 5379 2193 5433 dam.
2231 5380 2301 5433 Da
2331 5380 2601 5449 cupidum,
2635 5377 2878 5442 avarum,
2915 5388 3155 5432 tenacem
3189 5379 3334 5445 :jam
3380 5377 3472 5432 tibi
3515 5393 3639 5432 cum

2048 5450 2323 5506 liberalem
2366 5451 2541 5516 dabo,
2573 5459 2625 5505 et
2667 5451 3128 5523 peettniant_su:tm
3178 5450 3348 5519 plenis
3395 5450 3642 5523 ιιιειιιίὺιιε

346 5509 451 5585 nec
480 5509 936 5597 persevcrantiam
969 5509 1308 5581 morientium
1342 5540 1531 5579 vanam
1561 5539 1706 5587 esse,
1739 5509 1939 5593 necip:
1969 5509 2025 5570 D
2051 5523 2391 5597 largientem.
2422 5524 2492 5577 Da
2522 5509 2768 5578 timidum
2792 5520 3015 5584 doloris,
3044 5536 3106 5576 ac
3129 5509 3323 5597 tn:ort_is_
3350 5521 3503 5597 Azjam
3523 5537 3645 5576 cru-

346 5616 463 5654 sam
482 5598 788 5667 patientiam
807 5599 923 5652 sine
940 5598 1046 5653 Deo
1060 5606 1234 5653 tantos
1247 5598 1516 5653 cruciatus
1529 5611 1687 5667 posse
1702 5598 1943 5665 perferre

347 5671 490 5744 (Lib.
519 5686 573 5736 v,
606 5686 720 5740 cap.
753 5670 823 5725 l5
848 5681 902 5724 et
923 5668 1039 5744 22).

424 5737 867 5812 Perspicuitatem
902 5737 1179 5812 religionis
1218 5741 1437 5811 scriptm
1480 5738 1674 5797 asserit
1701 5737 1841 5811 (Lib.
1869 5755 1943 5807 vr,

2051 5609 2162 5655 ccs,
2197 5605 2250 5648 et
2283 5595 2453 5663 ignes,
2484 5606 2536 5648 et
2570 5605 2778 5648 taurum
2807 5601 3135 5647 contemnet.
3169 5594 3239 5647 Da
3272 5593 3639 5659 libidinosum,

2053 5662 2380 5729 adulterum,
2410 5681 2705 5735 ganeonem
2743 5682 2756 5720 :
2786 5665 2895 5734 jam
2924 5664 3182 5729 sobrium,
3212 5674 3440 5729 castum,
3468 5662 3644 5717 conti-

2055 5748 2271 5796 nentem
2314 5737 2539 5794 videbis.
2586 5740 2661 5794 Da
2705 5736 2983 5795 crudelem
3010 5741 3064 5793 et
3088 5737 3357 5808 sanguinis
3385 5746 3647 5807 appeten-
