4104 6368
563 222 631 277 s7
1752 218 2072 278 cessum
2112 219 2176 275 IN
2219 185 2681 279 maritumum.
3775 218 3840 275 ss

558 335 695 392 nihil
739 336 852 393 vult
888 336 1032 394 aliud
1071 334 1302 407 precari,
1346 334 1446 389 nisi
1490 336 1724 407 peccatis
1764 335 1877 392 suis
1916 335 2148 403 veniam,
2180 337 2235 400 Α
2261 350 2374 391 rem
2404 336 2804 402 animadvertit,
2830 336 2950 404 quia
2979 335 3106 407 item
3134 333 3330 407 vetusti
3366 330 3585 407 codices
3615 349 3723 407 non
3745 335 3837 407 ha-

558 407 687 462 iicet
708 410 851 463 nttlla
881 410 1006 464 sint.

628 480 781 548 Quod
815 481 933 535 ideo
961 481 1120 535 Deum
1148 479 1457 549 permittere
1486 478 1685 534 malum
1715 478 1944 549 grassari
1968 478 2151 543 sentit,

556 560 616 607 ut
656 554 864 605 virtutis
908 552 1041 606 ratio
1085 562 1293 605 COItSlcl
1337 548 1475 622 (Lib.
1534 567 1585 614 v,
1634 548 1749 622 gap.
1786 553 1861 621 7).
1898 552 2009 605 Iloc
2051 550 2155 622 line

557 623 746 696 scribit
777 625 1083 696 pergtttrittcre
1134 623 1296 696 Deum
1348 620 1563 678 errores
1609 620 1746 696 (Lib.
1774 620 1835 696 ll,
1875 639 1989 696 cap.
2026 620 2152 696 1A7);

558 692 664 747 hoc
697 696 799 747 line
825 693 1097 747 diabolum
1128 709 1157 748 a
1191 693 1301 748 Deo
1329 692 1627 747 excitatum
1652 696 1747 758 ait,
1772 694 1911 749 libro
1937 692 2154 762 (119ορ1⁸

556 764 678 818 licio
708 766 819 826 Dei,
851 781 899 818 c.
929 765 1016 820 20.
1055 765 1163 819 Hoc
1195 765 1300 819 [itte
1339 773 1537 820 tatttttn
1571 766 1677 819 vim
1710 765 1970 819 nutricum
2002 766 2152 827 vipe-

555 851 845 908 rarumque
881 834 1075 891 factum
1103 853 1133 892 a
1168 837 1275 892 Deo
1306 846 1455 907 putat
1486 835 1625 908 (Lib.
1659 852 1753 901 vn,
1785 853 1829 890 c.
1866 837 1918 903 4,
1950 846 1993 889 et
2024 834 2155 889 libro

557 905 620 959 de
643 904 735 979 Ira
760 904 875 973 Dei,
909 923 954 960 c.
990 908 1105 979 15).

625 978 778 1043 Quod
826 977 1336 1046 quoties’oratnus,
1368 977 1592 1034 credere
1637 995 1742 1033 non
1792 979 1923 1040 vult.
1959 977 2154 1032 tentari

552 1061 659 1123 nos
682 1066 710 1100 ιι
745 1050 873 1123 Deo,
898 1066 974 1123 an
1004 1052 1174 1123 simus
1196 1050 1349 1123 digni
1370 1051 1609 1105 exaudiri
1644 1050 1781 1123 (Lib.
1811 1067 1887 1114 νι,
1920 1066 1965 1103 c.
2000 1050 2113 1114 15).

624 1119 775 1186 Quod
818 1122 1062 1175 militiam
1094 1121 1295 1176 homini
1332 1122 1479 1190 justo
1517 1137 1623 1176 non
1654 1119 1856 1176 Ἰἱυὶιιιιη
1898 1136 2022 1175 esse
2054 1136 2152 1190 pu-

551 1196 778 1330 ιιιιρὣθο
798 1207 1056 1249 accusare
1083 1208 1407 1264 quemquam
1428 1194 1655 1250 crimine
1674 1193 1892 1266 capitali
1915 1190 2052 1262 (Lib.
2077 1207 2150 1257 γι,

551 1276 594 1313 c.
727 1305 739 1318 .

547 1276 594 1313 c.
627 1276 739 1318 Ζυ).

625 1334 775 1400 Quod
800 1336 1007 1390 animas
1038 1334 1226 1391 scribit
1255 1345 1373 1404 post
1400 1345 1626 1391 mortem
1654 1338 1707 1391 in
1738 1352 1837 1391 una
1878 1334 2153 1390 communi

550 1406 791 1478 custodia
821 1406 1075 1467 detineri.
1099 1407 1271 1478 donec
1304 1418 1515 1476 tempus
1536 1408 1807 1472 adveniat,
1839 1421 1946 1478 quo
1976 1406 2151 1478 maxi-

547 1489 669 1561 mtts
690 1475 861 1561 Index
891 1481 1210 1561 meritorum
1238 1475 1642 1561 faciatesamen
1839 1475 1935 1560 vn,
1959 1493 2007 1531 c.
2032 1476 2149 1561 21).

623 1546 775 1619 Quod
801 1549 869 1604 de
897 1551 1001 1604 line
1031 1550 1213 1604 saeculi
1241 1592 1253 1610 .
1286 1550 1579 1605 novissimo
1615 1546 1818 1619 judicio
1845 1561 1895 1605 et
1926 1546 2153 1619 imperio

551 1617 699 1691 mille
730 1635 1016 1691 annorum,
1045 1622 1375 1691 periculosas
1407 1617 1711 1691 opiniones,
1739 1622 1828 1676 lib.
1861 1636 1951 1684 vtt,
1978 1617 2029 1691 ci.
2060 1621 2149 1683 14.

551 1686 641 1753 15,
671 1689 763 1764 Δ16,
799 1692 886 1754 17,
920 1686 1060 1756 (διαί
1083 1694 1327 1748 inseruit.
1365 1686 1577 1747 Ex'illis
1600 1686 1742 1748 enim
1789 1695 1975 1764 liquet,
2009 1690 2148 1745 Lac-

2257 408 2389 462 bent
2415 423 2499 473 ea,
2532 423 2651 477 qua:
2694 407 2746 462 in
2789 403 3180 463 reCentioribus
3207 403 3543 477 editionibus
3562 420 3655 474 pro
3682 405 3842 461 Mani-

2257 478 2423 533 clunis
2446 476 2623 534 facere
2652 478 2810 534 videb
2829 488 2992 540 tntur,
3021 487 3248 550 apparet
3276 476 3434 550 inde,
3459 476 3624 550 hujus
3642 493 3842 547 quoque

2257 550 2493 677 ituctoris
2529 549 2696 606 libros
2742 565 2773 604 a
2816 545 3109 606 Manichaéu
3138 550 3372 621 quodam
3410 545 3577 604 fuisse
3616 545 3843 619 interpo-

2277 631 2414 677 atos.

2277 637 2304 675 tt
2313 631 2414 678 [05.

2782 691 2933 749 Naevi
2972 693 3338 760 chronologici.

2329 763 2483 830 Quod
2532 764 2714 820 Mosen
2750 766 3036 835 nongentis
3068 768 3179 820 lere
3204 765 3359 819 annis
3385 761 3676 835 Trojanum
3705 763 3843 819 exci-

2258 835 2403 891 dium
2439 838 2798 891 antcctessisse
2827 834 3031 899 scribit,
3062 851 3183 891 cum
3217 834 3481 890 Eusebius
3511 843 3712 888 tantum
3741 844 3841 890 tre-

2257 919 2444 962 centos
2482 907 2863 978 quinquaginta
2895 916 3163 963 numeret.
3218 906 3323 963 Sed
3366 908 3472 978 haec
3517 907 3847 961 controuersia

2257 980 2426 1032 adhuc
2455 976 2528 1033 est
2555 979 2645 1033 sub
2672 976 2859 1040 iudice.
2896 979 3050 1033 Multi
3077 979 3213 1033 enim
3244 976 3477 1048 ejusdem
3502 988 3621 1031 sunt
3648 978 3842 1047 opinio-

2256 1054 2336 1104 nis
2361 1067 2422 1103 ac
2444 1048 2762 1104 Lactantius.

2329 1122 2481 1189 Quod
2510 1122 2795 1190 imperium
2824 1137 3010 1192 regum
3037 1121 3402 1176 lsraelitarum
3423 1119 3584 1192 annis
3600 1118 3848 1192 quadrin-

2256 1193 2434 1264 gentis
2458 1194 2739 1262 sexaginta
2775 1190 2995 1260 desiitit,
3023 1193 3360 1247 dot-tioribus
3386 1190 3730 1315 cltrunolulgis
3756 1204 3846 1244 an-

2258 1280 2356 1315 nos
2387 1264 2708 1315 quingentos
2744 1276 2800 1315 et
2841 1264 3148 1315 quindecim
3182 1261 3633 1315 numerantibusl
3685 1262 3751 1315 ib.
3779 1277 3846 1315 tv.

2258 1261 2708 1391 nosﬁquingentos
2744 1276 2800 1319 et
2841 1264 3148 1335 quindecim
3182 1263 3589 1319 numerantibus
3615 1261 3751 1334 (Lib.
3779 1277 3846 1327 tv,

2258 1351 2303 1389 c.
2402 1375 2415 1389 .

2254 1351 2303 1389 ε.
2335 1351 2415 1389 ὃ).

2370 1336 2415 1407 )⁶
2708 1405 2857 1479 ωυὶ
2885 1405 3227 1479 philosopltici
3250 1415 3373 1479 sunt
3400 1422 3418 1460 :

2328 1477 2481 1546 Quod
2503 1477 2787 1547 antipodes
2812 1474 2931 1533 esse
2960 1474 3117 1548 negat
3150 1476 3286 1549 (Lib.
3316 1493 3395 1549 ιιι,
3429 1493 3478 1533 c.
3509 1474 3628 1549 22).

2328 1544 2480 1615 Quod
2508 1544 2651 1605 inter
2680 1550 2814 1604 alias
2853 1544 3054 1604 summi
3093 1544 3219 1604 boni
3262 1544 3602 1604 conditiones
3628 1555 3683 1601 et
3721 1544 3851 1601 hanc

2259 1622 2431 1691 ponit,
2466 1632 2522 1675 ut
2561 1620 2728 1691 solius
2771 1623 2844 1675 sit
2884 1620 3086 1686 animi,
3118 1635 3217 1674 nec
3254 1618 3647 1675 communicari
3680 1620 3853 1691 possit

2255 1690 2379 1746 cum
2406 1706 2637 1762 corpore
2663 1690 2800 1759 (Lib.
2835 1707 2916 1757 ιιι,
2945 1707 2992 1745 c.
3015 1692 3092 1763 9).
3128 1694 3212 1756 At,
3244 1691 3465 1761 inquam
3496 1704 3619 1760 ego,
3648 1690 3690 1743 si
3717 1704 3855 1743 sum-

549 1750 776 1833 tantium
809 1750 994 1818 contra
1024 1750 1355 1833 Scripturatn
1381 1764 1515 1818 duas
1544 1750 2147 1819 asseruive'res'urrec-
2180 1750 2229 1812 Β
2255 1779 2401 1818 mum
2431 1750 2628 1819 bonum
2667 1750 3210 1832 ltominis'quteritur,
3244 1750 3405 1816 hoino
3435 1750 3617 1833 autem
3661 1775 3763 1815 non
3792 1775 3853 1813 ex

550 1830 744 1897 tiones,
774 1833 1002 1889 alteram
1035 1836 1099 1889 ad
1131 1830 1349 1891 aureum
1380 1837 1637 1889 saeculum
1665 1836 1981 1895 milli-uarii,
2012 1835 2149 1888 alte-

547 1914 663 1982 ram
689 1903 758 1982 ad
786 1905 1215 1982 destructionem
1234 1908 1428 1982 diaboli
1456 1917 1510 1961 et
1538 1908 1859 1976 impiorum;
1887 1905 1994 1960 duo
2022 1905 2149 1960 item

540 1972 743 2053 judicia
796 1978 1158 2053 universalia._
1196 1978 1389 2053 Liquet
1444 1972 1702 2053 statuisse
1742 1992 1891 2053 Aeum
1940 1986 2150 2031 tantum

548 2048 690 2119 pio},
719 2060 1032 2119 nonautent
1061 2062 1111 2104 et
1145 2048 1339 2119 impios
1365 2051 1661 2117 judicatutn
1693 2050 1778 2104 iri.

620 2114 772 2190 Quod
814 2118 1047 2190 denique
1095 2114 1237 2175 mire
1274 2114 1503 2189 nugatur
1534 2137 1640 2175 non
1681 2122 1856 2175 solum
1892 2119 1960 2174 de
1998 2118 2153 2172 Anti-

546 2184 773 2255 christo,
807 2184 993 2245 verum
1033 2192 1101 2247 de
1144 2184 1378 2247 adventu
1424 2193 1585 2247 etiam
1617 2192 1782 2246 Helia:
1830 2193 1881 2245 in
1924 2201 2146 2256 terram,

545 2260 880 2334 cttqvcrsuro
911 2265 1110 2317 multus
1136 2263 1202 2318 ad
1230 2264 1318 2318 Dei
1347 2264 1546 2319 eultum
1576 2262 1714 2334 (Lib.
1746 2280 1837 2328 vn,
1869 2280 1916 2316 ο.
1945 2260 2057 2332 17).

621 2326 794 2386 Fuere
823 2334 912 2403 qui
960 2334 1341 2390 Manicha-ismi
1380 2326 1593 2405 quoque
1620 2326 1958 2389 Laetantitttn
1988 2326 2151 2386 accu-

546 2412 667 2454 sure
715 2418 820 2475 nou
865 2404 1267 2462 dubitaverunt.
1302 2406 1407 2463 Sed
1451 2404 1577 2475 quia
1626 2421 1724 2461 nec
1766 2406 2148 2473 Hieronymus.

544 2484 646 2526 nec
670 2473 951 2547 quisquam
984 2478 1121 2532 alius
1153 2487 1394 2534 veterum
1424 2473 1567 2533 hunc
1607 2479 1659 2532 in
1684 2476 1970 2533 Lactantio
1997 2489 2151 2528 erro-

2256 1836 2369 1889 sola
2399 1837 2609 1897 anima,
2644 1834 2737 1888 sed
2766 1850 2830 1889 ex
2860 1836 3040 1888 anima
3066 1844 3121 1888 et
3149 1848 3380 1904 corpore
3422 1832 3585 1887 simul
3631 1839 3853 1904 constat,

2258 1906 2445 1972 utique
2478 1923 2583 1961 non
2616 1906 2786 1960 solius
2812 1904 3002 1969 animi,
3033 1905 3129 1959 sed
3160 1902 3324 1959 animi
3352 1916 3405 1959 ct
3431 1904 3680 1973 corporis
3708 1902 3858 1956 simul

2256 1991 2526 2032 summum
2559 1978 2756 2032 bonum
2785 1978 2889 2032 erit
2916 1997 2929 2029 :
2964 1975 3422 2046 quemadmodum
3463 1974 3854 2046 immortalitas,

2255 2063 2416 2118 qnam
2441 2049 2752 2104 Lactantius
2774 2045 3043 2102 summum
3068 2049 3268 2102 bonum
3292 2048 3566 2111 nominat,
3584 2045 3651 2100 ad
3673 2058 3861 2113 corpus

2258 2120 2462 2190 pariter
2488 2132 2543 2175 et
2567 2121 2802 2175 animam
2834 2119 3124 2173 referetur.

2328 2191 2485 2257 Quod
2531 2190 2884 2261 reprehendit
2925 2190 3023 2243 viri
3051 2190 3175 2244 boni
3225 2187 3605 2261 definitionem
3658 2186 3863 2261 Cicero:

2257 2256 2489 2326 nianam,
2534 2256 2636 2330 qua
2685 2262 2884 2315 nemini
2917 2276 3112 2316 nocere
3156 2261 3235 2315 vir
3283 2261 3457 2314 bonus
3504 2259 3726 2320 dicitur.
3771 2256 3865 2312 nisi

2256 2334 2450 2401 injuria
2500 2333 2783 2389 lacessitus
2822 2331 2970 2401 (Lib.
3002 2348 3075 2397 v1,
3105 2348 3152 2385 ο.
3187 2331 3317 2400 18),
3347 2347 3472 2385 cum
3522 2331 3715 2386 Cicero
3763 2345 3863 2384 non

2255 2404 2324 2460 de
2356 2406 2582 2476 privata,
2613 2404 2706 2459 sed
2732 2404 2947 2474 publica
2972 2405 3207 2459 vindicta
3239 2404 3515 2474 loquatur.

552 2620 3838 2655 ΗΜ

849 2750 1119 2901 AN
1121 2758 1253 2900 N
1262 2748 2165 2903 OTATION
2173 2750 2404 2898 ES
2498 2745 3581 2899 CENSORUE

1204 3037 1327 3121 IN
1383 3036 1925 3146 QU/EDAM
1980 3031 2623 3118 LACTANTII
2696 3030 3213 3125 ERRATA.

1216 3225 1333 3288 EX
1375 3225 1667 3290 CODICE
1712 3222 2281 3288 MANUSCRIPTO
2322 3220 2891 3287 BIBLIOTHECIE
2932 3219 3203 3284 REGle

1373 3409 1640 3457 NUMEBO
1670 3407 2038 3465 MDCLXXIII,
2071 3406 2269 3451 INTER
2309 3406 2707 3470 THEOLOGOS,
2736 3409 3045 3455 lN-FOLIO.

663 3583 843 3643 LUCll
881 3582 1101 3643 cmi."
1131 3585 1497 3646 LACTANTII
1540 3583 1847 3641 FIRMIANI
1890 3577 2271 3637 lilVlNARUM
2312 3575 2845 3635 INSTITUTIONUM
2884 3576 3254 3635 ADVERSUS
3290 3574 3617 3645 GENTES,
3662 3576 3753 3630 AD

1350 3676 1880 3737 CONSTANTINUM
1918 3670 2457 3739 IMPERATOREM,
2497 3672 2707 3728 LIBER
2750 3671 3025 3730 PRIMUS.

542 3955 593 4011 E
634 3953 1263 4037 age-togennqws
1286 3950 1620 4037 ΔιοΑιῖιΝίις
1654 3948 1927 4037 emam
1974 3946 2149 4004 H£C
2174 3973 2220 4037 ρ

622 4026 817 4083 LEGU
825 4026 874 4081 Ν
880 4025 977 4081 TU
987 4026 1028 4080 R
1052 4042 1071 4080 :
1095 4025 1384 4080 Correctum
1413 4025 1646 4093 volumen
1675 4023 1770 4076 hoc
1786 4024 1942 4093 juxta
1969 4038 2149 4093 censu-

621 4115 733 4154 ram
758 4100 1033 4153 admodum
1062 4096 1188 4153 Rev.
1224 4096 1397 4150 Patris
1425 4094 1512 4149 Jo.
1541 4092 1726 4148 Maria:
1748 4092 2032 4158 Brasichel,
2066 4108 2151 4144 sa-

625 4172 699 4226 cri
750 4169 942 4224 Palatii
991 4179 1157 4236 apost.
1203 4168 1451 4235 magistri,
1494 4181 1629 4220 anno
1662 4165 1818 4230 1607,
1874 4181 1905 4217 η
1951 4179 2149 4236 summa

618 4243 847 4311 ponti/ie.
886 4233 1054 4295 Paulo
1092 4238 1135 4294 V
1163 4233 1421 4293 constituti
1444 4279 1459 4300 .
1490 4237 1701 4311 ordinis
1723 4236 1971 4311 Fratrum
2003 4233 2148 4288 Prte-

615 4307 899 4367 dicalorum
930 4311 1181 4382 generalis
1210 4311 1375 4375 electi,
1405 4326 1540 4363 anno
1572 4308 1733 4382 1608,
1764 4307 2006 4382 atquein
2036 4322 2147 4382 am—

615 4384 845 4453 plissimo
867 4377 1211 4438 cardinalitiat
1231 4381 1496 4453 dignitatis
1516 4380 1683 4451 gradu
1709 4396 1845 4433 anno
1875 4379 2010 4434 1611
2040 4377 2147 4432 col-

568 4510 574 4516 .
612 4458 722 4511 lati.

537 4572 774 4632 POBRO
796 4571 891 4628 AD
918 4569 1280 4628 MARGINEM
1304 4567 1467 4626 HAEC
1494 4566 1607 4624 [NF
1614 4568 1705 4623 BA
1727 4563 2138 4623 LEGUNTUR:

614 4733 691 4787 De
741 4730 1018 4786 Lactantio
1057 4728 1333 4785 Firmiano
1376 4729 1530 4798 plura
1577 4726 1636 4784 8.
1678 4726 2040 4798 Hieronymus
2086 4725 2140 4798 in

616 4744 691 4787 De
741 4744 1018 4786 Lactantio
1058 4744 1333 4785 r‘trmtano
1417 4744 1530 4783 tura
1578 4744 1636 4784 8.
1679 4744 2040 4798 uteronymus
2086 4744 2138 4780 ιιι

538 4802 806 4882 catalogo
822 4801 1239 4882 et_epi_stola_85,
1255 4802 1321 4854 ad
1340 4744 1612 4870 bibguutn,
1631 4815 1792 4882 quem
1827 4797 2049 4880 mtrilice
2071 4796 2138 4851 ab

536 4871 843 4946 eloquentia
875 4874 1076 4928 laudat.
1104 4872 1372 4946 Caeterum
1414 4888 1482 4927 ne
1525 4871 1800 4946 contingat
1829 4871 2135 4939 quempiam

536 4947 590 5002 in
620 4944 883 5002 Lactantii
910 4961 1133 5015 operum
1160 4945 1440 5000 lectionem
1465 4944 1780 5011 impingere,
1800 4954 2133 5015 przemoiten-

537 5017 638 5088 dus
667 5019 856 5083 lector,
887 5012 1045 5088 quam
1076 5017 1177 5085 ipsi
1210 5017 1603 5088 circumspecte
1630 5025 1685 5088 et
1711 5026 1982 5088 suspenso
1990 5012 2136 5088 pede

534 5087 590 5143 in
623 5084 999 5160 pet-volvendis
1026 5084 1269 5160 ejusdem
1297 5084 1533 5160 auctoris
1577 5085 1795 5160 scriptis
1834 5084 1951 5160 sit;
1966 5084 2132 5160 Eum-

536 5153 660 5215 dem
681 5158 738 5215 S.
766 5159 1027 5215 Damasus
1052 5153 1305 5214 romanus
1328 5156 1562 5227 pontifex
1587 5156 1809 5224 epistola
1832 5155 1896 5208 ad
1919 5153 1976 5210 S.
2007 5153 2134 5227 lite-

535 5246 844 5303 rnttytnum,
883 5246 1002 5303 qua:
1032 5242 1114 5287 est
1159 5230 1262 5286 121
1309 5225 1447 5303 inter
1493 5227 1822 5303 Hieronymi
1848 5225 2126 5303 epistolas,

540 5296 659 5357 iure
684 5302 796 5356 ait:
833 5320 855 5373 ι
891 5296 1087 5356 Fateor
1110 5304 1313 5373 quippe
1341 5300 1449 5373 tibi
1479 5296 1770 5373 eos,_qutts
1804 5296 2128 5373 jampridem

536 5373 800 5429 Laetantii
830 5372 1057 5427 dederas
1087 5368 1271 5441 libros,
1305 5372 1425 5427 ideo
1452 5385 1558 5426 non
1590 5368 1818 5441 libenter
1839 5369 1978 5441 lego,
2005 5370 2128 5438 quia

532 5456 589 5501 et
640 5444 882 5514 plurimae
924 5445 1166 5511 epistola:
1207 5446 1259 5499 in
1303 5443 1382 5498 eis
1424 5457 1593 5513 usque
1631 5440 1705 5514 ad
1745 5440 1909 5494 millia
1957 5441 2127 5509 spatia

531 5511 785 5573 versttnm
816 5515 1131 5584 tenduntur,
1154 5526 1207 5571 et
1230 5532 1354 5571 raro
1379 5515 1447 5570 de
1469 5511 1653 5568 nostro
1673 5511 1923 5582 dogmate
1945 5515 2128 5583 dispu-

532 5597 666 5643 tant.
698 5588 817 5655 Quo
847 5588 934 5654 ﬁt,
960 5598 1015 5640 ut
1040 5598 1096 5641 et
1129 5588 1325 5654 legenti
1354 5586 1623 5642 fastidium
1649 5594 1870 5652 generet
1896 5585 2128 5655 longitu-

534 5660 634 5722 do;
666 5669 720 5715 ct
756 5661 801 5714 si
847 5677 965 5727 qua:
1011 5657 1189 5712 brevia
1234 5668 1379 5724 sunt,
1428 5656 1764 5713 scholasticis
1811 5657 1979 5726 magis
2019 5658 2128 5710 sint

531 5744 655 5799 apta
678 5774 692 5795 ,
724 5747 883 5801 quam
925 5730 1109 5794 nobis,
1142 5729 1208 5802 de
1239 5730 1454 5801 metris,
1485 5738 1542 5787 et
1581 5729 1864 5802 regionum
1900 5728 2040 5800 situ,
2069 5733 2127 5784 et

525 5799 865 5875 philosophis
890 5799 1241 5875 diSputantia.
1273 5818 1294 5856 ι

2328 3947 2452 4002 tlaac
2480 3946 2541 4001 S.
2570 3945 2865 4001 Damasus:
2897 3945 2991 4001 sed
3017 3946 3143 4001 etS.
3175 3943 3565 4017 Hieronymus,
3589 3945 3756 4013 epist.
3779 3946 3865 4008 15,

2254 4017 2322 4073 ad
2363 4018 2638 4073 Paulinum
2669 4017 2878 4078 inquit:
2914 4035 2933 4068 ι
2974 4017 3283 4072 Lactantius
3315 4018 3467 4087 quasi
3517 4018 3743 4087 quidam
3776 4017 3866 4071 llu-

2254 4091 2374 4144 vius
2402 4089 2725 4159 eloquentia:
2754 4088 3035 4149 Tullianus.
3069 4090 3271 4142 utinam
3303 4098 3408 4141 tam
3441 4100 3637 4142 nostra
3672 4090 3866 4142 contir-

2253 4178 2402 4216 mare
2422 4162 2880 4231 pomisset,quam
2899 4160 3052 4215 facile
3073 4160 3248 4214 aliena
3272 4160 3575 4214 destruxit!
3610 4180 3629 4211 ι
3659 4159 3727 4213 Et
3748 4162 3783 4214 l.
3809 4175 3863 4224 tt,

2250 4232 2303 4287 in
2337 4229 2630 4299 Epistolatn
2662 4230 2727 4285 ad
2759 4229 2976 4286 Galatas
3002 4247 3119 4301 cap.
3146 4247 3219 4297 ιν,
3252 4232 3325 4283 ait
3352 4248 3364 4282 :
3397 4248 3416 4282 t
3452 4231 3611 4285 Multi
3645 4247 3744 4300 per
3772 4232 3868 4285 im-

2253 4305 2497 4373 peritiam
2526 4302 2923 4374 Scriptnrarum
2954 4302 3119 4374 (quod
3150 4311 3206 4357 ct
3238 4301 3549 4374 Firtnianus
3593 4304 3647 4355 in
3678 4314 3866 4355 octato

2248 4371 2316 4430 ad
2368 4375 2761 4429 Demetrianutn
2812 4371 3158 4442 epistularum
3208 4374 3342 4427 libro
3393 4371 3570 4440 facit)
3618 4383 3868 4429 asserunt

2247 4445 2505 4517 Spiritum
2537 4455 2803 4508 sanctum,
2834 4459 2986 4517 saepe
3010 4445 3247 4517 Patrem,
3280 4459 3425 4517 saepe
3453 4443 3662 4499 Filittm
3696 4445 3867 4517 nomi-

2247 4514 2385 4572 nari.
2434 4537 2454 4570 ι
2499 4517 2731 4571 Rursum
2766 4515 3022 4586 Apologia
3053 4517 3116 4569 ad
3157 4514 3571 4570 Pammacbittm
3603 4526 3662 4572 et
3691 4516 3865 4572 Ocea-

2248 4605 2373 4642 num
2403 4589 2574 4660 inquit
2592 4606 2610 4660 7:
2645 4606 2675 4660 ι
2699 4587 3008 4642 Lactantius
3034 4588 3085 4641 itt
3115 4586 3271 4660 libris
3293 4587 3425 4652 suis,
3450 4597 3507 4641 et
3543 4590 3789 4660 maxime
3814 4587 3864 4642 in

2244 4659 2485 4731 epistolis
2534 4659 2602 4713 ad
2656 4659 3088 4725 Dctnetriannm,
3134 4659 3366 4731 Spiritus
3410 4659 3595 4731 sancti
3639 4659 3866 4731 omnino

2245 4729 2405 4803 negat
2452 4731 2804 4803 substantiam
2851 4740 2905 4785 et
2927 4746 3135 4803 _errore
3161 4730 3380 4803 judaico
3425 4729 3584 4803 dicit,
3624 4746 3755 4786 eum
3799 4729 3866 4785 ad

2244 4800 2455 4858 Pairem
2480 4803 2688 4865 referri,
2717 4802 2799 4855 vel
2832 4803 2897 4855 ad
2927 4800 3153 4867 Filium;
3183 4810 3237 4856 et
3261 4801 3327 4855 ad
3360 4801 3863 4858 sattctiticationem

2240 4878 2522 4942 utriusque
2569 4874 2817 4928 Personae
2868 4873 2970 4928 sub
3015 4873 3132 4942 ejus
3184 4874 3402 4927 nomine
3455 4874 3862 4928 demonstrari.

2239 4945 2371 5014 Quis
2399 4945 2530 5001 mihi
2559 4943 2881 5014 interdicere
2925 4954 3122 5013 potest,
3165 4959 3231 4999 ne
3270 4944 3441 5013 legam
3482 4944 3611 5014 ejus
3645 4944 3867 5000 Institu-

2239 5013 2443 5071 tionum
2485 5017 2674 5076 libros,
2715 5013 2909 5081 quibus
2948 5026 3136 5070 contra
3170 5025 3361 5085 gentes
3402 5013 3638 5082 scripsit
3682 5017 3864 5071 fortis-

2236 5090 2395 5151 sime,
2426 5088 2547 5158 quia
2576 5088 2826 5155 superior
2854 5087 3121 5142 sententia
3148 5086 3466 5143 detestanda
3502 5088 3634 5144 est?
3661 5108 3683 5142 ι
3720 5088 3863 5145 Hac-

2238 5168 2394 5216 tenus
2418 5158 2475 5215 8.
2508 5159 2889 5228 Hieronymus.

2309 5230 2368 5286 S.
2402 5231 2649 5287 Gelasius
2695 5230 2747 5282 itt
2798 5228 3029 5284 concilio
3074 5243 3301 5284 romano
3348 5229 3428 5284 sic
3481 5231 3861 5297 pronuntiat:

2232 5301 2497 5372 Opuscttla
2526 5301 2788 5356 Lactantii
2825 5300 3163 5372 apocrypha.
3199 5301 3275 5355 Ita
3315 5315 3446 5356 sane
3478 5300 3541 5356 S.
3575 5300 3858 5369 Pontifex,

2230 5370 2379 5445 gravi
2408 5386 2726 5443 matureque
2742 5370 2947 5441 judicio
2970 5370 3200 5427 censuit.
3230 5372 3360 5427 Nam
3389 5372 3445 5426 in
3475 5372 3566 5445 bis
3610 5375 3853 5429 Lactan-

2234 5444 2290 5501 tii
2333 5446 2589 5515 operibus
2618 5445 2941 5513 multiplices
2983 5457 3199 5498 ert-ores
3227 5453 3281 5497 et
3306 5444 3604 5499 sententia:
3641 5461 3673 5500 a
3706 5448 3855 5515 puri-

2232 5525 2341 5572 tate
2367 5517 2684 5571 orthndoxaa
2723 5516 2982 5570 doctrinae
3021 5515 3411 5582 discrepantes.
3458 5515 3676 5571 Earum
3714 5519 3857 5573 iudi-

2230 5602 2346 5643 cem
2377 5590 2632 5657 magister
2663 5588 2926 5641 Antonius
2952 5586 3253 5641 Raudensis
3282 5587 3345 5638 ad
3376 5586 3665 5657 ﬁnemque
3701 5591 3864 5645 libro-

2230 5675 2349 5715 rum
2390 5659 2650 5714 Lactantii
2684 5659 2928 5713 attexuit.
2964 5658 3163 5714 Verum
3201 5669 3256 5712 et
3295 5657 3600 5712 Fratu-iscn
3649 5660 3861 5718 Pltilel-

2227 5730 2340 5803 pbo
2360 5732 2450 5786 lib.
2479 5729 2936 5806 lV_EpiS_l.ul£t_l'Utp,
2960 5742 3014 5785 et
3044 5731 3225 5806 multis
3248 5729 3477 5806 eruditis
3507 5731 3694 5786 visum
3721 5732 3855 5806 (est)

2229 5798 2491 5865 censuras
2532 5798 2834 5867 Raudeusis
2879 5800 2935 5864 in
2977 5800 3301 5876 quibusdam
3330 5798 3569 5865 nimium
3603 5798 3852 5877 atroces;
