4104 6368
277 277 355 339 89
1482 275 1804 336 CENSUBA
1842 274 1911 334 IN
1948 274 2415 335 LACTANTIUM.
3509 270 3580 330 90

275 391 334 448 in
378 391 507 466 aliis
554 392 803 465 ineptas,
858 391 1132 464 multaque
1174 392 1280 450 alia
1328 393 1677 466 castigatione
1717 393 1875 465 digna
1901 390 1956 452 Α
2050 393 2255 451 Eodem
2305 394 2443 450 libro
2471 409 2555 457 νι.
2595 392 2771 466 capite
2798 390 2917 466 20:
2954 389 3095 466 Non
3121 388 3254 445 enim
3284 405 3400 446 cum
3444 388 3582 466 occi-

276 463 552 522 omisisse.

354 536 519 592 Libro
571 552 625 602 ι,
676 537 742 592 ad
794 545 955 607 caput
993 537 1074 591 7:
1120 535 1307 592 Verum
1342 538 1502 607 quia,
1553 546 1658 592 etc.
1712 536 1879 592 Caute

280 608 406 679 lege
431 609 528 662 ista
570 608 750 663 omnia
791 608 857 661 ad
909 608 1069 664 linem
1124 624 1295 673 ustiue
1346 610 1571 673 capitis,
1617 624 1737 661 nam
1783 624 1878 664 ve-

284 680 567 735 hementer
608 681 902 736 abhorrent
942 694 970 733 a
999 696 1149 736 more
1179 681 1427 751 loquendi
1461 680 1832 749 theologorum
1861 697 1875 731 :

282 767 460 822 neque
479 753 623 805 enim
657 753 794 806 Deus
821 767 849 803 a
880 766 938 804 se
969 752 1085 821 ipso
1111 754 1323 821 genitus
1349 759 1432 806 est
1450 793 1464 811 .
1493 762 1587 806 aut
1632 766 1882 821 procrea-

282 830 412 889 tus,
453 839 576 877 cum
628 824 760 877 nihil
811 825 979 890 magis
1034 824 1366 894 impossibile
1416 822 1529 894 (sit)
1576 839 1733 891 quam
1787 823 1883 876 ali-

281 894 414 966 quid
458 895 697 965 seipsum
751 909 1010 966 generare
1054 906 1145 950 aut
1190 896 1516 966 producere;
1571 911 1669 949 nec
1699 894 1883 948 viden-

283 974 373 1021 tur
407 968 569 1021 verita
604 965 863 1021 Lactantii
893 965 947 1019 in
973 966 1173 1021 honum
1197 965 1434 1036 ntiquom
1473 981 1691 1023 sensum
1725 981 1882 1035 p0sse

281 1038 506 1110 reduci,
558 1037 658 1092 nisi
701 1038 976 1110 negative;
1008 1055 1040 1091 a
1082 1055 1135 1092 se
1160 1039 1269 1108 ipse
1296 1038 1521 1110 genitus,
1555 1038 1604 1092 id
1637 1047 1748 1102 est,
1782 1054 1882 1110 non

281 1108 349 1181 ob
378 1109 485 1162 alio
523 1110 755 1181 genitus.
803 1108 1039 1178 Denique
1067 1110 1121 1164 in
1169 1112 1268 1163 hac
1299 1108 1474 1181 causa
1499 1152 1513 1170 ,
1543 1125 1701 1177 qnam
1752 1108 1881 1163 illud

281 1180 577 1236 absurdum
602 1198 615 1233 :
645 1180 757 1249 ﬁeri
779 1195 876 1232 non
894 1191 1083 1251 potest,
1109 1181 1231 1251 quin
1256 1180 1310 1235 id
1334 1180 1471 1251 quod
1498 1182 1584 1247 sit,
1607 1181 1884 1248 aliquando

284 1269 397 1323 esse
426 1253 653 1323 coeperit.
703 1252 832 1305 Vide
858 1249 1188 1323 Apparatum
1230 1249 1443 1308 sacrum
1491 1252 1774 1308 Posseviui
1826 1253 1879 1307 iu

283 1321 532 1379 Gilberto
560 1321 927 1379 Genebrttrdo.

357 1395 521 1450 Libro
552 1410 618 1459 ιι,
646 1394 712 1448 ad
739 1404 899 1462 caput
930 1395 993 1450 14
1026 1413 1038 1448 :
1068 1394 1137 1449 In
1165 1406 1365 1450 centum
1390 1404 1436 1449 et
1464 1412 1536 1450 xx
1566 1397 1734 1451 annis.
1772 1394 1888 1449 Dis-

282 1471 529 1522 sentiunt
571 1467 639 1520 ab
678 1465 778 1519 hac
820 1465 1079 1521 Lactantii
1123 1468 1397 1536 opinione,
1425 1483 1543 1534 qua:
1580 1468 1741 1522 etiam
1791 1467 1889 1522 fuit

282 1537 548 1609 Iosephi,
595 1537 653 1592 S.
700 1536 1057 1609 llieronymus
1100 1537 1152 1592 in
1202 1538 1577 1593 traditionibus
1619 1538 1888 1594 hehraicis

282 1609 344 1665 in
385 1606 587 1665 Genes.
619 1622 672 1662 Vt
725 1608 781 1664 S.
814 1606 1232 1679 Chrysostomus
1273 1609 1466 1664 Homil.
1498 1610 1592 1673 ‘20,
1624 1610 1677 1663 in
1709 1609 1887 1665 Gene-

282 1681 423 1743 sim,
454 1689 521 1754 et
540 1680 793 1754 plerique
810 1681 979 1737 ferme
1004 1694 1212 1736 omnes.
1246 1680 1612 1754 Vide___Sixtum
1647 1681 1887 1754 (Senen-

281 1755 442 1821 sem)
472 1751 562 1806 lih.
599 1766 632 1805 v
663 1751 1040 1820 Bibliothecar,
1086 1760 1326 1809 aunotat.
1356 1751 1446 1817 75.
1478 1761 1533 1809 et
1559 1751 1889 1809 recentiores

282 1824 618 1892 interpretes
642 1824 693 1877 in
723 1839 772 1877 Vl
802 1822 1048 1879 Genesis.

363 1895 569 1950 Eodem
602 1894 738 1948 libro
753 1911 836 1967 _tt,
880 1896 1056 1962 capite
1098 1894 1342 1967 15.7Cum
1370 1911 1498 1967 ergo
1528 1912 1768 1950 numerus
1798 1896 1891 1950 Ιιο-

282 1967 521 2030 minum,
573 1975 682 2038 etc.
737 1965 1141 2038 Circumspecte
1193 1965 1478 2035 legendum
1533 1968 1636 2022 huc
1692 1979 1886 2038 caput,

283 2053 418 2093 nam
474 2036 761 2092 nonnullos
816 2036 1032 2093 errores
1102 2037 1409 2093 Lactantius
1460 2040 1714 2105 implicat.
1762 2036 1891 2092 1³ιὶ-

282 2125 417 2166 mus
457 2119 571 2175 est,
622 2110 786 2163 Deum
834 2110 903 2164 ab
952 2110 1101 2163 initio
1152 2110 1401 2165 tribuisse
1455 2110 1671 2164 dialiolo
1727 2118 1889 2165 terra:

283 2190 630 2253 potestatem.
667 2181 979 2253 Secundus.
1027 2180 1245 2249 angelos
1293 2195 1399 2235 non
1450 2182 1645 2237 missos
1687 2182 1751 2235 ad
1795 2182 1891 2234 ho-

287 2252 750 2329 inittuin_tutelatn
769 2295 784 2318 ,
815 2252 917 2329 nisi
950 2264 1231 2329 postquam
1260 2268 1429 2329 genus
1458 2253 1748 2329 humanum
1781 2267 1891 2329 cte-

286 2325 468 2395 pisset
508 2324 830 2379 increscere.
864 2324 1116 2392 Tertius,
1167 2325 1485 2392 prmcepisse
1532 2325 1696 2380 Deum
1738 2325 1890 2379 honis

284 2396 533 2466 angelis,
566 2411 633 2449 ne
664 2406 822 2450 terrae
843 2398 1165 2466 contagione
1194 2398 1617 2460 ntacularentur,
1648 2412 1716 2453 ne
1757 2396 1886 2450 sub-

284 2469 507 2522 stantia:
531 2466 768 2522 cmlestis
791 2468 1101 2521 amitterent
1125 2469 1463 2538 dignitatem.
1492 2468 1746 2535 Quartus,
1776 2468 1892 2522 dia-

285 2538 479 2594 bolum
509 2541 759 2608 paulatim
790 2539 1081 2609 pellexisse
1106 2540 1272 2592 1ιοιιος
1298 2539 1519 2604 angelos
1546 2540 1609 2593 ad
1643 2540 1770 2594 vitia
1789 2581 1803 2602 ,
1832 2549 1888 2594 et

287 2625 393 2666 eos
425 2612 708 2665 mulierum
739 2611 1119 2675 congressibus
1150 2611 1480 2678 inquinasse.
1509 2612 1758 2678 Quintus,
1789 2612 1891 2665 hoc

285 2696 422 2736 esse
463 2692 773 2751 precatum,
816 2681 886 2737 ob
915 2682 1055 2750 quod
1100 2682 1273 2751 angeli
1322 2700 1352 2736 e
1395 2684 1532 2737 coelo
1572 2683 1888 2738 cecidi-rint.

295 2754 524 2818 Sextus,
549 2768 582 2808 e
601 2768 892 2823 congressu
923 2754 1014 2808 illo
1052 2756 1363 2824 angelorum
1394 2768 1515 2808 cum
1555 2753 1765 2808 feminis
1798 2768 1891 2809 na—

289 2835 414 2880 tum
442 2840 563 2880 esse
587 2826 801 2879 tertium
828 2840 994 2893 genus
1017 2841 1224 2885 eorum.
1253 2827 1343 2896 qui
1369 2840 1544 2892 neque
1573 2827 1748 2896 angeli
1782 2841 1892 2880 cre-

288 2898 487 2963 lestes,
511 2912 684 2967 neque
713 2896 976 2962 homines,
995 2912 1167 2965 neque
1194 2897 1470 2951 ila-mones
1503 2896 1693 2952 inferni
1720 2897 1887 2959 fuere;

292 2968 401 3024 sed
441 2969 681 3023 sobolem
723 2968 1007 3037 quamdam
1043 2968 1376 3024 terrestrium
1407 2968 1749 3033 daemonum,
1801 2970 1892 3039 qui

287 3050 428 3095 sunt
447 3040 722 3112 hominum
746 3049 1059 3112 tentatores,
1086 3039 1425 3112 deceptores,
1455 3044 1780 3112 magicarum
1806 3055 1895 3095 ar-

288 3111 434 3167 tium
465 3122 518 3166 et
546 3111 899 3166 humanarum
929 3110 1292 3166 ealatnitatum
1324 3127 1386 3166 ac
1416 3110 1680 3167 malorum
1708 3123 1891 3167 aucto-

1982 467 2101 522 dere
2148 466 2283 521 Deus
2326 478 2490 532 υριαι,
2539 460 2856 521 etc.'(‘.aute
2898 464 3018 533 lege
3063 462 3250 518 decem
3282 471 3374 517 aut
3416 460 3583 518 unde-

1982 540 2084 594 cim
2117 540 2245 593 istas
2286 540 2490 602 lineas;
2537 553 2657 592 nam
2686 537 2792 591 duo
2836 536 2995 589 docet
3033 534 3340 590 Lactantius
3369 549 3397 587 a
3428 541 3578 590 recta

1983 610 2266 677 theologia:
2321 613 2524 665 ratione
2592 625 2811 677 prorsus
2876 607 3241 662 abhorrentia.
3296 605 3576 677 Primum,

1982 698 2088 737 nou
2137 675 2256 737 esse
2301 682 2500 736 licitum
2549 675 2795 736 occidere
2838 679 3110 734 hominem
3142 678 3194 732 itt
3227 675 3420 744 iudicio
3451 686 3504 731 et
3548 692 3580 731 a

1984 753 2196 825 publica
2243 763 2537 819 potestate,
2583 766 3057 825 neqite‘accusare
3101 747 3579 825 (ιιιςιιιιιιιτριι-(ξιί-

1985 818 2131 879 ἰιιίιιθ
2160 826 2392 891 capitali,
2419 827 2505 890 qui
2526 818 2617 878 cst
2641 822 2954 877 manifestus
2980 818 3153 876 error.
3180 820 3314 875 Vide
3346 820 3404 876 S.
3434 818 3580 875 Tho-

1984 911 2147 951 mam.
2172 896 2264 957 εὶ,
2291 906 2481 966 qtnest.
2513 897 2603 959 64,
2625 905 2725 949 art.
2760 895 2794 948 2
2821 905 2874 966 et
2900 895 2955 960 5,
2986 893 3204 966 ejusque
3226 893 3577 966 interpretes;

1985 978 2037 1023 et
2063 963 2440 1022 Bellarminum
2470 969 2609 1023 libro
2631 982 2682 1021 ιιι
2712 967 2779 1020 de
2807 965 3003 1029 Laicis,
3033 980 3151 1031 cap.
3186 963 3251 1017 12
3277 974 3331 1017 et
3362 963 3446 1018 15.
3478 963 3581 1018 Se-

1984 1040 2239 1095 cundum.
2274 1056 2447 1109 neque
2492 1040 2655 1095 licere
2697 1038 3007 1092 christianis
3037 1036 3297 1109 militat},
3326 1050 3444 1109 qua:
3481 1033 3583 1109 fuit

1987 1111 2213 1165 hmresis
2242 1105 2683 1170 Manichaeorum.
2711 1121 2758 1163 ct
2786 1117 2971 1163 nostro
2998 1107 3198 1162 saeculo
3215 1106 3422 1161 Erasmi
3447 1105 3581 1159 alio-

1985 1197 2212 1252 rumque
2233 1183 2581 1237 Novatornm.
2605 1181 2739 1236 Vide
2761 1181 2816 1238 S.
2843 1180 3106 1252 Thomam
3128 1177 3245 1252 2-2,
3270 1187 3460 1252 quaest.
3483 1176 3577 1252 ιο,

1986 1264 2090 1325 art.
2129 1248 2177 1320 l,
2220 1256 2443 1325 eiusque
2489 1255 2839 1324 interpretes;
2889 1250 3332 1325 Sixtum_li|_t._vt
3383 1248 3580 1325 Biblio-

1988 1319 2167 1386 tltec..
2186 1319 2370 1381 annotI
2406 1326 2526 1385 156;
2553 1319 2860 1381 Bellarmin.
2894 1323 2986 1377 lib.
3015 1338 3071 1375 ιιι
3099 1321 3166 1376 de
3185 1320 3380 1384 Laicis,
3407 1334 3457 1374 c.
3486 1319 3579 1375 64.

2063 1397 2264 1452 Eodem
2314 1399 2456 1453 lihro
2502 1414 2584 1461 Vt,
2635 1398 2810 1465 capite
2854 1394 2967 1450 25:
3017 1392 3172 1446 Nunc
3216 1392 3280 1465 de
3328 1390 3582 1465 sacriﬁcio

1987 1468 2128 1537 ipso.
2185 1479 2287 1524 etc.
2348 1470 2460 1524 Non
2514 1469 2643 1523 satis
2695 1462 2916 1521 cordate
2960 1466 3203 1537 disputat
3258 1464 3358 1537 hoc
3410 1462 3586 1530 capite

1988 1534 2299 1598 Lactantius
2350 1542 2418 1597 de
2472 1551 2697 1595 externo
2749 1539 2839 1593 Dei
2888 1536 3072 1600 cultu,
3112 1534 3324 1604 templis
3365 1548 3583 1588 eorum-

1988 1628 2095 1682 que
2118 1624 2330 1678 ornatu,
2366 1613 2625 1675 donariis,
2655 1609 2945 1682 sacriﬁcio:
2969 1608 3178 1682 videtur
3201 1607 3343 1682 enim
3370 1619 3585 1659 omnem

1990 1678 2274 1740 externum
2346 1686 2438 1740 Dei
2492 1684 2692 1738 cultum
2759 1680 3081 1751 iutproharc.
3134 1678 3395 1751 Equidem
3450 1692 3589 1744 prte-

1991 1756 2205 1824 cipuum
2256 1756 2509 1812 Ecclesim
2546 1750 2864 1810 sacrilicinm
2909 1750 3261 1807 Eucharistire
3302 1759 3585 1830 externum

1993 1842 2207 1897 quoque
2252 1844 2443 1895 magna
2491 1843 2557 1881 ex
2613 1837 2759 1897 parte
2788 1835 2902 1897 est.
2948 1832 3000 1876 et
3040 1829 3405 1897 externo‘rttu
3438 1833 3587 1897 mae-

1994 1889 2156 1952 tatur.
2203 1889 2423 1967 Insuper
2466 1898 2567 1951 etsi
2614 1889 2793 1953 cultus
2839 1895 3091 1967 internus
3132 1892 3326 1967 mentis
3380 1899 3433 1944 et
3483 1889 3589 1959 spi-

1992 1970 2126 2024 ritus
2168 1972 2238 2025 sit
2283 1964 2614 2039 prmcipuus.
2664 1976 2717 2022 ct
2757 1981 2915 2039 quem
2956 1965 3125 2035 magis
3164 1964 3230 2016 ab
3263 1975 3587 2039 unoquoque

1991 2050 2234 2095 nostrum
2258 2034 2483 2109 reqttirit
2508 2042 2678 2103 Deus;
2706 2034 2826 2092 nam
2852 2038 2940 2091 ille
2958 2034 3213 2091 externus
3236 2034 3353 2109 sine
3371 2035 3587 2109 interno

1993 2127 2099 2166 non
2124 2112 2282 2167 affert
2306 2104 2530 2169 salutem
2565 2111 2863 2166 christiano
2888 2128 2901 2165 :
2931 2117 2986 2163 at
3011 2116 3268 2162 externus
3298 2106 3388 2159 Dei
3412 2104 3588 2159 cultus

1990 2199 2056 2238 ex
2086 2200 2144 2238 se
2177 2185 2313 2252 pius,
2342 2195 2581 2248 sanctus,
2614 2183 2807 2245 bonus,
2841 2190 2893 2235 et
2921 2181 3030 2235 Deo
3051 2188 3237 2252 gratus
3259 2189 3370 2252 e51:
3400 2187 3588 2252 exter-

1993 2247 2498 2330 naqueornatnenta
2520 2253 2905 2330 Ecclesiarum,
2924 2267 3042 2321 quzr
3056 2247 3249 2330 partim
3265 2248 3323 2330 in
3346 2247 3583 2330 fabricis,

1994 2321 2185 2397 partim
2224 2328 2274 2381 in
2313 2329 2453 2380 vasis
2493 2327 2703 2388 aureis,
2738 2323 2978 2397 vestibus
3010 2321 3230 2397 sericis,
3265 2328 3369 2374 etc.
3404 2321 3588 2372 consi—

1992 2392 2163 2461 stunt,
2190 2413 2252 2453 ex
2279 2400 2394 2466 ipso
2420 2412 2519 2453 suo
2546 2411 2744 2467 genere
2773 2394 2977 2467 faciunt
3002 2392 3069 2467 ad
3101 2394 3245 2467 pium
3267 2398 3322 2445 et
3342 2398 3588 2467 sant-tum

1993 2470 2091 2524 Dei
2116 2462 2353 2535 cultum;
2386 2481 2434 2526 et
2460 2462 2788 2525 con'trarium
2817 2465 3016 2520 sentire
3045 2463 3269 2535 haeresis
3296 2470 3381 2516 est
3410 2462 3591 2535 Petro:

1994 2531 2401 2596 brussiztnorutn
2426 2551 2480 2596 et
2503 2539 2942 2598 Wiclelistarum,
2968 2550 3030 2589 ac
3058 2534 3384 2589 Novatorutn
3416 2531 3587 2586 nostri

1996 2613 2275 2683 temporis.
2308 2613 2439 2669 Vide
2477 2610 2857 2667 Bellarminum
2884 2609 2978 2665 lib.
3009 2623 3062 2665 ut
3090 2606 3155 2660 de
3177 2602 3340 2683 _Cultu
3367 2602 3591 2683 Sancto-

1993 2675 2135 2744 rum'.
2156 2701 2276 2754 cap.
2300 2686 2355 2743 ϐε
2379 2695 2433 2739 et
2455 2682 2791 2754 (Baronium)
2822 2693 2951 2735 tom.
2974 2695 2997 2754 _t
3020 2677 3303 2754 Annalium
3332 2690 3475 2729 anno
3497 2675 3587 2754 _57.

2065 2746 2374 2823 Quod-vero
2396 2746 2585 2810 attinet
2610 2753 2675 2808 ad
2705 2761 2939 2807 mentem
2974 2749 3237 2823 Lactantii
3267 2750 3370 2801 hoc
3394 2746 3588 2823 capite,

1993 2817 2115 2881 eum
2148 2828 2200 2882 in
2241 2828 2436 2882 bonum
2479 2842 2695 2881 sensum
2747 2834 2893 2878 recte
2932 2821 3140 2877 reducit
3170 2817 3495 2872 'lhotnasins
3536 2817 3588 2871 iit

1993 2897 2165 2966 Notis,
2198 2916 2329 2970 quas
2358 2900 2445 2953 hic
2472 2899 2538 2954 ad
2574 2897 2735 2951 linem
2776 2892 3196 2970 capitisatlixit;
3231 2890 3448 2944 tametsi
3486 2887 3590 2943 La-

1994 2966 2231 3026 ctantius
2255 2986 2359 3025 ιιοιι
2390 2971 2519 3024 satis
2550 2970 2941 3037 circumspecte
2965 2966 3235 3037 loquatur.

2067 3040 2229 3096 Libro
2258 3059 2349 3107 vn,
2383 3043 2559 3111 capite
2588 3040 2654 3095 M
2686 3058 2699 3093 :
2734 3032 2911 3114 Séiont
2938 3032 3095 3108 igitur
3134 3032 3456 3114 philosophi,
3486 3040 3590 3114 etc.

1997 3112 2105 3168 Sex
2144 3105 2367 3168 millium
2397 3105 2659 3168 annorum
2702 3109 2875 3178 spatio
2917 3105 3082 3163 totam
3133 3106 3313 3178 mundi
3352 3105 3596 3178 (iuratio:

288 3199 409 3239 res.
441 3183 572 3239 Sunt
602 3184 785 3238 omnia
814 3183 911 3237 ista
939 3182 1186 3251 dogmata
1219 3183 1472 3244 absurda.
1503 3200 1754 3251 crronea,
1782 3192 1837 3238 et
1863 3200 1890 3236 ει
1921 3182 1967 3247 C
1999 3200 2152 3248 nem,
2188 3186 2381 3240 nedum
2417 3187 2505 3239 hic
2535 3173 2875 3246 Lactantius,
2923 3181 3016 3235 sed
3052 3177 3213 3251 :nulti
3260 3191 3473 3251 quoque
3506 3173 3597 3251 alii

292 3256 511 3310 sincera
531 3255 905 3324 theologorum
924 3254 1168 3308 doctrina
1190 3270 1410 3324 prorsus
1444 3254 1641 3310 aliena.
1656 3253 1895 3310 Consule

292 3325 512 3384 Sixtum
537 3326 817 3397 (Senens.)
833 3325 925 3380 ltb.
950 3341 981 3397 _v
1006 3324 1349 3393 Bibliotltec.,
1371 3339 1556 3382 annot.
1576 3329 1666 3396 77,
1685 3336 1739 3383 et
1759 3328 1893 3382 alios

293 3398 631 3465 interpretes
658 3395 821 3468 capit.
855 3411 906 3451 vr
934 3395 1229 3453 Geneseos.

370 3468 537 3525 Libro
584 3485 673 3536 ιιι,
730 3470 904 3538 capite
951 3468 1071 3523 24:
1115 3468 1256 3533 Quid
1302 3470 1379 3524 illi
1426 3471 1514 3541 qui
1564 3486 1670 3525 esse
1698 3479 1902 3523 contra-

289 3542 426 3606 rios,
458 3553 564 3612 etc.
594 3541 747 3612 Quod
778 3540 1072 3612 Antipodes
1101 3555 1222 3595 cum
1267 3542 1387 3596 aliis
1427 3544 1622 3612 priscis
1669 3541 1900 3596 auctori-

288 3612 402 3671 bus
449 3611 760 3667 Lactantius
803 3611 986 3675 tollat,
1028 3611 1292 3667 refellitur
1315 3611 1579 3669 evidentia
1621 3612 1899 3682 perSpicua

293 3685 428 3755 novi
456 3685 602 3741 orbis
622 3723 640 3751 ,
679 3693 734 3738 et
760 3685 1079 3755 auctoritate
1101 3699 1312 3751 quoque
1352 3686 1637 3755 insignium
1664 3700 1727 3738 ex
1756 3684 1899 3738 anti-

293 3754 506 3825 quitate
544 3757 900 3826 scriptorum,
945 3763 1002 3808 ιιι
1049 3754 1166 3809 fuse
1205 3754 1538 3811 demonstrat
1574 3755 1633 3810 F.
1663 3756 1900 3811 Thomas

293 3826 581 3882 Malvenda
615 3829 706 3899 lib.
743 3841 803 3899 ιιι
842 3826 915 3899 de
940 3826 1300 3891 Antichristo,
1329 3844 1447 3899 cap.
1482 3828 1571 3883 M.
1607 3829 1735 3894 Quae
1766 3840 1896 3899 vero

293 3909 490 3954 contra
536 3898 661 3954 caeli
722 3896 1010 3952 volubilem
1058 3896 1440 3955 rotunditatem
1486 3899 1741 3965 disserit,
1798 3898 1901 3953 etsi

296 3970 497 4025 eadem
522 3984 737 4041 quoque
761 3970 1002 4024 nonnulli
1036 3968 1340 4042 philosophi
1364 3982 1412 4025 et
1438 3971 1626 4026 Patres
1647 3970 1899 4042 docuisse

294 4044 666 4111 reperiantur,
692 4053 746 4095 at
771 4042 1114 4095 revincuntur
1136 4054 1343 4110 aperte,
1371 4055 1422 4096 et
1445 4053 1722 4097 auctorum
1754 4041 1902 4097 testi-

294 4114 523 4177 moniis,
552 4122 605 4167 et
633 4112 791 4184 claris
816 4111 1169 4184 philosophia:
1190 4115 1644 4184 astronomia'que
1673 4114 1900 4184 demon-

298 4186 677 4240 strationibus.
726 4182 859 4239 Vide
907 4200 1024 4255 quae
1072 4183 1263 4238 eodem
1311 4185 1430 4240 loco
1467 4182 1715 4256 (Tliorme
1765 4183 1901 4238 Mal-

298 4256 519 4327 venda-)
547 4266 819 4310 notantur.

375 4326 582 4381 Eodem
613 4328 748 4381 libro
774 4343 865 4391 ιιι,
918 4327 1090 4395 capite
1124 4326 1196 4382 ‘25
1228 4346 1240 4380 :
1279 4326 1430 4382 Num:
1455 4344 1619 4399 pauca
1658 4326 1802 4379 nobis
1841 4326 1905 4379 de

299 4398 679 4470 Philosophia,
734 4407 837 4453 rte.
895 4400 1061 4453 (laute
1111 4400 1225 4470 lege
1284 4400 1385 4454 hoc
1431 4398 1618 4469 eaput;
1688 4414 1808 4470 nam
1858 4398 1900 4450 si

300 4469 617 4527 Lactantius
662 4485 876 4525 omnem
932 4471 1269 4540 antiquorum
1320 4470 1609 4526 Gentilium
1667 4469 1906 4538 philoso-

299 4542 489 4614 phiam
528 4540 904 4611 reprehendit,
950 4557 1053 4597 non
1104 4545 1232 4597 satis
1285 4543 1529 4614 consulte
1577 4542 1737 4606 facit,
1781 4555 1901 4594 cum

299 4612 473 4667 inulta
505 4622 559 4667 et
584 4628 742 4680 vera,
788 4624 841 4668 et
884 4624 1023 4667 recta
1054 4614 1141 4668 illa
1183 4612 1520 4684 philosophia
1566 4616 1902 4676 contineret,

300 4699 428 4756 quae
466 4685 583 4738 usui
628 4695 684 4738 et
724 4685 934 4739 utilitati
990 4685 1238 4739 humana:
1280 4686 1402 4738 vitae
1443 4693 1645 4738 essent.
1695 4684 1749 4739 Si
1779 4698 1905 4756 vero

300 4753 701 4828 philosophiam
746 4757 798 4810 in
842 4758 1148 4811 universum
1179 4757 1420 4828 damnat,
1455 4756 1602 4809 nullo
1633 4766 1789 4828 pacto
1823 4753 1905 4828 le-

300 4826 510 4882 rendus
533 4840 637 4893 εει,
661 4838 713 4881 et
740 4838 1001 4897 repugnat
1024 4830 1296 4883 communi
1326 4827 1546 4880 Patrum
1569 4836 1623 4881 rt
1652 4826 1905 4881 Ecclesia:

300 4899 511 4955 sensui.
544 4897 676 4954 Vide
707 4898 1041 4968 Alphonsutn
1073 4901 1321 4956 Castrum
1351 4897 1489 4954 libro
1518 4914 1615 4953 xm
1644 4898 1906 4953 adversus

300 4969 576 5033 ﬂmrescs,
608 4971 773 5026 Verbo
805 4971 1053 5026 Scientia.

376 5041 542 5097 Libro
566 5055 648 5104 ιιι,
671 5042 909 5114 capite?
943 5060 957 5095 :
1003 5042 1231 5098 Mactant
1260 5042 1418 5114 igitur
1451 5042 1648 5108 Opima:
1687 5058 1746 5096 ac
1782 5041 1908 5114 piu-

302 5130 457 5185 θνα.
499 5123 603 5168 etc.
654 5112 789 5167 Cum
818 5114 1020 5179 judicio
1053 5122 1237 5184 accipe
1266 5112 1385 5181 qua:
1414 5114 1515 5168 hoc
1556 5114 1732 5183 capite
1775 5113 1908 5167 Lac-

303 5187 510 5239 tantius
535 5186 752 5239 disserit
792 5185 860 5240 de
900 5201 1006 5239 non
1051 5186 1410 5242 accendendis
1446 5185 1686 5239 candelis
1724 5194 1778 5238 et
1817 5200 1907 5238 ce-

303 5257 415 5313 reis
463 5258 517 5311 in
566 5257 808 5324 templis;
862 5271 981 5310 nam
1016 5268 1072 5312 ut
1124 5268 1268 5312 recte
1319 5258 1588 5311 invehitur
1636 5256 1687 5310 in
1734 5255 1907 5326 genti-

303 5330 469 5385 licunt
517 5338 571 5383 et
596 5328 1026 5397 superstitiosum
1054 5329 1392 5385 ethnicorum
1422 5330 1580 5382 ritum
1616 5346 1628 5380 :
1664 5328 1732 5381 ita
1774 5327 1906 5381 satis

304 5400 608 5470 improvide
651 5414 837 5453 ansam
882 5399 1208 5456 Novatorum
1249 5398 1568 5470 quihusdam
1611 5400 1903 5469 pra-bttisse

305 5472 520 5527 videtur
560 5470 814 5541 carpendi
856 5472 1000 5541 pium
1037 5483 1091 5527 et
1121 5473 1424 5543 religiosum
1460 5487 1663 5543 morem
1701 5488 1894 5543 accen-_

306 5543 466 5599 detuli
495 5540 685 5599 cereos
727 5553 781 5597 et
812 5540 1086 5612 lampades
1117 5545 1170 5599 in
1215 5540 1457 5599 ecclesiis
1495 5541 1559 5595 ad
1592 5543 1799 5603 altaria,
1832 5540 1899 5595 ad

304 5617 567 5683 reliquias
591 5623 907 5685 martyrum,
930 5624 1060 5682 elc.,
1078 5631 1237 5685 quem
1253 5630 1466 5683 quoque
1484 5626 1726 5669 sanctum
1746 5629 1899 5668 usum

310 5689 511 5755 impius
544 5686 857 5755 Vigilantius
900 5689 1201 5756 sugillaliat.
1253 5688 1387 5741 Vide
1421 5687 1674 5741 Bellarnt.
1711 5688 1801 5740 Iilt.
1836 5687 1904 5741 de

306 5758 571 5829 Reliquiis
592 5758 934 5823 Sanctorum,
961 5773 1080 5823 cap.
1100 5758 1136 5813 5
1160 5771 1215 5817 et
1241 5762 1297 5827 4;
1324 5768 1379 5816 et
1404 5757 1693 5816 Barouium
1725 5768 1856 5815 tom.
1887 5774 1906 5813 ι

308 5831 622 5902 Annalium,
639 5844 781 5888 anno
805 5830 1013 5887 Domini
1035 5829 1125 5888 58.

1999 3246 2187 3313 Patres
2230 3258 2528 3319 inclusere;
2566 3269 2803 3326 quorum
2833 3250 3112 3326 sententiae
3160 3250 3259 3326 hac
3305 3248 3360 3326 in
3401 3262 3457 3300 re
3487 3246 3599 3326 sin-

1996 3330 2214 3398 gulares
2260 3318 2711 3400 qttemadtttoiltttn
2741 3324 2894 3400 _sint_
2924 3320 3451 3400 accipientlm,_fttse
3494 3318 3601 3400 .de-

1996 3389 2355 3455 'r'nonstrat'P.
2390 3400 2625 3453 Thomas
2656 3395 2925 3450 Malvenda
2977 3389 3258 3458 theologus
3298 3389 3602 3443 Dominica-

1999 3486 2099 3526 nus
2125 3471 2219 3527 lib.
2249 3488 2264 3525 ι
2290 3472 2359 3525 de
2378 3468 2729 3529 Attticltristo,
2757 3482 2873 3532 cap.
2893 3464 2985 3530 ‘28,
3007 3464 3100 3531 29,
3120 3463 3207 3518 50.
3237 3460 3367 3516 Vide
3388 3459 3599 3517 Sixtum

2000 3543 2095 3597 lib.
2126 3558 2155 3593 v
2180 3542 2525 3604 Biltliothec.,
2556 3548 2740 3593 attnot.
2778 3536 2899 3591 190.

2074 3612 2276 3669 Eodem
2302 3614 2441 3668 libro
2465 3628 2557 3678 vn,
2586 3613 2757 3679 capite
2783 3608 2852 3661 27
2890 3624 2903 3661 :
2938 3604 3199 3679 PrOpIteta
3227 3618 3441 3673 magnus
3480 3605 3601 3679 mit-

2000 3693 2132 3740 tetur
2157 3703 2189 3739 α
2235 3685 2362 3751 Deo,
2396 3698 2498 3740 etc.
2532 3673 2842 3738 Lactantius
2870 3678 3011 3751 haud
3042 3673 3210 3751 probe
3241 3683 3430 3729 tenens
3464 3673 3602 3751 vati-

2001 3756 2199 3812 ciuium
2233 3744 2585 3828 Apocalypsis
2613 3769 2695 3815 χι,
2731 3766 2852 3828 qua:
2883 3750 2952 3828 ibi
2982 3744 3050 3828 ue
3078 3747 3287 3828 duobus
3329 3744 3603 3828 propltt-tis

2002 3828 2224 3884 Henoch
2254 3816 2308 3883 et
2339 3816 2455 3882 Elia
2479 3816 3095 3894 'temporc'Antichristi
3132 3818 3377 3894 venturis
3407 3816 3601 3894 praedi-

2002 3911 2229 3969 cantur,
2263 3901 2378 3967 ipse
2406 3899 2495 3953 uni
2535 3887 2857 3969 tantum_l_tic
2885 3888 3260 3969 tribuit._\’ide
3304 3888 3515 3969 librum.
3536 3887 3605 3969 de

2002 3959 2335 4027 Antichrisio
2382 3971 2441 4025 Ρ.
2481 3969 2703 4023 Thomas}
2751 3963 3040 4019 Malvenda:
3085 3960 3316 4031 theologi
3368 3959 3605 4013 Domini-

2002 4044 2123 4098 (mni
2158 4044 2248 4097 lih.
2281 4060 2355 4105 ix,
2389 4057 2507 4109 cap.
2539 4039 2623 4099 16.
2654 4036 2930 4113 adﬁnem.
2995 4104 3029 4113 Α
3296 4102 3306 4113 ,
3351 4102 3361 4113 _

2077 4115 2280 4169 Eodem
2321 4100 2592 4177 lihro'vn,
2628 4110 2801 4179 capite
2832 4108 2940 4162 l9:
2987 4104 3243 4179 Oppresso
3290 4102 3447 4168 igitur
3490 4100 3609 4154 orbe

2005 4195 2171 4247 terrm,
2216 4196 2318 4241 etc.
2373 4176 2996 4238 Lactantius'sacrarum
3052 4176 3447 4247 S(3l‘ipllll::ll'lllll
3499 4188 3606 4226 non

2005 4259 2137 4311 satis
2161 4244 2407 4328 petitus,
2441 4264 2499 4308 ιιι
2540 4256 2624 4328 ait
2657 4254 2713 4307 S.
2751 4249 3109 4328 Hieronymus
3132 4288 3145 4309 ,
3194 4244 3362 4328 verba.
3396 4247 3607 4328 Apoca-

2007 4314 2288 4401 lypsis'xvt
2320 4314 2716 4401 handpcnitns
2756 4314 3160 4401 introspiciens,
3210 4316 3454 4401 quaedam
3506 4314 3609 4369 hoc

2005 4387 2180 4470 capite
2210 4400 2277 4453 de
2318 4387 2651 4453 Anticliristo
2689 4409 2794 4470 non
2826 4387 2970 4470 satis
2994 4405 3229 4470 consona
3268 4387 3489 4470 prodit}
3519 4402 3609 4440 ac-

2006 4458 2191 4526 citi-ate
2230 4471 2573 4527 excutiuntur
2620 4482 2680 4520 ea
2725 4464 2816 4518 lih.
2862 4479 2896 4516 ι
2940 4462 3007 4518 de
3046 4460 3378 4516 Anticltrtsto
3410 4458 3603 4513 Thom.

2010 4543 2326 4604 Malvcttdte,
2352 4558 2451 4608 cap
2481 4541 2542 4594 H
2574 4548 2627 4593 et
2654 4538 2749 4613 15(
2837 4605 2896 4613 Δ-
3006 4604 3024 4613 _
3106 4605 3118 4613 ,
3303 4602 3314 4613 .

2081 4614 2283 4668 Eodem
2321 4604 2458 4666 libro
2488 4626 2592 4675 vn,
2635 4611 2811 4678 capite
2834 4605 2899 4660 21
2936 4622 2949 4659 :
2996 4604 3118 4677 lgni
3154 4604 3460 4672 sempiterno
3511 4616 3605 4652 cu-

1999 4687 2089 4757 jus
2131 4696 2346 4748 natura,
2380 4692 2483 4737 etc.
2517 4681 2757 4757 Tametsi
2791 4694 2895 4731 ιιοιι
2938 4678 3332 4757 sit-errpneum
3378 4681 3467 4757 aut
3512 4680 3607 4754 te-

2009 4740 2297 4812 htcrarium
2336 4740 2633 4817 Iasserere,
2711 4753 2885 4822 ignem
2958 4746 3150 4803 inferni
3197 4758 3323 4822 _esse
3383 4740 3606 4822 alterius

2008 4838 2213 4883 natura:
2264 4827 2332 4881 ab
2388 4826 2489 4879 hoc
2543 4812 3121 4885 nostroveletnentari,
3177 4812 3466 4870 dummodo
3518 4828 3608 4865 vc-

2009 4916 2102 4955 rus
2147 4909 2201 4954 et
2243 4912 2537 4965 corporeus
2588 4896 2724 4966 ignis
2777 4903 3101 4966 agnoscatur
3145 4908 3156 4940 :
3215 4898 3269 4940 at
3323 4885 3515 4966 melior
3553 4892 3609 4937 et

2009 4955 2353 5041 probabilior'
2374 4955 2744 5041 theologorum
2775 4955 3043 5017 settlentia
3072 4969 3181 5041 est._
3209 4971 3329 5041 esse
3363 4955 3605 5041 ejusdem

2012 5028 2215 5097 naturae
2244 5053 2295 5097 et
2325 5039 2523 5113 speciei
2553 5028 2673 5093 cum
2705 5038 3046 5113 hoenostro,
3075 5028 3392 5113 quihusdaut
3424 5039 3603 5113 tanien

2011 5098 2369 5183 qualitatibus
2402 5112 2736 5183 distinctum.
2785 5098 3296 5183 Y_ide_Domittit-ttm
3332 5098 3543 5152 Baunes
3590 5113 3606 5151 ι

2011 5172 2160 5256 parte
2188 5187 2413 5254 Quaest.,
2442 5184 2597 5256 artic.
2628 5182 2682 5250 Ξ,
2712 5180 2876 5256 dphio
2903 5179 2957 5241 2,
2987 5175 3233 5256 _conclus.
3264 5172 3319 5225 2.
3356 5244 3366 5254 ⁸
3431 5241 3461 5256 μ

2082 5241 2282 5312 anEm
2330 5241 2504 5326 capite
2547 5255 2613 5310 21
2661 5241 2689 5326 ίΔ
2727 5251 2832 5308 Sed
2879 5260 2932 5326 et
2967 5250 3138 5326 justos
3183 5261 3299 5298 cum
3348 5241 3607 5326 iudicavit:

2009 5330 2111 5393 rit,
2164 5339 2269 5383 etc.
2326 5314 2491 5382 Error
2529 5329 2627 5381 iste
2672 5319 2936 5380 Lactantii
2968 5314 3049 5374 'de
3085 5314 3448 5393 expurgandis
3498 5314 3605 5382 igui

2003 5390 2276 5484 ιυειοτυηι
2322 5390 3597 5484 (ἱυτνῖπί.¹3¹¹εξ.ν⁴’ἣι,3¹¹1ίῗεῖνδξ¹τῖ⁶ῐη³2ἒ¹ἑεὶίξ1¹ἒ¹ινπ..τεῷ

1997 5455 2174 5544 iectus
2197 5481 2278 5526 est
2304 5471 2372 5526 ab
2399 5455 3017 5544 scholistheologorum.
3041 5455 3409 5518 Vide'b‘ixtunt
3442 5455 3540 5510 lib.
3567 5469 3600 5509 γ

2007 5537 2354 5605 Bibliothec.,
2384 5550 2569 5596 anttot.
2604 5539 2725 5599 170.
2762 5537 2883 5591 171.

2079 5614 2285 5670 Eodem
2314 5614 2490 5681 capite
2513 5612 2576 5665 21
2607 5628 2620 5664 :
2656 5609 2763 5664 Nec
2790 5607 3245 5681 taiuenrqurisquam
3275 5610 3414 5672 putet
3435 5641 3450 5666 ,
3495 5607 3601 5653 etc.

2009 5686 2245 5742 [heresis
2286 5678 2707 5745 est-manifesta,
2742 5681 2809 5736 ab
2858 5680 3091 5733 Ecclesia
3139 5678 3420 5745 damnata,
3454 5685 3605 5725 asse-

2013 5775 2135 5814 rere
2164 5759 2368 5812 animas
2404 5757 2667 5823 justorum
2696 5744 2926 5820 corpore
2953 5752 3175 5823 snintas,
3196 5744 3441 5823 _ac_nulla
3473 5758 3600 5823 pur:

2010 5813 2222 5901 gationc
2245 5813 2499 5901 egentis,
2531 5841 2639 5889 non
2678 5813 2858 5883 statim
2902 5822 3112 5881 admitti
3141 5813 3209 5876 ad
3252 5818 3450 5873 claram
3500 5813 3592 5870 Dei
