4104 6368
290 277 366 335 97
1238 278 1605 344 ELENCHUS
1642 278 2286 345 MANUSCRIPTORUM
2314 280 2707 345 LACTANTII.
3142 312 3143 315 η
3527 291 3600 352 98

291 402 407 473 tum
439 399 756 468 separatim,
792 407 901 455 tum
934 399 990 456 in
1016 398 1355 473 'quibusdam
1406 401 1667 458 Lactantii
1695 402 1886 458 cditio-
1916 404 1971 465 Α
1996 404 2099 459 500
2121 418 2232 473 an.,
2261 419 2314 457 η.
2338 403 2479 459 5759
2493 403 2709 473 optimm
2728 405 2889 463 noue;
2910 415 3048 456 unus
3078 400 3183 460 500
3209 403 3599 473 ann..n.5757;

289 466 471 522 nibus‘.

363 540 790 611 Antiquissimus
811 544 1005 608 codex,
1034 558 1142 615 quo
1162 545 1425 616 Georgius
1448 546 1736 601 ERHARDUS
1761 562 1891 602 usus

288 618 505 691 θρὶξ-εις.
520 616 677 679 cujus
705 618 1055 685 pauciSsimas
1084 622 1352 673 variantes
1374 618 1634 673 lectiones
1660 619 1887 691 decerp-

288 682 363 736 sit
390 682 644 739 Gallarus.

361 753 530 823 Cujus
558 773 755 812 nomen
784 760 981 830 szepius
1006 761 1203 830 legitur
1225 761 1275 815 in
1302 761 1459 827 notis,
1488 761 1532 816 is
1552 772 1669 817 crat
1697 763 1889 818 Petrus

288 824 583 902 FBANCIUS,
608 824 931 900 eloquenti-.e
960 824 1235 902 professor
1264 833 1318 887 in
1347 824 1537 886 illustri
1576 836 1760 891 schola
1800 853 1890 890 ur-

288 897 375 977 bis
407 897 975 977 Amstelmla'meusis.'
999 905 1155 975 cujus
1188 904 1554 970 Bibliotheca,
1592 922 1699 961 non
1738 909 1887 977 equi-

288 968 416 1042 dem
450 968 1179 1041 numeroVoltuuinuutfsed
1229 977 1371 1030 notis
1420 968 1548 1029 tnss.
1593 979 1747 1042 hujus
1787 968 1885 1033 viri

288 1040 597 1118 doctissimi
652 1047 937 1117 ouicoique
988 1040 1126 1102 libro
1171 1047 1406 1118 aspersis
1442 1040 1704 1102 illustrior
1748 1060 1884 1105 erat.

288 1112 461 1189 Qbiil,
493 1129 550 1167 ut
576 1127 729 1187 puto,
760 1112 905 1172 anno
930 1120 1090 1181 1701,
1121 1112 1347 1189 ejusque
1394 1134 1652 1173 musarum
1679 1122 1886 1178 littera-

290 1185 433 1261 rium
462 1185 653 1261 venale
680 1189 776 1244 fuit
799 1185 1187 1246 AIuSIelodami
1214 1185 1356 1244 anno
1380 1190 1537 1254 1703,
1579 1193 1719 1261 apud
1747 1194 1886 1249 llcn-

289 1257 467 1310 ricum
504 1256 795 1332 Wetstein,
836 1264 1208 1332 bibliopolam.
1251 1263 1420 1330 Hujus
1452 1262 1503 1315 iu
1548 1256 1885 1320 Lactantium

286 1331 682 1407 a‘nttotationes
705 1341 760 1387 et
799 1333 1140 1407 conjecturas
1181 1335 1441 1407 habuerat
1466 1334 1620 1389 Joau.
1647 1334 1801 1407 Bapt.
1834 1338 1886 1393 le

288 1399 438 1453 Brou
468 1418 496 1453 a
531 1402 758 1457 Domino
786 1404 852 1459 de
877 1403 1175 1467 Clermout,
1210 1406 1427 1460 Batavo.

366 1471 628 1545 Ecclesiae
678 1478 1104 1545 metropolitanze
1155 1478 1210 1533 S.
1268 1477 1496 1534 CATIAN!
1550 1480 1888 1537 Turonensis

288 1542 401 1620 500
423 1560 689 1620 annorum
716 1542 915 1611 codex,
945 1551 1119 1619 cujus,
1164 1566 1224 1601 ac
1260 1566 1363 1604 ms.
1403 1552 1606 1607 codicis
1669 1553 1888 1620 Majoris

287 1615 605 1691 monasterii
633 1621 898 1676 variantes
927 1615 1186 1676 let-iioues
1210 1621 1274 1674 ad
1296 1621 1452 1676 .IOan.
1488 1624 1642 1691 Bapt.
1669 1625 1717 1679 le
1741 1615 1885 1679 Brun

290 1688 443 1761 misit
468 1687 697 1744 Jacobos
716 1691 1137 1761 Cliristnpborus
1163 1693 1427 1760 Carreao,
1454 1698 1533 1749 vir
1560 1687 1802 1751 eruditus
1823 1711 1886 1752 ac

288 1760 600 1833 religiosus,
633 1772 687 1816 et
711 1760 1087 1833 poblicobouo
1115 1773 1293 1820 natus.

365 1829 661 1889 Coronos
698 1829 867 1889 codex
913 1851 1015 1890 ms.
1058 1835 1389 1891 serenissimi
1432 1836 1703 1894 Saxonum
1735 1840 1888 1897 ducis

289 1912 378 1977 est
403 1903 513 1959 100
542 1906 759 1961 circiter
786 1922 1048 1962 annorum
1076 1928 1089 1971 ,
1121 1909 1470 1977 contiuetque
1498 1921 1704 1977 septem
1730 1912 1898 1967 libros

288 1974 719 2053 lustitutionum,
774 1993 843 2053 ac
886 1978 1049 2053 libros
1090 1980 1168 2053 de;
1205 1978 1287 2033 Ira
1337 1974 1448 2046 Dei,
1481 1974 1641 2037 etde
1671 1983 1896 2053 Opiticio

292 2047 414 2102 Dei.
448 2047 526 2102 Eo
559 2051 638 2104 usi
660 2058 785 2104 sunt
805 2046 1096 2119 Cellarius,
1125 2050 1478 2107 Heumanuus
1501 2061 1558 2109 et
1585 2046 1895 2111 Buueman-

287 2135 420 2175 nos.

367 2190 469 2245 Ms.
501 2191 670 2265 codex
694 2191 901 2250 Claudii
932 2193 1192 2259 Menardi,
1221 2194 1290 2251 de
1344 2209 1450 2265 quo
1478 2195 1556 2250 sic
1578 2196 1626 2251 J.
1657 2197 1717 2251 F.
1751 2197 1896 2255 Gno-

288 2278 495 2336 Novlus
519 2282 532 2317 :
563 2263 757 2319 Nactus
782 2268 835 2321 in
868 2268 1097 2322 Andibus
1119 2267 1260 2336 apud
1287 2263 1559 2322 Claudium
1582 2267 1895 2325 Menardum

290 2335 617 2390 membranas
646 2354 749 2391 non
792 2340 938 2394 valde
995 2335 1236 2403 vetustas,
1283 2340 1450 2408 incepi
1500 2340 1894 2412 qualescumque

289 2419 463 2483 essent
493 2414 743 2483 conferre,
776 2421 822 2465 et
848 2412 1017 2466 inveni
1033 2427 1147 2482 quw
1166 2412 1383 2483 vulgatis
1405 2413 1607 2481 potiora
1636 2414 1891 2468 ducerent.

290 2480 492 2534 Plures
539 2481 817 2538 dumtaxat
866 2484 1014 2538 locos
1045 2480 1302 2538 'duoruiu
1351 2485 1590 2551 priorum
1631 2485 1893 2542 librorum

295 2551 421 2627 Div.
450 2551 847 2627 lustitutionum
876 2555 1185 2610 emendavit
1213 2572 1278 2611 ex
1312 2554 1413 2609 hoc
1442 2559 1807 2627 manuscripto
1838 2561 1890 2614 in

290 2621 438 2679 libro
465 2622 913 2681 Observationum
945 2628 995 2681 in
1027 2629 1322 2695 scriptores
1351 2621 1766 2683 ecclesiasticos.

372 2698 618 2766 Quinque
640 2697 845 2754 Cous.
875 2709 968 2752 aut
995 2697 1222 2754 Wonrr.
1258 2714 1388 2753 mss.
1416 2698 1628 2753 codices
1651 2698 1894 2756 Woll'env

292 2767 643 2833 butt-tenses,
703 2772 895 2840 partim
946 2787 1012 2827 ex
1075 2771 1406 2827 Bibliotheca
1461 2770 1743 2837 Gudiana,
1794 2773 1891 2829 sed

288 2854 529 2912 quorum
565 2841 739 2896 varias
781 2842 1041 2898 lectiones
1073 2842 1272 2898 habere
1312 2858 1420 2897 non
1462 2843 1636 2912 potuit
1660 2843 1886 2901 Bunem.

289 2910 556 2984 Fortasse
584 2915 845 2984 quispiam
881 2917 1087 2970 felicior
1116 2916 1241 2969 erit.

370 2982 552 3037 Codex
597 2982 850 3041 metu:
879 2986 1185 3052 GUILIELIII,
1220 2993 1312 3040 aut
1331 2984 1521 3040 saltem
1548 2986 1617 3041 ab
1640 2987 1755 3057 ipso
1779 2988 1887 3044 col-

286 3054 460 3116 latus.
492 3069 597 3110 non
621 3059 819 3113 inlimte
849 3060 1149 3114 vetustatis.
1180 3057 1433 3111 Coutiuet
1472 3057 1640 3112 libros
1661 3054 1890 3115 Divina-

287 3142 418 3181 rum
474 3126 896 3196 lustitutionum,
945 3132 1011 3187 de
1034 3131 1114 3185 Ira
1150 3130 1265 3192 Dei.
1313 3142 1367 3183 et
1401 3129 1469 3184 de
1496 3129 1722 3197 Opiticio
1750 3132 1882 3187 Dei:

284 3198 553 3273 quaedam
578 3202 754 3256 varias
792 3203 909 3273 ejus
934 3203 1191 3257 lectiones
1218 3200 1401 3255 habuit
1435 3199 1687 3256 Gttllwus.

371 3270 535 3345 Unus
563 3270 893 3345 papyrace'ns
921 3274 1142 3329 Adriani
1189 3274 1351 3337 Juno,
1382 3273 1584 3327 schola:
1611 3272 1885 3330 Auistelo-

282 3342 589 3416 (inmensis,
622 3342 682 3399 in
709 3362 844 3402 nova
872 3347 1016 3400 urbis
1044 3346 1262 3416 regione
1295 3345 1538 3398 rectoris.
1574 3344 1669 3398 ilic
1702 3348 1886 3406 .codex

284 3414 437 3470 foeda
465 3415 753 3472 admodum
788 3433 948 3473 manu
972 3434 1039 3473 ex
1060 3414 1263 3487 optimo
1285 3415 1581 3486 archetypo
1606 3429 1879 3487 exaratos,

284 3490 669 3543 commodatus
696 3490 793 3544 fuit
827 3489 1030 3546 Gallzeo
1064 3490 1129 3544 ab
1158 3488 1430 3544 Hadriano
1455 3488 1635 3542 Juuio.
1666 3492 1732 3543 At
1757 3506 1880 3546 eum

284 3559 602 3629 diligentius
625 3564 855 3626 insuexit
880 3562 1115 3616 Thomas
1136 3562 1382 3616 Cronius.

361 3629 657 3687 LIPMBNSIS
683 3634 989 3689 Academiae
1018 3644 1126 3687 tres
1161 3646 1292 3687 mss.
1329 3630 1545 3687 codices
1585 3631 1878 3701 carthacei.

277 3702 400 3759 500
437 3703 654 3759 circiter
679 3722 964 3769 annorum,
998 3720 1224 3773 quorum
1272 3717 1407 3757 unus
1432 3711 1515 3756 est
1544 3705 1759 3771 Optimae
1783 3722 1880 3760 no-

280 3788 360 3831 lae
386 3815 403 3843 ,
445 3788 499 3830 et
535 3777 923 3844 antiquissimis
961 3776 1326 3833 consentiens.
1376 3774 1668 3830 Continent
1712 3776 1880 3832 libros

286 3849 607 3903 Divinarum
641 3848 1062 3914 lustitutionum,
1095 3848 1162 3902 de
1190 3847 1273 3902 Ira
1328 3844 1424 3901 Dei
1474 3857 1527 3901 et
1561 3847 1630 3902 de
1651 3849 1880 3917 Opiticio

287 3920 413 3982 Dei,
444 3920 665 3990 dempto
692 3936 821 3985 uno,
856 3922 909 3975 in
954 3938 1061 3991 quo
1111 3920 1306 3974 desunt
1333 3917 1441 3972 duo
1481 3920 1758 3989 postremi.
1781 3920 1879 3977 His

282 3991 386 4064 usi
401 4002 527 4046 sunt
547 3992 813 4048 Cellarins
838 4006 1000 4064 atque
1022 3992 1421 4064 Bunemannus.

360 4062 700 4119 Loxnuvsnse
727 4060 967 4131 Regium,
999 4065 1066 4118 de
1097 4063 1177 4117 lra
1204 4061 1317 4127 Dei,
1337 4060 1488 4130 cujus
1510 4063 1873 4135 apographum

274 4136 478 4191 habuit
505 4152 570 4191 ex
594 4137 767 4190 amico
794 4138 1195 4192 Bunemauuus.

357 4206 461 4262 bis.
490 4209 594 4263 500
627 4222 890 4263 annorum
936 4209 1102 4264 codex
1146 4204 1362 4274 Majoris
1389 4204 1714 4272 MonaSIerii,
1746 4206 1873 4263 Gal-

274 4281 394 4336 lice
427 4280 784 4348 Marmontier,
817 4281 1023 4335 ordinis
1042 4279 1101 4335 S.
1137 4277 1429 4343 Benedicti,
1462 4280 1520 4334 ὃ.
1553 4278 1720 4333 Mauri
1741 4295 1875 4335 con-

274 4355 639 4424 gregatiouis,
664 4352 1120 4421 prepe'l‘nroues.
1224 4419 1236 4424 _
1448 4420 1458 4424 _
1498 4382 1513 4406 κ

355 4419 752 4480 Μεκτοκιειῐειθ
770 4419 966 4480 Oxonii
999 4439 1098 4478 ms.
1141 4419 1331 4483 codex,
1375 4420 1528 4490 cujus
1575 4423 1750 4477 varias
1772 4422 1875 4479 lec«

281 4494 485 4558 tiones,
516 4496 610 4550 sed
634 4497 792 4550 nimis
815 4510 995 4564 parce,
1028 4494 1195 4549 refert
1222 4491 1482 4562 Sparkius
1513 4495 1564 4547 in
1597 4506 1691 4548 sua
1732 4494 1875 4551 Oxo-

281 4568 463 4621 nieusi
503 4568 773 4633 editione;
815 4569 1032 4622 inchoat
1054 4567 1227 4640 solum
1257 4564 1725 4640 tertio_l_ib_ro_Di_v.
1761 4567 1876 4623 lns-
1902 4577 1955 4640 ι)

284 4640 597 4693 titutionum
626 4654 795 4706 usque
818 4642 883 4694 ad
910 4641 1069 4693 linem
1102 4638 1218 4692 libri
1241 4636 1307 4689 de
1337 4634 1562 4704 Upilicio
1593 4636 1707 4689 Dei.

360 4710 436 4764 Ex
470 4710 801 4766 Bibliotheca
832 4711 1044 4780 collegii
1070 4709 1363 4780 NAVARRlCI
1389 4708 1556 4780 Paris.
1583 4724 1686 4761 ms.
1705 4709 1877 4766 codex

280 4780 692 4847 300nnuoruni,
708 4778 1076 4852 complectens
1094 4780 1259 4836 libros
1278 4779 1445 4834 divin.
1472 4778 1873 4836 lustitutionum

282 4855 354 4909 de
380 4857 457 4907 ira
485 4854 604 4920 Dei,
633 4864 686 4908 et
708 4853 1011 4924 deUpiiicio
1041 4854 1152 4907 Dei.

357 4924 798 4981 Meinbrauaceus
827 4922 997 4981 codex
1037 4924 1360 4989 qumvos,
1402 4922 1685 4977 continens
1712 4924 1876 4981 libros

279 4996 596 5053 Divinarum
631 4998 1047 5059 lustitutionum,
1077 4997 1228 5065 cujus
1252 4996 1427 5050 varias
1459 4995 1716 5052 lectiones
1742 4996 1873 5053 Gal-

274 5068 389 5123 laeo
415 5070 777 5138 suppeditavit
808 5066 959 5123 Isaac
991 5068 1235 5122 Vossius.

354 5139 632 5196 Francisci
667 5140 849 5197 PENIE
877 5139 1117 5206 llispani,
1156 5151 1393 5193 romanae
1423 5147 1556 5193 rota:
1585 5138 1869 5207 auditoris,

273 5228 388 5267 ms.
420 5214 590 5268 codex
620 5227 726 5267 non
753 5216 953 5267 intima:
982 5222 1142 5273 notae.
1170 5210 1536 5278 complectens
1563 5210 1730 5265 libros
1754 5211 1870 5266 Div.

277 5283 709 5346 lustitutionum.
741 5286 808 5340 de
828 5284 909 5339 Ira
953 5283 1068 5346 Dei,
1118 5292 1172 5338 et
1209 5282 1278 5337 de
1306 5281 1533 5350 Opiticio
1576 5282 1690 5336 Dei.
1720 5282 1873 5340 Hune

273 5355 450 5412 larens
473 5357 734 5411 contulit:
762 5357 855 5412 sed
877 5355 1034 5426 cujus
1056 5355 1126 5409 sit
1143 5358 1318 5426 tetatis
1344 5370 1448 5426 non
1474 5353 1745 5408 iudicavit.

350 5426 484 5483 Mss.
527 5428 742 5483 codices
783 5425 1131 5483 Bibliotheca:
1178 5425 1343 5480 Beots
1385 5425 1870 5492 CHRISTIANISSIIII,

275 5516 511 5572 quorum
534 5502 641 5554 duo
668 5509 793 5553 sunt
813 5498 1217 5572 hOQaimuruui
1238 5496 1453 5572 optima:
1476 5507 1636 5572 "utin,
1666 5498 1867 5572 primus

276 5567 338 5628 ri.
361 5572 526 5638 5755,
555 5581 611 5626 et
644 5573 784 5625 alter
808 5588 862 5626 n.
895 5570 1057 5632 5756,
1081 5572 1170 5638 qui
1199 5568 1295 5622 luit
1315 5568 1441 5623 olim
1468 5584 1533 5622 ex
1564 5567 1865 5623 Bibliothea

276 5648 351 5699 cl.
388 5644 611 5699 Putcani
660 5660 673 5695 :
731 5644 871 5697 hunc
904 5641 990 5696 Jo.
1032 5640 1357 5710 Opsopoeius
1387 5640 1617 5694 contulit
1646 5641 1773 5693 olim
1809 5639 1865 5695 in

279 5715 559 5771 nonnullis
586 5714 778 5785 graecis
804 5714 1129 5786 Sibyllarum
1172 5712 1325 5786 locis,
1357 5719 1411 5765 et
1447 5712 1649 5786 reliijoa
1675 5720 1799 5786 sunt
1835 5725 1864 5764 a

280 5786 441 5846 Joan.
466 5787 516 5844 le
528 5782 675 5844 Br'un
698 5782 923 5854 collata';
947 5799 1085 5841 unus
1103 5784 1212 5840 400
1226 5798 1380 5849 anu.,
1400 5798 1452 5838 n.
1469 5783 1611 5839 5976
1624 5822 1641 5848 ,
1660 5792 1714 5839 et
1728 5782 1867 5837 alter

1914 1804 1963 1865 B

1992 476 2129 528 alios
2143 475 2248 530 500
2265 491 2456 529 annor.
2474 516 2487 538 ,
2504 490 2557 527 η.
2577 473 2739 535 5741,
2762 474 2978 542 optima:
2992 485 3152 538 noue;
3172 491 3309 530 unus
3320 475 3426 533 500
3442 493 3596 542 aun.,

1993 561 2048 600 ιι.
2074 547 2236 611 5740,
2261 561 2382 600 cum
2396 548 2607 600 eximiis
2622 546 2864 617 picturis,
2886 545 2937 617 iu
2953 560 3059 615 quo
3073 558 3152 600 εει
3168 547 3329 601 etiam
3351 549 3599 617 Epitome

1992 617 2292 671 diviuarmn
2312 615 3125 689 lustitutionuni;_aliusMantuae
3141 615 3598 689 descriptusanno

1995 690 2158 755 1428,
2189 706 2241 744 u.
2277 689 2418 743 5977
2445 705 2458 748 ;
2491 688 2629 742 olims
2652 686 2760 759 500
2790 688 3006 743 circiter
3021 686 3395 755 aunormufn.
3428 692 3595 759 5758,

1995 776 2060 814 cx
2091 764 2233 815 bono
2260 761 2559 830 archetypo
2583 758 2887 824 exseriptus
2914 776 2927 823 ;
2960 760 3096 815 alter
3119 760 3226 815 200
3252 772 3344 816 aut
3371 761 3479 820 250
3501 758 3599 818 an-

1992 847 2204 888 norum.
2223 849 2276 885 η.
2294 829 2578 885 5742ᾹΛ111
2595 831 2703 883 duo
2715 829 2820 886 500
2833 831 3051 885 circiter
3072 846 3362 898 annorum,
3382 852 3432 887 u.
3453 835 3597 892 5978

1991 911 2045 957 et
2065 921 2115 957 n.
2141 903 2303 965 5979,
2328 904 2668 956 continentes
2691 903 3031 955 solummodo
3057 901 3322 959 Lactantii
3346 907 3511 960 libros
3528 906 3597 963 de

1992 973 2072 1029 lra
2110 975 2224 1040 Dei,
2260 985 2313 1029 et
2334 973 2403 1029 de
2432 974 2657 1041 Opiticio
2690 973 2803 1034 Dei,
2835 989 2929 1027 seu
2960 973 3306 1030 Formatione
3338 976 3593 1033 hominis.

2063 1045 2172 1099 Hos
2211 1060 2399 1099 omnes
2445 1044 2659 1099 codices
2704 1059 2858 1115 atque
2907 1059 2973 1100 ac
3019 1046 3362 1102 Colbertinus
3405 1061 3597 1105 contu-

1990 1116 2052 1170 lit
2080 1117 2237 1172 Jo.tn.
2273 1117 2398 1185 Bap.
2436 1117 2486 1170 le
2520 1116 2684 1180 Brun,
2707 1130 2935 1192 quorum
2964 1116 3049 1192 llic
3089 1120 3279 1175 damus
3324 1120 3593 1192 indicem,

1990 1202 2058 1243 eo
2087 1204 2193 1259 quo
2220 1203 2363 1242 nunc
2394 1196 2610 1241 exstant
2640 1188 2866 1252 ordine;
2902 1188 3106 1243 scilicet
3134 1207 3148 1242 :

2048 1260 2111 1313 N.
2137 1259 2294 1315 1662.
2320 1259 2503 1314 Codex
2529 1259 2971 1313 tnembranaceus
2993 1263 3120 1314 olim
3141 1261 3327 1317 Claud.
3347 1262 3593 1321 Poteaui:

1991 1331 2187 1406 Carcilii
2220 1330 2477 1406 Eirmiani
2506 1330 2766 1406 Lactantii
2797 1331 3143 1406 libriseptem
3171 1333 3593 1406 lustitutionum,

1992 1403 2127 1475 liber
2155 1404 2221 1457 de
2249 1402 2330 1457 Ira
2357 1402 2469 1468 Dei,
2502 1403 2640 1475 liber
2668 1403 2754 1475 de
2788 1401 3017 1470 Opiﬁcio
3046 1405 3161 1470 Dei,
3194 1405 3443 1475 Epitome
3480 1401 3591 1464 div;

1992 1473 2389 1529 lustitutionum
2413 1516 2429 1539 ,
2453 1473 2624 1528 codex
2664 1474 2882 1528 in-lolio
2924 1489 3067 1528 nouo
3097 1473 3299 1530 smculo
3323 1491 3596 1535 exaratos.

2063 1545 2127 1600 N.
2164 1546 2321 1601 1665.
2349 1546 2533 1600 Codex
2563 1547 3045 1618 membranaceus:
3075 1547 3144 1603 de
3167 1547 3323 1603 Falsa
3352 1551 3592 1618 Religio-

1993 1632 2059 1671 ne
2088 1618 2209 1673 libri
2233 1626 2462 1687 septeni,
2491 1626 2546 1670 at
2577 1618 2753 1671 Divin.
2789 1616 3191 1674 lustitutionum
3224 1625 3361 1675 sexti
3387 1616 3509 1677 linis
3540 1630 3597 1678 et

1992 1692 2203 1765 septimi
2222 1705 2350 1765 pars
2369 1689 2599 1743 maxima
2618 1688 3017 1756 desiderantur,
3039 1706 3182 1746 nono
3200 1694 3399 1749 saeculo
3424 1696 3597 1765 scrip-

1993 1768 2098 1825 tus,
2130 1762 2360 1815 in-lolio.

2077 1832 2142 1886 Ν.
2176 1831 2334 1887 1664.
2366 1830 2546 1886 (Index
2581 1830 2631 1883 in
2658 1830 3012 1886 membrana:
3040 1832 3297 1889 Firmiani
3330 1834 3597 1893 Lactantii

1999 1902 2068 1958 de
2094 1903 2246 1958 Falsa
2276 1903 2556 1973 Religione
2596 1901 2721 1975 libri
2751 1913 2980 1971 Septem,
3024 1905 3265 1975 ersdettt
3293 1906 3360 1962 ad
3401 1910 3594 1963 Deme-

2003 1976 2161 2050 trian.
2194 1975 2329 2031 liber
2372 1980 2438 2029 de
2480 1974 2709 2050 Opiticio
2760 1976 2887 2030 Dei:
2920 1974 3117 2047 partim
3158 1993 3252 2046 xn,
3282 1981 3473 2050 partim
3501 1995 3593 2037 xtv

1999 2048 2204 2102 saeculo
2229 2055 2504 2109 exaratos,
2540 2044 2720 2100 in-fol.

2068 2118 2134 2172 N.
2168 2118 2326 2174 1665.
2359 2116 2538 2173 Codex
2573 2117 3049 2175 membranaceus:
3082 2119 3339 2176 Firmiani
3361 2122 3593 2179 Lactan-

1996 2190 2054 2244 tii
2084 2190 2484 2245 lustitutionum
2516 2189 2817 2262 divinarum
2848 2191 2972 2246 libri
3014 2202 3222 2262 septem
3250 2211 3263 2248 :
3298 2198 3401 2250 sub
3427 2196 3593 2253 ﬁnem

1995 2262 2179 2316 saeculi
2215 2278 2302 2316 xiv
2330 2262 2583 2329 scriptus,
2617 2260 2797 2315 in-fol.

2066 2333 2127 2387 N.
2168 2333 2325 2388 1666.
2385 2330 2570 2387 Codex
2623 2332 2971 2387 cltartaceus:
3040 2333 3299 2390 Firmiani
3328 2335 3596 2395 Lactantii

1995 2403 2392 2480 institutionum
2411 2403 2712 2480 divinarum
2732 2404 2991 2480 ad_versus
3011 2416 3200 2480 gentes
3224 2406 3340 2463 libri
3357 2420 3592 2480 septem,

1995 2477 2131 2549 liber
2160 2476 2227 2532 de
2255 2476 2483 2546 Opiticio
2510 2475 2626 2549 Dei.
2650 2477 2765 2549 sive
2783 2474 3130 2549 Formattone
3158 2474 3591 2549 hominis;auno

1996 2548 2135 2604 1428
2163 2549 2393 2602 Mantua:
2419 2546 2677 2616 scriptus,
2702 2548 2935 2602 iu-l'olto.

2064 2622 2128 2675 Ν.
2161 2620 2324 2675 1667.
2355 2616 2537 2673 Codex
2568 2617 2908 2686 chartaceus,
2940 2620 3066 2675 olim
3094 2619 3455 2678 Colbertinus:
3486 2623 3595 2681 Lu-

1991 2693 2058 2747 cii
2090 2691 2293 2748 Ctecdii
2323 2689 2584 2745 Firmiani
2624 2689 2887 2744 Lactantii
2932 2692 3331 2748 lustitutionum
3374 2695 3589 2753 divinu-

1993 2779 2111 2818 rum
2143 2764 2262 2817 libri
2292 2772 2521 2832 septem,
2553 2777 2695 2816 anno
2720 2762 2858 2818 1465
2884 2773 3158 2831 exaratos,
3192 2766 3435 2820 iit-folio.

2062 2836 2127 2890 Ν.
2164 2834 2328 2890 1068.
2378 2833 2567 2910 Codex
2615 2835 2805 2910 partim
2853 2838 3336 2910 iuetnbrauaceus,
3390 2839 3585 2910 partim

1990 2905 2309 2962 chartaceos
2338 2922 2351 2957 :
2378 2904 2636 2959 Firmiani
2665 2904 2929 2961 Lactantii
2959 2909 3266 2963 Divinarum
3295 2904 3592 2967 lnsiitutio-

1993 2995 2119 3033 nutu
2150 2979 2267 3032 libri
2296 2987 2523 3046 septem,
2554 2980 2752 3031 saeculo
2783 2993 2849 3031 xv
2875 2989 3149 3047 exaratos,
3170 2980 3408 3036 ili-lolio.

2062 3049 2126 3104 N.
2157 3049 2314 3104 1609.
2345 3051 2524 3103 Codex
2552 3049 3016 3116 iueutbranaceus,
3046 3052 3171 3106 olim
3202 3052 3583 3110 Colbertinus:

1990 3121 2250 3176 Firmiani
2321 3118 2584 3175 Lactantii
2654 3120 2955 3175 divinarum
3014 3122 3415 3179 lustitutionum
3462 3125 3586 3182 libri

1913 3187 1959 3251 C
1991 3203 2217 3264 septem.
2239 3192 2533 3266 subjicitur
2560 3201 2873 3266 excerptum
2899 3208 2962 3266 ex
2997 3194 3054 3250 S.
3076 3196 3359 3266 Augustini
3390 3197 3482 3251 lib.
3516 3214 3589 3254 xx

1988 3262 2393 3337 deCtvitaDei;
2429 3265 2496 3317 de
2525 3264 2817 3337 novissnno
2846 3262 3097 3331 Judicio;
3141 3262 3208 3321 d'e
3238 3267 3321 3321 lra
3360 3268 3481 3337 Dei,
3520 3269 3591 3326 de

1988 3334 2214 3404 Opiticio
2246 3336 2358 3401 Dei,
2394 3336 2595 3389 seculo
2624 3349 2696 3389 xv
2724 3347 2999 3404 exaratos,
3029 3336 3270 3393 in-l‘olio.

2057 3407 2123 3462 N.
2158 3408 2315 3463 1670.
2345 3407 2527 3462 Codex
2553 3408 3018 3473 tuembranaceus,
3043 3410 3173 3463 olim
3201 3409 3585 3468 Colbertinus:

1986 3477 2539 3554 FirmianiLactantii
2568 3476 2965 3554 lustitutionum
2989 3480 3291 3554 divinarum
3314 3481 3438 3536 libri
3460 3499 3589 3554 sep-

1988 3561 2115 3605 tem.
2140 3550 2434 3618 Subjicitur
2451 3549 2807 3619 fragmentum
2833 3552 2902 3603 de
2919 3562 3165 3606 extremo
3185 3553 3418 3619 Judicin,
3452 3549 3588 3611 liber

1982 3621 2160 3747 deflrla
2185 3617 2298 3687 Dei,
2326 3620 2465 3676 liber
2492 3620 2559 3675 de
2588 3617 2812 3689 Opiﬁcao
2845 3621 2958 3687 Dei,
2989 3624 3190 3679 saeculo
3215 3639 3283 3677 xv
3309 3617 3585 3693 exaratos,

1982 3708 2062 3747 m-
2087 3712 2117 3746 ο
2144 3710 2215 3747 ιο.

1981 3694 2215 3748 in-folio.

2053 3761 3049 3837 N.1671._Codexdmembrauaceus,
3092 3764 3220 3820 olim
3269 3767 3581 3837 Puteanus;

1984 3836 2244 3892 Firmiani
2314 3834 2576 3891 Lactantii
2631 3833 3031 3891 lustitutionum
3092 3837 3397 3894 Divinarqu
3458 3833 3585 3898 libri

1981 3922 2213 3980 septem,
2244 3906 2312 3964 de
2343 3907 2425 3962 Ira
2451 3908 2564 3971 Det,
2589 3908 2655 3980 de
2678 3904 2904 3975 Opiticio
2929 3907 3042 3973 Dei,
3068 3908 3137 3980 de
3176 3910 3432 3967 Phoenice
3461 3929 3584 3969 car-

1982 3977 2147 4047 men,
2215 3981 2283 4034 de
2336 3977 2758 4051 Resurrectione
2814 3994 3067 4045 carmen,
3117 3979 3368 4051 Epitome
3410 3985 3581 4042 divm.

1980 4051 2378 4107 lustitutionum
2401 4093 2415 4116 ,
2446 4050 2645 4104 saeculo
2676 4065 2749 4102 xv
2777 4060 3048 4117 exaratos,
3078 4050 3312 4111 iu-l’olto.

2051 4124 2116 4177 N.
2144 4125 2305 4179 1672.
2338 4121 2524 4177 Codex
2550 4124 3027 4176 membranaceus:
3062 4122 3320 4180 Firmiani
3343 4125 3580 4184 Lactan-

1982 4194 2040 4250 tii
2084 4194 2503 4266 lustitutionum
2535 4193 2834 4247 divinarum
2880 4192 3004 4266 libri
3049 4206 3283 4266 septem,
3337 4198 3582 4256 l’rteutit-

1982 4276 2165 4320 tuutur
2193 4278 2436 4337 poemata
2477 4264 2619 4341 duo,
2654 4281 2833 4341 uuum_
2856 4265 2925 4320 de
2963 4264 3188 4321 extremi
3232 4268 3417 4338 judieii
3462 4274 3580 4341 Die,

1980 4335 2251 4410 anonymo
2278 4338 2771 4410 auctore,alterotu
2803 4335 2870 4391 de
2901 4335 3314 4395 resurrectionis
3340 4335 3585 4398 Domini-'-

1978 4424 2055 4483 cte
2088 4408 2203 4474 Die,
2259 4410 2537 4483 Lactantio
2584 4408 2863 4483 tributum.
2896 4410 3190 4483 subjicitur
3222 4416 3580 4483 lragtnentum

1978 4481 2045 4536 de
2071 4492 2314 4538 extremo
2332 4478 2545 4537 Judicio
2570 4494 2601 4533 e
2624 4478 2682 4534 S.
2716 4480 2999 4548 Augustini
3016 4478 3161 4536 iith
3190 4498 3256 4538 xx
3287 4478 3355 4538 de
3377 4485 3581 4540 Civita-

1982 4562 2034 4608 te
2063 4555 2174 4622 Dei,
2206 4554 2343 4610 liber
2372 4553 2439 4608 de
2467 4551 2548 4606 lra
2589 4550 2705 4619 bei,
2755 4552 2823 4607 de
2850 4550 3077 4622 Opiticio
3106 4553 3236 4621 Dei;
3266 4557 3464 4611 saeculo
3504 4571 3579 4613 xv

1982 4637 2253 4690 exaratos,
2285 4624 2520 4679 in-lolio.

2055 4697 2118 4751 N.
2158 4698 2317 4753 1675.
2344 4697 2526 4752 Codex
2550 4693 3031 4750 membranaceus:
3063 4695 3317 4752 Firmiani
3349 4698 3579 4755 Lactan-

1984 4768 2041 4824 tii
2068 4768 2465 4824 lustitutionum
2499 4767 2800 4821 divinarum
2836 4767 2957 4822 libri
2986 4780 3191 4837 septem
3218 4785 3233 4832 ;
3280 4771 3474 4837 passim
3504 4771 3577 4829 ad

1982 4844 2277 4913 marginem
2317 4841 2721 4913 adjectrejsunt,
2746 4849 2888 4894 uotte
2934 4840 2998 4893 11.
3048 4840 3107 4893 Ρ.
3140 4839 3361 4913 Joannis
3389 4842 3576 4900 Maria:

1983 4910 2297 4968 BraSichelli
2350 4910 2489 4968 sacri
2532 4910 2723 4965 Palatii
2764 4912 3075 4981 Apostoloci
3135 4912 3419 4981 magistri:
3471 4916 3576 4970 sub

1984 4983 2145 5039 linem
2168 5001 2235 5039 xv
2257 4985 2441 5040 swculi
2461 4986 2716 5052 scriptus,
2744 4980 2979 5037 iii—iulio.
3005 4984 3093 5053 (At
3117 4980 3251 5036 nota}
3268 4980 3576 5041 Brasiclielli

1978 5072 2095 5128 qua:
2121 5059 2258 5128 infra
2296 5067 2410 5112 sunt
2455 5055 2626 5122 ediue,
2677 5055 2885 5127 scripta:
2932 5060 3139 5125 [uerunt
3183 5055 3330 5108 initio
3372 5059 3572 5128 amuli,

1972 5143 2126 5183 ινιι).

2049 5127 2303 5255 [19:16“.
2334 5198 2517 5255 Codex
2545 5197 3022 5255 membranaceus:
3050 5196 3316 5254 Firmiani
3341 5197 3574 5257 Lactan-

1982 5270 2036 5324 tii
2090 5273 2209 5326 libri
2264 5284 2473 5342 septeni
2518 5268 3303 5342 lustitutionuuidivinarum,
3343 5288 3571 5341 quarum

1979 5343 2187 5398 initium
2218 5341 2577 5408 desideratur,
2619 5345 2687 5398 de
2720 5342 2801 5397 Ira
2846 5341 3050 5409 divina,
3095 5343 3163 5398 de
3196 5342 3423 5412 Opiﬁcio
3454 5345 3566 5413 Dei,

1978 5418 2092 5470 sive
2136 5415 2486 5472 Formatione
2530 5413 2784 5480 hominis,
2823 5428 3041 5469 carmen
3078 5414 3147 5470 de
3194 5416 3470 5480 Plitenice,
3501 5418 3572 5474 de

1981 5484 2410 5544 Besurrectionis
2435 5488 2525 5543 Dei
2548 5492 2668 5552 die;
2685 5487 2784 5541 sub
2812 5488 2972 5541 linem
2997 5501 3064 5541 xv
3092 5488 3274 5543 saeculi
3294 5497 3566 5559 exaratos,

1973 5560 2208 5614 iu-l'olio.
2705 5595 2709 5598 ν

2044 5632 2109 5686 Ν.
2141 5628 2301 5688 1675.
2344 5630 2527 5686 Codex
2570 5629 2889 5685 chartacens
2926 5644 2941 5685 :
2994 5628 3259 5685 Lactantii
3306 5628 3569 5688 Firmiani

1975 5703 2370 5759 lustitutionum
2416 5702 2717 5757 divinarum
2757 5703 3015 5757 adversus
3057 5702 3259 5758 Gentes
3300 5702 3421 5758 libri
3442 5719 3568 5773 sep-

1976 5787 2102 5843 tem,
2133 5777 2199 5833 de
2222 5779 2306 5833 ira
2333 5773 2452 5842 Dei,
2480 5774 2550 5831 de
2576 5773 2804 5844 Opiticio
2832 5773 2947 5842 Dei,
2989 5776 3257 5845 Epitonie,
3280 5774 3349 5830 de
3378 5773 3565 5836 Batto-
