  <div class='ocr_page' id='page_1' title='image "/cluster/home/n/w/nwhite01/storage/ocr_20150623/6/hvd.32044015471238/056.png"; bbox 0 0 4104 6368; ppageno 0'>
   <div class='ocr_carea' id='block_1_1' title="bbox 251 318 356 377">
    <p class='ocr_par' dir='ltr' id='par_1_1' title="bbox 251 318 356 377">
     <span class='ocr_line' id='line_1_1' title="bbox 251 318 356 377; baseline -0.01 -1"><span class='ocrx_word' id='word_1_1' title='bbox 251 318 356 377; x_wconf 74' lang='grc'><strong>101</strong></span> 
     </span>
    </p>
   </div>
   <div class='ocr_carea' id='block_1_2' title="bbox 1113 317 2720 390">
    <p class='ocr_par' dir='ltr' id='par_1_2' title="bbox 1113 317 2720 390">
     <span class='ocr_line' id='line_1_2' title="bbox 1113 317 2720 390; baseline 0.007 -13"><span class='ocrx_word' id='word_1_2' title='bbox 1113 317 1396 380; x_wconf 76' lang='lat' dir='ltr'><strong>NOTITIA</strong></span> <span class='ocrx_word' id='word_1_3' title='bbox 1422 320 1575 381; x_wconf 83' lang='lat' dir='ltr'><strong>MSS.</strong></span> <span class='ocrx_word' id='word_1_4' title='bbox 1616 321 1958 382; x_wconf 78' lang='lat' dir='ltr'><strong>LACTAN‘I‘.</strong></span> <span class='ocrx_word' id='word_1_5' title='bbox 2002 322 2098 384; x_wconf 82' lang='lat' dir='ltr'><strong>EX</strong></span> <span class='ocrx_word' id='word_1_6' title='bbox 2136 325 2484 389; x_wconf 78' lang='lat' dir='ltr'><strong>VATICANA</strong></span> <span class='ocrx_word' id='word_1_7' title='bbox 2523 324 2720 390; x_wconf 88' lang='lat' dir='ltr'><strong>BlBLl.</strong></span> 
     </span>
    </p>
   </div>
   <div class='ocr_carea' id='block_1_3' title="bbox 3465 337 3570 397">
    <p class='ocr_par' dir='ltr' id='par_1_3' title="bbox 3465 337 3570 397">
     <span class='ocr_line' id='line_1_3' title="bbox 3465 337 3570 397; baseline 0 0"><span class='ocrx_word' id='word_1_8' title='bbox 3465 337 3570 397; x_wconf 73' lang='grc'><strong>102</strong></span> 
     </span>
    </p>
   </div>
   <div class='ocr_carea' id='block_1_4' title="bbox 258 447 3549 493">
    <p class='ocr_par' dir='ltr' id='par_1_4' title="bbox 258 447 3549 493">
     <span class='ocr_line' id='line_1_4' title="bbox 258 447 3549 493; baseline 0.002 -26"><span class='ocrx_word' id='word_1_9' title='bbox 258 447 3549 493; x_wconf 68' lang='lat'><strong>..__..__._____.____________________________</strong></span> 
     </span>
    </p>
   </div>
   <div class='ocr_carea' id='block_1_5' title="bbox 1385 581 2455 702">
    <p class='ocr_par' dir='ltr' id='par_1_5' title="bbox 1385 581 2455 702">
     <span class='ocr_line' id='line_1_5' title="bbox 1385 581 2455 702; baseline 0.009 -10"><span class='ocrx_word' id='word_1_10' title='bbox 1385 581 2455 702; x_wconf 73' lang='lat' dir='ltr'><strong>ADMONITIO</strong></span> 
     </span>
    </p>
   </div>
   <div class='ocr_carea' id='block_1_6' title="bbox 1164 809 2641 898">
    <p class='ocr_par' dir='ltr' id='par_1_6' title="bbox 1164 809 2641 898">
     <span class='ocr_line' id='line_1_6' title="bbox 1164 809 2641 898; baseline 0.011 -18"><span class='ocrx_word' id='word_1_11' title='bbox 1164 809 1275 881; x_wconf 85' lang='lat' dir='ltr'><strong>IN</strong></span> <span class='ocrx_word' id='word_1_12' title='bbox 1330 810 1990 898; x_wconf 84' lang='lat' dir='ltr'><strong>SEQUENTEM</strong></span> <span class='ocrx_word' id='word_1_13' title='bbox 2050 818 2641 896; x_wconf 85' lang='lat' dir='ltr'><strong>NOTITIAM.</strong></span> 
     </span>
    </p>
   </div>
   <div class='ocr_carea' id='block_1_7' title="bbox 1713 977 2130 1044">
    <p class='ocr_par' dir='ltr' id='par_1_7' title="bbox 1713 977 2130 1044">
     <span class='ocr_line' id='line_1_7' title="bbox 1713 977 2130 1044; baseline 0 -1"><span class='ocrx_word' id='word_1_14' title='bbox 1713 977 2130 1044; x_wconf 52' lang='grc' dir='ltr'><strong>Μ</strong></span> 
     </span>
    </p>
   </div>
   <div class='ocr_carea' id='block_1_8' title="bbox 253 1119 3573 1218">
    <p class='ocr_par' dir='ltr' id='par_1_8' title="bbox 253 1119 3573 1218">
     <span class='ocr_line' id='line_1_8' title="bbox 253 1119 3573 1218; baseline 0.004 -28"><span class='ocrx_word' id='word_1_15' title='bbox 253 1143 256 1152; x_wconf 83' lang='lat'><strong>‘</strong></span> <span class='ocrx_word' id='word_1_16' title='bbox 324 1137 542 1195; x_wconf 82' lang='lat' dir='ltr'><strong>Jamdiu</strong></span> <span class='ocrx_word' id='word_1_17' title='bbox 576 1140 749 1210; x_wconf 87' lang='lat' dir='ltr'><strong>questi</strong></span> <span class='ocrx_word' id='word_1_18' title='bbox 788 1147 914 1193; x_wconf 87' lang='lat' dir='ltr'><strong>sunt</strong></span> <span class='ocrx_word' id='word_1_19' title='bbox 942 1137 1160 1203; x_wconf 88' lang='lat' dir='ltr'><strong>eruditi,</strong></span> <span class='ocrx_word' id='word_1_20' title='bbox 1202 1135 1342 1208; x_wconf 86' lang='lat' dir='ltr'><strong>quod</strong></span> <span class='ocrx_word' id='word_1_21' title='bbox 1384 1135 1658 1208; x_wconf 70' lang='lat' dir='ltr'><strong>Iosephus</strong></span> <span class='ocrx_word' id='word_1_22' title='bbox 1699 1135 1868 1192; x_wconf 67' lang='lat' dir='ltr'><strong>lsatus</strong></span> <span class='ocrx_word' id='word_1_23' title='bbox 1894 1119 1947 1178; x_wconf 78' lang='grc' dir='ltr'><strong>Α</strong></span> <span class='ocrx_word' id='word_1_24' title='bbox 1974 1141 2297 1199; x_wconf 76' lang='lat' dir='ltr'><strong>Passioneus</strong></span> <span class='ocrx_word' id='word_1_25' title='bbox 2329 1159 2434 1199; x_wconf 91' lang='lat' dir='ltr'><strong>non</strong></span> <span class='ocrx_word' id='word_1_26' title='bbox 2464 1153 2665 1201; x_wconf 90' lang='lat' dir='ltr'><strong>tantum</strong></span> <span class='ocrx_word' id='word_1_27' title='bbox 2695 1141 2765 1200; x_wconf 92' lang='lat' dir='ltr'><strong>ob</strong></span> <span class='ocrx_word' id='word_1_28' title='bbox 2803 1143 3126 1214; x_wconf 69' lang='lat' dir='ltr'><strong>singularem</strong></span> <span class='ocrx_word' id='word_1_29' title='bbox 3153 1145 3268 1217; x_wconf 82' lang='lat' dir='ltr'><strong>ejus</strong></span> <span class='ocrx_word' id='word_1_30' title='bbox 3298 1162 3420 1218; x_wconf 81' lang='lat' dir='ltr'><strong>erga</strong></span> <span class='ocrx_word' id='word_1_31' title='bbox 3453 1159 3573 1204; x_wconf 85' lang='lat' dir='ltr'><strong>stu-</strong></span> 
     </span>
    </p>
   </div>
   <div class='ocr_carea' id='block_1_9' title="bbox 251 1232 1855 1303">
    <p class='ocr_par' dir='ltr' id='par_1_9' title="bbox 251 1232 1855 1303">
     <span class='ocr_line' id='line_1_9' title="bbox 251 1232 1855 1303; baseline -0.001 -15"><span class='ocrx_word' id='word_1_32' title='bbox 251 1232 309 1288; x_wconf 84' lang='lat' dir='ltr'><strong>in</strong></span> <span class='ocrx_word' id='word_1_33' title='bbox 348 1249 444 1288; x_wconf 85' lang='lat' dir='ltr'><strong>sua</strong></span> <span class='ocrx_word' id='word_1_34' title='bbox 487 1233 960 1288; x_wconf 85' lang='lat' dir='ltr'><strong>Lactantianorum</strong></span> <span class='ocrx_word' id='word_1_35' title='bbox 1012 1249 1237 1303; x_wconf 88' lang='lat' dir='ltr'><strong>operum</strong></span> <span class='ocrx_word' id='word_1_36' title='bbox 1285 1232 1524 1288; x_wconf 76' lang='lat' dir='ltr'><strong>editione</strong></span> <span class='ocrx_word' id='word_1_37' title='bbox 1569 1232 1855 1287; x_wconf 78' lang='lat' dir='ltr'><strong>duodecim</strong></span> 
     </span>
    </p>
   </div>
   <div class='ocr_carea' id='block_1_10' title="bbox 251 1324 1860 1397">
    <p class='ocr_par' dir='ltr' id='par_1_10' title="bbox 251 1324 1860 1397">
     <span class='ocr_line' id='line_1_10' title="bbox 251 1324 1860 1397; baseline 0 -17"><span class='ocrx_word' id='word_1_38' title='bbox 251 1326 615 1397; x_wconf 71' lang='lat' dir='ltr'><strong>appellaverit</strong></span> <span class='ocrx_word' id='word_1_39' title='bbox 673 1326 1072 1396; x_wconf 85' lang='lat' dir='ltr'><strong>manuscriptos</strong></span> <span class='ocrx_word' id='word_1_40' title='bbox 1120 1324 1338 1380; x_wconf 80' lang='lat' dir='ltr'><strong>codices</strong></span> <span class='ocrx_word' id='word_1_41' title='bbox 1385 1324 1674 1380; x_wconf 83' lang='lat' dir='ltr'><strong>Vaticanos</strong></span> <span class='ocrx_word' id='word_1_42' title='bbox 1718 1337 1746 1377; x_wconf 86' lang='lat' dir='ltr'><strong>a</strong></span> <span class='ocrx_word' id='word_1_43' title='bbox 1801 1339 1860 1380; x_wconf 88' lang='lat' dir='ltr'><strong>se</strong></span> 
     </span>
    </p>
   </div>
   <div class='ocr_carea' id='block_1_11' title="bbox 251 1418 1860 1488">
    <p class='ocr_par' dir='ltr' id='par_1_11' title="bbox 251 1418 1860 1488">
     <span class='ocr_line' id='line_1_11' title="bbox 251 1418 1860 1488; baseline -0.002 -14"><span class='ocrx_word' id='word_1_44' title='bbox 251 1420 510 1484; x_wconf 86' lang='lat' dir='ltr'><strong>collatos,</strong></span> <span class='ocrx_word' id='word_1_45' title='bbox 534 1434 642 1473; x_wconf 87' lang='lat' dir='ltr'><strong>non</strong></span> <span class='ocrx_word' id='word_1_46' title='bbox 673 1418 904 1473; x_wconf 85' lang='lat' dir='ltr'><strong>indicata</strong></span> <span class='ocrx_word' id='word_1_47' title='bbox 933 1433 1122 1473; x_wconf 88' lang='lat' dir='ltr'><strong>eorum</strong></span> <span class='ocrx_word' id='word_1_48' title='bbox 1145 1427 1325 1483; x_wconf 69' lang='lat' dir='ltr'><strong>aetate,</strong></span> <span class='ocrx_word' id='word_1_49' title='bbox 1349 1433 1446 1472; x_wconf 91' lang='lat' dir='ltr'><strong>nec</strong></span> <span class='ocrx_word' id='word_1_50' title='bbox 1477 1432 1584 1488; x_wconf 88' lang='lat' dir='ltr'><strong>quo</strong></span> <span class='ocrx_word' id='word_1_51' title='bbox 1617 1427 1860 1485; x_wconf 88' lang='lat' dir='ltr'><strong>tempore</strong></span> 
     </span>
    </p>
   </div>
   <div class='ocr_carea' id='block_1_12' title="bbox 251 1509 1856 1582">
    <p class='ocr_par' dir='ltr' id='par_1_12' title="bbox 251 1509 1856 1582">
     <span class='ocr_line' id='line_1_12' title="bbox 251 1509 1856 1582; baseline -0.002 -17"><span class='ocrx_word' id='word_1_52' title='bbox 251 1512 444 1582; x_wconf 86' lang='lat' dir='ltr'><strong>scripti</strong></span> <span class='ocrx_word' id='word_1_53' title='bbox 485 1521 758 1581; x_wconf 87' lang='lat' dir='ltr'><strong>putantur.</strong></span> <span class='ocrx_word' id='word_1_54' title='bbox 790 1515 928 1567; x_wconf 76' lang='lat' dir='ltr'><strong>Cum</strong></span> <span class='ocrx_word' id='word_1_55' title='bbox 969 1509 1220 1565; x_wconf 83' lang='lat' dir='ltr'><strong>eumdem</strong></span> <span class='ocrx_word' id='word_1_56' title='bbox 1259 1524 1476 1565; x_wconf 88' lang='lat' dir='ltr'><strong>cursum</strong></span> <span class='ocrx_word' id='word_1_57' title='bbox 1520 1524 1856 1580; x_wconf 82' lang='lat' dir='ltr'><strong>peragerem,</strong></span> 
     </span>
    </p>
   </div>
   <div class='ocr_carea' id='block_1_13' title="bbox 253 1601 1862 1659">
    <p class='ocr_par' dir='ltr' id='par_1_13' title="bbox 253 1601 1862 1659">
     <span class='ocr_line' id='line_1_13' title="bbox 253 1601 1862 1659; baseline -0.002 0"><span class='ocrx_word' id='word_1_58' title='bbox 253 1604 315 1659; x_wconf 87' lang='lat' dir='ltr'><strong>in</strong></span> <span class='ocrx_word' id='word_1_59' title='bbox 343 1613 585 1658; x_wconf 89' lang='lat' dir='ltr'><strong>mentem</strong></span> <span class='ocrx_word' id='word_1_60' title='bbox 620 1601 750 1657; x_wconf 83' lang='lat' dir='ltr'><strong>mihi</strong></span> <span class='ocrx_word' id='word_1_61' title='bbox 779 1603 927 1658; x_wconf 76' lang='lat' dir='ltr'><strong>venit</strong></span> <span class='ocrx_word' id='word_1_62' title='bbox 947 1604 1250 1658; x_wconf 83' lang='lat' dir='ltr'><strong>litterarum</strong></span> <span class='ocrx_word' id='word_1_63' title='bbox 1280 1619 1340 1658; x_wconf 83' lang='lat' dir='ltr'><strong>ac</strong></span> <span class='ocrx_word' id='word_1_64' title='bbox 1372 1605 1729 1657; x_wconf 85' lang='lat' dir='ltr'><strong>litteratorum</strong></span> <span class='ocrx_word' id='word_1_65' title='bbox 1761 1602 1862 1655; x_wconf 77' lang='lat' dir='ltr'><strong>Pa—</strong></span> 
     </span>
    </p>
   </div>
   <div class='ocr_carea' id='block_1_14' title="bbox 253 1696 1864 1765">
    <p class='ocr_par' dir='ltr' id='par_1_14' title="bbox 253 1696 1864 1765">
     <span class='ocr_line' id='line_1_14' title="bbox 253 1696 1864 1765; baseline -0.002 -13"><span class='ocrx_word' id='word_1_66' title='bbox 253 1707 474 1754; x_wconf 89' lang='lat' dir='ltr'><strong>tronum</strong></span> <span class='ocrx_word' id='word_1_67' title='bbox 499 1714 606 1752; x_wconf 93' lang='lat' dir='ltr'><strong>non</strong></span> <span class='ocrx_word' id='word_1_68' title='bbox 637 1713 796 1753; x_wconf 90' lang='lat' dir='ltr'><strong>orare</strong></span> <span class='ocrx_word' id='word_1_69' title='bbox 817 1698 1002 1761; x_wconf 84' lang='lat' dir='ltr'><strong>modo,</strong></span> <span class='ocrx_word' id='word_1_70' title='bbox 1033 1697 1128 1752; x_wconf 82' lang='lat' dir='ltr'><strong>sed</strong></span> <span class='ocrx_word' id='word_1_71' title='bbox 1159 1703 1214 1752; x_wconf 90' lang='lat' dir='ltr'><strong>et</strong></span> <span class='ocrx_word' id='word_1_72' title='bbox 1239 1696 1388 1751; x_wconf 82' lang='lat' dir='ltr'><strong>abeo</strong></span> <span class='ocrx_word' id='word_1_73' title='bbox 1411 1713 1656 1763; x_wconf 83' lang='lat' dir='ltr'><strong>exorare,</strong></span> <span class='ocrx_word' id='word_1_74' title='bbox 1688 1705 1744 1750; x_wconf 91' lang='lat' dir='ltr'><strong>ut</strong></span> <span class='ocrx_word' id='word_1_75' title='bbox 1768 1710 1864 1765; x_wconf 86' lang='lat' dir='ltr'><strong>per</strong></span> 
     </span>
    </p>
   </div>
   <div class='ocr_carea' id='block_1_15' title="bbox 254 1789 1867 1861">
    <p class='ocr_par' dir='ltr' id='par_1_15' title="bbox 254 1789 1867 1861">
     <span class='ocr_line' id='line_1_15' title="bbox 254 1789 1867 1861; baseline -0.002 -17"><span class='ocrx_word' id='word_1_76' title='bbox 254 1790 440 1861; x_wconf 85' lang='lat' dir='ltr'><strong>ipsum</strong></span> <span class='ocrx_word' id='word_1_77' title='bbox 464 1792 595 1846; x_wconf 86' lang='lat' dir='ltr'><strong>mihi</strong></span> <span class='ocrx_word' id='word_1_78' title='bbox 619 1793 808 1845; x_wconf 81' lang='lat' dir='ltr'><strong>liceret</strong></span> <span class='ocrx_word' id='word_1_79' title='bbox 825 1791 1206 1845; x_wconf 83' lang='lat' dir='ltr'><strong>niss.codicum</strong></span> <span class='ocrx_word' id='word_1_80' title='bbox 1231 1789 1660 1859; x_wconf 59' lang='lat' dir='ltr'><strong>Lactantii,qnos</strong></span> <span class='ocrx_word' id='word_1_81' title='bbox 1683 1796 1867 1844; x_wconf 77' lang='lat' dir='ltr'><strong>servat</strong></span> 
     </span>
    </p>
   </div>
   <div class='ocr_carea' id='block_1_16' title="bbox 253 1884 1866 1952">
    <p class='ocr_par' dir='ltr' id='par_1_16' title="bbox 253 1884 1866 1952">
     <span class='ocr_line' id='line_1_16' title="bbox 253 1884 1866 1952; baseline -0.002 -13"><span class='ocrx_word' id='word_1_82' title='bbox 253 1884 517 1940; x_wconf 76' lang='lat' dir='ltr'><strong>Vaticana</strong></span> <span class='ocrx_word' id='word_1_83' title='bbox 576 1885 926 1950; x_wconf 77' lang='lat' dir='ltr'><strong>Bibliotheca,</strong></span> <span class='ocrx_word' id='word_1_84' title='bbox 979 1885 1226 1940; x_wconf 89' lang='lat' dir='ltr'><strong>notitiam</strong></span> <span class='ocrx_word' id='word_1_85' title='bbox 1277 1884 1501 1939; x_wconf 86' lang='lat' dir='ltr'><strong>habere.</strong></span> <span class='ocrx_word' id='word_1_86' title='bbox 1547 1884 1692 1937; x_wconf 85' lang='lat' dir='ltr'><strong>llanc</strong></span> <span class='ocrx_word' id='word_1_87' title='bbox 1736 1896 1866 1952; x_wconf 79' lang='lat' dir='ltr'><strong>ergo</strong></span> 
     </span>
    </p>
   </div>
   <div class='ocr_carea' id='block_1_17' title="bbox 251 1975 1867 2050">
    <p class='ocr_par' dir='ltr' id='par_1_17' title="bbox 251 1975 1867 2050">
     <span class='ocr_line' id='line_1_17' title="bbox 251 1975 1867 2050; baseline -0.002 -18"><span class='ocrx_word' id='word_1_88' title='bbox 251 1976 492 2050; x_wconf 73' lang='lat' dir='ltr'><strong>benigne</strong></span> <span class='ocrx_word' id='word_1_89' title='bbox 535 1992 720 2034; x_wconf 83' lang='lat' dir='ltr'><strong>curam</strong></span> <span class='ocrx_word' id='word_1_90' title='bbox 768 1977 1010 2049; x_wconf 83' lang='lat' dir='ltr'><strong>suscepit</strong></span> <span class='ocrx_word' id='word_1_91' title='bbox 1053 1978 1516 2033; x_wconf 66' lang='lat' dir='ltr'><strong>eminentissimos</strong></span> <span class='ocrx_word' id='word_1_92' title='bbox 1574 1975 1867 2031; x_wconf 84' lang='lat' dir='ltr'><strong>cardinalis</strong></span> 
     </span>
    </p>
   </div>
   <div class='ocr_carea' id='block_1_18' title="bbox 256 2114 564 2133">
    <p class='ocr_par' dir='ltr' id='par_1_18' title="bbox 256 2114 564 2133">
     <span class='ocr_line' id='line_1_18' title="bbox 256 2114 564 2133; baseline 0.003 -4"><span class='ocrx_word' id='word_1_93' title='bbox 256 2114 564 2133; x_wconf 49' lang='grc' dir='ltr'><strong>μ,-</strong></span> 
     </span>
    </p>
   </div>
   <div class='ocr_carea' id='block_1_19' title="bbox 1963 1236 3574 1309">
    <p class='ocr_par' dir='ltr' id='par_1_19' title="bbox 1963 1236 3574 1309">
     <span class='ocr_line' id='line_1_19' title="bbox 1963 1236 3574 1309; baseline 0.004 -20"><span class='ocrx_word' id='word_1_94' title='bbox 1963 1236 2147 1289; x_wconf 83' lang='lat' dir='ltr'><strong>diosus</strong></span> <span class='ocrx_word' id='word_1_95' title='bbox 2204 1251 2448 1308; x_wconf 89' lang='lat' dir='ltr'><strong>quosque</strong></span> <span class='ocrx_word' id='word_1_96' title='bbox 2522 1251 2763 1290; x_wconf 77' lang='lat' dir='ltr'><strong>emerem</strong></span> <span class='ocrx_word' id='word_1_97' title='bbox 2797 1273 2812 1301; x_wconf 90' lang='lat'><strong>,</strong></span> <span class='ocrx_word' id='word_1_98' title='bbox 2893 1253 3081 1292; x_wconf 84' lang='lat' dir='ltr'><strong>verum</strong></span> <span class='ocrx_word' id='word_1_99' title='bbox 3140 1241 3301 1294; x_wconf 88' lang='lat' dir='ltr'><strong>etiam</strong></span> <span class='ocrx_word' id='word_1_100' title='bbox 3352 1250 3574 1309; x_wconf 83' lang='lat' dir='ltr'><strong>propter</strong></span> 
     </span>
    </p>
   </div>
   <div class='ocr_carea' id='block_1_20' title="bbox 1964 1329 3572 1399">
    <p class='ocr_par' dir='ltr' id='par_1_20' title="bbox 1964 1329 3572 1399">
     <span class='ocr_line' id='line_1_20' title="bbox 1964 1329 3572 1399; baseline 0.002 -17"><span class='ocrx_word' id='word_1_101' title='bbox 1964 1329 2259 1398; x_wconf 82' lang='lat' dir='ltr'><strong>antiquam,</strong></span> <span class='ocrx_word' id='word_1_102' title='bbox 2311 1343 2413 1398; x_wconf 89' lang='lat' dir='ltr'><strong>qua</strong></span> <span class='ocrx_word' id='word_1_103' title='bbox 2462 1344 2549 1382; x_wconf 80' lang='lat' dir='ltr'><strong>me</strong></span> <span class='ocrx_word' id='word_1_104' title='bbox 2597 1329 2665 1383; x_wconf 82' lang='lat' dir='ltr'><strong>ab</strong></span> <span class='ocrx_word' id='word_1_105' title='bbox 2710 1329 2865 1384; x_wconf 87' lang='lat' dir='ltr'><strong>annis</strong></span> <span class='ocrx_word' id='word_1_106' title='bbox 2897 1329 3007 1385; x_wconf 89' lang='lat' dir='ltr'><strong>fere</strong></span> <span class='ocrx_word' id='word_1_107' title='bbox 3047 1331 3394 1399; x_wconf 69' lang='lat' dir='ltr'><strong>quadraginta</strong></span> <span class='ocrx_word' id='word_1_108' title='bbox 3422 1347 3572 1386; x_wconf 82' lang='lat' dir='ltr'><strong>com-</strong></span> 
     </span>
    </p>
   </div>
   <div class='ocr_carea' id='block_1_21' title="bbox 1967 1423 3574 1495">
    <p class='ocr_par' dir='ltr' id='par_1_21' title="bbox 1967 1423 3574 1495">
     <span class='ocr_line' id='line_1_21' title="bbox 1967 1423 3574 1495; baseline 0.004 -22"><span class='ocrx_word' id='word_1_109' title='bbox 1967 1424 2238 1492; x_wconf 81' lang='lat' dir='ltr'><strong>plectitur,</strong></span> <span class='ocrx_word' id='word_1_110' title='bbox 2277 1423 2732 1478; x_wconf 75' lang='lat' dir='ltr'><strong>benevolentiam.</strong></span> <span class='ocrx_word' id='word_1_111' title='bbox 2759 1423 2836 1478; x_wconf 87' lang='lat' dir='ltr'><strong>En</strong></span> <span class='ocrx_word' id='word_1_112' title='bbox 2879 1423 3038 1494; x_wconf 77' lang='lat' dir='ltr'><strong>igitur</strong></span> <span class='ocrx_word' id='word_1_113' title='bbox 3071 1424 3187 1480; x_wconf 65' lang='lat' dir='ltr'><strong>haec</strong></span> <span class='ocrx_word' id='word_1_114' title='bbox 3221 1427 3330 1495; x_wconf 87' lang='lat' dir='ltr'><strong>ipsa</strong></span> <span class='ocrx_word' id='word_1_115' title='bbox 3363 1427 3574 1494; x_wconf 86' lang='lat' dir='ltr'><strong>notitia,</strong></span> 
     </span>
    </p>
   </div>
   <div class='ocr_carea' id='block_1_22' title="bbox 1966 1513 3579 1585">
    <p class='ocr_par' dir='ltr' id='par_1_22' title="bbox 1966 1513 3579 1585">
     <span class='ocr_line' id='line_1_22' title="bbox 1966 1513 3579 1585; baseline 0.003 -20"><span class='ocrx_word' id='word_1_116' title='bbox 1966 1513 2179 1583; x_wconf 88' lang='lat' dir='ltr'><strong>qualem</strong></span> <span class='ocrx_word' id='word_1_117' title='bbox 2231 1528 2350 1568; x_wconf 85' lang='lat' dir='ltr'><strong>eam</strong></span> <span class='ocrx_word' id='word_1_118' title='bbox 2396 1514 2828 1568; x_wconf 72' lang='lat' dir='ltr'><strong>eminentissimo</strong></span> <span class='ocrx_word' id='word_1_119' title='bbox 2883 1515 3143 1568; x_wconf 81' lang='lat' dir='ltr'><strong>cardinali</strong></span> <span class='ocrx_word' id='word_1_120' title='bbox 3175 1518 3317 1570; x_wconf 90' lang='lat' dir='ltr'><strong>ultro</strong></span> <span class='ocrx_word' id='word_1_121' title='bbox 3350 1515 3579 1585; x_wconf 69' lang='lat' dir='ltr'><strong>praebuit</strong></span> 
     </span>
    </p>
   </div>
   <div class='ocr_carea' id='block_1_23' title="bbox 1966 1603 3578 1678">
    <p class='ocr_par' dir='ltr' id='par_1_23' title="bbox 1966 1603 3578 1678">
     <span class='ocr_line' id='line_1_23' title="bbox 1966 1603 3578 1678; baseline 0.002 -18"><span class='ocrx_word' id='word_1_122' title='bbox 1966 1607 2052 1660; x_wconf 83' lang='lat' dir='ltr'><strong>vir</strong></span> <span class='ocrx_word' id='word_1_123' title='bbox 2119 1607 2332 1661; x_wconf 89' lang='lat' dir='ltr'><strong>clariss.</strong></span> <span class='ocrx_word' id='word_1_124' title='bbox 2390 1617 2548 1677; x_wconf 89' lang='lat' dir='ltr'><strong>atque</strong></span> <span class='ocrx_word' id='word_1_125' title='bbox 2621 1607 2894 1662; x_wconf 88' lang='lat' dir='ltr'><strong>eruditiss.</strong></span> <span class='ocrx_word' id='word_1_126' title='bbox 2968 1603 3236 1678; x_wconf 84' lang='lat' dir='ltr'><strong>.losephus</strong></span> <span class='ocrx_word' id='word_1_127' title='bbox 3299 1606 3578 1664; x_wconf 83' lang='lat' dir='ltr'><strong>Sinionius</strong></span> 
     </span>
    </p>
   </div>
   <div class='ocr_carea' id='block_1_24' title="bbox 1969 1698 3577 1768">
    <p class='ocr_par' dir='ltr' id='par_1_24' title="bbox 1969 1698 3577 1768">
     <span class='ocr_line' id='line_1_24' title="bbox 1969 1698 3577 1768; baseline 0.001 -14"><span class='ocrx_word' id='word_1_128' title='bbox 1969 1698 2374 1767; x_wconf 79' lang='lat' dir='ltr'><strong>ASSelnannus,</strong></span> <span class='ocrx_word' id='word_1_129' title='bbox 2432 1699 2784 1756; x_wconf 52' lang='lat' dir='ltr'><strong>Bibliotheca</strong></span> <span class='ocrx_word' id='word_1_130' title='bbox 2842 1699 3112 1757; x_wconf 69' lang='lat' dir='ltr'><strong>Vaticana:</strong></span> <span class='ocrx_word' id='word_1_131' title='bbox 3178 1711 3383 1756; x_wconf 90' lang='lat' dir='ltr'><strong>custos.</strong></span> <span class='ocrx_word' id='word_1_132' title='bbox 3445 1701 3577 1768; x_wconf 83' lang='lat' dir='ltr'><strong>Hac,</strong></span> 
     </span>
    </p>
   </div>
   <div class='ocr_carea' id='block_1_25' title="bbox 1976 1793 3578 1864">
    <p class='ocr_par' dir='ltr' id='par_1_25' title="bbox 1976 1793 3578 1864">
     <span class='ocr_line' id='line_1_25' title="bbox 1976 1793 3578 1864; baseline 0.001 -18"><span class='ocrx_word' id='word_1_133' title='bbox 1976 1795 2145 1848; x_wconf 86' lang='lat' dir='ltr'><strong>lector</strong></span> <span class='ocrx_word' id='word_1_134' title='bbox 2185 1793 2418 1858; x_wconf 86' lang='lat' dir='ltr'><strong>erudite,</strong></span> <span class='ocrx_word' id='word_1_135' title='bbox 2460 1803 2514 1848; x_wconf 88' lang='lat' dir='ltr'><strong>at</strong></span> <span class='ocrx_word' id='word_1_136' title='bbox 2553 1809 2657 1846; x_wconf 92' lang='lat' dir='ltr'><strong>non</strong></span> <span class='ocrx_word' id='word_1_137' title='bbox 2719 1794 2838 1848; x_wconf 89' lang='lat' dir='ltr'><strong>sine</strong></span> <span class='ocrx_word' id='word_1_138' title='bbox 2891 1805 3043 1864; x_wconf 77' lang='lat' dir='ltr'><strong>grato</strong></span> <span class='ocrx_word' id='word_1_139' title='bbox 3094 1794 3147 1850; x_wconf 91' lang='lat' dir='ltr'><strong>in</strong></span> <span class='ocrx_word' id='word_1_140' title='bbox 3219 1794 3578 1850; x_wconf 86' lang='lat' dir='ltr'><strong>litteratorum</strong></span> 
     </span>
    </p>
   </div>
   <div class='ocr_carea' id='block_1_26' title="bbox 1974 1885 2931 1954">
    <p class='ocr_par' dir='ltr' id='par_1_26' title="bbox 1974 1885 2931 1954">
     <span class='ocr_line' id='line_1_26' title="bbox 1974 1885 2931 1954; baseline 0 -12"><span class='ocrx_word' id='word_1_141' title='bbox 1974 1887 2267 1942; x_wconf 91' lang='lat' dir='ltr'><strong>Patronum</strong></span> <span class='ocrx_word' id='word_1_142' title='bbox 2297 1887 2499 1954; x_wconf 85' lang='lat' dir='ltr'><strong>animo,</strong></span> <span class='ocrx_word' id='word_1_143' title='bbox 2524 1885 2722 1943; x_wconf 83' lang='lat' dir='ltr'><strong>fruaris</strong></span> <span class='ocrx_word' id='word_1_144' title='bbox 2748 1886 2931 1942; x_wconf 82' lang='lat' dir='ltr'><strong>velim.</strong></span> 
     </span>
    </p>
   </div>
   <div class='ocr_carea' id='block_1_27' title="bbox 751 2093 3565 2131">
    <p class='ocr_par' dir='ltr' id='par_1_27' title="bbox 751 2093 3565 2131">
     <span class='ocr_line' id='line_1_27' title="bbox 751 2093 3565 2131; baseline 0.001 -22"><span class='ocrx_word' id='word_1_145' title='bbox 751 2093 3565 2131; x_wconf 76' lang='lat'><strong>____________________________________.__</strong></span> 
     </span>
    </p>
   </div>
   <div class='ocr_carea' id='block_1_28' title="bbox 1515 2188 2294 2335">
    <p class='ocr_par' dir='ltr' id='par_1_28' title="bbox 1515 2188 2294 2335">
     <span class='ocr_line' id='line_1_28' title="bbox 1515 2188 2294 2335; baseline -0.012 -1"><span class='ocrx_word' id='word_1_146' title='bbox 1515 2188 2294 2335; x_wconf 85' lang='lat' dir='ltr'><strong>NOTITIA</strong></span> 
     </span>
    </p>
   </div>
   <div class='ocr_carea' id='block_1_29' title="bbox 1123 2427 2713 2510">
    <p class='ocr_par' dir='ltr' id='par_1_29' title="bbox 1123 2427 2713 2510">
     <span class='ocr_line' id='line_1_29' title="bbox 1123 2427 2713 2510; baseline -0.008 1"><span class='ocrx_word' id='word_1_147' title='bbox 1123 2434 1689 2510; x_wconf 82' lang='lat' dir='ltr'><strong>MANUSCRI</strong></span> <span class='ocrx_word' id='word_1_148' title='bbox 1706 2429 2167 2504; x_wconf 87' lang='lat' dir='ltr'><strong>PTORUM</strong></span> <span class='ocrx_word' id='word_1_149' title='bbox 2227 2427 2713 2500; x_wconf 88' lang='lat' dir='ltr'><strong>CODICUM</strong></span> 
     </span>
    </p>
   </div>
   <div class='ocr_carea' id='block_1_30' title="bbox 1183 2583 2677 2659">
    <p class='ocr_par' dir='ltr' id='par_1_30' title="bbox 1183 2583 2677 2659">
     <span class='ocr_line' id='line_1_30' title="bbox 1183 2583 2677 2659; baseline -0.01 0"><span class='ocrx_word' id='word_1_150' title='bbox 1183 2593 1396 2659; x_wconf 88' lang='lat' dir='ltr'><strong>LUCII</strong></span> <span class='ocrx_word' id='word_1_151' title='bbox 1439 2589 1756 2655; x_wconf 67' lang='lat' dir='ltr'><strong>CIECILII</strong></span> <span class='ocrx_word' id='word_1_152' title='bbox 1800 2586 2172 2650; x_wconf 80' lang='lat' dir='ltr'><strong>FIRMIANI</strong></span> <span class='ocrx_word' id='word_1_153' title='bbox 2218 2583 2677 2656; x_wconf 83' lang='lat' dir='ltr'><strong>LACTANTII,</strong></span> 
     </span>
    </p>
   </div>
   <div class='ocr_carea' id='block_1_31' title="bbox 831 2743 3037 2813">
    <p class='ocr_par' dir='ltr' id='par_1_31' title="bbox 831 2743 3037 2813">
     <span class='ocr_line' id='line_1_31' title="bbox 831 2743 3037 2813; baseline -0.005 -11"><span class='ocrx_word' id='word_1_154' title='bbox 831 2758 941 2813; x_wconf 81' lang='lat' dir='ltr'><strong>QUI</strong></span> <span class='ocrx_word' id='word_1_155' title='bbox 972 2756 1425 2803; x_wconf 75' lang='lat' dir='ltr'><strong>ASSERVANTUB</strong></span> <span class='ocrx_word' id='word_1_156' title='bbox 1454 2749 1671 2808; x_wconf 69' lang='grc' dir='ltr'><strong>ΒΟΜΕ,</strong></span> <span class='ocrx_word' id='word_1_157' title='bbox 1708 2748 1776 2793; x_wconf 78' lang='lat' dir='ltr'><strong>IN</strong></span> <span class='ocrx_word' id='word_1_158' title='bbox 1813 2747 2199 2792; x_wconf 77' lang='lat' dir='ltr'><strong>APOSTOLICA</strong></span> <span class='ocrx_word' id='word_1_159' title='bbox 2241 2743 2670 2790; x_wconf 76' lang='lat' dir='ltr'><strong>BIBLIOTIIECA</strong></span> <span class='ocrx_word' id='word_1_160' title='bbox 2696 2743 3037 2791; x_wconf 72' lang='lat' dir='ltr'><strong>VATICANA.</strong></span> 
     </span>
    </p>
   </div>
   <div class='ocr_carea' id='block_1_32' title="bbox 1553 2923 2161 2953">
    <p class='ocr_par' dir='ltr' id='par_1_32' title="bbox 1553 2923 2161 2953">
     <span class='ocr_line' id='line_1_32' title="bbox 1553 2923 2161 2953; baseline 0.002 -17"><span class='ocrx_word' id='word_1_161' title='bbox 1553 2923 2161 2953; x_wconf 82' lang='lat'><strong>_______..__..</strong></span> 
     </span>
    </p>
   </div>
   <div class='ocr_carea' id='block_1_33' title="bbox 444 3066 1706 3138">
    <p class='ocr_par' dir='ltr' id='par_1_33' title="bbox 444 3066 1706 3138">
     <span class='ocr_line' id='line_1_33' title="bbox 444 3066 1706 3138; baseline 0.002 -17"><span class='ocrx_word' id='word_1_162' title='bbox 444 3066 584 3135; x_wconf 80' lang='lat' dir='ltr'><strong>Quos</strong></span> <span class='ocrx_word' id='word_1_163' title='bbox 611 3066 873 3138; x_wconf 72' lang='lat' dir='ltr'><strong>Iosephus</strong></span> <span class='ocrx_word' id='word_1_164' title='bbox 893 3067 1062 3125; x_wconf 73' lang='lat' dir='ltr'><strong>lucus</strong></span> <span class='ocrx_word' id='word_1_165' title='bbox 1087 3069 1368 3126; x_wconf 74' lang='lat' dir='ltr'><strong>contulisse</strong></span> <span class='ocrx_word' id='word_1_166' title='bbox 1386 3085 1441 3126; x_wconf 71' lang='lat' dir='ltr'><strong>se</strong></span> <span class='ocrx_word' id='word_1_167' title='bbox 1471 3077 1706 3126; x_wconf 71' lang='lat' dir='ltr'><strong>testatur.</strong></span> 
     </span>
    </p>
   </div>
   <div class='ocr_carea' id='block_1_34' title="bbox 340 3209 1873 3281">
    <p class='ocr_par' dir='ltr' id='par_1_34' title="bbox 340 3209 1873 3281">
     <span class='ocr_line' id='line_1_34' title="bbox 340 3209 1873 3281; baseline 0.002 -15"><span class='ocrx_word' id='word_1_168' title='bbox 340 3211 387 3267; x_wconf 88' lang='grc'><strong>1.</strong></span> <span class='ocrx_word' id='word_1_169' title='bbox 413 3209 598 3268; x_wconf 71' lang='lat' dir='ltr'><strong>Coos:</strong></span> <span class='ocrx_word' id='word_1_170' title='bbox 627 3211 962 3279; x_wconf 72' lang='lat' dir='ltr'><strong>VATICANUS,</strong></span> <span class='ocrx_word' id='word_1_171' title='bbox 1005 3213 1248 3281; x_wconf 73' lang='lat' dir='ltr'><strong>signatus</strong></span> <span class='ocrx_word' id='word_1_172' title='bbox 1275 3229 1425 3269; x_wconf 90' lang='lat' dir='ltr'><strong>nom.</strong></span> <span class='ocrx_word' id='word_1_173' title='bbox 1454 3214 1584 3280; x_wconf 81' lang='grc'><strong>215,</strong></span> <span class='ocrx_word' id='word_1_174' title='bbox 1617 3213 1670 3268; x_wconf 90' lang='lat' dir='ltr'><strong>in</strong></span> <span class='ocrx_word' id='word_1_175' title='bbox 1700 3229 1873 3269; x_wconf 88' lang='lat' dir='ltr'><strong>mem-</strong></span> 
     </span>
    </p>
   </div>
   <div class='ocr_carea' id='block_1_35' title="bbox 259 3285 1873 3353">
    <p class='ocr_par' dir='ltr' id='par_1_35' title="bbox 259 3285 1873 3353">
     <span class='ocr_line' id='line_1_35' title="bbox 259 3285 1873 3353; baseline 0 -14"><span class='ocrx_word' id='word_1_176' title='bbox 259 3285 438 3339; x_wconf 84' lang='lat' dir='ltr'><strong>brana</strong></span> <span class='ocrx_word' id='word_1_177' title='bbox 461 3321 478 3348; x_wconf 88' lang='lat'><strong>,</strong></span> <span class='ocrx_word' id='word_1_178' title='bbox 510 3285 632 3338; x_wconf 89' lang='lat' dir='ltr'><strong>folia</strong></span> <span class='ocrx_word' id='word_1_179' title='bbox 666 3285 862 3353; x_wconf 91' lang='lat' dir='ltr'><strong>scripta</strong></span> <span class='ocrx_word' id='word_1_180' title='bbox 890 3287 1174 3341; x_wconf 88' lang='lat' dir='ltr'><strong>continens</strong></span> <span class='ocrx_word' id='word_1_181' title='bbox 1203 3287 1328 3350; x_wconf 87' lang='lat'><strong>180,</strong></span> <span class='ocrx_word' id='word_1_182' title='bbox 1384 3287 1436 3340; x_wconf 92' lang='lat' dir='ltr'><strong>in</strong></span> <span class='ocrx_word' id='word_1_183' title='bbox 1482 3302 1548 3340; x_wconf 92' lang='lat' dir='ltr'><strong>eo</strong></span> <span class='ocrx_word' id='word_1_184' title='bbox 1593 3290 1873 3341; x_wconf 88' lang='lat' dir='ltr'><strong>continen-</strong></span> 
     </span>
    </p>
   </div>
   <div class='ocr_carea' id='block_1_36' title="bbox 1901 3053 3588 3126">
    <p class='ocr_par' dir='ltr' id='par_1_36' title="bbox 1901 3053 3588 3126">
     <span class='ocr_line' id='line_1_36' title="bbox 1901 3053 3588 3126; baseline 0 -11"><span class='ocrx_word' id='word_1_185' title='bbox 1901 3066 1950 3126; x_wconf 87' lang='lat' dir='ltr'><strong>B</strong></span> <span class='ocrx_word' id='word_1_186' title='bbox 1979 3060 2046 3114; x_wconf 76' lang='lat'><strong>21</strong></span> <span class='ocrx_word' id='word_1_187' title='bbox 2089 3055 2368 3113; x_wconf 80' lang='lat' dir='ltr'><strong>Februarii</strong></span> <span class='ocrx_word' id='word_1_188' title='bbox 2417 3053 2590 3120; x_wconf 76' lang='lat'><strong>1513;</strong></span> <span class='ocrx_word' id='word_1_189' title='bbox 2619 3067 2728 3124; x_wconf 86' lang='lat' dir='ltr'><strong>quo</strong></span> <span class='ocrx_word' id='word_1_190' title='bbox 2778 3054 2834 3126; x_wconf 90' lang='lat' dir='ltr'><strong>in</strong></span> <span class='ocrx_word' id='word_1_191' title='bbox 2886 3054 3075 3112; x_wconf 88' lang='lat' dir='ltr'><strong>codice</strong></span> <span class='ocrx_word' id='word_1_192' title='bbox 3110 3053 3360 3126; x_wconf 82' lang='lat' dir='ltr'><strong>leguntur</strong></span> <span class='ocrx_word' id='word_1_193' title='bbox 3391 3077 3404 3114; x_wconf 87' lang='lat'><strong>:</strong></span> <span class='ocrx_word' id='word_1_194' title='bbox 3437 3059 3588 3115; x_wconf 85' lang='lat' dir='ltr'><strong>Divi-</strong></span> 
     </span>
    </p>
   </div>
   <div class='ocr_carea' id='block_1_37' title="bbox 1980 3125 3583 3200">
    <p class='ocr_par' dir='ltr' id='par_1_37' title="bbox 1980 3125 3583 3200">
     <span class='ocr_line' id='line_1_37' title="bbox 1980 3125 3583 3200; baseline 0.002 -14"><span class='ocrx_word' id='word_1_195' title='bbox 1980 3145 2096 3186; x_wconf 85' lang='lat' dir='ltr'><strong>nar.</strong></span> <span class='ocrx_word' id='word_1_196' title='bbox 2133 3129 2305 3184; x_wconf 85' lang='lat' dir='ltr'><strong>instit.</strong></span> <span class='ocrx_word' id='word_1_197' title='bbox 2333 3126 2459 3200; x_wconf 70' lang='lat' dir='ltr'><strong>libri</strong></span> <span class='ocrx_word' id='word_1_198' title='bbox 2481 3135 2732 3200; x_wconf 65' lang='lat' dir='ltr'><strong>septem,</strong></span> <span class='ocrx_word' id='word_1_199' title='bbox 2765 3125 2856 3180; x_wconf 90' lang='lat' dir='ltr'><strong>fol.</strong></span> <span class='ocrx_word' id='word_1_200' title='bbox 2886 3127 2948 3190; x_wconf 88' lang='lat'><strong>1;</strong></span> <span class='ocrx_word' id='word_1_201' title='bbox 2974 3127 3042 3184; x_wconf 91' lang='lat' dir='ltr'><strong>de</strong></span> <span class='ocrx_word' id='word_1_202' title='bbox 3069 3128 3152 3185; x_wconf 83' lang='lat' dir='ltr'><strong>Ira</strong></span> <span class='ocrx_word' id='word_1_203' title='bbox 3168 3125 3296 3200; x_wconf 82' lang='lat' dir='ltr'><strong>Dei,</strong></span> <span class='ocrx_word' id='word_1_204' title='bbox 3318 3130 3414 3187; x_wconf 90' lang='lat' dir='ltr'><strong>fol.</strong></span> <span class='ocrx_word' id='word_1_205' title='bbox 3447 3131 3583 3200; x_wconf 78' lang='lat'><strong>133;</strong></span> 
     </span>
    </p>
   </div>
   <div class='ocr_carea' id='block_1_38' title="bbox 1978 3197 2987 3270">
    <p class='ocr_par' dir='ltr' id='par_1_38' title="bbox 1978 3197 2987 3270">
     <span class='ocr_line' id='line_1_38' title="bbox 1978 3197 2987 3270; baseline -0.004 -12"><span class='ocrx_word' id='word_1_206' title='bbox 1978 3202 2045 3258; x_wconf 90' lang='lat' dir='ltr'><strong>de</strong></span> <span class='ocrx_word' id='word_1_207' title='bbox 2069 3201 2296 3270; x_wconf 81' lang='lat' dir='ltr'><strong>Opilicio</strong></span> <span class='ocrx_word' id='word_1_208' title='bbox 2329 3197 2447 3262; x_wconf 81' lang='lat' dir='ltr'><strong>Dei,</strong></span> <span class='ocrx_word' id='word_1_209' title='bbox 2473 3198 2567 3252; x_wconf 93' lang='lat' dir='ltr'><strong>fol.</strong></span> <span class='ocrx_word' id='word_1_210' title='bbox 2602 3197 2728 3263; x_wconf 81' lang='lat'><strong>166,</strong></span> <span class='ocrx_word' id='word_1_211' title='bbox 2759 3215 2788 3251; x_wconf 90' lang='lat' dir='ltr'><strong>a</strong></span> <span class='ocrx_word' id='word_1_212' title='bbox 2816 3209 2987 3270; x_wconf 75' lang='lat' dir='ltr'><strong>tergo.</strong></span> 
     </span>
    </p>
   </div>
   <div class='ocr_carea' id='block_1_39' title="bbox 2051 3291 3586 3364">
    <p class='ocr_par' dir='ltr' id='par_1_39' title="bbox 2051 3291 3586 3364">
     <span class='ocr_line' id='line_1_39' title="bbox 2051 3291 3586 3364; baseline 0 -12"><span class='ocrx_word' id='word_1_213' title='bbox 2051 3297 2138 3353; x_wconf 84' lang='lat' dir='ltr'><strong>Vl.</strong></span> <span class='ocrx_word' id='word_1_214' title='bbox 2182 3294 2362 3349; x_wconf 76' lang='lat' dir='ltr'><strong>Conex</strong></span> <span class='ocrx_word' id='word_1_215' title='bbox 2400 3291 2561 3358; x_wconf 63' lang='grc' dir='ltr'><strong>γη,</strong></span> <span class='ocrx_word' id='word_1_216' title='bbox 2593 3305 2742 3346; x_wconf 90' lang='lat' dir='ltr'><strong>num.</strong></span> <span class='ocrx_word' id='word_1_217' title='bbox 2774 3292 2880 3348; x_wconf 83' lang='grc'><strong>220</strong></span> <span class='ocrx_word' id='word_1_218' title='bbox 2905 3333 2919 3355; x_wconf 92' lang='grc'><strong>,</strong></span> <span class='ocrx_word' id='word_1_219' title='bbox 2969 3294 3022 3348; x_wconf 89' lang='lat' dir='ltr'><strong>in</strong></span> <span class='ocrx_word' id='word_1_220' title='bbox 3068 3295 3419 3364; x_wconf 84' lang='lat' dir='ltr'><strong>membrana,</strong></span> <span class='ocrx_word' id='word_1_221' title='bbox 3458 3297 3586 3354; x_wconf 85' lang='lat' dir='ltr'><strong>folia</strong></span> 
     </span>
    </p>
   </div>
   <div class='ocr_carea' id='block_1_40' title="bbox 263 3354 3586 3438">
    <p class='ocr_par' dir='ltr' id='par_1_40' title="bbox 263 3354 3586 3438">
     <span class='ocr_line' id='line_1_40' title="bbox 263 3354 3586 3438; baseline 0.005 -29"><span class='ocrx_word' id='word_1_222' title='bbox 263 3366 360 3438; x_wconf 67' lang='lat' dir='ltr'><strong>tur</strong></span> <span class='ocrx_word' id='word_1_223' title='bbox 386 3372 424 3438; x_wconf 38' lang='grc' dir='ltr'><strong>,ε</strong></span> <span class='ocrx_word' id='word_1_224' title='bbox 464 3354 750 3438; x_wconf 38' lang='lat' dir='ltr'><strong>Lactantii-</strong></span> <span class='ocrx_word' id='word_1_225' title='bbox 784 3355 1044 3438; x_wconf 64' lang='lat' dir='ltr'><strong>_Firmiaqi</strong></span> <span class='ocrx_word' id='word_1_226' title='bbox 1067 3357 1402 3438; x_wconf 63' lang='lat' dir='ltr'><strong>Divinarum</strong></span> <span class='ocrx_word' id='word_1_227' title='bbox 1439 3358 1872 3438; x_wconf 65' lang='lat' dir='ltr'><strong>_1nsti_tu_tionutn</strong></span> <span class='ocrx_word' id='word_1_228' title='bbox 1975 3369 2178 3438; x_wconf 58' lang='lat' dir='ltr'><strong>scripta</strong></span> <span class='ocrx_word' id='word_1_229' title='bbox 2229 3364 2516 3438; x_wconf 80' lang='lat' dir='ltr'><strong>continens</strong></span> <span class='ocrx_word' id='word_1_230' title='bbox 2549 3354 2678 3430; x_wconf 75' lang='lat'><strong>171,</strong></span> <span class='ocrx_word' id='word_1_231' title='bbox 2717 3354 3142 3438; x_wconf 23' lang='lat' dir='ltr'><strong>exaratusuante</strong></span> <span class='ocrx_word' id='word_1_232' title='bbox 3175 3383 3378 3423; x_wconf 77' lang='lat' dir='ltr'><strong>annum</strong></span> <span class='ocrx_word' id='word_1_233' title='bbox 3405 3354 3586 3438; x_wconf 54' lang='lat'><strong>&#39;1117,</strong></span> 
     </span>
    </p>
   </div>
   <div class='ocr_carea' id='block_1_41' title="bbox 265 3427 1875 3498">
    <p class='ocr_par' dir='ltr' id='par_1_41' title="bbox 265 3427 1875 3498">
     <span class='ocr_line' id='line_1_41' title="bbox 265 3427 1875 3498; baseline 0.001 -16"><span class='ocrx_word' id='word_1_234' title='bbox 265 3427 398 3482; x_wconf 90' lang='lat' dir='ltr'><strong>libri</strong></span> <span class='ocrx_word' id='word_1_235' title='bbox 429 3437 636 3498; x_wconf 89' lang='lat' dir='ltr'><strong>septem</strong></span> <span class='ocrx_word' id='word_1_236' title='bbox 664 3443 692 3481; x_wconf 88' lang='lat' dir='ltr'><strong>a</strong></span> <span class='ocrx_word' id='word_1_237' title='bbox 726 3427 818 3482; x_wconf 83' lang='lat' dir='ltr'><strong>fol.</strong></span> <span class='ocrx_word' id='word_1_238' title='bbox 855 3429 874 3480; x_wconf 91' lang='lat'><strong>1</strong></span> <span class='ocrx_word' id='word_1_239' title='bbox 911 3429 975 3482; x_wconf 80' lang='lat' dir='ltr'><strong>ad</strong></span> <span class='ocrx_word' id='word_1_240' title='bbox 1006 3427 1102 3483; x_wconf 85' lang='lat' dir='ltr'><strong>fol.</strong></span> <span class='ocrx_word' id='word_1_241' title='bbox 1137 3429 1268 3493; x_wconf 68' lang='lat'><strong>148;</strong></span> <span class='ocrx_word' id='word_1_242' title='bbox 1297 3429 1540 3498; x_wconf 85' lang='lat' dir='ltr'><strong>ejusdem</strong></span> <span class='ocrx_word' id='word_1_243' title='bbox 1569 3429 1637 3484; x_wconf 87' lang='lat' dir='ltr'><strong>de</strong></span> <span class='ocrx_word' id='word_1_244' title='bbox 1661 3430 1743 3485; x_wconf 86' lang='lat' dir='ltr'><strong>Ira</strong></span> <span class='ocrx_word' id='word_1_245' title='bbox 1780 3427 1875 3483; x_wconf 89' lang='lat' dir='ltr'><strong>Dei</strong></span> 
     </span>
    </p>
   </div>
   <div class='ocr_carea' id='block_1_42' title="bbox 264 3498 1874 3570">
    <p class='ocr_par' dir='ltr' id='par_1_42' title="bbox 264 3498 1874 3570">
     <span class='ocr_line' id='line_1_42' title="bbox 264 3498 1874 3570; baseline 0 -17"><span class='ocrx_word' id='word_1_246' title='bbox 264 3499 416 3553; x_wconf 84' lang='lat' dir='ltr'><strong>liber</strong></span> <span class='ocrx_word' id='word_1_247' title='bbox 443 3513 611 3565; x_wconf 85' lang='lat' dir='ltr'><strong>unus,</strong></span> <span class='ocrx_word' id='word_1_248' title='bbox 661 3498 755 3554; x_wconf 94' lang='lat' dir='ltr'><strong>fol.</strong></span> <span class='ocrx_word' id='word_1_249' title='bbox 815 3499 916 3555; x_wconf 76' lang='grc'><strong>149</strong></span> <span class='ocrx_word' id='word_1_250' title='bbox 964 3499 1029 3553; x_wconf 85' lang='lat' dir='ltr'><strong>ad</strong></span> <span class='ocrx_word' id='word_1_251' title='bbox 1079 3501 1173 3554; x_wconf 89' lang='lat' dir='ltr'><strong>fol.</strong></span> <span class='ocrx_word' id='word_1_252' title='bbox 1207 3501 1344 3564; x_wconf 80' lang='lat'><strong>165;</strong></span> <span class='ocrx_word' id='word_1_253' title='bbox 1371 3501 1615 3570; x_wconf 70' lang='lat' dir='ltr'><strong>ejusdem</strong></span> <span class='ocrx_word' id='word_1_254' title='bbox 1643 3502 1712 3554; x_wconf 80' lang='lat' dir='ltr'><strong>de</strong></span> <span class='ocrx_word' id='word_1_255' title='bbox 1741 3500 1874 3570; x_wconf 85' lang='lat' dir='ltr'><strong>Opi-</strong></span> 
     </span>
    </p>
   </div>
   <div class='ocr_carea' id='block_1_43' title="bbox 266 3570 1876 3635">
    <p class='ocr_par' dir='ltr' id='par_1_43' title="bbox 266 3570 1876 3635">
     <span class='ocr_line' id='line_1_43' title="bbox 266 3570 1876 3635; baseline 0.001 -11"><span class='ocrx_word' id='word_1_256' title='bbox 266 3571 401 3625; x_wconf 81' lang='lat' dir='ltr'><strong>fieio</strong></span> <span class='ocrx_word' id='word_1_257' title='bbox 435 3570 526 3624; x_wconf 88' lang='lat' dir='ltr'><strong>Dei</strong></span> <span class='ocrx_word' id='word_1_258' title='bbox 556 3571 689 3626; x_wconf 89' lang='lat' dir='ltr'><strong>liber</strong></span> <span class='ocrx_word' id='word_1_259' title='bbox 717 3586 854 3625; x_wconf 89' lang='lat' dir='ltr'><strong>unus</strong></span> <span class='ocrx_word' id='word_1_260' title='bbox 879 3613 893 3635; x_wconf 90' lang='lat'><strong>,</strong></span> <span class='ocrx_word' id='word_1_261' title='bbox 927 3571 1018 3624; x_wconf 92' lang='lat' dir='ltr'><strong>fol.</strong></span> <span class='ocrx_word' id='word_1_262' title='bbox 1055 3571 1159 3628; x_wconf 81' lang='lat'><strong>165</strong></span> <span class='ocrx_word' id='word_1_263' title='bbox 1187 3576 1251 3626; x_wconf 90' lang='lat' dir='ltr'><strong>ad</strong></span> <span class='ocrx_word' id='word_1_264' title='bbox 1278 3572 1373 3627; x_wconf 89' lang='lat' dir='ltr'><strong>fol.</strong></span> <span class='ocrx_word' id='word_1_265' title='bbox 1405 3573 1527 3627; x_wconf 78' lang='lat'><strong>180.</strong></span> <span class='ocrx_word' id='word_1_266' title='bbox 1553 3571 1706 3627; x_wconf 88' lang='lat' dir='ltr'><strong>Nulla</strong></span> <span class='ocrx_word' id='word_1_267' title='bbox 1740 3582 1876 3626; x_wconf 72' lang='lat' dir='ltr'><strong>tom—</strong></span> 
     </span>
    </p>
   </div>
   <div class='ocr_carea' id='block_1_44' title="bbox 267 3641 1876 3713">
    <p class='ocr_par' dir='ltr' id='par_1_44' title="bbox 267 3641 1876 3713">
     <span class='ocr_line' id='line_1_44' title="bbox 267 3641 1876 3713; baseline 0.004 -21"><span class='ocrx_word' id='word_1_268' title='bbox 267 3641 422 3712; x_wconf 82' lang='lat' dir='ltr'><strong>poris</strong></span> <span class='ocrx_word' id='word_1_269' title='bbox 471 3650 594 3713; x_wconf 85' lang='lat' dir='ltr'><strong>nota</strong></span> <span class='ocrx_word' id='word_1_270' title='bbox 643 3643 914 3713; x_wconf 74' lang='lat' dir='ltr'><strong>signatur;</strong></span> <span class='ocrx_word' id='word_1_271' title='bbox 963 3643 1172 3698; x_wconf 89' lang='lat' dir='ltr'><strong>videtur</strong></span> <span class='ocrx_word' id='word_1_272' title='bbox 1220 3653 1396 3698; x_wconf 84' lang='lat' dir='ltr'><strong>autem</strong></span> <span class='ocrx_word' id='word_1_273' title='bbox 1454 3646 1688 3713; x_wconf 84' lang='lat' dir='ltr'><strong>scriptus</strong></span> <span class='ocrx_word' id='word_1_274' title='bbox 1734 3645 1876 3699; x_wconf 87' lang='lat' dir='ltr'><strong>circa</strong></span> 
     </span>
    </p>
   </div>
   <div class='ocr_carea' id='block_1_45' title="bbox 269 3712 1877 3787">
    <p class='ocr_par' dir='ltr' id='par_1_45' title="bbox 269 3712 1877 3787">
     <span class='ocr_line' id='line_1_45' title="bbox 269 3712 1877 3787; baseline 0.003 -21"><span class='ocrx_word' id='word_1_275' title='bbox 269 3729 478 3768; x_wconf 84' lang='lat' dir='ltr'><strong>annum</strong></span> <span class='ocrx_word' id='word_1_276' title='bbox 511 3712 670 3787; x_wconf 62' lang='lat'><strong>1180,</strong></span> <span class='ocrx_word' id='word_1_277' title='bbox 701 3712 959 3784; x_wconf 83' lang='lat' dir='ltr'><strong>quantum</strong></span> <span class='ocrx_word' id='word_1_278' title='bbox 983 3715 1250 3786; x_wconf 84' lang='lat' dir='ltr'><strong>conjicere</strong></span> <span class='ocrx_word' id='word_1_279' title='bbox 1279 3727 1363 3772; x_wconf 86' lang='lat' dir='ltr'><strong>est</strong></span> <span class='ocrx_word' id='word_1_280' title='bbox 1389 3729 1454 3771; x_wconf 78' lang='lat' dir='ltr'><strong>ex</strong></span> <span class='ocrx_word' id='word_1_281' title='bbox 1483 3712 1687 3787; x_wconf 84' lang='lat' dir='ltr'><strong>pictura</strong></span> <span class='ocrx_word' id='word_1_282' title='bbox 1711 3716 1877 3771; x_wconf 89' lang='lat' dir='ltr'><strong>minio</strong></span> 
     </span>
    </p>
   </div>
   <div class='ocr_carea' id='block_1_46' title="bbox 271 3786 936 3854">
    <p class='ocr_par' dir='ltr' id='par_1_46' title="bbox 271 3786 936 3854">
     <span class='ocr_line' id='line_1_46' title="bbox 271 3786 936 3854; baseline 0.003 -14"><span class='ocrx_word' id='word_1_283' title='bbox 271 3796 468 3840; x_wconf 80' lang='lat' dir='ltr'><strong>ornata</strong></span> <span class='ocrx_word' id='word_1_284' title='bbox 497 3786 667 3840; x_wconf 86' lang='lat' dir='ltr'><strong>codici</strong></span> <span class='ocrx_word' id='word_1_285' title='bbox 699 3789 936 3854; x_wconf 60' lang='lat' dir='ltr'><strong>praefixa.</strong></span> 
     </span>
    </p>
   </div>
   <div class='ocr_carea' id='block_1_47' title="bbox 347 3883 1879 3958">
    <p class='ocr_par' dir='ltr' id='par_1_47' title="bbox 347 3883 1879 3958">
     <span class='ocr_line' id='line_1_47' title="bbox 347 3883 1879 3958; baseline 0.003 -20"><span class='ocrx_word' id='word_1_286' title='bbox 347 3883 416 3958; x_wconf 85' lang='grc'><strong>11.</strong></span> <span class='ocrx_word' id='word_1_287' title='bbox 445 3884 626 3940; x_wconf 67' lang='lat' dir='ltr'><strong>(Senex</strong></span> <span class='ocrx_word' id='word_1_288' title='bbox 664 3886 820 3952; x_wconf 58' lang='lat' dir='ltr'><strong>Vna,</strong></span> <span class='ocrx_word' id='word_1_289' title='bbox 851 3887 1093 3958; x_wconf 84' lang='lat' dir='ltr'><strong>signatus</strong></span> <span class='ocrx_word' id='word_1_290' title='bbox 1123 3903 1270 3944; x_wconf 91' lang='lat' dir='ltr'><strong>num.</strong></span> <span class='ocrx_word' id='word_1_291' title='bbox 1304 3885 1427 3949; x_wconf 84' lang='grc'><strong>216,</strong></span> <span class='ocrx_word' id='word_1_292' title='bbox 1465 3888 1516 3942; x_wconf 89' lang='lat' dir='ltr'><strong>in</strong></span> <span class='ocrx_word' id='word_1_293' title='bbox 1543 3889 1879 3956; x_wconf 84' lang='lat' dir='ltr'><strong>membrana,</strong></span> 
     </span>
    </p>
   </div>
   <div class='ocr_carea' id='block_1_48' title="bbox 271 3954 1878 4029">
    <p class='ocr_par' dir='ltr' id='par_1_48' title="bbox 271 3954 1878 4029">
     <span class='ocr_line' id='line_1_48' title="bbox 271 3954 1878 4029; baseline 0.003 -19"><span class='ocrx_word' id='word_1_294' title='bbox 271 3955 403 4010; x_wconf 84' lang='lat' dir='ltr'><strong>folia</strong></span> <span class='ocrx_word' id='word_1_295' title='bbox 436 3961 635 4029; x_wconf 84' lang='lat' dir='ltr'><strong>scripta</strong></span> <span class='ocrx_word' id='word_1_296' title='bbox 657 3954 939 4012; x_wconf 66' lang='lat' dir='ltr'><strong>continens</strong></span> <span class='ocrx_word' id='word_1_297' title='bbox 959 3954 1089 4028; x_wconf 36' lang='lat'><strong>26.1,</strong></span> <span class='ocrx_word' id='word_1_298' title='bbox 1117 3960 1454 4016; x_wconf 54' lang='lat' dir='ltr'><strong>exoratus-.21</strong></span> <span class='ocrx_word' id='word_1_299' title='bbox 1473 3960 1695 4029; x_wconf 76' lang='lat' dir='ltr'><strong>Augusti</strong></span> <span class='ocrx_word' id='word_1_300' title='bbox 1716 3954 1878 4028; x_wconf 77' lang='grc'><strong>1481,</strong></span> 
     </span>
    </p>
   </div>
   <div class='ocr_carea' id='block_1_49' title="bbox 315 4027 1882 4099">
    <p class='ocr_par' dir='ltr' id='par_1_49' title="bbox 315 4027 1882 4099">
     <span class='ocr_line' id='line_1_49' title="bbox 315 4027 1882 4099; baseline 0.005 -18"><span class='ocrx_word' id='word_1_301' title='bbox 315 4027 733 4099; x_wconf 84' lang='lat' dir='ltr'><strong>uemadmodum</strong></span> <span class='ocrx_word' id='word_1_302' title='bbox 768 4040 981 4085; x_wconf 79' lang='lat' dir='ltr'><strong>notatur</strong></span> <span class='ocrx_word' id='word_1_303' title='bbox 997 4035 1065 4086; x_wconf 89' lang='lat' dir='ltr'><strong>ab</strong></span> <span class='ocrx_word' id='word_1_304' title='bbox 1101 4033 1436 4099; x_wconf 81' lang='lat' dir='ltr'><strong>amanuensi,</strong></span> <span class='ocrx_word' id='word_1_305' title='bbox 1473 4027 1714 4088; x_wconf 57' lang='lat' dir='ltr'><strong>exire-ma</strong></span> <span class='ocrx_word' id='word_1_306' title='bbox 1741 4027 1882 4089; x_wconf 78' lang='lat' dir='ltr'><strong>linea</strong></span> 
     </span>
    </p>
   </div>
   <div class='ocr_carea' id='block_1_50' title="bbox 300 4098 1884 4170">
    <p class='ocr_par' dir='ltr' id='par_1_50' title="bbox 300 4098 1884 4170">
     <span class='ocr_line' id='line_1_50' title="bbox 300 4098 1884 4170; baseline 0.005 -20"><span class='ocrx_word' id='word_1_307' title='bbox 300 4101 396 4153; x_wconf 81' lang='lat' dir='ltr'><strong>&#39;oln</strong></span> <span class='ocrx_word' id='word_1_308' title='bbox 426 4098 554 4153; x_wconf 72' lang='grc'><strong>264.</strong></span> <span class='ocrx_word' id='word_1_309' title='bbox 588 4099 860 4170; x_wconf 77' lang='lat' dir='ltr'><strong>Legnntur</strong></span> <span class='ocrx_word' id='word_1_310' title='bbox 881 4103 932 4155; x_wconf 91' lang='lat' dir='ltr'><strong>in</strong></span> <span class='ocrx_word' id='word_1_311' title='bbox 961 4118 1027 4158; x_wconf 91' lang='lat' dir='ltr'><strong>eo</strong></span> <span class='ocrx_word' id='word_1_312' title='bbox 1055 4122 1066 4154; x_wconf 92' lang='lat'><strong>:</strong></span> <span class='ocrx_word' id='word_1_313' title='bbox 1097 4103 1358 4158; x_wconf 72' lang='lat' dir='ltr'><strong>Lactantii</strong></span> <span class='ocrx_word' id='word_1_314' title='bbox 1387 4098 1693 4157; x_wconf 82' lang='lat' dir='ltr'><strong>Divinarum</strong></span> <span class='ocrx_word' id='word_1_315' title='bbox 1728 4103 1884 4158; x_wconf 82' lang='lat' dir='ltr'><strong>Insti-</strong></span> 
     </span>
    </p>
   </div>
   <div class='ocr_carea' id='block_1_51' title="bbox 275 4171 1884 4243">
    <p class='ocr_par' dir='ltr' id='par_1_51' title="bbox 275 4171 1884 4243">
     <span class='ocr_line' id='line_1_51' title="bbox 275 4171 1884 4243; baseline 0.002 -19"><span class='ocrx_word' id='word_1_316' title='bbox 275 4181 382 4243; x_wconf 75' lang='grc' dir='ltr'><strong>ιω,</strong></span> <span class='ocrx_word' id='word_1_317' title='bbox 409 4171 528 4224; x_wconf 83' lang='lat' dir='ltr'><strong>libri</strong></span> <span class='ocrx_word' id='word_1_318' title='bbox 551 4183 779 4239; x_wconf 80' lang='lat' dir='ltr'><strong>septem,</strong></span> <span class='ocrx_word' id='word_1_319' title='bbox 801 4173 892 4228; x_wconf 89' lang='lat' dir='ltr'><strong>fol.</strong></span> <span class='ocrx_word' id='word_1_320' title='bbox 921 4174 984 4239; x_wconf 89' lang='lat'><strong>1;</strong></span> <span class='ocrx_word' id='word_1_321' title='bbox 1019 4175 1085 4228; x_wconf 84' lang='lat' dir='ltr'><strong>tle</strong></span> <span class='ocrx_word' id='word_1_322' title='bbox 1119 4177 1197 4230; x_wconf 87' lang='lat' dir='ltr'><strong>Ira</strong></span> <span class='ocrx_word' id='word_1_323' title='bbox 1226 4177 1339 4239; x_wconf 85' lang='lat' dir='ltr'><strong>Dei,</strong></span> <span class='ocrx_word' id='word_1_324' title='bbox 1371 4176 1466 4229; x_wconf 89' lang='lat' dir='ltr'><strong>fol.</strong></span> <span class='ocrx_word' id='word_1_325' title='bbox 1498 4173 1640 4239; x_wconf 86' lang='lat'><strong>216;</strong></span> <span class='ocrx_word' id='word_1_326' title='bbox 1670 4179 1736 4229; x_wconf 88' lang='lat' dir='ltr'><strong>de</strong></span> <span class='ocrx_word' id='word_1_327' title='bbox 1755 4175 1884 4243; x_wconf 81' lang='lat' dir='ltr'><strong>Opi-</strong></span> 
     </span>
    </p>
   </div>
   <div class='ocr_carea' id='block_1_52' title="bbox 279 4242 1886 4318">
    <p class='ocr_par' dir='ltr' id='par_1_52' title="bbox 279 4242 1886 4318">
     <span class='ocr_line' id='line_1_52' title="bbox 279 4242 1886 4318; baseline 0.003 -22"><span class='ocrx_word' id='word_1_328' title='bbox 279 4242 410 4298; x_wconf 84' lang='lat' dir='ltr'><strong>ficio</strong></span> <span class='ocrx_word' id='word_1_329' title='bbox 441 4244 552 4318; x_wconf 63' lang='lat' dir='ltr'><strong>pri,</strong></span> <span class='ocrx_word' id='word_1_330' title='bbox 579 4243 674 4318; x_wconf 50' lang='grc' dir='ltr'><strong>(ιιιἐ</strong></span> <span class='ocrx_word' id='word_1_331' title='bbox 701 4243 834 4305; x_wconf 80' lang='lat'><strong>255;</strong></span> <span class='ocrx_word' id='word_1_332' title='bbox 873 4247 1110 4318; x_wconf 76' lang='lat' dir='ltr'><strong>Divinav.</strong></span> <span class='ocrx_word' id='word_1_333' title='bbox 1143 4247 1374 4301; x_wconf 87' lang='lat' dir='ltr'><strong>Institut.</strong></span> <span class='ocrx_word' id='word_1_334' title='bbox 1405 4247 1673 4318; x_wconf 78' lang='lat' dir='ltr'><strong>Epitome,</strong></span> <span class='ocrx_word' id='word_1_335' title='bbox 1713 4242 1886 4314; x_wconf 85' lang='lat' dir='ltr'><strong>qualis</strong></span> 
     </span>
    </p>
   </div>
   <div class='ocr_carea' id='block_1_53' title="bbox 279 4313 1882 4386">
    <p class='ocr_par' dir='ltr' id='par_1_53' title="bbox 279 4313 1882 4386">
     <span class='ocr_line' id='line_1_53' title="bbox 279 4313 1882 4386; baseline 0.004 -20"><span class='ocrx_word' id='word_1_336' title='bbox 279 4323 414 4368; x_wconf 91' lang='lat' dir='ltr'><strong>tunc</strong></span> <span class='ocrx_word' id='word_1_337' title='bbox 442 4313 739 4386; x_wconf 66' lang='lat' dir='ltr'><strong>habebatur</strong></span> <span class='ocrx_word' id='word_1_338' title='bbox 764 4357 777 4378; x_wconf 91' lang='lat'><strong>,</strong></span> <span class='ocrx_word' id='word_1_339' title='bbox 807 4315 959 4386; x_wconf 84' lang='lat' dir='ltr'><strong>cujus</strong></span> <span class='ocrx_word' id='word_1_340' title='bbox 1001 4318 1211 4372; x_wconf 87' lang='lat' dir='ltr'><strong>initium</strong></span> <span class='ocrx_word' id='word_1_341' title='bbox 1249 4331 1329 4371; x_wconf 82' lang='lat' dir='ltr'><strong>est</strong></span> <span class='ocrx_word' id='word_1_342' title='bbox 1349 4363 1362 4386; x_wconf 88' lang='lat'><strong>,</strong></span> <span class='ocrx_word' id='word_1_343' title='bbox 1401 4313 1543 4372; x_wconf 78' lang='lat' dir='ltr'><strong>Nam</strong></span> <span class='ocrx_word' id='word_1_344' title='bbox 1572 4318 1616 4372; x_wconf 82' lang='lat' dir='ltr'><strong>si</strong></span> <span class='ocrx_word' id='word_1_345' title='bbox 1642 4313 1882 4384; x_wconf 75' lang='lat' dir='ltr'><strong>initium,</strong></span> 
     </span>
    </p>
   </div>
   <div class='ocr_carea' id='block_1_54' title="bbox 278 4384 1384 4455">
    <p class='ocr_par' dir='ltr' id='par_1_54' title="bbox 278 4384 1384 4455">
     <span class='ocr_line' id='line_1_54' title="bbox 278 4384 1384 4455; baseline 0.003 -15"><span class='ocrx_word' id='word_1_346' title='bbox 278 4389 366 4440; x_wconf 77' lang='lat' dir='ltr'><strong>vel</strong></span> <span class='ocrx_word' id='word_1_347' title='bbox 394 4387 590 4455; x_wconf 80' lang='lat' dir='ltr'><strong>potius,</strong></span> <span class='ocrx_word' id='word_1_348' title='bbox 627 4384 766 4440; x_wconf 82' lang='lat' dir='ltr'><strong>Nam</strong></span> <span class='ocrx_word' id='word_1_349' title='bbox 791 4388 834 4442; x_wconf 77' lang='lat' dir='ltr'><strong>si</strong></span> <span class='ocrx_word' id='word_1_350' title='bbox 860 4384 1094 4455; x_wconf 76' lang='lat' dir='ltr'><strong>Justitia,</strong></span> <span class='ocrx_word' id='word_1_351' title='bbox 1130 4389 1222 4445; x_wconf 89' lang='lat' dir='ltr'><strong>fol.</strong></span> <span class='ocrx_word' id='word_1_352' title='bbox 1253 4384 1384 4445; x_wconf 66' lang='grc'><strong>251.</strong></span> 
     </span>
    </p>
   </div>
   <div class='ocr_carea' id='block_1_55' title="bbox 357 4486 1883 4562">
    <p class='ocr_par' dir='ltr' id='par_1_55' title="bbox 357 4486 1883 4562">
     <span class='ocr_line' id='line_1_55' title="bbox 357 4486 1883 4562; baseline 0.005 -22"><span class='ocrx_word' id='word_1_353' title='bbox 357 4486 449 4562; x_wconf 87' lang='lat' dir='ltr'><strong>Ill.</strong></span> <span class='ocrx_word' id='word_1_354' title='bbox 478 4487 658 4543; x_wconf 63' lang='lat' dir='ltr'><strong>(Jones</strong></span> <span class='ocrx_word' id='word_1_355' title='bbox 685 4488 846 4555; x_wconf 59' lang='lat' dir='ltr'><strong>Van,</strong></span> <span class='ocrx_word' id='word_1_356' title='bbox 870 4491 1111 4562; x_wconf 71' lang='lat' dir='ltr'><strong>signatus</strong></span> <span class='ocrx_word' id='word_1_357' title='bbox 1134 4509 1280 4547; x_wconf 88' lang='lat' dir='ltr'><strong>num.</strong></span> <span class='ocrx_word' id='word_1_358' title='bbox 1307 4493 1432 4558; x_wconf 85' lang='lat'><strong>217,</strong></span> <span class='ocrx_word' id='word_1_359' title='bbox 1465 4494 1517 4549; x_wconf 90' lang='lat' dir='ltr'><strong>in</strong></span> <span class='ocrx_word' id='word_1_360' title='bbox 1545 4493 1883 4558; x_wconf 77' lang='lat' dir='ltr'><strong>membrana,</strong></span> 
     </span>
    </p>
   </div>
   <div class='ocr_carea' id='block_1_56' title="bbox 283 4559 1880 4635">
    <p class='ocr_par' dir='ltr' id='par_1_56' title="bbox 283 4559 1880 4635">
     <span class='ocr_line' id='line_1_56' title="bbox 283 4559 1880 4635; baseline 0.002 -22"><span class='ocrx_word' id='word_1_361' title='bbox 283 4559 412 4635; x_wconf 60' lang='lat' dir='ltr'><strong>[olla</strong></span> <span class='ocrx_word' id='word_1_362' title='bbox 444 4563 639 4628; x_wconf 82' lang='lat' dir='ltr'><strong>scripta</strong></span> <span class='ocrx_word' id='word_1_363' title='bbox 663 4559 949 4635; x_wconf 70' lang='lat' dir='ltr'><strong>continens</strong></span> <span class='ocrx_word' id='word_1_364' title='bbox 979 4565 1101 4619; x_wconf 70' lang='lat'><strong>116.</strong></span> <span class='ocrx_word' id='word_1_365' title='bbox 1142 4564 1293 4620; x_wconf 85' lang='lat' dir='ltr'><strong>Nulla</strong></span> <span class='ocrx_word' id='word_1_366' title='bbox 1343 4569 1603 4635; x_wconf 88' lang='lat' dir='ltr'><strong>temporis</strong></span> <span class='ocrx_word' id='word_1_367' title='bbox 1632 4576 1754 4620; x_wconf 77' lang='lat' dir='ltr'><strong>nota</strong></span> <span class='ocrx_word' id='word_1_368' title='bbox 1799 4563 1880 4617; x_wconf 81' lang='lat' dir='ltr'><strong>af-</strong></span> 
     </span>
    </p>
   </div>
   <div class='ocr_carea' id='block_1_57' title="bbox 281 4631 1882 4711">
    <p class='ocr_par' dir='ltr' id='par_1_57' title="bbox 281 4631 1882 4711">
     <span class='ocr_line' id='line_1_57' title="bbox 281 4631 1882 4711; baseline 0.006 -30"><span class='ocrx_word' id='word_1_369' title='bbox 281 4631 399 4711; x_wconf 56' lang='lat' dir='ltr'><strong>fixa</strong></span> <span class='ocrx_word' id='word_1_370' title='bbox 440 4641 551 4711; x_wconf 58' lang='lat' dir='ltr'><strong>est;</strong></span> <span class='ocrx_word' id='word_1_371' title='bbox 582 4633 677 4686; x_wconf 89' lang='lat' dir='ltr'><strong>sed</strong></span> <span class='ocrx_word' id='word_1_372' title='bbox 700 4632 939 4711; x_wconf 73' lang='lat' dir='ltr'><strong>ejusdem</strong></span> <span class='ocrx_word' id='word_1_373' title='bbox 967 4637 1142 4711; x_wconf 73' lang='lat' dir='ltr'><strong>anatis</strong></span> <span class='ocrx_word' id='word_1_374' title='bbox 1171 4654 1234 4691; x_wconf 91' lang='lat' dir='ltr'><strong>ac</strong></span> <span class='ocrx_word' id='word_1_375' title='bbox 1259 4637 1366 4711; x_wconf 88' lang='lat' dir='ltr'><strong>duo</strong></span> <span class='ocrx_word' id='word_1_376' title='bbox 1381 4631 1763 4711; x_wconf 62' lang='grc' dir='ltr'><strong>⁸ριξξιειιόειιιιιιι</strong></span> <span class='ocrx_word' id='word_1_377' title='bbox 1789 4651 1882 4691; x_wconf 87' lang='lat' dir='ltr'><strong>co-</strong></span> 
     </span>
    </p>
   </div>
   <div class='ocr_carea' id='block_1_58' title="bbox 283 4701 1876 4763">
    <p class='ocr_par' dir='ltr' id='par_1_58' title="bbox 283 4701 1876 4763">
     <span class='ocr_line' id='line_1_58' title="bbox 283 4701 1876 4763; baseline 0.004 -7"><span class='ocrx_word' id='word_1_378' title='bbox 283 4701 438 4756; x_wconf 87' lang='lat' dir='ltr'><strong>dices</strong></span> <span class='ocrx_word' id='word_1_379' title='bbox 459 4703 688 4758; x_wconf 82' lang='lat' dir='ltr'><strong>videtur.</strong></span> <span class='ocrx_word' id='word_1_380' title='bbox 725 4708 859 4759; x_wconf 72' lang='lat' dir='ltr'><strong>Sunt</strong></span> <span class='ocrx_word' id='word_1_381' title='bbox 887 4707 1021 4761; x_wconf 88' lang='lat' dir='ltr'><strong>ineo</strong></span> <span class='ocrx_word' id='word_1_382' title='bbox 1048 4725 1062 4761; x_wconf 84' lang='lat'><strong>:</strong></span> <span class='ocrx_word' id='word_1_383' title='bbox 1089 4707 1348 4763; x_wconf 81' lang='lat' dir='ltr'><strong>Lactantii</strong></span> <span class='ocrx_word' id='word_1_384' title='bbox 1378 4701 1614 4762; x_wconf 82' lang='lat' dir='ltr'><strong>Divinar.</strong></span> <span class='ocrx_word' id='word_1_385' title='bbox 1643 4708 1876 4762; x_wconf 83' lang='lat' dir='ltr'><strong>Institut.</strong></span> 
     </span>
    </p>
   </div>
   <div class='ocr_carea' id='block_1_59' title="bbox 283 4772 1886 4851">
    <p class='ocr_par' dir='ltr' id='par_1_59' title="bbox 283 4772 1886 4851">
     <span class='ocr_line' id='line_1_59' title="bbox 283 4772 1886 4851; baseline 0.003 -22"><span class='ocrx_word' id='word_1_386' title='bbox 283 4772 426 4851; x_wconf 53' lang='lat' dir='ltr'><strong>libri</strong></span> <span class='ocrx_word' id='word_1_387' title='bbox 441 4783 668 4851; x_wconf 59' lang='lat' dir='ltr'><strong>septem,</strong></span> <span class='ocrx_word' id='word_1_388' title='bbox 701 4775 795 4851; x_wconf 70' lang='lat' dir='ltr'><strong>fol.</strong></span> <span class='ocrx_word' id='word_1_389' title='bbox 832 4779 894 4851; x_wconf 83' lang='lat'><strong>1_;</strong></span> <span class='ocrx_word' id='word_1_390' title='bbox 927 4779 992 4832; x_wconf 84' lang='lat' dir='ltr'><strong>de</strong></span> <span class='ocrx_word' id='word_1_391' title='bbox 1020 4779 1100 4834; x_wconf 86' lang='lat' dir='ltr'><strong>Ira</strong></span> <span class='ocrx_word' id='word_1_392' title='bbox 1131 4782 1242 4845; x_wconf 85' lang='lat' dir='ltr'><strong>Dei,</strong></span> <span class='ocrx_word' id='word_1_393' title='bbox 1273 4781 1368 4835; x_wconf 86' lang='lat' dir='ltr'><strong>fol.</strong></span> <span class='ocrx_word' id='word_1_394' title='bbox 1396 4780 1521 4847; x_wconf 77' lang='lat'><strong>125,</strong></span> <span class='ocrx_word' id='word_1_395' title='bbox 1546 4797 1574 4834; x_wconf 85' lang='lat' dir='ltr'><strong>a</strong></span> <span class='ocrx_word' id='word_1_396' title='bbox 1603 4790 1787 4851; x_wconf 73' lang='lat' dir='ltr'><strong>tergo;</strong></span> <span class='ocrx_word' id='word_1_397' title='bbox 1816 4779 1886 4834; x_wconf 88' lang='lat' dir='ltr'><strong>de</strong></span> 
     </span>
    </p>
   </div>
   <div class='ocr_carea' id='block_1_60' title="bbox 285 4844 1200 4922">
    <p class='ocr_par' dir='ltr' id='par_1_60' title="bbox 285 4844 1200 4922">
     <span class='ocr_line' id='line_1_60' title="bbox 285 4844 1200 4922; baseline 0.009 -23"><span class='ocrx_word' id='word_1_398' title='bbox 285 4844 519 4916; x_wconf 82' lang='lat' dir='ltr'><strong>Opificio</strong></span> <span class='ocrx_word' id='word_1_399' title='bbox 544 4847 660 4914; x_wconf 87' lang='lat' dir='ltr'><strong>Dei,</strong></span> <span class='ocrx_word' id='word_1_400' title='bbox 695 4848 786 4902; x_wconf 89' lang='lat' dir='ltr'><strong>fol.</strong></span> <span class='ocrx_word' id='word_1_401' title='bbox 823 4848 944 4916; x_wconf 78' lang='lat'><strong>155,</strong></span> <span class='ocrx_word' id='word_1_402' title='bbox 975 4865 1004 4904; x_wconf 88' lang='lat' dir='ltr'><strong>a</strong></span> <span class='ocrx_word' id='word_1_403' title='bbox 1031 4864 1200 4922; x_wconf 71' lang='lat' dir='ltr'><strong>tergo.</strong></span> 
     </span>
    </p>
   </div>
   <div class='ocr_carea' id='block_1_61' title="bbox 361 4948 1890 5018">
    <p class='ocr_par' dir='ltr' id='par_1_61' title="bbox 361 4948 1890 5018">
     <span class='ocr_line' id='line_1_61' title="bbox 361 4948 1890 5018; baseline 0.004 -14"><span class='ocrx_word' id='word_1_404' title='bbox 361 4948 455 5004; x_wconf 77' lang='grc' dir='ltr'><strong>ιν.</strong></span> <span class='ocrx_word' id='word_1_405' title='bbox 484 4949 667 5004; x_wconf 78' lang='lat' dir='ltr'><strong>Cooex</strong></span> <span class='ocrx_word' id='word_1_406' title='bbox 695 4949 860 5015; x_wconf 76' lang='lat' dir='ltr'><strong>VAT.,</strong></span> <span class='ocrx_word' id='word_1_407' title='bbox 909 4968 1057 5006; x_wconf 93' lang='lat' dir='ltr'><strong>num.</strong></span> <span class='ocrx_word' id='word_1_408' title='bbox 1090 4953 1228 5018; x_wconf 82' lang='lat'><strong>218,</strong></span> <span class='ocrx_word' id='word_1_409' title='bbox 1275 4955 1326 5009; x_wconf 89' lang='lat' dir='ltr'><strong>in</strong></span> <span class='ocrx_word' id='word_1_410' title='bbox 1369 4955 1717 5015; x_wconf 83' lang='lat' dir='ltr'><strong>membrana,</strong></span> <span class='ocrx_word' id='word_1_411' title='bbox 1765 4953 1890 5010; x_wconf 89' lang='lat' dir='ltr'><strong>folia</strong></span> 
     </span>
    </p>
   </div>
   <div class='ocr_carea' id='block_1_62' title="bbox 287 5023 1885 5095">
    <p class='ocr_par' dir='ltr' id='par_1_62' title="bbox 287 5023 1885 5095">
     <span class='ocr_line' id='line_1_62' title="bbox 287 5023 1885 5095; baseline 0.003 -22"><span class='ocrx_word' id='word_1_412' title='bbox 287 5023 491 5095; x_wconf 61' lang='lat' dir='ltr'><strong>scripta</strong></span> <span class='ocrx_word' id='word_1_413' title='bbox 515 5024 798 5077; x_wconf 82' lang='lat' dir='ltr'><strong>continens</strong></span> <span class='ocrx_word' id='word_1_414' title='bbox 832 5023 956 5090; x_wconf 81' lang='lat'><strong>165,</strong></span> <span class='ocrx_word' id='word_1_415' title='bbox 1005 5037 1254 5081; x_wconf 64' lang='lat' dir='ltr'><strong>emunitus</strong></span> <span class='ocrx_word' id='word_1_416' title='bbox 1281 5028 1382 5080; x_wconf 87' lang='lat' dir='ltr'><strong>sub</strong></span> <span class='ocrx_word' id='word_1_417' title='bbox 1410 5028 1560 5082; x_wconf 79' lang='lat' dir='ltr'><strong>Sixto</strong></span> <span class='ocrx_word' id='word_1_418' title='bbox 1596 5025 1663 5080; x_wconf 84' lang='lat' dir='ltr'><strong>IV</strong></span> <span class='ocrx_word' id='word_1_419' title='bbox 1711 5025 1885 5095; x_wconf 77' lang='lat' dir='ltr'><strong>ponti-</strong></span> 
     </span>
    </p>
   </div>
   <div class='ocr_carea' id='block_1_63' title="bbox 289 5089 1892 5167">
    <p class='ocr_par' dir='ltr' id='par_1_63' title="bbox 289 5089 1892 5167">
     <span class='ocr_line' id='line_1_63' title="bbox 289 5089 1892 5167; baseline 0.003 -20"><span class='ocrx_word' id='word_1_420' title='bbox 289 5089 435 5156; x_wconf 58' lang='grc' dir='ltr'><strong>ἧσθ’,</strong></span> <span class='ocrx_word' id='word_1_421' title='bbox 480 5095 648 5167; x_wconf 84' lang='lat' dir='ltr'><strong>eujns</strong></span> <span class='ocrx_word' id='word_1_422' title='bbox 687 5096 908 5165; x_wconf 66' lang='lat' dir='ltr'><strong>insignia</strong></span> <span class='ocrx_word' id='word_1_423' title='bbox 941 5089 1144 5151; x_wconf 80' lang='lat' dir='ltr'><strong>eodieis</strong></span> <span class='ocrx_word' id='word_1_424' title='bbox 1178 5101 1526 5167; x_wconf 71' lang='lat' dir='ltr'><strong>prreliguntur</strong></span> <span class='ocrx_word' id='word_1_425' title='bbox 1567 5097 1660 5151; x_wconf 89' lang='lat' dir='ltr'><strong>fol.</strong></span> <span class='ocrx_word' id='word_1_426' title='bbox 1693 5089 1741 5150; x_wconf 59' lang='lat'><strong>1&#39;.</strong></span> <span class='ocrx_word' id='word_1_427' title='bbox 1795 5094 1892 5152; x_wconf 82' lang='lat' dir='ltr'><strong>llic</strong></span> 
     </span>
    </p>
   </div>
   <div class='ocr_carea' id='block_1_64' title="bbox 291 5165 1890 5240">
    <p class='ocr_par' dir='ltr' id='par_1_64' title="bbox 291 5165 1890 5240">
     <span class='ocr_line' id='line_1_64' title="bbox 291 5165 1890 5240; baseline 0.003 -22"><span class='ocrx_word' id='word_1_428' title='bbox 291 5165 794 5240; x_wconf 63' lang='lat' dir='ltr'><strong>veroapo~tolieam</strong></span> <span class='ocrx_word' id='word_1_429' title='bbox 818 5167 1113 5240; x_wconf 68' lang='lat' dir='ltr'><strong>Romanam</strong></span> <span class='ocrx_word' id='word_1_430' title='bbox 1143 5165 1632 5240; x_wconf 42' lang='lat' dir='ltr'><strong>st-dem&#39;occupavit</strong></span> <span class='ocrx_word' id='word_1_431' title='bbox 1658 5183 1686 5221; x_wconf 91' lang='lat' dir='ltr'><strong>a</strong></span> <span class='ocrx_word' id='word_1_432' title='bbox 1710 5168 1744 5222; x_wconf 91' lang='lat'><strong>9</strong></span> <span class='ocrx_word' id='word_1_433' title='bbox 1777 5167 1890 5222; x_wconf 83' lang='lat' dir='ltr'><strong>Au-</strong></span> 
     </span>
    </p>
   </div>
   <div class='ocr_carea' id='block_1_65' title="bbox 291 5237 1888 5308">
    <p class='ocr_par' dir='ltr' id='par_1_65' title="bbox 291 5237 1888 5308">
     <span class='ocr_line' id='line_1_65' title="bbox 291 5237 1888 5308; baseline 0.001 -18"><span class='ocrx_word' id='word_1_434' title='bbox 291 5239 436 5308; x_wconf 68' lang='lat' dir='ltr'><strong>gusd</strong></span> <span class='ocrx_word' id='word_1_435' title='bbox 468 5239 590 5290; x_wconf 85' lang='lat' dir='ltr'><strong>anni</strong></span> <span class='ocrx_word' id='word_1_436' title='bbox 645 5237 780 5293; x_wconf 69' lang='lat'><strong>1471</strong></span> <span class='ocrx_word' id='word_1_437' title='bbox 816 5239 880 5292; x_wconf 84' lang='lat' dir='ltr'><strong>ad</strong></span> <span class='ocrx_word' id='word_1_438' title='bbox 908 5238 974 5293; x_wconf 88' lang='lat'><strong>12</strong></span> <span class='ocrx_word' id='word_1_439' title='bbox 1013 5240 1254 5308; x_wconf 74' lang='lat' dir='ltr'><strong>ejusdem</strong></span> <span class='ocrx_word' id='word_1_440' title='bbox 1300 5237 1506 5296; x_wconf 81' lang='lat' dir='ltr'><strong>mensis</strong></span> <span class='ocrx_word' id='word_1_441' title='bbox 1542 5240 1668 5294; x_wconf 89' lang='lat' dir='ltr'><strong>anni</strong></span> <span class='ocrx_word' id='word_1_442' title='bbox 1713 5240 1888 5306; x_wconf 63' lang='lat'><strong>1481;</strong></span> 
     </span>
    </p>
   </div>
   <div class='ocr_carea' id='block_1_66' title="bbox 291 5309 1892 5380">
    <p class='ocr_par' dir='ltr' id='par_1_66' title="bbox 291 5309 1892 5380">
     <span class='ocr_line' id='line_1_66' title="bbox 291 5309 1892 5380; baseline 0.001 -18"><span class='ocrx_word' id='word_1_443' title='bbox 291 5309 748 5379; x_wconf 80' lang='lat' dir='ltr'><strong>continenturque</strong></span> <span class='ocrx_word' id='word_1_444' title='bbox 779 5311 829 5364; x_wconf 90' lang='lat' dir='ltr'><strong>in</strong></span> <span class='ocrx_word' id='word_1_445' title='bbox 858 5325 923 5365; x_wconf 88' lang='lat' dir='ltr'><strong>eo</strong></span> <span class='ocrx_word' id='word_1_446' title='bbox 965 5328 978 5363; x_wconf 90' lang='lat'><strong>:</strong></span> <span class='ocrx_word' id='word_1_447' title='bbox 1029 5312 1265 5366; x_wconf 84' lang='lat' dir='ltr'><strong>Uivinar.</strong></span> <span class='ocrx_word' id='word_1_448' title='bbox 1298 5311 1472 5367; x_wconf 86' lang='lat' dir='ltr'><strong>instit.</strong></span> <span class='ocrx_word' id='word_1_449' title='bbox 1501 5312 1621 5366; x_wconf 86' lang='lat' dir='ltr'><strong>libri</strong></span> <span class='ocrx_word' id='word_1_450' title='bbox 1651 5323 1892 5380; x_wconf 84' lang='lat' dir='ltr'><strong>septem,</strong></span> 
     </span>
    </p>
   </div>
   <div class='ocr_carea' id='block_1_67' title="bbox 297 5380 1890 5508">
    <p class='ocr_par' dir='ltr' id='par_1_67' title="bbox 297 5380 1890 5508">
     <span class='ocr_line' id='line_1_67' title="bbox 297 5380 1890 5508; baseline 0.001 -74"><span class='ocrx_word' id='word_1_451' title='bbox 297 5380 394 5508; x_wconf 42' lang='grc' dir='ltr'><strong>ἑοὶ.</strong></span> <span class='ocrx_word' id='word_1_452' title='bbox 424 5380 580 5508; x_wconf 53' lang='lat'><strong>1</strong></span> <span class='ocrx_word' id='word_1_453' title='bbox 608 5380 689 5434; x_wconf 88' lang='lat' dir='ltr'><strong>Ira</strong></span> <span class='ocrx_word' id='word_1_454' title='bbox 723 5381 839 5446; x_wconf 91' lang='lat' dir='ltr'><strong>Dei,</strong></span> <span class='ocrx_word' id='word_1_455' title='bbox 867 5381 960 5436; x_wconf 87' lang='lat' dir='ltr'><strong>fol.</strong></span> <span class='ocrx_word' id='word_1_456' title='bbox 992 5382 1116 5450; x_wconf 70' lang='lat'><strong>131,</strong></span> <span class='ocrx_word' id='word_1_457' title='bbox 1149 5400 1176 5437; x_wconf 89' lang='lat' dir='ltr'><strong>a</strong></span> <span class='ocrx_word' id='word_1_458' title='bbox 1207 5394 1387 5456; x_wconf 80' lang='lat' dir='ltr'><strong>tergo;</strong></span> <span class='ocrx_word' id='word_1_459' title='bbox 1421 5385 1490 5440; x_wconf 86' lang='lat' dir='ltr'><strong>de</strong></span> <span class='ocrx_word' id='word_1_460' title='bbox 1518 5381 1742 5454; x_wconf 81' lang='lat' dir='ltr'><strong>Opificio</strong></span> <span class='ocrx_word' id='word_1_461' title='bbox 1775 5382 1890 5449; x_wconf 90' lang='lat' dir='ltr'><strong>Dei,</strong></span> 
     </span>
     <span class='ocr_line' id='line_1_68' title="bbox 323 5467 552 5506; baseline 0.004 -1"><span class='ocrx_word' id='word_1_462' title='bbox 323 5467 355 5506; x_wconf 91' lang='grc' dir='ltr'>ο</span> <span class='ocrx_word' id='word_1_463' title='bbox 382 5493 393 5503; x_wconf 96' lang='grc'><strong><em>.</em></strong></span> <span class='ocrx_word' id='word_1_464' title='bbox 539 5493 552 5506; x_wconf 92' lang='grc'><strong>.</strong></span> 
     </span>
    </p>
   </div>
   <div class='ocr_carea' id='block_1_68' title="bbox 323 5467 552 5506">
    <p class='ocr_par' dir='ltr' id='par_1_68' title="bbox 323 5467 552 5506">
     <span class='ocr_line' id='line_1_69' title="bbox 323 5467 552 5506; baseline 0 0"><span class='ocrx_word' id='word_1_465' title='bbox 323 5467 393 5506; x_wconf 92' lang='lat'><strong>0|.</strong></span> <span class='ocrx_word' id='word_1_466' title='bbox 427 5467 552 5506; x_wconf 72' lang='lat' dir='ltr'><strong>1W.</strong></span> 
     </span>
    </p>
   </div>
   <div class='ocr_carea' id='block_1_69' title="bbox 372 5555 1897 5622">
    <p class='ocr_par' dir='ltr' id='par_1_69' title="bbox 372 5555 1897 5622">
     <span class='ocr_line' id='line_1_70' title="bbox 372 5555 1897 5622; baseline -0.001 -10"><span class='ocrx_word' id='word_1_467' title='bbox 372 5555 439 5612; x_wconf 84' lang='lat' dir='ltr'><strong>V.</strong></span> <span class='ocrx_word' id='word_1_468' title='bbox 471 5555 656 5612; x_wconf 81' lang='lat' dir='ltr'><strong>Cooex</strong></span> <span class='ocrx_word' id='word_1_469' title='bbox 693 5556 854 5622; x_wconf 65' lang='grc' dir='ltr'><strong>νη,</strong></span> <span class='ocrx_word' id='word_1_470' title='bbox 888 5575 1037 5614; x_wconf 82' lang='grc' dir='ltr'><strong>ιιιιιιι.</strong></span> <span class='ocrx_word' id='word_1_471' title='bbox 1077 5556 1215 5621; x_wconf 86' lang='grc'><strong>219,</strong></span> <span class='ocrx_word' id='word_1_472' title='bbox 1262 5558 1547 5613; x_wconf 91' lang='lat' dir='ltr'><strong>continens</strong></span> <span class='ocrx_word' id='word_1_473' title='bbox 1590 5556 1712 5612; x_wconf 84' lang='lat' dir='ltr'><strong>folia</strong></span> <span class='ocrx_word' id='word_1_474' title='bbox 1760 5556 1897 5611; x_wconf 91' lang='lat' dir='ltr'><strong>scri-</strong></span> 
     </span>
    </p>
   </div>
   <div class='ocr_carea' id='block_1_70' title="bbox 1980 3436 3586 3510">
    <p class='ocr_par' dir='ltr' id='par_1_70' title="bbox 1980 3436 3586 3510">
     <span class='ocr_line' id='line_1_71' title="bbox 1980 3436 3586 3510; baseline 0.002 -17"><span class='ocrx_word' id='word_1_475' title='bbox 1980 3436 2136 3506; x_wconf 86' lang='lat' dir='ltr'><strong>Nam,</strong></span> <span class='ocrx_word' id='word_1_476' title='bbox 2167 3439 2257 3491; x_wconf 86' lang='lat' dir='ltr'><strong>fol.</strong></span> <span class='ocrx_word' id='word_1_477' title='bbox 2288 3436 2412 3499; x_wconf 81' lang='grc'><strong>172,</strong></span> <span class='ocrx_word' id='word_1_478' title='bbox 2441 3443 2589 3490; x_wconf 83' lang='lat' dir='ltr'><strong>extat</strong></span> <span class='ocrx_word' id='word_1_479' title='bbox 2625 3447 2750 3510; x_wconf 83' lang='lat' dir='ltr'><strong>nota</strong></span> <span class='ocrx_word' id='word_1_480' title='bbox 2782 3436 3004 3510; x_wconf 10' lang='lat' dir='ltr'><strong>Vialterii</strong></span> <span class='ocrx_word' id='word_1_481' title='bbox 3026 3439 3328 3506; x_wconf 85' lang='lat' dir='ltr'><strong>cujusdam,</strong></span> <span class='ocrx_word' id='word_1_482' title='bbox 3349 3442 3439 3510; x_wconf 86' lang='lat' dir='ltr'><strong>qui</strong></span> <span class='ocrx_word' id='word_1_483' title='bbox 3474 3436 3586 3496; x_wconf 82' lang='lat' dir='ltr'><strong>tes-</strong></span> 
     </span>
    </p>
   </div>
   <div class='ocr_carea' id='block_1_71' title="bbox 1982 3506 3587 3577">
    <p class='ocr_par' dir='ltr' id='par_1_71' title="bbox 1982 3506 3587 3577">
     <span class='ocr_line' id='line_1_72' title="bbox 1982 3506 3587 3577; baseline 0.001 -12"><span class='ocrx_word' id='word_1_484' title='bbox 1982 3519 2124 3565; x_wconf 89' lang='lat' dir='ltr'><strong>tatur</strong></span> <span class='ocrx_word' id='word_1_485' title='bbox 2183 3510 2453 3577; x_wconf 74' lang='lat' dir='ltr'><strong>recepisse</strong></span> <span class='ocrx_word' id='word_1_486' title='bbox 2496 3521 2555 3560; x_wconf 89' lang='lat' dir='ltr'><strong>se</strong></span> <span class='ocrx_word' id='word_1_487' title='bbox 2604 3506 2888 3561; x_wconf 86' lang='lat' dir='ltr'><strong>duodecim</strong></span> <span class='ocrx_word' id='word_1_488' title='bbox 2937 3507 3164 3562; x_wconf 84' lang='lat' dir='ltr'><strong>ducatus</strong></span> <span class='ocrx_word' id='word_1_489' title='bbox 3201 3513 3252 3564; x_wconf 92' lang='lat' dir='ltr'><strong>in</strong></span> <span class='ocrx_word' id='word_1_490' title='bbox 3305 3506 3587 3568; x_wconf 82' lang='lat' dir='ltr'><strong>numerata</strong></span> 
     </span>
    </p>
   </div>
   <div class='ocr_carea' id='block_1_72' title="bbox 1984 3577 3578 3652">
    <p class='ocr_par' dir='ltr' id='par_1_72' title="bbox 1984 3577 3578 3652">
     <span class='ocr_line' id='line_1_73' title="bbox 1984 3577 3578 3652; baseline 0.001 -16"><span class='ocrx_word' id='word_1_491' title='bbox 1984 3581 2207 3652; x_wconf 86' lang='lat' dir='ltr'><strong>pecunia</strong></span> <span class='ocrx_word' id='word_1_492' title='bbox 2231 3595 2327 3647; x_wconf 89' lang='lat' dir='ltr'><strong>pro</strong></span> <span class='ocrx_word' id='word_1_493' title='bbox 2357 3579 2526 3652; x_wconf 72' lang='lat' dir='ltr'><strong>pretio</strong></span> <span class='ocrx_word' id='word_1_494' title='bbox 2556 3577 2716 3647; x_wconf 87' lang='lat' dir='ltr'><strong>hujus</strong></span> <span class='ocrx_word' id='word_1_495' title='bbox 2745 3579 2966 3643; x_wconf 80' lang='lat' dir='ltr'><strong>codicis,</strong></span> <span class='ocrx_word' id='word_1_496' title='bbox 3001 3595 3146 3634; x_wconf 90' lang='lat' dir='ltr'><strong>anno</strong></span> <span class='ocrx_word' id='word_1_497' title='bbox 3177 3581 3389 3652; x_wconf 88' lang='lat' dir='ltr'><strong>Domini</strong></span> <span class='ocrx_word' id='word_1_498' title='bbox 3418 3585 3578 3648; x_wconf 70' lang='lat' dir='ltr'><strong>1M7,</strong></span> 
     </span>
    </p>
   </div>
   <div class='ocr_carea' id='block_1_73' title="bbox 1982 3648 3581 3716">
    <p class='ocr_par' dir='ltr' id='par_1_73' title="bbox 1982 3648 3581 3716">
     <span class='ocr_line' id='line_1_74' title="bbox 1982 3648 3581 3716; baseline 0.001 -9"><span class='ocrx_word' id='word_1_499' title='bbox 1982 3648 2071 3707; x_wconf 71' lang='lat' dir='ltr'><strong>ilic</strong></span> <span class='ocrx_word' id='word_1_500' title='bbox 2104 3653 2171 3707; x_wconf 86' lang='lat'><strong>12</strong></span> <span class='ocrx_word' id='word_1_501' title='bbox 2202 3648 2545 3714; x_wconf 84' lang='lat' dir='ltr'><strong>Decembris;</strong></span> <span class='ocrx_word' id='word_1_502' title='bbox 2580 3652 2924 3716; x_wconf 86' lang='lat' dir='ltr'><strong>reperiuntur</strong></span> <span class='ocrx_word' id='word_1_503' title='bbox 2953 3652 3006 3704; x_wconf 88' lang='lat' dir='ltr'><strong>in</strong></span> <span class='ocrx_word' id='word_1_504' title='bbox 3034 3667 3100 3706; x_wconf 82' lang='lat' dir='ltr'><strong>eo</strong></span> <span class='ocrx_word' id='word_1_505' title='bbox 3129 3669 3143 3704; x_wconf 93' lang='lat'><strong>:</strong></span> <span class='ocrx_word' id='word_1_506' title='bbox 3179 3651 3418 3708; x_wconf 82' lang='lat' dir='ltr'><strong>Divinar.</strong></span> <span class='ocrx_word' id='word_1_507' title='bbox 3447 3653 3581 3709; x_wconf 83' lang='lat' dir='ltr'><strong>Inst.</strong></span> 
     </span>
    </p>
   </div>
   <div class='ocr_carea' id='block_1_74' title="bbox 1987 3720 3586 3796">
    <p class='ocr_par' dir='ltr' id='par_1_74' title="bbox 1987 3720 3586 3796">
     <span class='ocr_line' id='line_1_75' title="bbox 1987 3720 3586 3796; baseline 0.003 -18"><span class='ocrx_word' id='word_1_508' title='bbox 1987 3725 2108 3778; x_wconf 91' lang='lat' dir='ltr'><strong>libri</strong></span> <span class='ocrx_word' id='word_1_509' title='bbox 2135 3733 2364 3796; x_wconf 69' lang='lat' dir='ltr'><strong>septem,</strong></span> <span class='ocrx_word' id='word_1_510' title='bbox 2401 3721 2492 3774; x_wconf 85' lang='lat' dir='ltr'><strong>fol.</strong></span> <span class='ocrx_word' id='word_1_511' title='bbox 2519 3721 2545 3776; x_wconf 98' lang='lat'><strong>1</strong></span> <span class='ocrx_word' id='word_1_512' title='bbox 2573 3721 2679 3785; x_wconf 88' lang='lat' dir='ltr'><strong>;de</strong></span> <span class='ocrx_word' id='word_1_513' title='bbox 2704 3721 2785 3776; x_wconf 85' lang='lat' dir='ltr'><strong>Ira</strong></span> <span class='ocrx_word' id='word_1_514' title='bbox 2817 3721 2932 3787; x_wconf 78' lang='lat' dir='ltr'><strong>Dei,</strong></span> <span class='ocrx_word' id='word_1_515' title='bbox 2965 3720 3059 3778; x_wconf 91' lang='lat' dir='ltr'><strong>fol.</strong></span> <span class='ocrx_word' id='word_1_516' title='bbox 3088 3723 3224 3791; x_wconf 74' lang='lat'><strong>153;</strong></span> <span class='ocrx_word' id='word_1_517' title='bbox 3259 3724 3328 3779; x_wconf 88' lang='lat' dir='ltr'><strong>de</strong></span> <span class='ocrx_word' id='word_1_518' title='bbox 3354 3723 3586 3796; x_wconf 85' lang='lat' dir='ltr'><strong>Opilicio</strong></span> 
     </span>
    </p>
   </div>
   <div class='ocr_carea' id='block_1_75' title="bbox 1986 3793 2644 3864">
    <p class='ocr_par' dir='ltr' id='par_1_75' title="bbox 1986 3793 2644 3864">
     <span class='ocr_line' id='line_1_76' title="bbox 1986 3793 2644 3864; baseline -0.006 -14"><span class='ocrx_word' id='word_1_519' title='bbox 1986 3797 2104 3858; x_wconf 90' lang='lat' dir='ltr'><strong>Dei,</strong></span> <span class='ocrx_word' id='word_1_520' title='bbox 2135 3793 2226 3851; x_wconf 93' lang='lat' dir='ltr'><strong>fol.</strong></span> <span class='ocrx_word' id='word_1_521' title='bbox 2259 3793 2381 3860; x_wconf 88' lang='lat'><strong>166,</strong></span> <span class='ocrx_word' id='word_1_522' title='bbox 2415 3808 2444 3846; x_wconf 89' lang='lat' dir='ltr'><strong>a</strong></span> <span class='ocrx_word' id='word_1_523' title='bbox 2475 3804 2644 3864; x_wconf 79' lang='lat' dir='ltr'><strong>tergo.</strong></span> 
     </span>
    </p>
   </div>
   <div class='ocr_carea' id='block_1_76' title="bbox 2058 3884 3582 3960">
    <p class='ocr_par' dir='ltr' id='par_1_76' title="bbox 2058 3884 3582 3960">
     <span class='ocr_line' id='line_1_77' title="bbox 2058 3884 3582 3960; baseline 0.002 -17"><span class='ocrx_word' id='word_1_524' title='bbox 2058 3887 2170 3943; x_wconf 81' lang='lat' dir='ltr'><strong>VII.</strong></span> <span class='ocrx_word' id='word_1_525' title='bbox 2201 3887 2383 3960; x_wconf 71' lang='lat' dir='ltr'><strong>Cooex</strong></span> <span class='ocrx_word' id='word_1_526' title='bbox 2413 3884 2574 3950; x_wconf 72' lang='lat' dir='ltr'><strong>VAT.,</strong></span> <span class='ocrx_word' id='word_1_527' title='bbox 2607 3884 2734 3952; x_wconf 91' lang='grc'><strong>221,</strong></span> <span class='ocrx_word' id='word_1_528' title='bbox 2779 3885 2833 3960; x_wconf 83' lang='lat' dir='ltr'><strong>in</strong></span> <span class='ocrx_word' id='word_1_529' title='bbox 2858 3885 3194 3953; x_wconf 86' lang='lat' dir='ltr'><strong>membrana,</strong></span> <span class='ocrx_word' id='word_1_530' title='bbox 3229 3885 3354 3960; x_wconf 83' lang='lat' dir='ltr'><strong>folia</strong></span> <span class='ocrx_word' id='word_1_531' title='bbox 3383 3889 3582 3960; x_wconf 83' lang='lat' dir='ltr'><strong>scripta</strong></span> 
     </span>
    </p>
   </div>
   <div class='ocr_carea' id='block_1_77' title="bbox 1987 3959 3590 4027">
    <p class='ocr_par' dir='ltr' id='par_1_77' title="bbox 1987 3959 3590 4027">
     <span class='ocr_line' id='line_1_78' title="bbox 1987 3959 3590 4027; baseline 0.001 -13"><span class='ocrx_word' id='word_1_532' title='bbox 1987 3961 2274 4014; x_wconf 90' lang='lat' dir='ltr'><strong>continens</strong></span> <span class='ocrx_word' id='word_1_533' title='bbox 2300 3959 2446 4022; x_wconf 91' lang='lat'><strong>281,</strong></span> <span class='ocrx_word' id='word_1_534' title='bbox 2493 3969 2746 4012; x_wconf 79' lang='lat' dir='ltr'><strong>exaratos</strong></span> <span class='ocrx_word' id='word_1_535' title='bbox 2788 3959 2931 4012; x_wconf 93' lang='lat' dir='ltr'><strong>circa</strong></span> <span class='ocrx_word' id='word_1_536' title='bbox 2975 3975 3174 4014; x_wconf 91' lang='lat' dir='ltr'><strong>annum</strong></span> <span class='ocrx_word' id='word_1_537' title='bbox 3227 3959 3590 4027; x_wconf 26' lang='lat' dir='ltr'><strong>1150,uti’ex</strong></span> 
     </span>
    </p>
   </div>
   <div class='ocr_carea' id='block_1_78' title="bbox 1989 4030 3588 4102">
    <p class='ocr_par' dir='ltr' id='par_1_78' title="bbox 1989 4030 3588 4102">
     <span class='ocr_line' id='line_1_79' title="bbox 1989 4030 3588 4102; baseline 0.003 -20"><span class='ocrx_word' id='word_1_538' title='bbox 1989 4033 2223 4102; x_wconf 57' lang='lat' dir='ltr'><strong>pi‘wlixis</strong></span> <span class='ocrx_word' id='word_1_539' title='bbox 2248 4031 2470 4099; x_wconf 86' lang='lat' dir='ltr'><strong>picturis</strong></span> <span class='ocrx_word' id='word_1_540' title='bbox 2490 4038 2546 4102; x_wconf 76' lang='lat' dir='ltr'><strong>et</strong></span> <span class='ocrx_word' id='word_1_541' title='bbox 2568 4030 2888 4099; x_wconf 69' lang='lat' dir='ltr'><strong>imaginibus</strong></span> <span class='ocrx_word' id='word_1_542' title='bbox 2915 4030 3218 4099; x_wconf 78' lang='lat' dir='ltr'><strong>colligitur;</strong></span> <span class='ocrx_word' id='word_1_543' title='bbox 3237 4036 3588 4088; x_wconf 78' lang='lat' dir='ltr'><strong>continentur</strong></span> 
     </span>
    </p>
   </div>
   <div class='ocr_carea' id='block_1_79' title="bbox 1992 4099 3590 4170">
    <p class='ocr_par' dir='ltr' id='par_1_79' title="bbox 1992 4099 3590 4170">
     <span class='ocr_line' id='line_1_80' title="bbox 1992 4099 3590 4170; baseline 0.003 -15"><span class='ocrx_word' id='word_1_544' title='bbox 1992 4099 2044 4156; x_wconf 88' lang='lat' dir='ltr'><strong>in</strong></span> <span class='ocrx_word' id='word_1_545' title='bbox 2073 4119 2138 4157; x_wconf 90' lang='lat' dir='ltr'><strong>eo</strong></span> <span class='ocrx_word' id='word_1_546' title='bbox 2166 4121 2182 4157; x_wconf 89' lang='lat'><strong>:</strong></span> <span class='ocrx_word' id='word_1_547' title='bbox 2217 4103 2452 4157; x_wconf 77' lang='lat' dir='ltr'><strong>Divinar.</strong></span> <span class='ocrx_word' id='word_1_548' title='bbox 2490 4099 2724 4155; x_wconf 85' lang='lat' dir='ltr'><strong>lnstitut.</strong></span> <span class='ocrx_word' id='word_1_549' title='bbox 2759 4101 2879 4156; x_wconf 88' lang='lat' dir='ltr'><strong>libri</strong></span> <span class='ocrx_word' id='word_1_550' title='bbox 2903 4114 3134 4170; x_wconf 70' lang='lat' dir='ltr'><strong>si-ptetn,</strong></span> <span class='ocrx_word' id='word_1_551' title='bbox 3168 4103 3266 4156; x_wconf 91' lang='lat' dir='ltr'><strong>fol.</strong></span> <span class='ocrx_word' id='word_1_552' title='bbox 3299 4105 3322 4156; x_wconf 90' lang='lat'><strong>1</strong></span> <span class='ocrx_word' id='word_1_553' title='bbox 3349 4119 3364 4169; x_wconf 90' lang='lat'><strong>;</strong></span> <span class='ocrx_word' id='word_1_554' title='bbox 3405 4103 3473 4158; x_wconf 91' lang='lat' dir='ltr'><strong>de</strong></span> <span class='ocrx_word' id='word_1_555' title='bbox 3505 4102 3590 4160; x_wconf 85' lang='lat' dir='ltr'><strong>Ira</strong></span> 
     </span>
    </p>
   </div>
   <div class='ocr_carea' id='block_1_80' title="bbox 1995 4172 3590 4240">
    <p class='ocr_par' dir='ltr' id='par_1_80' title="bbox 1995 4172 3590 4240">
     <span class='ocr_line' id='line_1_81' title="bbox 1995 4172 3590 4240; baseline 0.001 -12"><span class='ocrx_word' id='word_1_556' title='bbox 1995 4176 2110 4240; x_wconf 88' lang='lat' dir='ltr'><strong>Dei,</strong></span> <span class='ocrx_word' id='word_1_557' title='bbox 2136 4173 2232 4228; x_wconf 87' lang='lat' dir='ltr'><strong>fol.</strong></span> <span class='ocrx_word' id='word_1_558' title='bbox 2264 4173 2403 4237; x_wconf 76' lang='lat'><strong>252;</strong></span> <span class='ocrx_word' id='word_1_559' title='bbox 2437 4172 2671 4233; x_wconf 86' lang='lat' dir='ltr'><strong>initium,</strong></span> <span class='ocrx_word' id='word_1_560' title='bbox 2705 4173 2770 4224; x_wconf 87' lang='lat' dir='ltr'><strong>de</strong></span> <span class='ocrx_word' id='word_1_561' title='bbox 2800 4173 3028 4226; x_wconf 77' lang='lat' dir='ltr'><strong>Summis</strong></span> <span class='ocrx_word' id='word_1_562' title='bbox 3055 4175 3469 4240; x_wconf 68' lang='lat' dir='ltr'><strong>necessitatibus;</strong></span> <span class='ocrx_word' id='word_1_563' title='bbox 3490 4190 3590 4230; x_wconf 83' lang='lat' dir='ltr'><strong>ex-</strong></span> 
     </span>
    </p>
   </div>
   <div class='ocr_carea' id='block_1_81' title="bbox 1993 4243 3584 4316">
    <p class='ocr_par' dir='ltr' id='par_1_81' title="bbox 1993 4243 3584 4316">
     <span class='ocr_line' id='line_1_82' title="bbox 1993 4243 3584 4316; baseline 0.001 -17"><span class='ocrx_word' id='word_1_564' title='bbox 1993 4244 2242 4299; x_wconf 85' lang='lat' dir='ltr'><strong>hortatur</strong></span> <span class='ocrx_word' id='word_1_565' title='bbox 2270 4243 2669 4299; x_wconf 85' lang='lat' dir='ltr'><strong>Demetrianum</strong></span> <span class='ocrx_word' id='word_1_566' title='bbox 2693 4243 2760 4297; x_wconf 85' lang='lat' dir='ltr'><strong>ad</strong></span> <span class='ocrx_word' id='word_1_567' title='bbox 2786 4244 3113 4299; x_wconf 90' lang='lat' dir='ltr'><strong>studendum</strong></span> <span class='ocrx_word' id='word_1_568' title='bbox 3149 4247 3333 4315; x_wconf 91' lang='lat' dir='ltr'><strong>pietati</strong></span> <span class='ocrx_word' id='word_1_569' title='bbox 3353 4246 3584 4316; x_wconf 79' lang='lat' dir='ltr'><strong>diligen-</strong></span> 
     </span>
    </p>
   </div>
   <div class='ocr_carea' id='block_1_82' title="bbox 1995 4316 3591 4386">
    <p class='ocr_par' dir='ltr' id='par_1_82' title="bbox 1995 4316 3591 4386">
     <span class='ocr_line' id='line_1_83' title="bbox 1995 4316 3591 4386; baseline 0.001 -14"><span class='ocrx_word' id='word_1_570' title='bbox 1995 4319 2120 4376; x_wconf 89' lang='lat' dir='ltr'><strong>tius.</strong></span> <span class='ocrx_word' id='word_1_571' title='bbox 2146 4329 2201 4372; x_wconf 92' lang='lat' dir='ltr'><strong>et</strong></span> <span class='ocrx_word' id='word_1_572' title='bbox 2229 4316 2294 4370; x_wconf 86' lang='lat' dir='ltr'><strong>ad</strong></span> <span class='ocrx_word' id='word_1_573' title='bbox 2317 4316 2500 4370; x_wconf 92' lang='lat' dir='ltr'><strong>mundi</strong></span> <span class='ocrx_word' id='word_1_574' title='bbox 2520 4323 2920 4386; x_wconf 72' lang='lat' dir='ltr'><strong>contcn&#39;iptum;</strong></span> <span class='ocrx_word' id='word_1_575' title='bbox 2948 4319 3088 4386; x_wconf 83' lang='lat' dir='ltr'><strong>hanc</strong></span> <span class='ocrx_word' id='word_1_576' title='bbox 3113 4318 3399 4386; x_wconf 82' lang='lat' dir='ltr'><strong>epistolam</strong></span> <span class='ocrx_word' id='word_1_577' title='bbox 3428 4317 3591 4374; x_wconf 58' lang='lat' dir='ltr'><strong>Isa-ns</strong></span> 
     </span>
    </p>
   </div>
   <div class='ocr_carea' id='block_1_83' title="bbox 1993 4384 3588 4457">
    <p class='ocr_par' dir='ltr' id='par_1_83' title="bbox 1993 4384 3588 4457">
     <span class='ocr_line' id='line_1_84' title="bbox 1993 4384 3588 4457; baseline 0 -13"><span class='ocrx_word' id='word_1_578' title='bbox 1993 4403 2100 4444; x_wconf 89' lang='lat' dir='ltr'><strong>non</strong></span> <span class='ocrx_word' id='word_1_579' title='bbox 2124 4389 2327 4452; x_wconf 87' lang='lat' dir='ltr'><strong>edidit;</strong></span> <span class='ocrx_word' id='word_1_580' title='bbox 2356 4389 2422 4441; x_wconf 85' lang='lat' dir='ltr'><strong>de</strong></span> <span class='ocrx_word' id='word_1_581' title='bbox 2444 4385 2673 4454; x_wconf 83' lang='lat' dir='ltr'><strong>Opiflcio</strong></span> <span class='ocrx_word' id='word_1_582' title='bbox 2694 4387 2812 4450; x_wconf 90' lang='lat' dir='ltr'><strong>Dei,</strong></span> <span class='ocrx_word' id='word_1_583' title='bbox 2835 4384 2928 4441; x_wconf 85' lang='lat' dir='ltr'><strong>fol.</strong></span> <span class='ocrx_word' id='word_1_584' title='bbox 2950 4385 3077 4455; x_wconf 80' lang='lat'><strong>267,</strong></span> <span class='ocrx_word' id='word_1_585' title='bbox 3104 4384 3176 4443; x_wconf 74' lang='lat' dir='ltr'><strong>uti</strong></span> <span class='ocrx_word' id='word_1_586' title='bbox 3201 4387 3342 4457; x_wconf 86' lang='lat' dir='ltr'><strong>apud</strong></span> <span class='ocrx_word' id='word_1_587' title='bbox 3372 4385 3588 4444; x_wconf 59' lang='lat' dir='ltr'><strong>lsa-nm.</strong></span> 
     </span>
    </p>
   </div>
   <div class='ocr_carea' id='block_1_84' title="bbox 2067 4458 3590 4531">
    <p class='ocr_par' dir='ltr' id='par_1_84' title="bbox 2067 4458 3590 4531">
     <span class='ocr_line' id='line_1_85' title="bbox 2067 4458 3590 4531; baseline 0.002 -18"><span class='ocrx_word' id='word_1_588' title='bbox 2067 4458 2202 4514; x_wconf 81' lang='lat' dir='ltr'><strong>VIII.</strong></span> <span class='ocrx_word' id='word_1_589' title='bbox 2241 4458 2431 4515; x_wconf 74' lang='lat' dir='ltr'><strong>Conex</strong></span> <span class='ocrx_word' id='word_1_590' title='bbox 2464 4458 2618 4523; x_wconf 67' lang='lat' dir='ltr'><strong>Vim,</strong></span> <span class='ocrx_word' id='word_1_591' title='bbox 2653 4458 2782 4524; x_wconf 82' lang='lat'><strong>222,</strong></span> <span class='ocrx_word' id='word_1_592' title='bbox 2812 4459 2866 4512; x_wconf 89' lang='lat' dir='ltr'><strong>in</strong></span> <span class='ocrx_word' id='word_1_593' title='bbox 2891 4459 3075 4531; x_wconf 79' lang='lat' dir='ltr'><strong>cbarta</strong></span> <span class='ocrx_word' id='word_1_594' title='bbox 3109 4474 3430 4531; x_wconf 71' lang='lat' dir='ltr'><strong>papyracea,</strong></span> <span class='ocrx_word' id='word_1_595' title='bbox 3465 4463 3590 4516; x_wconf 91' lang='lat' dir='ltr'><strong>folia</strong></span> 
     </span>
    </p>
   </div>
   <div class='ocr_carea' id='block_1_85' title="bbox 1993 4530 3588 4595">
    <p class='ocr_par' dir='ltr' id='par_1_85' title="bbox 1993 4530 3588 4595">
     <span class='ocr_line' id='line_1_86' title="bbox 1993 4530 3588 4595; baseline -0.001 -9"><span class='ocrx_word' id='word_1_596' title='bbox 1993 4533 2278 4586; x_wconf 87' lang='lat' dir='ltr'><strong>continens</strong></span> <span class='ocrx_word' id='word_1_597' title='bbox 2303 4531 2429 4593; x_wconf 85' lang='lat'><strong>275,</strong></span> <span class='ocrx_word' id='word_1_598' title='bbox 2448 4539 2699 4584; x_wconf 75' lang='lat' dir='ltr'><strong>exnralus</strong></span> <span class='ocrx_word' id='word_1_599' title='bbox 2725 4545 2868 4584; x_wconf 87' lang='lat' dir='ltr'><strong>anno</strong></span> <span class='ocrx_word' id='word_1_600' title='bbox 2898 4530 3060 4595; x_wconf 74' lang='grc'><strong>1462,</strong></span> <span class='ocrx_word' id='word_1_601' title='bbox 3085 4530 3271 4588; x_wconf 80' lang='lat' dir='ltr'><strong>Iliense</strong></span> <span class='ocrx_word' id='word_1_602' title='bbox 3292 4532 3588 4595; x_wconf 87' lang='lat' dir='ltr'><strong>decembri,</strong></span> 
     </span>
    </p>
   </div>
   <div class='ocr_carea' id='block_1_86' title="bbox 1911 4589 3592 4685">
    <p class='ocr_par' dir='ltr' id='par_1_86' title="bbox 1911 4589 3592 4685">
     <span class='ocr_line' id='line_1_87' title="bbox 1911 4589 3592 4685; baseline 0.001 -31"><span class='ocrx_word' id='word_1_603' title='bbox 1911 4589 1958 4654; x_wconf 87' lang='lat' dir='ltr'><strong><em>C</em></strong></span> <span class='ocrx_word' id='word_1_604' title='bbox 1991 4604 2079 4657; x_wconf 90' lang='lat' dir='ltr'><strong>die</strong></span> <span class='ocrx_word' id='word_1_605' title='bbox 2099 4604 2361 4685; x_wconf 74' lang='lat' dir='ltr'><strong>vigesimo</strong></span> <span class='ocrx_word' id='word_1_606' title='bbox 2383 4589 2556 4685; x_wconf 50' lang='lat' dir='ltr'><strong>primo</strong></span> <span class='ocrx_word' id='word_1_607' title='bbox 2583 4604 2657 4654; x_wconf 83' lang='lat' dir='ltr'><strong>uti</strong></span> <span class='ocrx_word' id='word_1_608' title='bbox 2687 4600 2783 4685; x_wconf 69' lang='lat' dir='ltr'><strong>fol.</strong></span> <span class='ocrx_word' id='word_1_609' title='bbox 2825 4601 2920 4684; x_wconf 76' lang='lat' dir='ltr'><strong>ult.</strong></span> <span class='ocrx_word' id='word_1_610' title='bbox 2950 4589 3266 4685; x_wconf 67' lang='lat' dir='ltr'><strong>appetatur.</strong></span> <span class='ocrx_word' id='word_1_611' title='bbox 3316 4589 3592 4685; x_wconf 64' lang='lat' dir='ltr'><strong>Legimtur</strong></span> 
     </span>
    </p>
   </div>
   <div class='ocr_carea' id='block_1_87' title="bbox 1991 4672 3586 4746">
    <p class='ocr_par' dir='ltr' id='par_1_87' title="bbox 1991 4672 3586 4746">
     <span class='ocr_line' id='line_1_88' title="bbox 1991 4672 3586 4746; baseline 0.001 -19"><span class='ocrx_word' id='word_1_612' title='bbox 1991 4689 2154 4746; x_wconf 87' lang='lat' dir='ltr'><strong>porro</strong></span> <span class='ocrx_word' id='word_1_613' title='bbox 2184 4676 2233 4728; x_wconf 88' lang='lat' dir='ltr'><strong>in</strong></span> <span class='ocrx_word' id='word_1_614' title='bbox 2268 4689 2333 4728; x_wconf 92' lang='lat' dir='ltr'><strong>eo</strong></span> <span class='ocrx_word' id='word_1_615' title='bbox 2359 4689 2370 4726; x_wconf 89' lang='lat'><strong>:</strong></span> <span class='ocrx_word' id='word_1_616' title='bbox 2409 4672 2916 4746; x_wconf 42' lang='lat' dir='ltr'><strong>Divinarunglnstit.</strong></span> <span class='ocrx_word' id='word_1_617' title='bbox 2950 4673 3070 4746; x_wconf 84' lang='lat' dir='ltr'><strong>libri</strong></span> <span class='ocrx_word' id='word_1_618' title='bbox 3102 4686 3306 4746; x_wconf 73' lang='lat' dir='ltr'><strong>septem</strong></span> <span class='ocrx_word' id='word_1_619' title='bbox 3330 4714 3345 4739; x_wconf 94' lang='lat'><strong>,</strong></span> <span class='ocrx_word' id='word_1_620' title='bbox 3391 4673 3488 4728; x_wconf 86' lang='lat' dir='ltr'><strong>fol.</strong></span> <span class='ocrx_word' id='word_1_621' title='bbox 3518 4674 3541 4728; x_wconf 89' lang='lat'><strong>1</strong></span> <span class='ocrx_word' id='word_1_622' title='bbox 3571 4690 3586 4742; x_wconf 91' lang='lat'><strong>;</strong></span> 
     </span>
    </p>
   </div>
   <div class='ocr_carea' id='block_1_88' title="bbox 1993 4743 3370 4815">
    <p class='ocr_par' dir='ltr' id='par_1_88' title="bbox 1993 4743 3370 4815">
     <span class='ocr_line' id='line_1_89' title="bbox 1993 4743 3370 4815; baseline -0.001 -14"><span class='ocrx_word' id='word_1_623' title='bbox 1993 4743 2061 4801; x_wconf 72' lang='lat' dir='ltr'><strong>de</strong></span> <span class='ocrx_word' id='word_1_624' title='bbox 2087 4746 2163 4799; x_wconf 88' lang='lat' dir='ltr'><strong>Ira</strong></span> <span class='ocrx_word' id='word_1_625' title='bbox 2197 4746 2311 4811; x_wconf 91' lang='lat' dir='ltr'><strong>Dei,</strong></span> <span class='ocrx_word' id='word_1_626' title='bbox 2339 4746 2430 4798; x_wconf 90' lang='lat' dir='ltr'><strong>l&#39;ol.</strong></span> <span class='ocrx_word' id='word_1_627' title='bbox 2453 4743 2581 4802; x_wconf 76' lang='lat'><strong>225:</strong></span> <span class='ocrx_word' id='word_1_628' title='bbox 2614 4746 2680 4799; x_wconf 90' lang='lat' dir='ltr'><strong>de</strong></span> <span class='ocrx_word' id='word_1_629' title='bbox 2709 4744 2936 4815; x_wconf 85' lang='lat' dir='ltr'><strong>Opilicio</strong></span> <span class='ocrx_word' id='word_1_630' title='bbox 2965 4745 3084 4812; x_wconf 81' lang='lat' dir='ltr'><strong>Dei,</strong></span> <span class='ocrx_word' id='word_1_631' title='bbox 3115 4743 3211 4799; x_wconf 91' lang='lat' dir='ltr'><strong>fol.</strong></span> <span class='ocrx_word' id='word_1_632' title='bbox 3242 4745 3370 4800; x_wconf 75' lang='lat'><strong>252.</strong></span> 
     </span>
    </p>
   </div>
   <div class='ocr_carea' id='block_1_89' title="bbox 2068 4831 3594 4902">
    <p class='ocr_par' dir='ltr' id='par_1_89' title="bbox 2068 4831 3594 4902">
     <span class='ocr_line' id='line_1_90' title="bbox 2068 4831 3594 4902; baseline 0 -10"><span class='ocrx_word' id='word_1_633' title='bbox 2068 4835 2156 4891; x_wconf 80' lang='lat' dir='ltr'><strong>1X.</strong></span> <span class='ocrx_word' id='word_1_634' title='bbox 2189 4837 2369 4892; x_wconf 77' lang='lat' dir='ltr'><strong>Cooex</strong></span> <span class='ocrx_word' id='word_1_635' title='bbox 2391 4831 2694 4902; x_wconf 75' lang='lat' dir='ltr'><strong>Vn.,225,</strong></span> <span class='ocrx_word' id='word_1_636' title='bbox 2723 4835 2845 4891; x_wconf 80' lang='lat' dir='ltr'><strong>folia</strong></span> <span class='ocrx_word' id='word_1_637' title='bbox 2868 4837 3152 4892; x_wconf 84' lang='lat' dir='ltr'><strong>continens</strong></span> <span class='ocrx_word' id='word_1_638' title='bbox 3180 4831 3308 4902; x_wconf 84' lang='lat'><strong>217,</strong></span> <span class='ocrx_word' id='word_1_639' title='bbox 3340 4845 3594 4892; x_wconf 84' lang='lat' dir='ltr'><strong>exaratos</strong></span> 
     </span>
    </p>
   </div>
   <div class='ocr_carea' id='block_1_90' title="bbox 1998 4903 3591 4978">
    <p class='ocr_par' dir='ltr' id='par_1_90' title="bbox 1998 4903 3591 4978">
     <span class='ocr_line' id='line_1_91' title="bbox 1998 4903 3591 4978; baseline -0.001 -15"><span class='ocrx_word' id='word_1_640' title='bbox 1998 4909 2051 4963; x_wconf 91' lang='lat' dir='ltr'><strong>in</strong></span> <span class='ocrx_word' id='word_1_641' title='bbox 2083 4910 2174 4963; x_wconf 90' lang='lat' dir='ltr'><strong>fol.</strong></span> <span class='ocrx_word' id='word_1_642' title='bbox 2218 4912 2268 4962; x_wconf 90' lang='lat' dir='ltr'><strong>in</strong></span> <span class='ocrx_word' id='word_1_643' title='bbox 2304 4910 2615 4963; x_wconf 73' lang='lat' dir='ltr'><strong>membrana</strong></span> <span class='ocrx_word' id='word_1_644' title='bbox 2661 4924 2756 4977; x_wconf 88' lang='lat' dir='ltr'><strong>per</strong></span> <span class='ocrx_word' id='word_1_645' title='bbox 2799 4924 2988 4962; x_wconf 88' lang='lat' dir='ltr'><strong>manus</strong></span> <span class='ocrx_word' id='word_1_646' title='bbox 3013 4905 3276 4978; x_wconf 79' lang='lat' dir='ltr'><strong>Johannis</strong></span> <span class='ocrx_word' id='word_1_647' title='bbox 3307 4903 3591 4978; x_wconf 58' lang='lat' dir='ltr'><strong>Horneen,</strong></span> 
     </span>
    </p>
   </div>
   <div class='ocr_carea' id='block_1_91' title="bbox 2002 4975 3594 5048">
    <p class='ocr_par' dir='ltr' id='par_1_91' title="bbox 2002 4975 3594 5048">
     <span class='ocr_line' id='line_1_92' title="bbox 2002 4975 3594 5048; baseline 0.003 -16"><span class='ocrx_word' id='word_1_648' title='bbox 2002 4980 2276 5035; x_wconf 84' lang='lat' dir='ltr'><strong>familiaris</strong></span> <span class='ocrx_word' id='word_1_649' title='bbox 2302 4981 2504 5033; x_wconf 90' lang='lat' dir='ltr'><strong>domini</strong></span> <span class='ocrx_word' id='word_1_650' title='bbox 2528 4975 2752 5034; x_wconf 79' lang='lat' dir='ltr'><strong>Corradi</strong></span> <span class='ocrx_word' id='word_1_651' title='bbox 2779 4979 2848 5033; x_wconf 90' lang='lat' dir='ltr'><strong>de</strong></span> <span class='ocrx_word' id='word_1_652' title='bbox 2874 4977 3048 5034; x_wconf 87' lang='lat' dir='ltr'><strong>Monte</strong></span> <span class='ocrx_word' id='word_1_653' title='bbox 3071 4975 3332 5034; x_wconf 81' lang='lat' dir='ltr'><strong>Politiano</strong></span> <span class='ocrx_word' id='word_1_654' title='bbox 3350 5020 3366 5048; x_wconf 93' lang='lat'><strong>,</strong></span> <span class='ocrx_word' id='word_1_655' title='bbox 3394 4980 3465 5032; x_wconf 92' lang='lat' dir='ltr'><strong>uti</strong></span> <span class='ocrx_word' id='word_1_656' title='bbox 3498 4975 3594 5036; x_wconf 48' lang='lat' dir='ltr'><strong>an;</strong></span> 
     </span>
    </p>
   </div>
   <div class='ocr_carea' id='block_1_92' title="bbox 2004 5049 3596 5121">
    <p class='ocr_par' dir='ltr' id='par_1_92' title="bbox 2004 5049 3596 5121">
     <span class='ocr_line' id='line_1_93' title="bbox 2004 5049 3596 5121; baseline 0.001 -16"><span class='ocrx_word' id='word_1_657' title='bbox 2004 5065 2217 5106; x_wconf 88' lang='lat' dir='ltr'><strong>notatur</strong></span> <span class='ocrx_word' id='word_1_658' title='bbox 2259 5051 2347 5105; x_wconf 87' lang='lat' dir='ltr'><strong>fol.</strong></span> <span class='ocrx_word' id='word_1_659' title='bbox 2394 5049 2490 5106; x_wconf 89' lang='lat' dir='ltr'><strong>ult.</strong></span> <span class='ocrx_word' id='word_1_660' title='bbox 2522 5051 2676 5120; x_wconf 88' lang='lat' dir='ltr'><strong>cujus</strong></span> <span class='ocrx_word' id='word_1_661' title='bbox 2718 5049 2938 5106; x_wconf 87' lang='lat' dir='ltr'><strong>Corradi</strong></span> <span class='ocrx_word' id='word_1_662' title='bbox 2973 5052 3194 5121; x_wconf 77' lang='lat' dir='ltr'><strong>insignia</strong></span> <span class='ocrx_word' id='word_1_663' title='bbox 3245 5054 3596 5120; x_wconf 68' lang='lat' dir='ltr'><strong>praeﬁguntur</strong></span> 
     </span>
    </p>
   </div>
   <div class='ocr_carea' id='block_1_93' title="bbox 1997 5121 3592 5178">
    <p class='ocr_par' dir='ltr' id='par_1_93' title="bbox 1997 5121 3592 5178">
     <span class='ocr_line' id='line_1_94' title="bbox 1997 5121 3592 5178; baseline 0.001 0"><span class='ocrx_word' id='word_1_664' title='bbox 1997 5122 2091 5178; x_wconf 89' lang='lat' dir='ltr'><strong>fol.</strong></span> <span class='ocrx_word' id='word_1_665' title='bbox 2114 5122 2138 5178; x_wconf 82' lang='lat'><strong>1</strong></span> <span class='ocrx_word' id='word_1_666' title='bbox 2173 5140 2294 5178; x_wconf 89' lang='lat' dir='ltr'><strong>cum</strong></span> <span class='ocrx_word' id='word_1_667' title='bbox 2325 5123 2408 5178; x_wconf 85' lang='lat' dir='ltr'><strong>his</strong></span> <span class='ocrx_word' id='word_1_668' title='bbox 2439 5123 2630 5178; x_wconf 83' lang='lat' dir='ltr'><strong>litteris</strong></span> <span class='ocrx_word' id='word_1_669' title='bbox 2655 5141 2669 5175; x_wconf 78' lang='grc' dir='ltr'>ε</span> <span class='ocrx_word' id='word_1_670' title='bbox 2697 5123 2762 5178; x_wconf 86' lang='grc' dir='ltr'><strong>Α.</strong></span> <span class='ocrx_word' id='word_1_671' title='bbox 2783 5122 2996 5178; x_wconf 81' lang='lat' dir='ltr'><strong>Corradi</strong></span> <span class='ocrx_word' id='word_1_672' title='bbox 3024 5121 3086 5175; x_wconf 82' lang='lat' dir='ltr'><strong>de</strong></span> <span class='ocrx_word' id='word_1_673' title='bbox 3102 5121 3276 5176; x_wconf 75' lang='lat' dir='ltr'><strong>Monte</strong></span> <span class='ocrx_word' id='word_1_674' title='bbox 3303 5122 3592 5178; x_wconf 80' lang='lat' dir='ltr'><strong>Policiano.</strong></span> 
     </span>
    </p>
   </div>
   <div class='ocr_carea' id='block_1_94' title="bbox 1999 5193 3590 5264">
    <p class='ocr_par' dir='ltr' id='par_1_94' title="bbox 1999 5193 3590 5264">
     <span class='ocr_line' id='line_1_95' title="bbox 1999 5193 3590 5264; baseline 0.001 -15"><span class='ocrx_word' id='word_1_675' title='bbox 1999 5195 2279 5250; x_wconf 74' lang='lat' dir='ltr'><strong>Habentur</strong></span> <span class='ocrx_word' id='word_1_676' title='bbox 2337 5196 2387 5250; x_wconf 93' lang='lat' dir='ltr'><strong>in</strong></span> <span class='ocrx_word' id='word_1_677' title='bbox 2435 5211 2502 5250; x_wconf 87' lang='lat' dir='ltr'><strong>eo</strong></span> <span class='ocrx_word' id='word_1_678' title='bbox 2544 5212 2556 5247; x_wconf 87' lang='lat'><strong>:</strong></span> <span class='ocrx_word' id='word_1_679' title='bbox 2603 5194 2909 5248; x_wconf 78' lang='lat' dir='ltr'><strong>Divinarum</strong></span> <span class='ocrx_word' id='word_1_680' title='bbox 2964 5193 3136 5248; x_wconf 87' lang='lat' dir='ltr'><strong>lnstit.</strong></span> <span class='ocrx_word' id='word_1_681' title='bbox 3178 5193 3307 5264; x_wconf 75' lang='lat' dir='ltr'><strong>libri</strong></span> <span class='ocrx_word' id='word_1_682' title='bbox 3357 5211 3590 5264; x_wconf 76' lang='lat' dir='ltr'><strong>septem,</strong></span> 
     </span>
    </p>
   </div>
   <div class='ocr_carea' id='block_1_95' title="bbox 1999 5257 3596 5332">
    <p class='ocr_par' dir='ltr' id='par_1_95' title="bbox 1999 5257 3596 5332">
     <span class='ocr_line' id='line_1_96' title="bbox 1999 5257 3596 5332; baseline 0.001 -13"><span class='ocrx_word' id='word_1_683' title='bbox 1999 5267 2091 5320; x_wconf 89' lang='lat' dir='ltr'><strong>fol.</strong></span> <span class='ocrx_word' id='word_1_684' title='bbox 2114 5267 2163 5320; x_wconf 90' lang='lat'><strong>1.</strong></span> <span class='ocrx_word' id='word_1_685' title='bbox 2192 5265 2245 5320; x_wconf 91' lang='lat' dir='ltr'><strong>In</strong></span> <span class='ocrx_word' id='word_1_686' title='bbox 2277 5267 2380 5322; x_wconf 86' lang='lat' dir='ltr'><strong>line</strong></span> <span class='ocrx_word' id='word_1_687' title='bbox 2403 5279 2506 5332; x_wconf 89' lang='lat' dir='ltr'><strong>est,</strong></span> <span class='ocrx_word' id='word_1_688' title='bbox 2542 5267 2634 5320; x_wconf 90' lang='lat' dir='ltr'><strong>fol.</strong></span> <span class='ocrx_word' id='word_1_689' title='bbox 2671 5267 2791 5330; x_wconf 88' lang='lat'><strong>195,</strong></span> <span class='ocrx_word' id='word_1_690' title='bbox 2824 5267 2936 5319; x_wconf 72' lang='lat' dir='ltr'><strong>[nec</strong></span> <span class='ocrx_word' id='word_1_691' title='bbox 2972 5277 3095 5320; x_wconf 84' lang='lat' dir='ltr'><strong>nota</strong></span> <span class='ocrx_word' id='word_1_692' title='bbox 3129 5283 3142 5320; x_wconf 86' lang='lat'><strong>:</strong></span> <span class='ocrx_word' id='word_1_693' title='bbox 3178 5257 3435 5320; x_wconf 80' lang='lat' dir='ltr'><strong>Firmiani</strong></span> <span class='ocrx_word' id='word_1_694' title='bbox 3465 5257 3596 5321; x_wconf 80' lang='lat' dir='ltr'><strong>Lac-</strong></span> 
     </span>
    </p>
   </div>
   <div class='ocr_carea' id='block_1_96' title="bbox 2003 5337 3592 5408">
    <p class='ocr_par' dir='ltr' id='par_1_96' title="bbox 2003 5337 3592 5408">
     <span class='ocr_line' id='line_1_97' title="bbox 2003 5337 3592 5408; baseline 0 -15"><span class='ocrx_word' id='word_1_695' title='bbox 2003 5339 2151 5393; x_wconf 87' lang='lat' dir='ltr'><strong>tantii</strong></span> <span class='ocrx_word' id='word_1_696' title='bbox 2173 5337 2294 5408; x_wconf 86' lang='lat' dir='ltr'><strong>(sic)</strong></span> <span class='ocrx_word' id='word_1_697' title='bbox 2318 5339 2622 5394; x_wconf 79' lang='lat' dir='ltr'><strong>Divinarum</strong></span> <span class='ocrx_word' id='word_1_698' title='bbox 2653 5337 3046 5408; x_wconf 80' lang='lat' dir='ltr'><strong>Institutionum</strong></span> <span class='ocrx_word' id='word_1_699' title='bbox 3064 5339 3151 5408; x_wconf 68' lang='lat' dir='ltr'><strong>ad</strong></span> <span class='ocrx_word' id='word_1_700' title='bbox 3176 5339 3592 5393; x_wconf 73' lang='lat' dir='ltr'><strong>Constantinum</strong></span> 
     </span>
    </p>
   </div>
   <div class='ocr_carea' id='block_1_97' title="bbox 2002 5403 3594 5479">
    <p class='ocr_par' dir='ltr' id='par_1_97' title="bbox 2002 5403 3594 5479">
     <span class='ocr_line' id='line_1_98' title="bbox 2002 5403 3594 5479; baseline 0.001 -15"><span class='ocrx_word' id='word_1_701' title='bbox 2002 5403 2405 5479; x_wconf 77' lang='lat' dir='ltr'><strong>imperatorem,</strong></span> <span class='ocrx_word' id='word_1_702' title='bbox 2437 5422 2490 5466; x_wconf 85' lang='lat' dir='ltr'><strong>et</strong></span> <span class='ocrx_word' id='word_1_703' title='bbox 2515 5412 2772 5464; x_wconf 77' lang='lat' dir='ltr'><strong>adversus</strong></span> <span class='ocrx_word' id='word_1_704' title='bbox 2798 5407 2999 5464; x_wconf 86' lang='lat' dir='ltr'><strong>Gentes</strong></span> <span class='ocrx_word' id='word_1_705' title='bbox 3026 5403 3145 5464; x_wconf 84' lang='lat' dir='ltr'><strong>libri</strong></span> <span class='ocrx_word' id='word_1_706' title='bbox 3166 5411 3356 5464; x_wconf 86' lang='lat' dir='ltr'><strong>liniont</strong></span> <span class='ocrx_word' id='word_1_707' title='bbox 3384 5421 3594 5478; x_wconf 87' lang='lat' dir='ltr'><strong>septem</strong></span> 
     </span>
    </p>
   </div>
   <div class='ocr_carea' id='block_1_98' title="bbox 2006 5479 3596 5553">
    <p class='ocr_par' dir='ltr' id='par_1_98' title="bbox 2006 5479 3596 5553">
     <span class='ocr_line' id='line_1_99' title="bbox 2006 5479 3596 5553; baseline -0.001 -16"><span class='ocrx_word' id='word_1_708' title='bbox 2006 5497 2102 5553; x_wconf 91' lang='lat' dir='ltr'><strong>per</strong></span> <span class='ocrx_word' id='word_1_709' title='bbox 2131 5499 2321 5538; x_wconf 90' lang='lat' dir='ltr'><strong>manus</strong></span> <span class='ocrx_word' id='word_1_710' title='bbox 2349 5482 2609 5538; x_wconf 80' lang='lat' dir='ltr'><strong>Johannis</strong></span> <span class='ocrx_word' id='word_1_711' title='bbox 2636 5479 2904 5553; x_wconf 84' lang='lat' dir='ltr'><strong>Hornsen,</strong></span> <span class='ocrx_word' id='word_1_712' title='bbox 2937 5481 3136 5552; x_wconf 77' lang='lat' dir='ltr'><strong>indigni</strong></span> <span class='ocrx_word' id='word_1_713' title='bbox 3166 5483 3364 5537; x_wconf 85' lang='lat' dir='ltr'><strong>servuli</strong></span> <span class='ocrx_word' id='word_1_714' title='bbox 3395 5481 3596 5552; x_wconf 77' lang='lat' dir='ltr'><strong>egregii</strong></span> 
     </span>
    </p>
   </div>
   <div class='ocr_carea' id='block_1_99' title="bbox 2004 5551 3598 5624">
    <p class='ocr_par' dir='ltr' id='par_1_99' title="bbox 2004 5551 3598 5624">
     <span class='ocr_line' id='line_1_100' title="bbox 2004 5551 3598 5624; baseline -0.002 -15"><span class='ocrx_word' id='word_1_715' title='bbox 2004 5551 2210 5609; x_wconf 75' lang='lat' dir='ltr'><strong>domini</strong></span> <span class='ocrx_word' id='word_1_716' title='bbox 2236 5554 2458 5608; x_wconf 81' lang='lat' dir='ltr'><strong>Coi-radi</strong></span> <span class='ocrx_word' id='word_1_717' title='bbox 2483 5555 2548 5608; x_wconf 87' lang='lat' dir='ltr'><strong>de</strong></span> <span class='ocrx_word' id='word_1_718' title='bbox 2565 5553 2743 5607; x_wconf 84' lang='lat' dir='ltr'><strong>Monte</strong></span> <span class='ocrx_word' id='word_1_719' title='bbox 2767 5551 3042 5608; x_wconf 83' lang='lat' dir='ltr'><strong>Policiano</strong></span> <span class='ocrx_word' id='word_1_720' title='bbox 3068 5553 3190 5624; x_wconf 88' lang='lat' dir='ltr'><strong>(sic)</strong></span> <span class='ocrx_word' id='word_1_721' title='bbox 3217 5554 3414 5622; x_wconf 87' lang='lat' dir='ltr'><strong>palatio</strong></span> <span class='ocrx_word' id='word_1_722' title='bbox 3434 5551 3598 5624; x_wconf 47' lang='lat' dir='ltr'><strong>aliose</strong></span> 
     </span>
    </p>
   </div>
   <div class='ocr_carea' id='block_1_100' title="bbox 300 5623 3596 5700">
    <p class='ocr_par' dir='ltr' id='par_1_100' title="bbox 300 5623 3596 5700">
     <span class='ocr_line' id='line_1_101' title="bbox 300 5623 3596 5700; baseline -0.002 -16"><span class='ocrx_word' id='word_1_723' title='bbox 300 5639 387 5699; x_wconf 77' lang='lat' dir='ltr'><strong>pta</strong></span> <span class='ocrx_word' id='word_1_724' title='bbox 423 5628 553 5693; x_wconf 75' lang='grc'><strong>180,</strong></span> <span class='ocrx_word' id='word_1_725' title='bbox 597 5641 846 5685; x_wconf 80' lang='lat' dir='ltr'><strong>exaratos</strong></span> <span class='ocrx_word' id='word_1_726' title='bbox 897 5632 996 5685; x_wconf 89' lang='lat' dir='ltr'><strong>sub</strong></span> <span class='ocrx_word' id='word_1_727' title='bbox 1023 5629 1166 5685; x_wconf 78' lang='lat' dir='ltr'><strong>Julto</strong></span> <span class='ocrx_word' id='word_1_728' title='bbox 1196 5631 1248 5699; x_wconf 30' lang='lat' dir='ltr'><strong>,II</strong></span> <span class='ocrx_word' id='word_1_729' title='bbox 1295 5642 1442 5699; x_wconf 81' lang='lat' dir='ltr'><strong>poni.</strong></span> <span class='ocrx_word' id='word_1_730' title='bbox 1469 5670 1484 5696; x_wconf 90' lang='lat'><strong>,</strong></span> <span class='ocrx_word' id='word_1_731' title='bbox 1512 5629 1682 5700; x_wconf 86' lang='lat' dir='ltr'><strong>cujus</strong></span> <span class='ocrx_word' id='word_1_732' title='bbox 1719 5629 1898 5699; x_wconf 76' lang='lat' dir='ltr'><strong>imago</strong></span> <span class='ocrx_word' id='word_1_733' title='bbox 1999 5628 2190 5700; x_wconf 61' lang='lat' dir='ltr'><strong>tolico,</strong></span> <span class='ocrx_word' id='word_1_734' title='bbox 2234 5625 2934 5700; x_wconf 57' lang='lat' dir='ltr'><strong>tenuioribusserenissimi</strong></span> <span class='ocrx_word' id='word_1_735' title='bbox 2957 5623 3158 5700; x_wconf 71' lang='lat' dir='ltr'><strong>domini</strong></span> <span class='ocrx_word' id='word_1_736' title='bbox 3186 5625 3348 5690; x_wconf 73' lang='lat' dir='ltr'><strong>Petri,</strong></span> <span class='ocrx_word' id='word_1_737' title='bbox 3383 5623 3596 5700; x_wconf 75' lang='lat' dir='ltr'><strong>Domini</strong></span> 
     </span>
    </p>
   </div>
   <div class='ocr_carea' id='block_1_101' title="bbox 298 5693 2956 5774">
    <p class='ocr_par' dir='ltr' id='par_1_101' title="bbox 298 5693 2956 5774">
     <span class='ocr_line' id='line_1_102' title="bbox 298 5693 2956 5774; baseline -0.003 -17"><span class='ocrx_word' id='word_1_738' title='bbox 298 5693 475 5774; x_wconf 15' lang='lat' dir='ltr'><strong>aurea,</strong></span> <span class='ocrx_word' id='word_1_739' title='bbox 525 5702 696 5774; x_wconf 75' lang='lat' dir='ltr'><strong>codici</strong></span> <span class='ocrx_word' id='word_1_740' title='bbox 755 5705 1054 5774; x_wconf 67' lang='lat' dir='ltr'><strong>pt&#39;aallgilur</strong></span> <span class='ocrx_word' id='word_1_741' title='bbox 1105 5693 1201 5758; x_wconf 77' lang='lat' dir='ltr'><strong>fol.</strong></span> <span class='ocrx_word' id='word_1_742' title='bbox 1255 5693 1610 5774; x_wconf 64' lang='lat' dir='ltr'><strong>t&#39;cmn&#39;nis&#39;</strong></span> <span class='ocrx_word' id='word_1_743' title='bbox 1655 5693 1894 5756; x_wconf 69' lang='lat' dir='ltr'><strong>interiit</strong></span> <span class='ocrx_word' id='word_1_744' title='bbox 1999 5693 2408 5774; x_wconf 55' lang='lat' dir='ltr'><strong>metuentium</strong></span> <span class='ocrx_word' id='word_1_745' title='bbox 2439 5695 2776 5774; x_wconf 66' lang='grc' dir='ltr'><strong>ιξινουιάθηιίθ</strong></span> <span class='ocrx_word' id='word_1_746' title='bbox 2805 5707 2956 5766; x_wconf 66' lang='lat' dir='ltr'><strong>papae</strong></span> 
     </span>
    </p>
   </div>
   <div class='ocr_carea' id='block_1_102' title="bbox 2977 5696 3590 5768">
    <p class='ocr_par' dir='ltr' id='par_1_102' title="bbox 2977 5696 3590 5768">
     <span class='ocr_line' id='line_1_103' title="bbox 2977 5696 3590 5768; baseline 0.002 -17"><span class='ocrx_word' id='word_1_747' title='bbox 2977 5697 3150 5768; x_wconf 60' lang='lat' dir='ltr'><strong>Quinti</strong></span> <span class='ocrx_word' id='word_1_748' title='bbox 3183 5737 3199 5763; x_wconf 87' lang='lat'><strong>,</strong></span> <span class='ocrx_word' id='word_1_749' title='bbox 3238 5709 3381 5751; x_wconf 63' lang='lat' dir='ltr'><strong>anno</strong></span> <span class='ocrx_word' id='word_1_750' title='bbox 3414 5696 3590 5762; x_wconf 74' lang='grc'><strong>1454,</strong></span> 
     </span>
    </p>
   </div>
   <div class='ocr_carea' id='block_1_103' title="bbox 295 5768 3596 5845">
    <p class='ocr_par' dir='ltr' id='par_1_103' title="bbox 295 5768 3596 5845">
     <span class='ocr_line' id='line_1_104' title="bbox 295 5768 3596 5845; baseline -0.001 -16"><span class='ocrx_word' id='word_1_751' title='bbox 295 5773 430 5829; x_wconf 80' lang='lat' dir='ltr'><strong>Julii</strong></span> <span class='ocrx_word' id='word_1_752' title='bbox 454 5773 541 5841; x_wconf 87' lang='lat' dir='ltr'><strong>ll,</strong></span> <span class='ocrx_word' id='word_1_753' title='bbox 575 5773 724 5828; x_wconf 85' lang='lat' dir='ltr'><strong>Pent.</strong></span> <span class='ocrx_word' id='word_1_754' title='bbox 758 5768 946 5842; x_wconf 54' lang='lat' dir='ltr'><strong>Mam}</strong></span> <span class='ocrx_word' id='word_1_755' title='bbox 973 5776 1025 5831; x_wconf 91' lang='lat' dir='ltr'><strong>in</strong></span> <span class='ocrx_word' id='word_1_756' title='bbox 1047 5776 1379 5831; x_wconf 86' lang='lat' dir='ltr'><strong>membrana.</strong></span> <span class='ocrx_word' id='word_1_757' title='bbox 1409 5773 1504 5829; x_wconf 90' lang='lat' dir='ltr'><strong>llic</strong></span> <span class='ocrx_word' id='word_1_758' title='bbox 1524 5773 1894 5845; x_wconf 82' lang='lat' dir='ltr'><strong>porrosedem</strong></span> <span class='ocrx_word' id='word_1_759' title='bbox 2000 5770 2482 5845; x_wconf 69' lang='lat' dir='ltr'><strong>Peiititicatos__sui</strong></span> <span class='ocrx_word' id='word_1_760' title='bbox 2520 5785 2662 5824; x_wconf 86' lang='lat' dir='ltr'><strong>anno</strong></span> <span class='ocrx_word' id='word_1_761' title='bbox 2685 5777 2938 5840; x_wconf 83' lang='lat' dir='ltr'><strong>septimo.</strong></span> <span class='ocrx_word' id='word_1_762' title='bbox 2973 5770 3049 5826; x_wconf 86' lang='lat' dir='ltr'><strong>De</strong></span> <span class='ocrx_word' id='word_1_763' title='bbox 3081 5770 3164 5827; x_wconf 89' lang='lat' dir='ltr'><strong>Ira</strong></span> <span class='ocrx_word' id='word_1_764' title='bbox 3189 5770 3282 5827; x_wconf 92' lang='lat' dir='ltr'><strong>Dei</strong></span> <span class='ocrx_word' id='word_1_765' title='bbox 3317 5768 3386 5826; x_wconf 86' lang='lat' dir='ltr'><strong>ad</strong></span> <span class='ocrx_word' id='word_1_766' title='bbox 3418 5769 3596 5827; x_wconf 84' lang='lat' dir='ltr'><strong>Dona-</strong></span> 
     </span>
    </p>
   </div>
   <div class='ocr_carea' id='block_1_104' title="bbox 298 5842 2699 5922">
    <p class='ocr_par' dir='ltr' id='par_1_104' title="bbox 298 5842 2699 5922">
     <span class='ocr_line' id='line_1_105' title="bbox 298 5842 2699 5922; baseline -0.003 -21"><span class='ocrx_word' id='word_1_767' title='bbox 298 5847 652 5922; x_wconf 83' lang='lat' dir='ltr'><strong>apostolicam</strong></span> <span class='ocrx_word' id='word_1_768' title='bbox 683 5845 917 5904; x_wconf 87' lang='lat' dir='ltr'><strong>obtinuit</strong></span> <span class='ocrx_word' id='word_1_769' title='bbox 940 5857 968 5902; x_wconf 88' lang='lat' dir='ltr'><strong>a</strong></span> <span class='ocrx_word' id='word_1_770' title='bbox 993 5847 1081 5904; x_wconf 89' lang='lat' dir='ltr'><strong>die</strong></span> <span class='ocrx_word' id='word_1_771' title='bbox 1110 5846 1133 5903; x_wconf 94' lang='lat'><strong>1</strong></span> <span class='ocrx_word' id='word_1_772' title='bbox 1159 5845 1479 5904; x_wconf 70' lang='lat' dir='ltr'><strong>Novembris</strong></span> <span class='ocrx_word' id='word_1_773' title='bbox 1499 5842 1626 5903; x_wconf 55' lang='lat' dir='ltr'><strong>a&#39;nni</strong></span> <span class='ocrx_word' id='word_1_774' title='bbox 1654 5844 1793 5903; x_wconf 77' lang='lat'><strong>1503</strong></span> <span class='ocrx_word' id='word_1_775' title='bbox 1823 5844 1892 5902; x_wconf 87' lang='lat' dir='ltr'><strong>ad</strong></span> <span class='ocrx_word' id='word_1_776' title='bbox 1999 5849 2110 5900; x_wconf 86' lang='lat' dir='ltr'><strong>tum</strong></span> <span class='ocrx_word' id='word_1_777' title='bbox 2134 5884 2149 5910; x_wconf 88' lang='lat'><strong>,</strong></span> <span class='ocrx_word' id='word_1_778' title='bbox 2192 5842 2285 5900; x_wconf 90' lang='lat' dir='ltr'><strong>fol.</strong></span> <span class='ocrx_word' id='word_1_779' title='bbox 2316 5842 2435 5912; x_wconf 81' lang='lat'><strong>195,</strong></span> <span class='ocrx_word' id='word_1_780' title='bbox 2469 5855 2500 5898; x_wconf 88' lang='lat' dir='ltr'><strong>a</strong></span> <span class='ocrx_word' id='word_1_781' title='bbox 2529 5847 2699 5914; x_wconf 68' lang='lat' dir='ltr'><strong>tergo.</strong></span> 
     </span>
    </p>
   </div>
  </div>
