4104 6368
300 352 410 410 115

1377 356 1584 414 LIBER
1621 357 1666 414 I.
1708 358 1798 415 DE
1836 357 2055 415 FALSA
2102 358 2492 418 RELIGIONE.

3511 363 3610 424 111

296 471 504 539 valuit,
535 480 598 527 ιιι
625 471 678 528 ἰιι
709 471 820 542 ipsa
852 485 974 529 esse
1000 472 1196 529 summi
1223 472 1348 530 boni
1391 476 1673 547 praemium
1705 477 1898 547 prtedi-
1929 486 1982 546 Α
2008 476 2221 546 offensi,
2253 477 2353 535 hac
2381 479 2584 536 deliniti
2616 481 2860 538 feruntur
2885 483 2936 540 in
2966 499 3228 556 prmceps,
3259 494 3314 543 et
3341 485 3607 545 bonorum

295 573 507 622 carent.
539 565 644 622 Sed
679 581 854 638 neque
884 565 1062 636 adepti
1094 577 1220 622 sunt
1255 567 1308 623 id
1349 569 1490 640 quod
1517 569 1771 626 volebant
1801 589 1816 625 :
1850 581 1906 627 et

297 676 523 734 operam
569 662 732 717 simul
777 671 937 732 atque
987 661 1302 718 industriam
1352 663 1734 734 perdiderunt;
1780 666 1901 736 quia

297 755 524 820 veritas,
559 753 611 810 id
643 766 726 810 est
755 770 1012 810 arcanum
1044 755 1239 810 summi
1275 755 1389 819 Dei,
1421 757 1509 827 qui
1541 756 1666 811 fecit
1689 759 1866 812 omnia
1886 801 1902 828 ,

299 847 519 920 ingenio
545 864 612 905 ac
632 850 866 920 propriis
893 863 998 904 non
1024 858 1194 919 poleSl
1217 851 1464 905 sensibus
1481 851 1864 921 comprehendi
1887 869 1901 908 :

297 939 502 1011 alioqui
549 941 686 995 nihil
735 941 874 996 inter
922 941 1086 996 Deum
1133 941 1516 1015 hominemque
1559 945 1813 1008 distaret,
1855 945 1901 1000 si

297 1035 528 1090 consilia
559 1043 614 1090 et
643 1033 1029 1104 dispositiones
1059 1035 1206 1091 illius
1236 1037 1535 1106 majestatis
1563 1049 1781 1094 a-lerna:
1811 1054 1905 1095 co-

296 1128 491 1199 gitatio
540 1138 922 1200 assequeretur
975 1130 1229 1185 btttnana.
1271 1130 1426 1199 Quod
1469 1133 1592 1203 quia
1636 1132 1751 1189 ﬁeri
1793 1150 1900 1190 non

297 1223 503 1293 potuit,
534 1232 592 1278 ιιι
634 1223 836 1279 homini
880 1240 978 1295 per
1016 1226 1251 1290 seipsum
1298 1228 1437 1282 ratio
1475 1227 1654 1282 divina
1687 1229 1900 1285 innote-

294 1325 494 1381 sceret,
522 1332 630 1371 non
661 1325 744 1372 est
773 1331 962 1386 passus
993 1317 1264 1374 hominem
1299 1319 1440 1375 Deus
1482 1321 1660 1376 lumen
1683 1322 1898 1393 sapien-

294 1409 386 1463 tia:
428 1411 795 1477 requirentem
823 1411 1030 1467 diutius
1056 1427 1278 1481 errare,
1319 1429 1382 1469 ac
1413 1416 1534 1470 sine
1562 1416 1670 1470 ullo
1701 1415 1899 1472 laboris

292 1499 490 1557 effectu
533 1503 716 1574 vagari
765 1519 861 1574 per
904 1504 1160 1561 tenebras
1207 1506 1636 1574 inextricabiles;
1689 1510 1900 1578 aperuit

292 1596 484 1650 oculos
530 1597 647 1666 ejus
695 1598 982 1669 aliquando
1003 1641 1018 1663 .
1050 1610 1102 1655 et
1131 1601 1402 1656 notionem
1433 1601 1674 1658 veritatis
1705 1619 1897 1659 munus

287 1701 448 1744 Suum
479 1688 606 1745 fecit
635 1707 647 1743 :
681 1699 740 1745 ut
772 1701 827 1746 et
858 1690 1144 1747 humanam
1182 1694 1502 1764 sapientiam
1545 1695 1742 1750 nullam
1775 1712 1896 1753 esse

239 1785 250 1828 ἒ
289 1792 652 1850 monstraret,
682 1793 737 1839 et
776 1785 982 1840 erranti
1029 1799 1093 1840 ac
1133 1800 1268 1856 vago
1310 1786 1453 1842 viam
1500 1789 1894 1861 consequenda:

284 1876 711 1933 immortalitatis
739 1878 1073 1935 ostenderet.

358 1967 562 2024 Verum
591 1972 842 2040 quoniam
878 1973 1029 2042 pauci
1075 1980 1298 2028 utuntur
1339 1971 1444 2028 ltoc
1487 1974 1696 2030 caelesti
1721 1975 1889 2032 bene-

284 2060 410 2116 ficio
451 2077 515 2116 ac
556 2078 811 2129 munere;
845 2064 986 2134 quod
1031 2064 1280 2120 obvoluta
1325 2065 1377 2120 in
1419 2067 1651 2121 obscuro
1689 2070 1889 2125 veritas

278 2157 451 2223 latet;
479 2173 652 2230 eaque
695 2159 777 2214 vel
820 2161 1152 2230 contemptui
1193 2158 1366 2216 doctis
1395 2171 1497 2228 est,
1528 2161 1650 2232 quia
1681 2162 1888 2219 idoneis

273 2252 647 2307 assertoribus
673 2262 832 2323 eget,
863 2253 948 2308 vel
977 2253 1102 2308 odio
1131 2253 1362 2309 indoctis
1381 2297 1396 2320 ,
1433 2253 1502 2310 ob
1543 2255 1754 2310 insitam
1785 2256 1887 2312 sibi

272 2345 672 2413 austeritatem,
707 2363 864 2418 quam
897 2356 1088 2404 natura
1112 2348 1389 2404 hominum
1409 2351 1730 2420 proclivisin
1755 2352 1878 2407 vitia

272 2437 388 2508 pati
412 2454 517 2493 non
564 2427 743 2511 potest
783 2440 945 2512 (nam
972 2442 1094 2513 quia
1117 2442 1405 2498 virtutibus
1435 2444 1738 2500 amaritudo
1761 2461 1880 2516 per-

269 2529 446 2586 mixta
495 2541 601 2601 est,
634 2532 760 2588 vitia
804 2548 935 2589 vero
983 2533 1262 2606 voluptate
1310 2533 1524 2590 condita
1576 2545 1733 2603 sunt;
1783 2537 1877 2594 illa

2005 571 2188 640 specie
2253 571 2404 640 falsi,
2457 574 2594 628 mala
2651 591 2748 646 pro
2800 578 2952 632 bonis
3006 579 3440 653 amplectuntur)
3484 597 3610 639 suc-

2005 663 2328 720 Currendum
2359 681 2479 722 esse
2507 668 2587 723 Itis
2631 671 2912 725 erroribus
2966 672 3212 726 credidi:
3257 684 3317 728 ut
3362 681 3418 729 et
3461 673 3607 730 docti

2005 759 2070 813 ad
2101 775 2280 815 veram
2306 762 2626 831 sapientiam
2657 763 2956 834 dirigantur
2982 775 3037 820 et
3072 766 3270 822 indocti
3312 767 3379 822 ad
3420 783 3605 824 veram

2003 854 2336 925 religionem.
2389 855 2519 923 Quae
2577 856 2839 925 professio
2885 859 3054 913 mttlto
3105 859 3324 924 melior,
3365 862 3604 928 utilior,

2003 948 2290 1019 gloriosior
2317 950 2547 1019 putanda
2577 961 2682 1018 est,
2709 967 2868 1022 quam
2902 952 2990 1007 illa
3021 954 3274 1018 oratoria,
3301 953 3352 1008 itt
3381 970 3484 1024 qua
3509 955 3604 1010 diu

2002 1042 2237 1107 versati,
2267 1057 2373 1097 non
2398 1043 2464 1098 ad
2498 1044 2746 1100 virtutem
2771 1085 2784 1105 ,
2809 1045 2901 1099 sed
2936 1045 3094 1115 plane
3124 1046 3188 1100 ad
3218 1057 3458 1110 argutam
3488 1064 3602 1104 ma-

2002 1136 2170 1192 litiam
2206 1136 2435 1205 juvenes
2474 1137 2872 1194 erudiebamus.
2905 1139 3072 1193 Multo
3103 1139 3301 1210 quippe
3329 1157 3472 1196 nunc
3511 1159 3602 1198 re-

2001 1227 2142 1284 etius
2170 1227 2238 1284 de
2271 1231 2552 1300 praeceptis
2582 1231 2894 1286 coelestibus
2922 1231 3274 1298 disseremus,
3310 1235 3504 1303 quibus
3533 1235 3604 1290 ad

2001 1325 2202 1378 cultum
2246 1339 2389 1379 verae
2425 1324 2722 1394 majestatis
2769 1336 2980 1381 mentes
3018 1325 3294 1381 hominum
3334 1327 3604 1384 instruere

2001 1417 2272 1489 possimus
2304 1435 2318 1472 ε
2347 1433 2446 1473 ηεε
2475 1428 2581 1472 tam
2611 1418 2678 1474 de
2708 1420 2870 1473 rebus
2899 1419 3147 1473 humanis
3176 1421 3314 1474 bene
3341 1434 3602 1487 meretur,

2000 1509 2089 1578 qtti
2120 1509 2398 1565 scientiam
2428 1509 2568 1566 bene
2595 1511 2810 1566 dicendi
2833 1511 3010 1578 affert,
3031 1527 3190 1582 quam
3219 1513 3305 1583 qui
3331 1514 3416 1583 pie
3439 1523 3601 1584 atque

2000 1602 2323 1659 innocenter
2365 1604 2525 1660 docet
2566 1604 2747 1660 vivere
2781 1622 2794 1658 :
2828 1605 3026 1659 idcirco
3065 1605 3204 1674 apud
3237 1605 3455 1662 Graecos
3484 1622 3604 1662 ma-

1994 1695 2116 1767 jore
2144 1697 2196 1752 in
2227 1698 2393 1768 gloria
2426 1698 2764 1769 philosophi,
2795 1715 2954 1768 quam
2979 1709 3222 1754 oratores
3251 1697 3486 1754 fuerunt.
3519 1699 3600 1755 Illi

1998 1792 2142 1848 enim
2189 1805 2334 1848 recte
2379 1793 2597 1848 vivendi
2640 1793 2892 1849 doctores
2933 1801 3060 1847 sunt
3084 1793 3374 1848 existimati
3405 1811 3420 1848 :
3455 1792 3598 1862 qttod

1915 1890 1964 1952 B
1991 1896 2076 1941 est
2126 1885 2284 1956 longe
2335 1885 2736 1955 przrsmbilius:
2777 1889 3027 1958 quoniam
3077 1885 3213 1941 bene
3259 1884 3442 1940 dicere
3469 1926 3484 1952 ,
3528 1884 3598 1940 ad

1991 1994 2190 2050 paucos
2244 1981 2508 2049 pertinet,
2537 1980 2674 2036 bene
2712 1991 2889 2036 autem
2920 1981 3102 2035 vivere
3129 1979 3196 2034 ad
3219 1995 3430 2035 omnes.
3460 1979 3598 2035 Mul-

1990 2082 2103 2127 tum
2136 2084 2308 2127 tamen
2341 2073 2494 2128 nobis
2524 2072 2840 2129 exercitatio
2867 2072 2953 2128 illa
2986 2073 3232 2128 ﬁctarum
3261 2073 3432 2128 litium
3462 2086 3593 2127 con—

1991 2164 2136 2229 tulit,
2166 2174 2222 2219 ιιι
2265 2181 2406 2220 nunc
2436 2165 2641 2236 majore
2669 2167 2822 2235 copia
2864 2174 2918 2220 et
2944 2164 3196 2220 facultate
3222 2163 3435 2220 dicendi
3461 2179 3594 2219 cau-

1989 2273 2104 2314 sam
2139 2259 2377 2314 veritatis
2408 2273 2720 2328 peroremus
2750 2275 2763 2310 :
2795 2273 2916 2328 quae
2947 2257 3069 2312 licet
3111 2257 3283 2327 possit
3318 2257 3437 2311 sine
3471 2256 3591 2312 elo-

1989 2351 2205 2423 quentia
2230 2349 2470 2420 defendi,
2501 2360 2556 2405 ut
2583 2361 2665 2405 est
2687 2365 2716 2405 a
2741 2350 2920 2404 multis
2947 2366 3091 2421 saepe
3111 2348 3333 2405 defensa
3361 2367 3376 2414 ;
3407 2358 3589 2406 tamen

1986 2445 2228 2500 claritate
2289 2459 2352 2499 ae
2405 2445 2578 2499 nitore
2627 2443 2894 2499 sermonis
2946 2442 3294 2506 illustranda,
3353 2451 3409 2497 et
3451 2457 3592 2512 quo-

1987 2537 2277 2594 dammodo
2303 2535 2616 2594 disserenda
2665 2545 2788 2603 est,
2838 2544 2896 2590 ut
2945 2534 3216 2606 potentius
3285 2534 3337 2588 in
3380 2533 3592 2591 animos

1600 2651 1962 2712 VARIORUM
1999 2653 2234 2710 NOTIE.

356 2741 721 2798 Prosilit-arent.
747 2744 825 2799 Ita
857 2744 1067 2799 restitui
1091 2759 1155 2800 ex
1183 2759 1314 2801 mss.
1341 2745 1619 2802 codicibus
1644 2762 1706 2801 ac
1727 2760 1877 2804 vete-

268 2815 428 2888 ribns
445 2817 599 2888 editis
628 2816 810 2888 Rom.,
838 2816 982 2884 Ald.,
1005 2817 1385 2883 Paris.,15?5;
1410 2819 1550 2886 quod
1572 2819 1723 2888 juxta
1747 2818 1873 2875 Cel-

267 2886 471 2960 larium
500 2887 774 2960 efficacius
801 2897 886 2943 est
915 2888 1165 2942 natantia:
1199 2886 1642 2960 [IllllOSttpllortllll
1677 2892 1880 2958 iactan-

269 2959 404 3031 tiae,
437 2975 594 3026 quam
616 2959 912 3031 jttdiearent
941 2960 1084 3030 quod
1115 2970 1198 3015 est
1226 2961 1277 3014 in
1318 2959 1705 3016 recentissimis
1743 2979 1874 3019 mss.

268 3029 625 3102 Emmanuel.
655 3043 702 3085 et
736 3029 1049 3102 Cantabrig.
1081 3041 1136 3086 et
1161 3033 1214 3086 in
1256 3033 1416 3088 editis
1458 3035 1784 3090 recentibus.
1821 3036 1876 3091 In

265 3101 598 3172 quibusdam
645 3103 804 3160 editis
849 3101 1067 3174 legitur,
1099 3113 1152 3158 ut
1195 3105 1247 3158 in
1286 3121 1344 3158 ea
1375 3121 1524 3160 omne
1549 3107 1734 3161 summi
1761 3109 1880 3162 boni

267 3175 639 3244 prscdicarent.

364 3243 582 3319 Veritas,
603 3247 669 3319 id
695 3254 770 3300 est
795 3263 1061 3300 arcanum.
1079 3247 1156 3302 De
1178 3247 1280 3301 hoc
1304 3248 1532 3318 qureslio
1554 3249 1654 3304 erit
1675 3249 1770 3306 lib.
1793 3266 1871 3319 tv,

262 3317 365 3389 qui
391 3329 474 3372 est
499 3317 732 3389 de_Vera
763 3319 1049 3386 sapientia.

344 3389 552 3464 Summi
567 3387 688 3444 Dei.
719 3389 865 3446 lianc
891 3390 1215 3446 locutionem
1238 3389 1446 3446 centies
1467 3392 1707 3464 reperies
1728 3393 1870 3464 apud

259 3459 636 3516 Lactantium.

355 3532 624 3604 Yeritas...
668 3549 864 3604 compr.
888 3532 1006 3589 Lib.
1037 3549 1114 3600 ιιι,
1142 3547 1190 3588 ε.
1226 3533 1276 3596 1,
1303 3535 1409 3590 etl.
1430 3551 1524 3600 vn,
1554 3550 1604 3590 c.
1647 3536 1701 3590 2.
1732 3535 1866 3592 Bun.

350 3603 741 3670 Dispositiones.
785 3603 906 3660 Pro
964 3605 1200 3670 decreta;
1257 3606 1383 3661 hinc
1441 3605 1752 3666 Lactantius
1817 3609 1870 3662 in

259 3675 556 3732 Erasmico
586 3677 940 3732 Ciceroniano
981 3687 1218 3743 notatur,
1247 3677 1390 3745 quod
1423 3680 1743 3732 vocabulum
1774 3679 1864 3734 de-

258 3759 411 3802 creta
470 3748 554 3802 hic
599 3765 705 3803 non
751 3747 1079 3803 adhibuerit.
1109 3779 1176 3788 —
1220 3746 1611 3819 Dispositiones.
1645 3751 1871 3804 Notatur

258 3829 459 3874 nOSIer
489 3820 558 3873 ab
600 3819 829 3874 Erasmo
859 3821 909 3891 in
940 3819 1313 3875 Ciceroaiano.
1342 3823 1481 3890 quod
1514 3822 1870 3891 dispositiones

255 3905 371 3962 pro
398 3891 610 3944 decretis
630 3890 1201 3962 dixerit.Vitnlicamns
1216 3907 1278 3946 ex
1300 3890 1634 3946 Tertulliano
1651 3895 1714 3946 ad
1735 3893 1868 3948 Lac—

260 3971 407 4032 tant.
439 3962 531 4015 lib.
562 3977 619 4025 ιι,
645 3979 763 4031 cap.
800 3963 886 4018 16.
917 3961 1072 4017 Conf.
1107 3963 1199 4016 lib.
1226 3979 1320 4025 vn.
1350 3979 1468 4032 cap.
1503 3965 1556 4019 5.
1585 3964 1862 4019 Bonum.

340 4031 711 4088 Innotesceret.
744 4033 819 4088 Ila
853 4051 983 4088 mss.
1026 4034 1305 4103 Anglicani
1350 4045 1402 4088 et
1445 4035 1633 4090 Aldina
1663 4037 1862 4102 editio;

255 4105 390 4160 alia:
419 4107 664 4170 quasdam
699 4106 926 4168 habent,
958 4116 1250 4164 notesceret.
1281 4105 1375 4161 sed
1406 4107 1582 4162 minus
1614 4108 1769 4163 bene.
1795 4138 1867 4148 —

257 4177 636 4248 Irrrrotesceret.
661 4175 752 4233 Sic
772 4177 962 4240 Torn.,
982 4177 1203 4248 Gytnn.,
1225 4177 1440 4239 Parrb..
1471 4175 1619 4232 Crat.
1643 4181 1866 4235 omnino

258 4247 319 4304 It.
381 4249 416 4302 Ι.
469 4253 767 4302 sonantius.
826 4254 893 4303 .-\t
943 4247 1210 4303 notesceret
1254 4249 1452 4304 habent
1506 4267 1627 4304 cum
1674 4250 1859 4316 Cotlt.,

256 4319 526 4384 Reimm.,
559 4319 707 4390 Lips.
750 4320 816 4376 ad
860 4336 1033 4384 oram,
1082 4320 1302 4383 Tltotn.;
1342 4321 1453 4376 fere
1497 4337 1688 4376 omnes
1734 4323 1859 4377 edd.

257 4394 536 4457 antiqum,
579 4393 756 4457 Snbl.,
808 4391 943 4446 Ven.
996 4391 1154 4458 I472,
1199 4392 1360 4455 M97,
1397 4402 1453 4448 et
1480 4393 1652 4448 Paris.
1688 4395 1860 4450 15l5:

258 4462 484 4534 prefer!
523 4480 738 4534 quoque
761 4464 1128 4519 llettmannus.
1165 4463 1412 4518 Occurrit
1452 4465 1738 4534 aliquoties
1766 4467 1859 4522 ltb.

255 4549 340 4598 tv,
365 4551 486 4602 cap.
519 4534 610 4595 26.
637 4545 690 4591 et
723 4537 774 4589 in
801 4535 1048 4604 Epitome
1075 4551 1145 4590 ex
1177 4549 1277 4588 ms.
1310 4535 1475 4590 Tanr.
1505 4537 1784 4591 Bunsnm.

335 4605 549 4660 Errare.
583 4607 673 4662 Sic
709 4623 830 4661 cum
870 4607 1000 4662 edit.
1045 4607 1200 4661 Rom.
1230 4623 1418 4661 omnes
1448 4623 1578 4661 mss.
1615 4611 1856 4677 praeterl

255 4677 625 4747 Reg.ctcdd.
675 4695 784 4734 rec.
834 4679 885 4732 itt
937 4679 1130 4748 quibus
1177 4688 1281 4738 est,
1322 4680 1572 4732 aberrare.
1632 4709 1704 4719 —
1755 4681 1860 4734 Re-

254 4761 392 4818 gnat
425 4750 476 4804 in
509 4751 758 4805 omnibus
783 4749 907 4804 edd.
938 4749 1342 4814 oberraremuia
1362 4765 1492 4804 vero
1514 4752 1614 4803 hoc
1641 4749 1866 4808 Lactan-

255 4823 339 4876 tio
373 4831 428 4876 et
457 4822 574 4876 aliis
605 4831 690 4877 est
718 4822 854 4876 circa
880 4821 1078 4892 aliquid
1109 4838 1300 4886 errare,
1326 4829 1384 4874 ttt
1412 4832 1539 4875 noto
1572 4821 1640 4876 ad
1687 4822 1777 4878 lib.
1802 4840 1863 4889 ιι,

251 4908 308 4948 ε.
339 4893 397 4950 2,
427 4895 655 4960 praefero
681 4910 890 4948 errare:
913 4892 1157 4963 sequitur
1179 4893 1584 4949 erranti:etiam
1603 4895 1862 4962 Reinttn.,

253 4981 453 5020 errare.
484 4965 765 5022 BUNEIAN.

336 5035 554 5094 Laboris
581 5037 786 5101 effectu.
823 5035 982 5092 Certe
1014 5051 1119 5090 non
1150 5051 1287 5105 opus
1325 5051 1354 5091 a
1395 5051 1662 5093 consensu
1708 5037 1862 5092 codi-

250 5123 403 5172 cum,
423 5110 582 5163 etiam
610 5109 810 5173 Reim.,
837 5109 1006 5164 abire.
1041 5108 1238 5164 lterum
1268 5107 1416 5163 Lact.
1448 5109 1540 5163 lib.
1567 5125 1642 5175 tn,
1667 5123 1785 5176 cap.
1808 5110 1857 5175 l,

248 5181 571 5235 voluntatem
598 5197 700 5235 non
725 5190 926 5234 secutus
973 5180 1196 5247 effectus.
1231 5180 1436 5236 Seneca
1464 5181 1531 5234 de
1562 5179 1858 5248 Tranquill.

250 5267 380 5318 cap.
418 5254 508 5315 il.
538 5253 627 5306 litt.
658 5271 670 5306 :
698 5250 783 5306 Ne
808 5263 895 5306 aut
929 5251 1073 5306 labor
1097 5252 1272 5305 irritus
1295 5251 1411 5307 sine
1437 5249 1631 5307 effectu
1656 5253 1744 5319 sit,
1773 5262 1861 5306 aut

248 5322 486 5394 effectus
514 5323 686 5378 labore
707 5324 972 5394 indignus.
1003 5323 1279 5378 BUNEIIAN.

335 5393 612 5449 Notionem
651 5392 875 5449 veritatis
916 5412 1097 5449 munus
1141 5411 1286 5448 suum
1331 5395 1468 5467 fecit.
1499 5392 1554 5448 Id
1595 5401 1712 5459 est,
1745 5393 1860 5464 ipse

257 5466 409 5520 Deus
459 5467 624 5521 voluit
667 5467 809 5536 fungi
857 5466 1338 5534 ofticiudoctoris,
1366 5468 1644 5521 veritatem
1676 5476 1855 5521 notam

249 5538 530 5592 faciendo.
573 5536 686 5606 Ipsi
717 5539 850 5592 enim
872 5539 968 5592 soli
1003 5539 1184 5592 veritas
1211 5549 1329 5592 nota
1360 5548 1454 5603 est,
1487 5538 1579 5592 lih.
1611 5553 1685 5601 nt,
1719 5552 1767 5590 c.
1804 5539 1854 5603 l;

247 5618 306 5662 et
336 5607 437 5663 Dei
461 5620 536 5664 est
563 5610 657 5663 hoc
686 5627 934 5664 munus...
965 5620 1010 5663 et
1036 5611 1261 5664 veritatis
1293 5610 1430 5664 notio
1460 5609 1644 5663 divime
1676 5608 1858 5664 condi-

248 5681 412 5735 tionis
433 5692 524 5734 εει.
562 5681 841 5736 Bessum.

338 5750 576 5805 Nullum.
603 5751 658 5805 ld
692 5763 775 5808 est
815 5753 1010 5808 nullius
1034 5753 1224 5820 pretii,
1259 5751 1464 5807 nullius
1484 5752 1860 5808 emolumenti.

247 5819 575 5897 “tuentes.
593 5851 663 5863 -
681 5824 756 5879 lto
780 5819 1202 5897 interpretantur
1224 5839 1410 5881 vocem
1434 5825 1608 5880 nullus
1631 5827 1863 5895 purioris

246 5893 452 5964 eloquii
485 5903 750 5953 auctorem

1902 3183 1946 3245 C
1981 3179 2194 3233 cinnius
2239 3194 2399 3250 quam
2431 3177 2796 3233 assertionibus
2827 3177 2879 3230 in
2907 3176 2942 3230 2
2972 3175 3104 3243 Reg.

2059 2747 2126 2802 In
2144 2749 2360 2804 obscuro
2374 2747 2870 2817 veritas.Quomodo
2888 2747 2938 2801 id
2961 2746 3030 2801 sit
3047 2745 3206 2802 docet
3222 2745 3314 2801 lib.
3335 2761 3471 2810 nt,c.
3491 2746 3586 2804 28.

2058 2819 2427 2875 Assertoribns.
2465 2821 2534 2874 Ita
2564 2837 2685 2875 cutn
2712 2832 2824 2875 vet.
2855 2818 3026 2873 tribus
3055 2817 3313 2872 Romanis
3337 2819 3591 2872 editioni-

1987 2890 2088 2946 bns
2126 2909 2214 2946 an.
2253 2892 2422 2950 1468.
2461 2891 2598 2946 1470
2626 2904 2677 2946 ει
2716 2892 2882 2954 1474,
2914 2906 2974 2943 ac.
3010 2889 3228 2944 Betuleii
3270 2898 3326 2943 et
3372 2887 3592 2945 Cellarii

1986 2978 2118 3034 mss.
2152 2963 2380 3027 Bonon.,
2407 2965 2438 3015 7
2471 2965 2628 3034 lit-3.,
2659 2961 2972 3025 6Co|hert.,
3005 2959 3040 3014 2
3067 2961 3327 3034 Sorbon.,
3361 2961 3584 3034 [ﬂavam

1987 3032 2218 3097 Victor.,
2251 3035 2492 3101 Gatian.,
2515 3031 2704 3101 Cane,
2725 3034 2886 3093 Ultr..
2905 3035 2939 3086 5
2972 3035 3140 3099 Lips.,
3167 3032 3348 3096 Cant.,
3375 3031 3577 3098 Emm.,

1986 3105 2138 3172 Jun.,
2167 3107 2431 3170 Gronov.,
2457 3109 2490 3160 2
2512 3105 2750 3161 Οξθιηηι.
2789 3115 2842 3161 ει
2867 3105 2902 3158 ‘2
2927 3105 3086 3158 Brnn.
3119 3104 3314 3157 melius
3352 3113 3408 3158 et
3449 3120 3582 3159 con-

3163 3190 3274 3229 rec.
3309 3185 3363 3230 et
3391 3175 3576 3230 Marm.

1977 3264 2043 3304 ac
2085 3245 2477 3306 receniiorihus
2517 3250 2694 3304 editis.
2747 3250 2823 3303 De
2865 3246 3227 3302 assertoribus
3270 3245 3581 3304 christiana:

1977 3322 2256 3385 religionis
2284 3323 2406 3376 vide
2437 3322 2530 3375 lib.
2561 3337 2612 3384 v,
2641 3336 2763 3391 cap.
2794 3320 2849 3373 2.

2050 3391 2218 3446 Fatsi.
2253 3392 2308 3447 Id
2333 3401 2436 3458 est,
2470 3393 2703 3462 decepti.

2047 3462 2153 3518 Illa
2175 3465 2421 3520 oratoria.
2447 3464 2536 3518 Se.
2564 3461 3303 3534 profana,sophistica,qnam
3327 3472 3482 3534 vocat
3509 3462 3579 3520 de

1973 3535 2140 3607 Opif.,
2168 3551 2286 3604 cap.
2315 3535 2407 3593 21.
2429 3535 2669 3607 fallacem
2691 3535 3068 3604 captiosamque
3098 3535 3416 3607 facundiam.
3439 3533 3574 3589 BUN.

2045 3606 2111 3661 In
2141 3624 2240 3678 qua
2271 3609 2362 3659 diu
2393 3604 2599 3660 versati.
2632 3604 2827 3660 Forum
2861 3617 3036 3658 tamen
3071 3618 3175 3678 non
3199 3604 3390 3672 attigit.

2045 3675 2328 3732 lusit-uere.
2357 3679 2446 3732 Sic
2477 3679 2809 3732 restituimus
2837 3692 2902 3730 ex
2940 3675 3236 3729 veteri-imo
3271 3685 3326 3728 et
3371 3676 3575 3743 optimo

1973 3766 2080 3806 ms.
2140 3750 2601 3819 Regio-l’ttleano,
2632 3750 2667 3804 5
2693 3746 2959 3810 Ουιιωτι..
2991 3755 3027 3798 2
3051 3745 3386 3819 ῼΙιιιιιιιιιιιιιἶ
3421 3747 3572 3803 aliis-

1969 3837 2096 3891 que.
2118 3829 2174 3876 ct
2201 3817 2304 3874 vel.
2333 3822 2490 3874 editis
2515 3822 2672 3891 Rom.
2692 3821 2881 3890 Egnat.
2903 3833 2999 3891 seu
3018 3817 3161 3880 Altl.,
3186 3818 3342 3881 1515,
3371 3817 3570 3886 Paris.,

1971 3890 2131 3949 I525.
2160 3893 2444 3957 Craland.,
2477 3890 2714 3948 1552.In
2756 3890 3031 3945 nonnullis
3055 3903 3187 3944 mss.
3219 3898 3275 3944 et
3305 3892 3574 3947 recentio-

1970 3965 2120 4020 ribus
2145 3965 2325 4027 editis,
2350 3965 2628 4018 instituere.

2044 4037 2096 4090 Μ
2104 4038 2246 4107 ajare
2265 4037 2317 4089 in
2339 4035 2524 4105 gloria,
2545 4033 2748 4107 etc._De
2763 4032 3068 4107 philosophi
3086 4040 3141 4107 et
3166 4033 3396 4107 oratoris
3419 4047 3572 4088 com-

1966 4103 2248 4178 paratione
2277 4103 2399 4162 vide
2442 4105 2787 4162 Plutarchum
2835 4106 2888 4160 in
2930 4103 3128 4159 Stoicis
3172 4103 3572 4161 Euantiontatis

1967 4180 2068 4234 sub
2099 4181 2326 4234 ittitittttt.

2041 4250 2095 4304 Μ
2105 4253 2267 4305 ultum
2303 4261 2468 4305 tamen
2501 4248 2644 4303 nobis
2672 4247 2964 4302 exercitatio
2991 4246 3084 4301 illa
3110 4247 3348 4316 [ictorum
3375 4247 3566 4313 litium,

1967 4333 2072 4377 etc.
2099 4321 2392 4385 Fictarum,
2424 4323 2520 4388 ait,
2564 4321 2751 4380 litium,
2803 4333 2924 4373 nam
2980 4334 3226 4372 verarum
3275 4335 3565 4390 numquam

1967 4409 2226 4464 patronus
2258 4395 2376 4457 fuit,
2407 4407 2528 4446 Clllll
2562 4408 2629 4447 ne
2661 4392 2832 4446 furum
2861 4389 3362 4464 qtﬁtidemattigerit,
3394 4389 3452 4445 ut
3482 4400 3565 4445 ιε-

1964 4463 2139 4520 statur
2166 4467 2278 4533 ipse
2305 4465 2375 4519 de
2405 4479 2463 4519 se
2504 4465 2596 4518 lih.
2629 4479 2706 4528 ιιι,
2736 4478 2854 4532 cap.
2901 4463 2985 4518 l5.
3031 4463 3174 4533 Olim
3218 4471 3396 4518 autem
3440 4477 3564 4516 cum

1968 4537 2018 4592 itt
2064 4532 2269 4592 Gnaeia
2312 4547 2367 4591 et
2413 4537 2598 4590 Romae
2645 4537 2866 4590 floreret
2909 4532 3230 4601 eloquentia:
3297 4533 3560 4596 studium,

1889 4594 1943 4655 Ῑ)
1965 4608 2214 4679 juvenes,
2247 4619 2496 4677 percepta
2528 4594 3260 4679 grammatica,ducebantur
3286 4594 3565 4679 adrbeto4

1971 4675 2078 4746 res,
2113 4682 2204 4751 qui
2250 4675 2485 4734 themata
2527 4675 2631 4733 illis
2670 4678 2755 4731 vel
2798 4676 3060 4751 conficta,
3088 4675 3171 4751 vel
3215 4690 3281 4730 ex
3325 4676 3564 4751 historiis

1970 4746 2544 4822 petita'prupouehant,
2563 4751 2738 4820 qualia
2759 4758 2884 4802 sunt
2905 4763 3025 4818 qua:
3051 4747 3100 4800 itt
3131 4747 3352 4822 Sepeczc
3373 4746 3561 4822 patris,

1969 4816 2024 4879 et
2051 4816 2365 4890 Quintiliani
2391 4816 2878 4876 declamationibus
2897 4816 2994 4885 ,ἐι
3015 4817 3158 4888 apud
3185 4816 3407 4890 Graecos
3428 4818 3566 4871 scri-

1970 4889 2150 4975 ptores
2186 4897 2479 4975 etiamnum
2499 4894 2692 4975 “multa
2723 4893 3081 4975 reperiuntur,
3113 4891 3163 4943 in
3195 4889 3389 4975 quibus
3411 4891 3562 4975 pueri

1969 4963 2023 5020 in
2067 4967 2268 5020 scholis
2315 4979 2436 5021 sese
2479 4965 2713 5020 dictione
2759 4979 2822 5016 ac.
2869 4963 3162 5031 scriptione
3209 4971 3561 5031 evercerent,

1970 5038 2155 5107 quales
2206 5036 2420 5092 fuerunt
2448 5036 2726 5096 Libanius.
2755 5028 3080 5099 Carneades,
3114 5033 3210 5086 Dio
3238 5028 3563 5107 Cltrysosluf

1969 5104 2090 5163 ntus
2117 5127 2131 5164 :
2158 5109 2228 5163 ita
2270 5110 2319 5163 lti
2358 5110 2582 5175 juvenes
2609 5107 2984 5168 instituebant,
3014 5115 3069 5156 ut
3109 5113 3291 5172 postea
3323 5104 3466 5157 serio
3495 5105 3566 5157 ad

1969 5181 2263 5250 populum,
2307 5179 2394 5234 vel
2438 5191 2683 5235 senatum
2729 5176 2907 5246 eloqui
2949 5182 3196 5250 possent;
3225 5183 3280 5228 et
3309 5178 3565 5250 materias

1967 5245 2197 5307 infames
2231 5261 2562 5322 pertractare
2589 5245 3011 5322 consueverunt.
3039 5245 3129 5322 lla:
3155 5247 3334 5322 itaque
3354 5247 3565 5322 exerci-

1965 5324 2201 5378 tatioaes
2229 5315 2402 5387 erant,
2433 5321 2628 5391 quibus
2660 5321 2818 5391 paulo
2858 5333 3015 5391 supra
3051 5315 3361 5391 Lactantius
3387 5317 3482 5383 ait,
3503 5331 3563 5372 se

1964 5394 2018 5449 in
2063 5397 2396 5464 professione
2448 5388 2536 5447 illa
2575 5388 2821 5464 ora—toria
2857 5388 2946 5442 ditt
2997 5398 3290 5464 versatum,
3333 5388 3563 5464 juvenes

1962 5459 2091 5520 olim
2127 5483 2230 5521 non
2264 5467 2328 5520 ad
2358 5466 2630 5522 virtutem.
2651 5462 2744 5518 sed
2777 5462 2930 5530 plane
2946 5459 3011 5514 ad
3031 5472 3273 5530 argutam
3303 5460 3560 5514 malitiam

1961 5538 2280 5602 erudivisse,
2313 5541 2643 5604 multumqtte
2675 5535 2885 5586 illarum
2922 5547 3076 5586 usum
3116 5546 3258 5586 nunc
3292 5532 3394 5585 sibi
3433 5547 3561 5600 pro-

1963 5609 2201 5664 futurum
2257 5611 2323 5661 ad
2354 5622 2571 5662 causam
2612 5605 2859 5660 vcritaus
2904 5604 3169 5658 adversus
3207 5617 3398 5673 gentes
3441 5619 3562 5672 per-

1962 5696 2054 5736 ora
2065 5681 2242 5734 ndatn.
2273 5679 2454 5734 Ιςιτιευς.

2037 5753 2344 5805 Disserenda
2389 5759 2480 5803 est.
2533 5749 2838 5814 Disserere,
2870 5757 2953 5804 est
3000 5747 3137 5802 velle
3181 5745 3438 5809 indicare,
3468 5743 3561 5799 de-

1966 5824 2192 5878 clarare.
2226 5823 2379 5877 Tacit
2431 5820 2564 5876 llist.
2593 5838 2627 5875 ιι
2658 5841 2669 5875 :
2702 5821 2858 5874 Haud
2885 5819 3035 5890 fuerit
3059 5820 3266 5889 longum
3294 5817 3439 5890 initia
3483 5833 3568 5870 rc-

1970 5894 2191 5958 tiqionis,
2226 5893 2400 5964 templi
2421 5895 2620 5960 situm,
2671 5888 2894 5965 fortnam
2931 5889 3038 5948 dere
3082 5888 3259 5959 paucis
3299 5888 3570 5944 disserere;
