4104 6368
304 277 416 332 117

1422 275 1630 334 LIBER
1671 279 1707 335 1.
1743 278 1834 336 DE
1872 277 2093 338 FALSA
2132 276 2524 335 ιιειιαιοιιε.

1994 63 2623 161 ξπρλιυινῖειμνςυςυ
2934 116 3069 173 ML
3096 63 3387 173 μςτῖξκλ
3472 68 3819 173 (βρίμῃ.

2832 158 2977 227 Ἴκκῳ
3000 153 3023 175 *ι
3472 179 3619 234 Μ
3710 174 3813 257 ΗΑ

3514 278 3620 334 118

3756 406 3801 438 ν’

304 393 402 449 Dei
425 375 716 465 singularis
741 406 806 449 ac
832 393 945 449 veri
970 402 1026 449 et
1051 392 1351 465 cognovisti
1378 403 1434 449 et
1454 394 1906 451 honorasti.Nam
1934 397 1989 460 Α
2013 402 2349 451 cramentum
2379 408 2524 449 verae
2553 394 2832 467 religionis
2856 395 3185 466 accepimus,
3214 407 3337 449 eum
3365 392 3438 449 sit
3472 395 3619 450 veri-

298 502 429 543 cum
456 485 548 543 ille
576 485 692 542 dies
722 485 1070 543 felicissimus
1114 488 1233 542 orbi
1278 498 1547 543 terrarum
1595 488 1906 555 illuxisset,

300 595 413 651 quo
431 589 483 636 te
500 580 643 636 Deus
661 594 907 636 summus
924 581 990 635 ad
1008 581 1222 636 beatum
1244 582 1454 653 imperii
1476 585 1689 639 culmen
1710 582 1907 652 evexit,

300 674 598 729 salutarem
630 674 903 730 universis
943 683 1001 729 et
1040 674 1338 745 eptabiiem
1382 676 1742 747 principatum
1774 692 1912 746 prte-

299 770 451 824 claro
473 768 631 823 initio
661 770 977 840 auspicatus
997 784 1078 836 es,
1112 784 1233 824 cum
1261 784 1508 825 eversam
1537 771 1913 841 sublatanique

294 861 565 933 justitiam
601 863 893 928 reducens,
927 864 1263 919 teterrimum
1294 864 1523 919 aliorum
1564 865 1773 920 facinus
1816 880 1913 920 ex-

302 956 463 1027 piasti
493 974 507 1011 :
540 971 640 1028 pro
667 973 779 1028 quo
806 957 952 1012 facto
972 958 1123 1013 dabit
1154 958 1250 1013 tibi
1270 959 1412 1014 Deus
1439 959 1778 1023 felicitatem,
1803 960 1912 1015 vir-

301 1059 499 1118 tatem,
543 1053 1000 1110 diuturnitatem:
1035 1063 1092 1109 ut
1118 1053 1308 1109 eadem
1350 1054 1557 1125 iustitia
1584 1096 1599 1122 ,
1628 1071 1732 1125 qua
1755 1056 1915 1125 juve-

299 1144 386 1199 nis
405 1159 637 1200 exorsus
663 1160 745 1210 es,
769 1145 1197 1216 gubernaculum
1220 1146 1534 1217 reipublicae
1556 1147 1715 1202 etiam
1740 1162 1911 1204 senex

298 1246 511 1304 teneas,
545 1237 759 1309 tuisque
788 1238 977 1293 liberis
997 1278 1013 1304 ,
1046 1248 1102 1292 ut
1132 1239 1248 1310 ipse
1270 1254 1299 1292 a
1330 1250 1485 1309 patre
1519 1240 1800 1310 accepisti,
1825 1248 1912 1295 tu-

298 1333 465 1388 telam
504 1332 736 1389 Bomani
776 1332 1016 1389 nominis
1057 1335 1264 1389 tradas.
1297 1334 1429 1390 Nam
1472 1336 1667 1401 malis,
1699 1336 1788 1405 qui
1815 1336 1912 1391 ad-

296 1425 408 1482 huc
447 1426 710 1483 adversus
742 1428 922 1496 justus
957 1429 1012 1483 in
1056 1427 1180 1483 aliis
1208 1439 1476 1484 terrarum
1520 1429 1761 1498 partibus
1803 1442 1909 1484 sre-

293 1522 475 1589 viunt,
504 1531 713 1586 quanto
740 1523 935 1588 serius,
971 1530 1123 1578 tanto
1148 1522 1527 1577 vehementius
1556 1521 1697 1577 idem
1734 1522 1910 1577 omni-

294 1624 498 1686 potens
527 1616 836 1673 mercedem
868 1616 1095 1671 sceleris
1121 1616 1402 1671 exsolvet:
1430 1616 1554 1685 quia
1584 1624 1643 1670 ut
1667 1625 1747 1670 est
1779 1629 1906 1685 erga

292 1708 417 1779 pios
444 1708 953 1781 indulgentissimus
984 1718 1159 1780 pater,
1183 1710 1262 1763 sic
1289 1708 1550 1763 adversus
1576 1708 1771 1778 itnpios
1798 1722 1911 1763 rec-

2018 504 2100 548 tas
2127 492 2366 548 revelata
2415 490 2670 547 divinitus
2690 535 2705 560 ,
2733 508 2854 548 cum
2900 492 3177 548 doctorem
3207 491 3489 562 sapientia:
3517 476 3622 548 du-

2017 601 2248 656 cemque
2277 586 2516 641 veritatis
2534 586 2699 641 Deum
2719 602 3031 658 sequamur,
3061 586 3346 641 universos
3371 586 3488 641 sine
3505 584 3620 642 ullo

2014 678 2329 734 discrimine
2358 680 2438 734 vel
2492 694 2655 733 sexus
2684 680 2771 734 vel
2800 682 2975 735 :rtatis
2999 681 3064 734 ad
3095 680 3319 736 cmleste
3359 680 3617 750 pabulum

2014 788 2398 829 convocatnus.
2451 772 2641 828 Nullus
2669 772 2812 828 enim
2846 773 3061 828 suavior
3103 776 3287 829 animo
3330 774 3482 829 cibus
3510 784 3614 840 est,

2015 882 2178 937 quam
2211 866 2448 937 cognitio
2483 866 2749 933 veritatis,
2777 868 2862 921 cui
2908 866 3215 921 asserenda:
3262 876 3426 937 atqtte
3467 866 3620 921 ilius-

2016 957 2219 1014 tranilte
2254 969 2462 1028 Septem
2504 958 2775 1011 volumina
2802 957 3188 1012 destinavimus
3220 998 3236 1025 ,
3277 958 3523 1028 quamvis
3554 972 3620 1013 ea

2013 1069 2101 1108 res
2134 1052 2327 1108 inﬁniti
2350 1068 2488 1123 pene
2510 1052 2581 1106 sit
2602 1051 2784 1122 operis
2812 1062 2862 1105 et
2892 1051 3141 1106 immensi
3180 1069 3194 1104 :
3225 1050 3344 1106 utsi
3366 1050 3620 1122 qnisbatc

2015 1145 2241 1200 dilatare
2284 1157 2444 1214 atque
2469 1144 2666 1216 exequi
2708 1146 3021 1215 plenissime
3049 1146 3203 1209 velit,
3239 1155 3386 1198 tanta
3429 1144 3504 1199 illi
3533 1159 3619 1200 re-
3693 1149 3704 1162 '

2013 1254 2134 1294 rum
2163 1240 2313 1309 copia
2346 1240 2646 1304 exuberet,
2681 1247 2737 1290 ut
2783 1252 2882 1292 nec
2918 1236 3040 1291 libri
3072 1235 3289 1290 inodum
3324 1251 3422 1289 nec
3455 1238 3619 1291 linem

2013 1332 2247 1402 reperiat
2277 1332 2472 1385 oratio.
2500 1330 2606 1386 Sed
2637 1344 2736 1383 nos
2759 1330 2966 1384 idrirro
2997 1329 3235 1383 breviter
3261 1328 3441 1382 omnia
3461 1325 3619 1383 colli-

2013 1438 2232 1494 gemus;
2266 1425 2407 1492 quod
2438 1437 2499 1476 ea
2529 1439 2649 1492 quin
2678 1420 2895 1476 allaturi
2925 1436 3146 1487 smnus,
3182 1430 3289 1473 tam
3322 1420 3466 1474 clara
3491 1428 3620 1475 sunt

2012 1526 2066 1571 et
2110 1514 2323 1579 lucida,
2360 1526 2417 1569 ut
2457 1517 2628 1583 magis
2665 1516 2858 1568 mirum
2910 1528 3030 1569 esse
3065 1514 3314 1569 Videntur
3364 1524 3469 1568 tam
3522 1516 3621 1570 ob-

2014 1621 2226 1661 scuram
2258 1606 2428 1662 videri
2458 1607 2768 1661 hominibus
2792 1606 3093 1674 veritatem,
3121 1615 3176 1661 et
3205 1606 3269 1660 iis
3300 1604 3573 1677 praecipue
3599 1648 3615 1675 ,

2014 1700 2105 1771 qui
2133 1700 2407 1770 sapientes
2441 1698 2599 1769 vulgo
2631 1706 2919 1769 putantur,
2955 1700 3038 1754 vel
3064 1696 3204 1770 quod
3241 1698 3620 1755 tantummodo

294 1800 542 1856 tissimus
568 1801 752 1871 iudex.
778 1799 947 1871 Cujus
973 1800 1291 1873 religionem
1319 1802 1637 1872 cultumque
1657 1798 1903 1855 divinum

2017 1792 2335 1849 instituendi
2364 1794 2521 1849 nobis
2549 1793 2797 1848 homines
2833 1802 3026 1859 erunt,
3054 1791 3158 1848 hoc
3179 1803 3262 1849 est
3281 1832 3297 1860 ,
3335 1786 3407 1849 ab
3433 1808 3622 1849 errore

290 1893 524 1964 cupiens
552 1895 870 1961 defendere,
896 1911 1056 1968 quem
1091 1897 1275 1969 petius
1304 1896 1594 1966 appellem,
1623 1908 1785 1964 quem
1821 1895 1903 1949 sl-

290 1984 489 2056 loquar
511 2034 526 2054 ,
556 1987 659 2044 nisi
690 2002 812 2044 eum
867 2004 961 2059 per
994 2004 1158 2060 quem
1202 1988 1366 2045 rebus
1408 1987 1657 2043 immanis
1693 1985 1903 2057 iustitia

290 2091 349 2136 et
375 2080 643 2151 sapientia
677 2081 925 2136 restituta
955 2081 1073 2136 est?

369 2172 603 2226 Omissis
628 2186 759 2243 ergo
781 2172 1005 2241 hujusce
1034 2182 1267 2229 terrena:
1315 2172 1675 2244 philosopliite
1713 2181 1903 2229 aucto-

297 2262 457 2319 ribus
486 2262 624 2318 nihil
657 2265 790 2319 certi
822 2263 1194 2333 ail‘erentibus,
1226 2266 1601 2336 aggrediantur
1624 2267 1906 2336 ganges-

294 2366 406 2411 lam
436 2376 448 2411 :
475 2372 613 2426 quos
632 2357 885 2428 equidem
907 2402 920 2426 ,
944 2358 989 2413 si
1014 2370 1257 2428 putarem
1277 2358 1409 2415 satis
1427 2360 1652 2416 idoneos
1678 2360 1744 2415 ad
1764 2360 1907 2416 bene

290 2448 589 2504 vivendum
620 2449 787 2505 duces
816 2465 969 2517 esse,
996 2460 1050 2507 et
1083 2452 1199 2521 ipse
1238 2466 1519 2522 sequerer.
1549 2462 1604 2507 et
1633 2453 1771 2506 alios
1796 2493 1811 2518 ,
1847 2460 1909 2508 ut

297 2526 696 2611 sequerentur,
726 2539 996 2597 hortarer.
1028 2541 1134 2598 Sed
1162 2557 1282 2597 cuin
1306 2544 1447 2598 inter
1467 2557 1526 2599 se
1551 2558 1745 2615 magna
1770 2558 1905 2599 con-

291 2632 600 2689 certatione
625 2631 955 2699 dissideant,
987 2650 1279 2706 secumque
1318 2634 1417 2706 ipsi
1450 2637 1769 2707 plerumque
1793 2636 1904 2693 dis-

289 2726 556 2795 cordent,
589 2738 814 2798 apparet
840 2744 1028 2785 eorum
1060 2730 1162 2786 iter
1187 2746 1528 2801 nequaquam
1562 2745 1686 2786 esse
1725 2730 1902 2788 direcc

294 2832 415 2875 tum
445 2838 460 2875 :
505 2820 770 2892 siquidem
810 2822 914 2879 sibi
942 2824 1162 2893 quique,
1194 2832 1253 2878 ut
1277 2832 1361 2879 est
1388 2823 1624 2889 libitum,
1658 2824 1905 2893 proprias

290 2913 413 2969 vias
447 2912 841 2984 impresserunt
866 2957 879 2981 ,
913 2914 1393 2987 confusionemque
1439 2931 1687 2988 magnam
1708 2917 1903 2988 inqui-

2011 1906 2117 1962 quo
2145 1900 2272 1945 sunt
2296 1889 2572 1959 implicati,
2601 1889 2666 1943 aii
2699 1891 2987 1945 rectiorem
3020 1891 3160 1945 viam
3192 1888 3505 1945 revocandi.

2012 2003 2025 2045 ι
2083 1981 2237 2053 Quod
2257 1983 2302 2037 si
2333 1981 2612 2048 fuerimus,
2643 1992 2698 2037 ut
2719 1998 2901 2054 spero,
2935 1984 3192 2050 assecuti,
3212 1984 3494 2039 mittemus
3521 1996 3617 2039 eos

2012 2072 2080 2133 ad
2112 2079 2285 2147 ipsum
2326 2076 2586 2132 doctrinae
2629 2078 2956 2133 uberrimum
2985 2094 3048 2133 ac
3091 2078 3461 2147 plenissimum
3497 2075 3620 2131 fon-

2015 2178 2145 2236 tem,
2192 2172 2347 2239 cujus
2381 2172 2573 2225 haustu
2616 2179 2781 2239 atque
2812 2178 2937 2239 potu
2975 2179 3293 2239 conceptam
3324 2169 3623 2225 visceribus

2014 2265 2157 2319 sitim
2182 2264 2397 2327 sedent,
2426 2264 2787 2334 ardoremque
2817 2264 3171 2333 restinguaut.
3205 2261 3486 2332 Erantque
3516 2260 3623 2316 illis

2014 2359 2195 2412 omnia
2220 2355 2426 2423 facilia,
2460 2371 2651 2428 prona.
2682 2356 2963 2410 manifesta
2990 2371 3004 2409 :
3035 2355 3196 2410 modo
3229 2370 3296 2410 ne
3330 2355 3506 2424 pigeat
3550 2351 3622 2409 ad

2016 2449 2418 2519 percipiendam
2472 2448 2755 2518 sapientiae
2801 2447 3180 2517 disciplinam,
3223 2446 3479 2516 legendi,
3528 2445 3621 2501 vel

2012 2541 2262 2596 audiendi
2294 2543 2602 2611 patienti-im
2628 2543 3001 2597 commodare.
3034 2540 3185 2596 Multi
3217 2539 3359 2595 enim
3412 2552 3610 2608 super-

2010 2634 2319 2692 stitionibus
2348 2637 2499 2691 vanis
2520 2636 2867 2706 pertinaciter
2888 2635 3235 2701 inhaerentes,
3259 2633 3530 2690 obdorant
3549 2648 3615 2692 so

2013 2741 2198 2785 contra
2224 2730 2566 2786 manifestam
2598 2735 2882 2787 veritatem
2907 2773 2922 2798 ,
2957 2748 3062 2786 non
3094 2743 3201 2786 tam
3236 2730 3306 2787 de
3333 2731 3446 2786 suis
3484 2729 3618 2785 relio

2009 2824 2292 2895 giouibus,
2323 2840 2456 2895 quas
2497 2840 2659 2895 prave
2694 2835 2975 2892 asserunt,
3010 2824 3149 2879 bene
3192 2823 3406 2888 meriti,
3453 2834 3616 2892 quam

2010 2917 2078 2973 de
2109 2932 2167 2972 se
2195 2917 2333 2972 male
2359 2934 2372 2973 :
2402 2919 2493 2987 qtti
2522 2934 2643 2973 cum
2680 2917 2913 2973 habeant
2934 2919 3036 2974 iter
3058 2928 3285 2981 rectum,
3310 2917 3500 2973 devios
3525 2932 3612 2973 se-

292 3007 544 3065 rentibus
572 3010 855 3066 veritatem
884 3009 1241 3082 reliquerunt.
1268 3011 1435 3069 Nobis
1457 3021 1661 3079 autem,
1691 3014 1783 3084 qui
1810 3028 1901 3068 sa-
1930 3003 1977 3066 C
2012 3022 2250 3081 quuutur
2274 3011 2549 3070 anfractus
2574 3030 2588 3081 ;
2630 3014 2849 3085 planum
2898 3012 3176 3081 deserunt,
3209 3022 3266 3067 ut
3291 3027 3386 3083 per
3415 3011 3615 3083 praeci-

1619 3144 1987 3205 VARIORUM
2018 3146 2251 3204 NOTAE.

290 3296 565 3353 ratorum,
593 3291 726 3357 tom.
754 3300 827 3357 tv.
861 3299 980 3357 cap.
1013 3284 1105 3351 23,
1139 3296 1257 3357 pag.
1290 3284 1415 3348 i26,
1450 3290 1611 3357 atque
1641 3283 1899 3342 disserta—

291 3359 501 3414 tionem
542 3356 745 3412 Nicoiai
771 3355 840 3411 de
874 3355 1103 3427 Lestocq
1125 3398 1138 3419 ,
1190 3354 1316 3411 huic
1353 3354 1571 3411 editioni
1599 3373 1894 3413 annexam.

371 3428 603 3484 Aliorum
644 3426 865 3498 facinus.
898 3426 1067 3482 Taxat
1094 3426 1185 3483 hic
1213 3427 1525 3484 Lactantius
1552 3428 1802 3483 Maxentii
1842 3436 1899 3484 et

288 3500 491 3558 Licinii
521 3503 573 3554 in
601 3500 928 3555 christianos
955 3499 1370 3567 crudelitatem,
1404 3509 1458 3555 et
1483 3500 1620 3556 alios
1644 3499 1896 3554 christia-

289 3588 493 3628 norum
539 3582 933 3641 persecutores.

376 3640 547 3697 Dabit
580 3641 668 3695 tibi
727 3640 869 3696 Deus
922 3642 1238 3712 felicitatem.
1282 3641 1371 3698 Sic
1409 3640 1467 3697 S.
1511 3642 1889 3712 Augustinus:

290 3715 695 3770 Constantinum
719 3752 736 3777 ,
783 3714 975 3782 inquit,
1008 3716 1368 3781 imperatorem
1398 3730 1499 3766 non
1525 3714 1899 3784 supplicantem

289 3785 637 3851 damonibus,
683 3786 771 3837 sed
800 3787 967 3852 ipsum
998 3803 1166 3839 verum
1202 3784 1361 3839 Deum
1392 3784 1638 3838 colentem
1665 3826 1679 3846 ,
1745 3786 1901 3839 tantis

291 3858 516 3913 terrenis
564 3856 788 3925 implevit
815 3857 1143 3923 muneribus,
1175 3868 1369 3926 quanta
1398 3866 1575 3921 optare
1606 3856 1780 3911 nullus
1807 3872 1901 3909 au-

290 3932 463 3998 deret,
482 3936 614 3993 etc.,
644 3927 711 3982 de
732 3926 889 3982 Civit.
924 3928 1035 3987 Dei.
1069 3928 1163 3982 lib.
1192 3942 1246 3988 v.
1281 3943 1400 3998 sap.
1425 3928 1518 3983 25.

374 3997 548 4054 Etiam
580 4015 734 4054 senem
760 4009 947 4055 teneas.
980 3999 1106 4055 Haec
1152 4000 1312 4056 verba
1342 3996 1536 4055 desunt
1558 3996 1610 4053 in
1634 3997 1758 4053 edit.
1796 3996 1899 4052 Su-

289 4073 441 4129 biac.

375 4143 575 4199 Justos.
612 4141 669 4197 id
700 4151 784 4197 est
808 4142 1153 4197 christianos.

383 4216 585 4283 Quanto
613 4214 774 4270 serius
805 4255 822 4281 ,
853 4224 993 4268 tanta
1017 4213 1377 4268 uehementius.
1414 4212 1529 4267 Val.
1560 4212 1699 4269 Max.
1729 4215 1827 4278 'lib,
1861 4231 1902 4281 ι.

294 4302 426 4355 cap.
463 4289 512 4352 i,
548 4299 659 4342 est.
694 4287 729 4340 5
760 4305 771 4339 :
803 4283 962 4339 Lento
992 4285 1159 4357 gradu
1200 4285 1269 4338 ad
1298 4286 1571 4339 vindictam
1615 4289 1692 4339 sui
1727 4287 1903 4341 divina

295 4359 534 4484 praeﬁgit
574 4359 674 4425 ira,
709 4358 1098 4427 tarditatemque
1120 4358 1361 4427 supplicii
1387 4358 1634 4428 gravitate
1658 4373 1900 4427 compen-

297 4440 403 4484 sat.
483 4446 569 4484 υιι.

297 4440 403 4486 ται.
438 4440 569 4485 Βωῐ.

377 4498 738 4567 Aﬂ'erentibus.
769 4496 839 4557 Ut
868 4499 1026 4569 paulo
1056 4508 1196 4567 post,
1224 4499 1562 4568 quteallaturi
1589 4516 1809 4564 sumus.,
1844 4507 1899 4556 at

298 4586 437 4628 mss.
472 4572 505 4628 9
534 4572 862 4628 recentiores
884 4588 1003 4626 cum
1031 4571 1302 4641 nonnullis
1331 4571 1510 4630 editis,
1534 4571 1891 4625 (lacerantibus.

298 4644 405 4700 Hic
430 4658 536 4697 non
566 4642 919 4700 Academicos
946 4643 1106 4696 modo
1134 4643 1399 4711 intelligit,
1430 4642 1523 4697 sed
1552 4643 1898 4710 philosophos

295 4730 515 4781 omnes,
545 4717 634 4786 qui
667 4717 827 4786 variis
849 4714 1194 4786 opinionibus
1232 4714 1509 4786 sapientia;
1539 4715 1773 4768 studium
1816 4714 1898 4768 di-

298 4784 601 4844 laniarunt.
644 4817 715 4826 —
744 4784 896 4839 Nihil
940 4788 1063 4840 certi
1093 4784 1442 4851 a/fcrentibus.
1491 4784 1554 4840 L.
1588 4801 1663 4852 ιιι,
1697 4801 1816 4855 cap.
1841 4787 1897 4854 7,

300 4861 443 4914 iiti.:
478 4856 589 4913 Nec
640 4869 808 4912 tamen
857 4855 1039 4924 afferat
1089 4858 1226 4926 ipse,
1279 4860 1415 4925 quod
1453 4874 1745 4927 sequamur.
1781 4855 1893 4913 Cic.

295 4946 350 4986 c.
388 4931 453 4986 16
479 4947 498 4984 :
533 4928 680 4985 Nihil
709 4928 825 4999 boni
855 4929 924 4983 ad
952 4931 1101 4982 vitam
1124 4927 1423 4999 a/ferebant.
1459 4927 1530 4999 De
1558 4928 1723 4995 Opiﬁ,
1749 4944 1797 4982 c.
1827 4930 1847 4981 1
1880 4944 1899 4985 .’

301 5003 399 5057 Sic
428 4997 716 5071 disputant,
749 5012 802 5054 ut
832 5018 911 5066 ea,
944 5016 1057 5065 qua:
1102 4997 1344 5067 a/ferunt,
1381 4998 1594 5069 probata
1617 5010 1666 5053 et
1696 5000 1901 5070 cognita

299 5074 463 5129 videri
490 5070 669 5128 uelint.
700 5072 935 5144 Singulis
963 5072 1048 5127 his
1066 5073 1197 5127 locis
1224 5088 1438 5143 quoque
1466 5071 1534 5126 de
1562 5070 1901 5142 philosophis

295 5146 498 5200 scitur.
1297 5194 1301 5197 _

332 5163 780 5288 gliiibuirentibus.
811 5217 901 5273 Sic
939 5231 1070 5288 mss.
1115 5214 1172 5271 S.
1212 5194 1463 5271 Germani
1497 5222 1551 5269 el
1600 5213 1903 5285 Lipsienses

300 5286 442 5359 duo;
458 5286 565 5343 alii
587 5304 712 5343 vero
741 5286 1099 5359 quaerentibus.

376 5355 772 5430 Requirentibus
813 5369 1094 5415 veritatem.
1152 5356 1339 5412 Merito
1363 5373 1441 5430 ex
1477 5356 1631 5430 Lips.
1669 5355 1906 5430 prtetulit

303 5428 590 5486 Cellarius.
622 5432 778 5486 Amat
807 5430 1121 5487 Lactantius
1142 5445 1328 5484 vocem
1360 5428 1519 5484 hanc.
1555 5428 1713 5493 inira,
1746 5429 1785 5483 Ι.
1808 5444 1901 5494 vu,

304 5518 427 5573 cap.
449 5504 481 5556 7
512 5518 524 5556 :
559 5499 836 5573 Veritatem
867 5505 978 5559 sine
996 5503 1124 5556 duce
1138 5502 1480 5573 requirerent.
1512 5500 1586 5555 De
1615 5499 1717 5568 ira,
1753 5515 1803 5555 c.
1835 5502 1900 5556 ὗε

316 5572 589 5628 Veritatem
611 5572 732 5628 alibi
756 5572 1098 5646 requiramus.
1132 5572 1261 5646 βυκ.

380 5646 772 5700 Suet-amentum
826 5644 942 5702 ilic
982 5644 1246 5715 signiiirat
1282 5659 1393 5699 rem
1448 5658 1699 5698 arcanam
1727 5686 1741 5707 ,
1784 5658 1904 5709 qum

309 5717 629 5772 naturaliter
660 5718 854 5772 rationi
890 5717 1136 5771 humanm
1175 5716 1356 5785 ignota
1392 5725 1495 5779 est,
1525 5716 1616 5769 sed
1646 5715 1902 5770 divinitus

309 5791 575 5862 patefacta
602 5830 619 5857 ,
642 5792 927 5861 quosensu
951 5801 1109 5843 verus
1128 5789 1393 5856 interpres
1425 5802 1610 5843 vosem
1628 5790 1904 5862 μυστήριον

2013 3282 2266 3343 reddidit.
2307 3286 2568 3362 Hieevox
2615 3304 3018 3362 nonnumquam
3043 3291 3311 3362 signiﬁcat
3346 3290 3618 3357 iuramen-

2013 3367 2149 3424 tum,
2175 3359 2326 3432 quod
2358 3360 2556 3412 milites
2581 3359 2709 3413 oiittt
2731 3359 3045 3429 imperatori
3069 3359 3415 3432 praestabant,
3442 3379 3619 3430 eoque

2010 3429 2347 3502 sepiideliter
2386 3440 2713 3502 pugnaturos
2753 3440 2808 3485 et
2854 3429 3104 3502 prompte
3148 3429 3614 3501 obtemperaturos

2012 3500 2447 3575 pollicebantur:
2497 3500 2612 3554 inec
2653 3500 2974 3575 signiﬁcatio
3013 3500 3137 3559 huic
3168 3505 3288 3575 loro
3317 3506 3476 3559 etiam
3519 3521 3615 3575 ap-

2011 3571 2339 3646 tatipotest,
2376 3582 2541 3646 atque
2568 3574 2635 3624 ita
2664 3575 2869 3643 accrpit
2897 3574 2964 3646 ιι.
2998 3574 3164 3646 Tliys.
3202 3574 3334 3629 Nam
3359 3588 3405 3630 el
3439 3571 3615 3632 chris-

2011 3642 2136 3716 tiani
2162 3644 2379 3711 quando
2400 3660 2514 3716 per
2536 3645 2859 3716 baptismum
2894 3642 3152 3701 Ecclesia:
3190 3646 3567 3702 lliSt'l‘t'llﬂilllll‘
3593 3691 3610 3716 ,

2003 3713 2568 3791 jtiramen_tp__(3|iri~to
2607 3713 2673 3791 se
2713 3715 3052 3785 obligabant;
3089 3719 3214 3772 hinc
3249 3717 3304 3774 S.
3346 3713 3614 3791 Hierooyi-

2007 3800 2130 3860 inus
2154 3785 2218 3839 ad
2250 3785 2526 3860 lleliotlor.
2558 3785 2572 3840 ξ
2610 3786 2899 3860 Recordare
2930 3790 3171 3860 tyrocinii
3201 3790 3273 3843 tui
3305 3790 3479 3857 diem,
3512 3785 3614 3860 quo

2009 3852 2212 3911 Christo
2242 3857 2596 3928 consepultus,
2628 3859 2681 3912 in
2711 3852 3019 3916 sacramenti
3051 3862 3201 3916 verba
3218 3861 3433 3932 jurasti.
3465 3852 3614 3918 Cit.-

2008 3942 2178 3982 LEUS.

2081 3997 2175 4053 Cui
2213 4001 2520 4054 asserenda'.
2555 4000 2643 4057 Sic
2672 4000 2745 4054 22
2776 4016 2904 4055 mss.
2954 4002 3094 4058 inter
3135 4018 3270 4069 quos
3300 4013 3425 4060 sunt
3472 4006 3613 4060 anti-

2009 4071 2407 4146 quio_resllrg.,
2442 4072 2647 4146 Bonan.
2703 4082 2758 4127 et
2787 4072 2998 4128 Rohan.
3046 4091 3110 4146 ac
3148 4075 3436 4146 Sangertn.
3463 4076 3612 4145 quod

2010 4141 2405 4219 priiil‘ereniltiin
2443 4144 2562 4198 aliis
2604 4159 2734 4199 mss.
2789 4142 3177 4203 recentioribus
3225 4141 3284 4203 et
3305 4141 3493 4215 editis,
3520 4148 3614 4219 qui

2008 4212 2208 4267 habent
2232 4215 2401 4278 cuius.

2080 4282 2284 4356 lnﬁm’ti
2317 4302 2445 4353 pene
2470 4286 2533 4340 sit
2564 4287 2734 4356 operis
2763 4299 2811 4343 et
2836 4290 3088 4342 immensi.
3118 4290 3264 4345 Inest
3304 4291 3356 4345 in
3387 4288 3471 4345 liis
3495 4290 3610 4346 eie-

2008 4355 2221 4432 gantia.‘
2242 4355 2350 4411 Cic.
2386 4373 2425 4418 ι.
2457 4358 2524 4412 de
2555 4358 2730 4432 Orat.,
2765 4360 2798 4415 6
2830 4380 2842 4414 :
2870 4359 2980 4414 Nec
3005 4360 3199 4416 dubito.
3224 4365 3347 4432 quin
3378 4365 3475 4416 hoc
3495 4362 3609 4431 ple-

1934 4433 1990 4493 ])
2015 4428 2184 4495 risque
2210 4428 2529 4483 illlnlt‘llSilill
2564 4430 2938 4491 ittiinitttntnue
2968 4428 3387 4488 videaturfBUN.

2087 4499 2247 4572 Copia
2277 4500 2532 4554 exuberet.
2593 4500 2727 4556 Ven.
2773 4504 2937 4567 1471,
2970 4514 3196 4572 utraque
3233 4505 3395 4566 M78,
3426 4504 3608 4572 Rush,

2004 4565 2143 4643 Ean.
2180 4571 2345 4634 1497,
2379 4572 2544 4640 l’ier.,
2575 4571 2769 4628 Part‘h.
2811 4584 2865 4629 ct
2905 4565 3147 4642 quunlant
3197 4576 3316 4630 alite
3346 4565 3604 4643 eauperet.

2004 4638 2348 4714 Nilltlillllllti,
2387 4643 2478 4698 ib.
2513 4638 2593 4707 tv,
2619 4660 2736 4714 c:ip.
2775 4646 2839 4701 17
2862 4687 2876 4712 ,
2908 4638 3057 4713 copia
3098 4648 3243 4700 lactis
3287 4638 3611 4712 exuberant;

2004 4726 2123 4779 cap.
2152 4713 2695 4789 29._exuberansfan_s
2708 4732 2725 4777 .‘
2755 4717 2848 4773 lib.
2872 4734 2964 4784 vn,
2990 4732 3107 4785 cap.
3143 4718 3227 4780 i5,
3267 4736 3389 4789 ager
3418 4717 3609 4789 eagube-

2004 4794 2121 4847 rat;
2147 4784 2217 4859 de:
2242 4784 2342 4859 Ita.
2376 4802 2495 4854 Cap.
2528 4787 2614 4849 15,
2649 4786 2716 4843 Ut
2734 4788 2940 4843 arbusta
2963 4789 3125 4854 pontis
3145 4784 3433 4843 exuberent.
3459 4787 3606 4859 Epit.

2005 4868 2132 4929 Ct)|t_._
2158 4856 2228 4910 ἠ
2258 4875 2269 4908 :
2305 4856 2499 4918 Laetis.
2532 4860 2634 4912 uini
2660 4865 2826 4929 fontes
2855 4859 3223 4915 exuberabuut.
3258 4860 3387 4914 iitm.

2081 4925 2191 4981 Nec
2214 4929 2329 4982 libri
2384 4931 2611 4992 modum,
2660 4925 2749 4984 nec
2781 4934 2935 5000 ﬁnem
2978 4932 3198 4999 reperiat
3243 4932 3426 4985 oratio.
3456 4930 3606 4987 Heu-

2008 5016 2236 5054 ntantttts
2268 5001 2514 5061 miratur,
2550 5012 2655 5056 tam
2684 5003 2772 5057 diu
2805 5005 2855 5057 iit
2888 5004 3082 5057 tuendo
3111 5002 3362 5055 cubuisse
3394 5001 3450 5056 ιι.
3488 5002 3521 5057 Ι.
3551 5012 3609 5059 et

2006 5072 2274 5144 rescribit,
2306 5071 2451 5129 liber.
2482 5073 2596 5127 Non
2627 5089 2762 5143 opus
2785 5076 2863 5139 si,
2919 5089 3010 5127 mc
3037 5070 3153 5126 libri
3184 5073 3422 5141 modum,
3448 5089 3608 5144 repe-

2006 5143 2147 5195 riant
2177 5142 2487 5199 subaudias.
2522 5142 2683 5200 Certe
2712 5160 2903 5200 omnes
2927 5144 3044 5199 libri
3072 5143 3260 5211 seripti
3288 5157 3341 5200 et
3366 5142 3606 5201 editi‘li-

2007 5214 2084 5268 bri
2112 5212 2311 5268 habent
2345 5234 2358 5269 :
2395 5218 2465 5270 ita
2495 5227 2551 5268 tit
2580 5218 2744 5281 priori
2773 5217 2891 5271 ineo
2919 5215 3025 5274 hic.
3059 5217 3338 5282 reperiant.

2094 5283 2266 5339 Vanis.
2292 5285 2348 5340 In
2379 5288 2464 5341 ed.
2496 5287 2711 5342 Sublac.
2743 5289 2933 5355 legitur
2958 5287 3133 5340 rariis.

2083 5355 2351 5411 Obdurant
2378 5375 2431 5412 se
2451 5370 2647 5412 contra.
2680 5358 2843 5414 Gutlt.
2886 5356 3203 5413 obdurantur
3230 5370 3408 5415 contra
3434 5361 3608 5416 mani-

2006 5430 2188 5498 festam
2216 5431 2498 5483 veritatem.
2542 5430 2732 5484 Cicero
2771 5432 2890 5485 sine
2936 5446 3235 5498 reciproco,
3287 5432 3379 5489 lib.
3416 5449 3474 5488 ιιι
3519 5431 3608 5488 Fi-

2010 5499 2150 5573 nib.,
2167 5500 2224 5554 11
2257 5502 2421 5573 :_()uis
2444 5511 2623 5556 contra
2643 5501 2815 5555 studia
2831 5512 3153 5573 naturamaut
3174 5505 3491 5560 vehementer
3516 5504 3611 5559 ob-

2008 5571 2226 5625 duravit.
2261 5571 2392 5626 BUN.

2083 5640 2248 5717 Prave
2273 5650 2525 5697 asserunt.
2558 5642 2632 5698 ita
2664 5657 2784 5698 cum
2815 5644 2975 5700 editis
3013 5646 3199 5715 optimi
3246 5646 3443 5717 quique
3471 5661 3607 5704 mss.

2007 5712 2065 5768 In
2098 5714 2266 5767 tribus
2296 5729 2407 5787 rei}.
2429 5783 2439 5787 _
2458 5724 2540 5787 est
2570 5720 2871 5787 proferunt;
2901 5717 2951 5771 in
2977 5712 3164 5772 deet-tn
3193 5712 3610 5787 recentissimis,

2008 5788 2311 5857 praeferunt.
2342 5783 2476 5843 Vide
2506 5784 2639 5841 itti‘ra
2662 5783 2819 5858 prave
2841 5790 3185 5845 sentientium.
