4104 6368
1672 71 1702 139 L
1736 102 1829 135 om.

242 310 326 371 121
1299 310 1507 369 LIBER
1546 312 1590 369 I.
1622 312 1714 370 DE
1758 311 1975 370 FALSA
2007 311 2401 372 RELIGIONE.
2508 362 2533 379 ι

3134 6 3139 17 t

2688 18 2963 85 ,wtﬁu
3050 30 3061 57 ο
3134 24 3233 85 iam,
3301 30 3494 67 μιν.-.

3284 84 3307 119 (κ

1942 48 1958 101 ῚΙΙ
2066 84 2077 93 ι
2098 42 2141 101 ’ὶί-
2222 21 2495 151 κυξςλὲω
2578 72 2595 79 κ
2688 23 2899 88 {bl-«4}»
2918 21 2976 85 :‘H‘
3014 84 3019 85 γ
3050 30 3061 57 ⁸
3134 24 3183 65 μέν*
3204 54 3233 85 Ἤ
3301 36 3317 60 l‘
3340 30 3369 63 ἆ
3393 48 3401 67 .-
3424 52 3429 57 ~
3448 44 3494 65 ...τ
3584 90 3587 95 1

1946 87 2095 151 rw.“
2217 105 2221 111 ι
2758 112 2780 151 ἦ
2839 126 2853 151 Τ
2912 92 3125 151 '!-I‘}skn
3222 84 3495 151 natiitbrﬂz
3530 118 3551 149 οξ

3266 128 3337 159 te.
3358 133 3389 173 ἢ
3408 128 3471 155 ’,μή
3490 138 3495 143 η
3530 128 3551 149 ’ἶ

2444 92 2453 93 θ

3402 319 3509 376 121

236 428 483 495 uiderunt,
514 424 793 495 docentes,
847 439 945 483 nec
989 424 1107 483 fieri
1152 429 1414 485 mundum
1458 430 1575 485 sine
1622 429 1803 486 divina
1829 434 1881 495 Α
1906 434 2050 505 gutis
2074 443 2129 491 et
2158 434 2557 508 eloquentibus,
2586 443 2640 492 et
2660 434 2730 494 de
2757 435 2977 495 solertia
3002 436 3200 495 divina:
3223 437 3514 510 providen-

236 523 422 580 ratione
448 521 682 592 potuisse
702 562 718 589 ,
752 536 854 578 nec
880 533 1136 579 constare
1155 565 1171 591 ,
1199 523 1303 579 nisi
1346 538 1558 581 summa
1596 527 1808 583 ratione

237 625 506 686 regeretur.
554 614 656 671 Sed
689 625 742 671 et
787 614 859 671 Μ.
900 615 1131 681 Tullius,
1184 618 1429 688 quamvis
1471 617 1808 674 Academicae

237 708 506 777 disciplina:
549 707 801 763 defensor
827 718 1009 777 esset,
1046 710 1114 765 de
1153 710 1494 782 providentia
1533 713 1807 782 guberna-

241 804 358 860 trice
402 818 578 859 rerum
610 812 667 859 et
697 803 865 860 multa
902 813 956 859 et
1006 820 1151 875 saepe
1191 805 1470 871 disseruit,
1502 806 1807 865 Stoicorum

233 908 526 969 argumenta
554 897 881 953 conﬁrmans
902 939 918 966 ,
949 907 1007 953 et
1041 914 1179 955 nova
1222 900 1337 971 ipse
1374 899 1606 957 atl'erens
1636 901 1808 972 pluri-

232 1007 345 1049 ma:
375 991 513 1062 quod
543 992 667 1047 facit
690 1000 801 1047 tum
829 992 881 1047 in
915 992 1169 1048 omnibus
1208 992 1563 1063 philosophia:
1599 1009 1712 1049 sum
1742 994 1810 1049 li-

232 1082 350 1145 bris,
381 1093 487 1137 tum
522 1082 754 1139 maxime
780 1084 833 1139 in
884 1084 949 1140 iis
975 1084 1068 1156 qui
1091 1092 1216 1139 sunt
1236 1084 1305 1140 de
1331 1084 1528 1140 Natura
1558 1086 1805 1141 deorum.

293 1175 393 1231 Nec
419 1174 638 1231 ditlieile
672 1191 804 1231 sane
849 1175 952 1231 fuit
995 1192 1287 1247 paucorum
1320 1176 1599 1233 hominum
1646 1193 1811 1249 prave

231 1269 560 1327 sentientium
589 1268 915 1341 redarguere
947 1270 1227 1326 mendacia
1246 1271 1559 1327 testimonio
1579 1272 1810 1341 populo-

232 1380 338 1421 rum
364 1374 524 1436 atque
553 1364 797 1435 gentium
826 1365 878 1420 in
913 1364 1017 1422 bac
1043 1380 1146 1420 una
1182 1381 1243 1420 re
1272 1380 1380 1420 non
1410 1365 1806 1422 dissidentium.

229 1458 383 1516 Nemo
415 1467 497 1514 est
532 1459 677 1514 enim
719 1467 826 1513 tam
876 1458 1062 1526 rudis,
1095 1468 1204 1514 tam
1249 1458 1380 1515 l‘eris
1415 1459 1684 1527 moribus,
1719 1461 1809 1530 qui

231 1554 397 1611 oculos
427 1568 558 1609 suos
585 1554 640 1608 in
671 1553 867 1611 emtum
896 1554 1095 1610 tollens
1114 1595 1131 1620 ,
1165 1556 1377 1611 tametsi
1412 1555 1616 1610 nesciat
1656 1556 1811 1625 cujus

230 1643 314 1702 Dei
339 1644 669 1715 providentia
686 1652 904 1715 regatur
929 1643 1035 1700 hoc
1060 1659 1222 1701 omne
1242 1645 1385 1717 quod
1411 1645 1671 1711 cernitur,
1701 1661 1811 1702 non

229 1737 443 1809 aliquam
476 1746 660 1794 tamen
687 1753 809 1794 esse
835 1737 1103 1809 intelligat
1135 1752 1202 1793 ex
1231 1739 1342 1808 ipsa
1382 1754 1562 1794 rerum
1605 1738 1812 1809 magni-

231 1830 416 1895 tudine.
446 1841 621 1899 motu,
650 1829 1030 1902 dispositione,
1049 1831 1374 1894 constantia,
1395 1831 1647 1895 utilitate,
1684 1832 1805 1902 pul-

228 1922 539 1992 chritudine,
569 1924 959 1994 temperatione
1007 1942 1020 1978 :
1066 1939 1166 1980 nec
1210 1939 1371 1996 posse
1411 1924 1526 1982 ﬁeri
1579 1926 1707 1997 quin
1730 1925 1804 1992 id,

227 2017 355 2088 quod
386 2018 618 2074 mirabili
643 2019 852 2074 ratione
892 2027 1126 2083 constat,
1151 2018 1380 2073 consilio
1406 2019 1596 2089 majori
1627 2019 1806 2089 aliquo

224 2112 641 2167 sitinstruetum.
672 2111 737 2166 Et
770 2111 931 2167 nobis
959 2113 1143 2183 utique
1165 2112 1479 2168 facillimum
1504 2122 1586 2168 est
1610 2112 1806 2183 exequi

223 2202 344 2259 banc
391 2213 602 2274 partem
633 2203 930 2275 quamlibet
970 2206 1213 2275 copiose.
1259 2204 1366 2261 Sed
1409 2205 1532 2276 quia
1578 2206 1803 2260 multum

222 2295 347 2353 inter
385 2296 747 2369 philosophos
789 2298 986 2372 agitata
1029 2313 1119 2354 res
1144 2308 1267 2367 est,
1311 2307 1367 2355 et
1413 2300 1804 2370 providentiam

223 2390 511 2447 tollentibus
536 2391 675 2447 satis
704 2406 1023 2463 responsum
1058 2391 1270 2448 videtur
1290 2393 1357 2448 ab
1382 2391 1694 2448 hominibus
1719 2410 1809 2449 ar-

1912 530 2000 586 tiae
2026 547 2124 604 per
2154 539 2324 587 totum
2363 530 2466 588 hoc
2492 547 2651 603 opus,
2679 532 2823 605 quod
2867 533 3229 604 suscepimus,
3276 532 3508 603 sparsim

1911 625 2093 681 dicere
2106 641 2330 682 necesse
2353 635 2455 687 est:
2473 628 2785 689 omittamus
2806 628 2858 682 in
2885 628 3139 698 praesenti
3169 627 3309 684 hanc
3328 642 3511 700 qums-

1913 721 2133 786 tionem,
2159 738 2279 791 qua:
2304 738 2426 779 cum
2455 723 2668 778 (steteris
2684 724 2761 778 sic
2782 722 3042 792 cobatrgt,
3061 731 3120 779 ut
3145 724 3279 778 nihil
3305 742 3332 777 a
3358 724 3513 780 nobis

1912 812 2104 869 disseri
2137 829 2300 884 posse
2334 815 2616 886 videatur,
2648 827 2708 871 ut
2732 831 2840 872 non
2872 784 3035 873 sitit/ul
3064 816 3132 873 dc
3174 816 3510 890 providentia

1914 906 2235 964 disseratur.

2549 1027 2778 1086 CAPUT
2818 1029 2905 1086 III.

1919 1140 2149 1197 Uniusne
2186 1149 2432 1214 potestate
2462 1142 2554 1199 Dei
2578 1145 2795 1201 mundus
2814 1152 3041 1218 regatur,
3072 1163 3142 1203 an
3184 1147 3465 1204 multorum
3485 1148 3515 1206 .’

1985 1275 2065 1333 Sit
2101 1291 2232 1348 ergo
2265 1277 2435 1332 nostri
2474 1278 2654 1349 operis
2690 1278 2972 1336 exordium
3001 1281 3232 1353 qmestio
3259 1282 3348 1337 illa
3375 1297 3512 1339 con-

1914 1384 2149 1441 sequens
2192 1384 2257 1425 ac
2307 1370 2543 1426 secunda
2608 1388 2621 1424 :
2672 1381 2851 1428 utrum
2895 1382 3166 1444 potestate
3212 1374 3372 1429 unius
3415 1375 3515 1431 Dei

1914 1462 2149 1519 mundus
2177 1472 2411 1535 regatur,
2442 1479 2583 1521 anne
2606 1465 2898 1521 multorum
2923 1466 2946 1521 ?
2967 1466 3140 1524 Nemo
3168 1476 3254 1524 est
3280 1469 3370 1539 qui
3393 1468 3517 1539 qui-

1913 1552 2037 1608 dem
2090 1553 2302 1624 sapiat,
2358 1557 2734 1626 rationemque
2772 1571 2959 1612 secum
3002 1566 3320 1629 putet,non
3348 1574 3513 1615 unum

1914 1662 2038 1705 esse
2064 1648 2329 1720 intelligat
2350 1691 2366 1717 ,
2404 1649 2495 1721 qui
2526 1658 2578 1706 et
2607 1649 2914 1708 condiderit
2938 1653 3119 1707 omnia
3141 1695 3157 1720 ,
3190 1661 3246 1709 et
3274 1652 3463 1710 eadem
3493 1694 3512 1722 ,

1915 1757 2019 1814 qua
2048 1742 2325 1810 condidit,
2352 1744 2551 1799 virtute
2602 1744 2932 1800 moderetur.
2986 1745 3126 1814 Quid
3156 1747 3300 1801 enim
3328 1746 3516 1802 multis

1835 1846 1885 1907 Β
1913 1852 2048 1910 opus
2077 1847 2163 1894 est
2188 1837 2258 1894 ad
2285 1838 2468 1894 mundi
2502 1839 2743 1910 regimen
2780 1839 3161 1895 sustinendum
3188 1841 3212 1895 ?
3244 1840 3345 1896 nisi
3374 1838 3516 1896 forte

1910 1931 2274 1999 arbitremur,
2316 1933 2360 1988 si
2411 1932 2589 2002 plures
2633 1932 2772 1999 sint,
2804 1933 2982 1988 minus
3019 1932 3219 1989 habere
3271 1932 3516 2005 singulos

1910 2039 2206 2080 nervorum
2235 2033 2399 2096 atque
2424 2024 2638 2080 virium.
2671 2024 2824 2092 Quod
2854 2024 3069 2093 quidem
3100 2023 3304 2081 faciunt
3330 2026 3401 2093 ii,
3424 2024 3514 2097 qui

1910 2119 2109 2174 multos
2138 2132 2260 2175 esse
2290 2119 2504 2184 volunt;
2533 2119 2658 2189 quia
2682 2133 2908 2175 necesse
2929 2130 3011 2176 est
3031 2119 3329 2176 imbecilles
3359 2134 3512 2177 esse:

1911 2208 2176 2281 siquidem
2228 2210 2460 2281 singuli,
2510 2211 2632 2267 sine
2668 2212 2868 2268 auxilio
2909 2213 3249 2279 reliquorum
3277 2254 3292 2278 ,
3351 2222 3516 2269 tantae.

1913 2305 2073 2360 molis
2117 2306 2536 2376 gubernaculum
2591 2306 2861 2362 sustinere
2910 2321 3017 2361 non
3074 2314 3316 2377 possent.
3374 2306 3516 2362 Deus

1916 2405 2094 2455 autem
2117 2440 2132 2463 ,
2176 2399 2269 2471 qui
2310 2410 2395 2456 est
2423 2408 2624 2456 atterna
2652 2414 2806 2455 mens
2828 2441 2844 2468 ,
2867 2414 2936 2455 ex
2961 2399 3110 2455 omni
3138 2399 3324 2470 utique
3360 2406 3516 2469 parte

1528 2485 1917 2569 'vantouuu
1957 2513 2192 2570 NOTAE.

222 2603 568 2663 etCleanthes
596 2606 737 2675 apttd
767 2605 1140 2677 Simplicium:
1175 2604 1221 2658 0
1260 2603 1431 2669 Deus,
1470 2604 1665 2671 inquit,
1688 2622 1807 2675 rege

223 2692 293 2731 me
316 2695 403 2746 per
421 2695 530 2732 eam
567 2695 794 2735 causam.
822 2690 924 2748 qua
948 2678 1120 2731 omnia
1146 2678 1426 2748 moderatis
1448 2686 1500 2748 et
1531 2682 1802 2743 temperas.

287 2750 534 2805 Acerrime
583 2746 895 2805 retudcrttnt.
941 2749 1000 2805 L.
1037 2764 1131 2814 tu,
1166 2763 1213 2802 c.
1259 2747 1379 2802 28:
1430 2746 1557 2803 Cum
1604 2748 1809 2816 fortiter

226 2819 526 2876 inimicorum
548 2823 767 2891 impetus
784 2822 1049 2876 retudisset
1068 2837 1084 2884 ;
1102 2821 1135 2874 I.
1160 2835 1234 2883 tv,
1250 2836 1304 2891 rc.
1324 2818 1416 2881 ‘27,
1437 2820 1533 2872 vim
1556 2819 1804 2891 retundit.

290 2892 549 2948 Docentes.
584 2890 655 2947 Ita
685 2892 867 2948 ferunt
895 2907 1027 2946 mss.
1062 2890 1336 2948 veterrimi
1371 2899 1425 2944 et
1450 2892 1659 2960 optimi.
1698 2890 1807 2944 Ro-

229 2962 449 3020 hanneus
495 2979 631 3019 vero
673 2975 727 3019 et
780 2963 1265 3034 Saugerntanensis
1316 2961 1515 3016 habent
1564 2962 1804 3027 dicentes,

228 3036 353 3106 quod
378 3036 513 3092 idem
550 3037 663 3092 fere
689 3045 790 3090 est.

1913 2609 2170 2679 afﬁrmat,
2199 2613 2341 2680 qttod
2373 2612 2462 2669 hic
2489 2612 2665 2672 Lact..
2698 2612 2793 2667 lib.
2830 2627 2867 2667 tt
2893 2610 2962 2666 de
2993 2609 3228 2665 Divinat.
3262 2609 3344 2664 0b
3371 2609 3511 2666 hanc

1913 2683 2368 2752 pulchritudinem
2393 2684 2622 2740 mundus
2650 2682 2854 2740 Grtrcis
2875 2694 2958 2739 est
2979 2681 3330 2755 κόσμος-,γωδ
3351 2681 3514 2755 etiam

1913 2755 2262 2813 Arismteletn
2285 2756 2354 2812 de
2385 2756 2605 2822 mundo,
2631 2764 2687 2810 et
2718 2755 2970 2820 Plinium,
3002 2753 3219 2813 librati.
3254 2753 3432 2822 capite
3455 2753 3513 2807 4.
3542 2770 3543 2773 η

1914 2824 2022 2881 Pro
2059 2844 2191 2884 voce
2222 2829 2604 2899 temperatione,
2634 2844 2754 2897 quae
2779 2826 3046 2898 sequitur,
3076 2825 3162 2880 ed.
3197 2823 3350 2882 Subl.
3388 2823 3517 2895 legit

1915 2910 2106 2968 prave,
2133 2903 2538 2965 comparatione.

1995 2970 2145 3037 Quod
2199 2973 2421 3028 mirabili
2469 2972 2682 3026 ratione.
2726 2970 2986 3025 Francius
3016 2968 3180 3039 legit,
3226 2967 3363 3037 quod
3412 2975 3513 3021 tant

1911 3042 2130 3097 mirabili
2153 3047 2351 3099 ratione
2375 3054 2594 3099 constat.

291 3106 363 3194 At.
392 3106 622 3194 Tullius.
644 3106 837 3194 .Cicero
864 3105 1024 3162 modo
1047 3105 1371 3194 Platonicos,
1396 3103 1556 3160 modo
1572 3104 1807 3173 Stoicos,
1839 3128 1885 3194 Ο
1966 3112 2219 3194 ’μάσμα-
2243 3115 2358 3194 Si?
2381 3118 2722 3194 reposuimus
2751 3130 2819 3171 ex
2855 3128 2987 3170 mss.
3018 3121 3074 3169 et
3112 3110 3367 3167 omnibus
3401 3109 3516 3166 fere

229 3178 373 3233 modo
399 3180 747 3235 Aristotelem
777 3190 996 3235 secutus
1024 3187 1128 3232 est.

293 3250 450 3305 Nemo
476 3258 557 3306 est
582 3251 712 3304 enim
739 3260 842 3305 tam
865 3251 1030 3310 rudis.
1058 3258 1162 3303 etc.
1198 3249 1365 3304 Recte
1387 3247 1639 3303 observat
1677 3248 1809 3302 doc-

231 3321 332 3376 tiss.
358 3322 687 3387 Wowerius,
712 3322 828 3377 hate
852 3321 1087 3390 vulgaria
1111 3336 1234 3375 esse
1257 3332 1592 3389 argumenta.
1619 3319 1813 3389 quibus

230 3407 399 3448 omnes
446 3395 561 3450 fere
618 3394 709 3464 qui
766 3394 1026 3449 adversus
1077 3391 1278 3464 Gentes
1329 3392 1812 3464 scripseruntpin

230 3466 496 3520 aStruenda
540 3461 824 3520 divinitate
867 3466 946 3519 usi
988 3463 1423 3519 suuLMiuucius
1465 3463 1604 3517 idem
1652 3461 1814 3517 habet

231 3547 615 3606 argumentum,
638 3536 781 3606 quod
811 3553 839 3590 a
868 3537 1133 3591 Cicerone
1166 3545 1441 3589 mutuatur
1464 3577 1477 3598 ,
1511 3534 1580 3588 de
1608 3532 1812 3588 Natura

230 3605 431 3662 deorum
472 3625 532 3669 tt,
586 3605 803 3663 dicente
837 3626 850 3661 :
887 3607 1025 3675 Quid
1072 3615 1234 3678 potest
1279 3622 1385 3659 esse
1425 3615 1526 3658 tant
1580 3615 1814 3674 apertum

230 3686 408 3749 tantque
434 3681 785 3749 perspicuum,
809 3696 923 3733 cum
945 3678 1130 3733 cretum
1157 3680 1501 3743 suspeximus,
1536 3694 1687 3746 quam
1710 3693 1816 3729 esse

230 3748 418 3821 aliquod
437 3748 631 3805 numen
660 3751 1095 3820 prwslanlissimw
1115 3750 1318 3815 mentis,
1344 3765 1441 3818 quo
1478 3749 1585 3801 lucc
1627 3763 1813 3818 regan-

230 3828 317 3876 tur.
345 3821 510 3891 Idem,
537 3822 609 3877 de
639 3837 822 3892 arttsp.
851 3822 1015 3891 Resp.
1052 3840 1067 3876 :
1104 3821 1308 3875 Etenim
1332 3822 1444 3889 quis
1481 3829 1553 3873 est
1596 3830 1701 3872 tam
1728 3836 1813 3873 ve-

230 3907 348 3958 cors,
369 3897 453 3967 qui
478 3910 599 3948 cum
626 3891 807 3949 caelum
834 3893 1119 3967 suspexerit
1142 3936 1156 3957 ,
1190 3891 1311 3967 deos
1341 3907 1448 3967 esse
1476 3907 1577 3943 non
1608 3893 1813 3967 sentiat,

230 3973 270 4017 et
292 3980 345 4019 ea
369 3961 482 4035 quae
506 3975 654 4020 tanta
681 3977 845 4019 mente
877 3961 1032 4031 ﬁunt.
1065 3974 1119 4017 ut
1159 3964 1243 4018 ria:
1269 3963 1534 4032 quisquam
1577 3973 1687 4015 arte
1709 3961 1817 4015 ulla

231 4035 440 4091 ordinent
473 4052 650 4092 rerum
678 4053 739 4091 ac
764 4036 1160 4090 vicissitudinem
1193 4035 1424 4104 persequi
1456 4035 1649 4103 possit,
1694 4050 1818 4086 casu

231 4105 345 4173 ﬁerit
368 4119 506 4179 putet
528 4109 554 4163 ?
578 4118 667 4161 aut
706 4125 819 4161 cum
851 4109 971 4162 deos
999 4123 1108 4160 esse
1136 4106 1461 4179 intellexerit,
1493 4122 1594 4158 non
1622 4106 1815 4158 intelli-

230 4190 326 4247 gat,
356 4177 530 4236 eorum
577 4183 786 4233 numine
833 4182 926 4233 hoc
973 4188 1170 4230 tantum
1207 4177 1731 4247 imperiunrnatum,
1771 4186 1819 4230 ct

232 4246 477 4307 auclumet
506 4262 779 4315 retentum,
805 4262 910 4306 etc.
959 4250 1335 4305 ELMENHOBST.
1388 4276 1457 4287 —
1489 4246 1818 4303 Prudentius

231 4332 344 4377 vero
365 4325 413 4377 in
444 4323 751 4395 Apotheosi
778 4340 792 4378 :

337 4419 571 4470 Attamen
599 4422 647 4468 in
668 4420 846 4470 cmlnm
864 4420 1098 4482 quotiens
1116 4417 1339 4482 suspexit
1354 4417 1435 4482 ,_in
1454 4427 1554 4464 uno

340 4482 609 4545 Constituit
626 4486 708 4545 jus
726 4480 1020 4541 omne‘lleo,
1048 4482 1130 4529 cui
1155 4480 1343 4545 serviat
1367 4480 1546 4545 ingens

339 4544 592 4597 Virtutum
618 4541 759 4603 ratio,
781 4546 932 4596 variis
951 4547 1183 4594 instructa
1208 4541 1463 4591 ministris.

231 4650 353 4709 Vide
381 4656 579 4711 Isidor.
610 4654 787 4710 Pctus.
819 4654 910 4708 lib.
942 4669 1018 4708 tv.
1054 4652 1166 4707 Hoc
1194 4657 1571 4719 argumentum
1604 4663 1632 4700 a
1664 4661 1816 4702 crea-

232 4725 353 4798 turis
376 4730 605 4798 petitum
623 4741 813 4780 onmes
829 4726 1121 4798 convincit,
1145 4733 1199 4777 et
1224 4721 1684 4798 otttnibusnotunt
1709 4727 1813 4784 est,

232 4796 354 4852 adeo
376 4790 436 4852 iu
464 4798 864 4853 validissimum
897 4799 967 4851 sit
995 4797 1058 4849 ad
1077 4792 1430 4849 asserendam
1449 4790 1812 4855 divinitatem;

235 4866 326 4922 hoc
350 4871 490 4925 enim
526 4878 844 4941 argumento
878 4868 936 4923 Β.
970 4865 1404 4941 ΡειιιΙιιε-,βθηξη
1434 4879 1471 4941 t_,
1494 4861 1677 4941 _v.__20,
1708 4861 1816 4941 uti-

233 4945 332 5005 tur,
367 4951 424 4996 ttt
445 4934 654 4998 Gentés
678 4940 869 4996 reddat
902 4937 1316 4994 iuexcusahilcs.
1348 4934 1639 4989 luvisibilia
1668 4936 1813 5005 enim

235 5004 392 5087 ipsius
420 5028 449 5067 a
477 5022 727 5087 creatura
759 5012 942 5066 mundi
980 5025 1074 5087 per
1105 5024 1164 5061 ea
1196 5022 1317 5079 quae
1345 5005 1480 5061 facta
1504 5015 1630 5087 sunt
1659 5004 1817 5087 intel-

234 5079 357 5155 lecta
395 5085 845 5155 conspiciuntur:
879 5082 1207 5150 sempiterna
1240 5092 1466 5155 quoque
1499 5080 1616 5143 ejus
1649 5079 1818 5130 virtus

236 5161 286 5207 et
324 5148 598 5218 divinitas,
644 5153 717 5208 ita
749 5163 810 5209 ut
839 5155 947 5209 sint
975 5148 1392 5207 inexcusabiles.
1428 5148 1712 5203 Cumas.
1744 5175 1816 5186 ——

236 5217 599 5293 argumentum
627 5227 823 5282 iterum
851 5241 880 5279 a
905 5224 1167 5281 Cicerone
1194 5230 1452 5277 tractatur
1478 5220 1655 5274 librat
1681 5217 1817 5273 Tus-

237 5300 544 5353 culttnartttn
570 5297 959 5365 Quaestionum.

306 5367 399 5435 Qui
418 5361 614 5424 oculos:
639 5369 713 5423 Ita
734 5384 863 5422 mss.
889 5377 945 5423 et
968 5366 1095 5422 editi
1121 5373 1352 5420 veteres.
1391 5361 1542 5418 Unde
1570 5361 1818 5435 homines

241 5433 585 5508 cognitionem
615 5440 837 5495 deorum
869 5439 1157 5494 habuerint
1181 5479 1194 5498 .
1224 5436 1385 5508 docet
1414 5433 1732 5508 Plutarchus
1763 5434 1815 5486 in

242 5502 445 5566 Placitis
473 5512 912 5582 philosophorum
936 5510 1072 5565 libro
1099 5526 1137 5574 t,
1166 5523 1215 5562 c.
1241 5506 1292 5563 6.
1327 5506 1461 5562 Vide
1482 5504 1643 5561 etiam
1664 5502 1818 5559 Cice-

243 5594 417 5635 ronem
446 5583 502 5637 in
530 5584 662 5638 libro
692 5584 760 5638 de
788 5582 1171 5639 Universitate.

315 5651 725 5710 Puleliritudine.
758 5653 898 5709 Nihil
922 5661 1071 5707 certe
1095 5651 1308 5706 illorum
1337 5665 1459 5720 qua:
1487 5662 1648 5703 sensu
1670 5662 1819 5702 com-

147 5744 201 5804 J
245 5725 662 5804 prehendtnttur,
694 5723 1160 5804 tnundoornatins
1174 5765 1188 5787 ,
1216 5721 1489 5804 [mlcltrius
1510 5730 1564 5804 et
1604 5721 1819 5804 absolu-

245 5793 363 5871 tius,
388 5806 452 5871 ttt_
474 5796 621 5871 Philo
644 5806 794 5871 notat
821 5798 872 5851 in
898 5797 1131 5871 IibLnspl
1147 5792 1689 5871 Ἀφθαρσίαςέόσμουι
1705 5792 1814 5871 llic.

244 5862 331 5921 Iih.
363 5878 397 5919 tt
422 5867 491 5925 de
523 5866 641 5927 Nat.
686 5867 931 5925 deorum.
964 5862 1630 5930 Enumttomhwmcero
1676 5862 1816 5920 idem

1916 3184 2092 3240 editis.
2118 3187 2227 3243 Ind
2256 3187 2381 3243 edd.
2413 3203 2549 3253 rrc.,
2575 3189 2765 3255 itaque.

1991 3257 2214 3313 Necesse
2241 3270 2339 3315 est.
2369 3259 2425 3314 In
2461 3259 2547 3314 ed.
2578 3254 2795 3315 StlIIIJc.
2830 3256 3045 3312 additur
3065 3272 3184 3320 non,
3215 3254 3441 3321 optime.

1989 3329 2157 3408 Nemo
2206 3341 2281 3408 est
2320 3332 2408 3402 qui
2431 3331 2652 3408 quidem
2682 3331 2869 3408 sapiat.
2896 3329 3115 3408 _Optim_e
3136 3342 3256 3382 cum
3289 3326 3514 3408 doctiss.

1915 3400 2189 3457 Gronovio
2214 3405 2283 3456 ita
2316 3396 2527 3457 restitui
2566 3418 2631 3457 ex
2674 3396 2776 3456 ms.
2813 3396 3048 3467 Bonam,
3080 3401 3207 3454 item
3234 3413 3298 3453 ex
3324 3396 3360 3450 2
3396 3396 3518 3450 aliis

1916 3471 2050 3543 Reg.
2079 3474 2252 3550 honre;
2268 3483 2407 3550 notat
2432 3489 2685 3550 ,_necnon
2712 3471 2947 3550 Gronov.
2969 3513 2983 3532 .
3012 3475 3033 3525 t
3072 3469 3222 3526 Colb.
3248 3467 3321 3550 ,ἢ
3347 3468 3518 3550 [trum

1914 3552 1969 3598 et
2004 3540 2154 3599 'edit.
2214 3544 2410 3599 Cellar.
2461 3543 2521 3599 In
2571 3545 2821 3608 caeteris,
2875 3542 3038 3598 Nemo
3088 3551 3159 3596 est
3200 3540 3400 3611 quidem
3429 3540 3517 3610 qui

1916 3616 2153 3692 sapiat...
2178 3617 2283 3685 qui.
2520 3688 2531 3692 _
2820 3686 2861 3692 _
2885 3686 2916 3692 __
2949 3684 2960 3692 ,
3059 3682 3073 3692 ,
3255 3681 3267 3692 .
3443 3679 3478 3692 ..

1992 3686 2114 3742 Non
2166 3679 2323 3763 unum
2372 3704 2478 3742 esse
2512 3686 2787 3763 intelligat.
2820 3684 2963 3741 Editi
2984 3682 3218 3763 quinque
3255 3681 3306 3736 itt
3338 3679 3517 3763 medio

1917 3758 2161 3833 inserunt
2188 3758 2357 3833 Deum
2382 3774 2402 3814 :
2431 3755 2873 3833 SBtlpCt‘tiut‘htﬂ;
2914 3770 3037 3811 mox
3069 3755 3211 3833 enim
3242 3755 3519 3833 praecessit

1916 3832 2067 3905 unius
2099 3829 2216 3885 Dei.
2248 3829 2513 3905 (la-terum
2539 3830 2591 3905 in
2622 3825 2869 3884 eamdem
2893 3843 3009 3883 rem
3033 3826 3156 3881 vide
3178 3825 3515 3905 Lactantinm

1918 3900 2014 3978 lib.
2050 3918 2126 3978 ttl
2160 3902 2339 3978 ευρ.ῃὲ
2375 3920 2388 3956 :
2419 3901 2545 3978 Cum
2562 3903 2778 3978 jurant,
2808 3910 2993 3978 etcum
3032 3907 3227 3978 optant,
3267 3903 3404 3978 et_c._,
3436 3900 3520 3948 in-

1919 3974 2033 4042 quit
2085 3974 2447 4029 Tertullianus
2489 3976 2539 4028 in
2563 3970 2871 4043 'Apologet.
2903 3971 2970 4025 de
2995 3970 3226 4025 ethnicis
3251 3970 3334 4020 sni
3383 3975 3517 4020 tem-

1920 4045 2068 4112 poris
2094 4065 2106 4097 :
2139 4046 2323 4099 Anima
2351 4046 2466 4099 licet
2497 4045 2644 4116 falsis
2671 4045 2771 4098 diis
2797 4043 3109 4116 exancillata
3132 4081 3146 4102 ,
3183 4056 3315 4116 cunt
3351 4047 3520 4091 tamen

1919 4111 2207 4188 resipiscit,
2235 4126 2379 4188 utea:
2397 4111 2610 4188 crapula
2645 4126 2691 4170 et
2740 4131 2919 4170 somno
2961 4111 3126 4188 Deum
3157 4111 3439 4188 __nominat,
3473 4119 3520 4161 et

1919 4187 2056 4254 quod
2086 4187 2222 4241 Deus
2271 4183 2497 4252 dederit,
2529 4189 2756 4241 omnium
2794 4202 2892 4240 v0.1:
2913 4197 2985 4239 est
3007 4227 3021 4247 ,
3067 4183 3295 4251 judicent
3321 4196 3519 4254 quoque

1921 4251 2233 4333 contestatur
2268 4260 2413 4333 illum
2440 4251 2475 4313 :7
2512 4258 2650 4333 Deus
2696 4259 2864 4333 uidet,
2906 4268 2951 4312 et
2984 4254 3093 4333 Deo
3118 4251 3521 4333 commendo-,et

1923 4328 2061 4382 Deus
2090 4331 2218 4383 milii
2265 4331 2459 4383 reddet.
2497 4329 2543 4384 0
2596 4329 2939 4385 testimonium
2989 4327 3176 4380 animat
3215 4323 3522 4377 naturaliter

1922 4398 2232 4477 (Ehristianat
2259 4402 2279 4455 .'
2305 4400 2534 4477 Denique
2562 4401 2904 4477 pronuntians
2929 4400 3059 4477 lucc,
3086 4413 3188 4477 non
3218 4396 3292 4477 ad.
3313 4393 3523 4477 Capito:

1923 4472 2072 4538 lium,
2118 4475 2208 4527 sed
2255 4473 2324 4526 ad
2378 4463 2573 4527 coz'lum'
2598 4474 2805 4539 respicit
2838 4472 3003 4525 ?novi
3030 4463 3184 4539 enin:
3206 4467 3372 4520 sedem
3427 4463 3522 4517 Dei

1844 4522 1899 4583 D
3118 4537 3409 4614 .lEschy_l_t_ts_
3430 4575 3444 4600 ,
3459 4542 3524 4614 ct

1918 4612 2221 4687 Sophocles
2242 4658 2256 4679 .
2280 4606 2585 4681 Philemon,
2617 4606 2893 4687 Orphtius,
2927 4606 3434 4685 Pythagoras'Vid.
3456 4606 3517 4662 S.

1918 4685 2188 4741 Justiuttnt
2219 4687 2288 4741 de
2315 4688 2643 4742 Mottarchia.

1995 4759 2096 4824 Qui
2123 4769 2173 4813 ct
2196 4760 2481 4813 condiderit
2506 4760 2701 4820 omnia,
2732 4767 2837 4831 etc.
2872 4755 3150 4831 Hierocles
3176 4760 3309 4812 Ζῆνα
3339 4756 3393 4805 et
3422 4750 3519 4831 Aio:

1923 4830 2089 4885 Deum
2120 4832 2443 4899 appellatum
2476 4847 2598 4886 esse
2627 4830 2852 4891 scribit,
2895 4829 3021 4899 quia
3053 4842 3146 4894 per
3166 4840 3288 4879 eum
3336 4829 3520 4875 omnia

1918 4910 2046 4955 sunt
2101 4910 2155 4956 et
2201 4902 2408 4957 vivunt.
2461 4902 2595 4957 Hinc
2622 4901 2880 4970 Apuleius
2936 4901 3105 4954 Deum
3138 4902 3295 4949 Vocat
3347 4907 3520 4970 rerum

1919 4973 2145 5026 omnium
2174 4985 2472 5029 exertorent.
2508 4965 2731 5031 Proclus
2761 4982 2916 5026 vocat
2945 4971 3108 5026 Deum
3134 4971 3306 5039 πηγήν
3343 4965 3522 5025 πάσης

1920 5048 2075 5110 ζωῆς,
2097 5045 2291 5110 [autem
2323 5046 2490 5100 omnis
2517 5048 2653 5101 vitae.
2687 5046 2778 5101 Sic
2801 5041 2936 5098 Cato
2966 5040 3106 5111 apud
3132 5038 3408 5092 Lucanum
3440 5053 3453 5089 :

2042 5137 2305 5206 liceremus
2320 5143 2481 5193 cuncti
2505 5143 2720 5206 superis,
2740 5138 3025 5202 temploque
3049 5141 3268 5195 lacenle,

2044 5202 2124 5251 Nil
2147 5206 2339 5265 agimus
2355 5208 2443 5255 nisi
2463 5202 2639 5269 sponte
2656 5202 2770 5256 Dei.

1920 5286 2083 5343 Sacra
2107 5290 2268 5344 etiam
2288 5291 2489 5363 pagina
2514 5292 2579 5345 ad
2617 5283 3404 5363 providentiam.asserendam,
3438 5294 3523 5363 ar-

1920 5370 2234 5433 gumentum
2276 5355 2466 5433 ('qtiotl
2495 5355 2683 5417 omnes
2722 5355 3034 5430 convincit)
3080 5357 3149 5410 ab
3192 5355 3521 5425 experientia

1921 5432 2051 5510 petit
2077 5431 2096 5505 (
2126 5432 2213 5487 Ps.
2242 5431 2357 5499 citi,
2388 5450 2440 5486 v.
2471 5434 2623 5510 2_8_et
2650 5432 2722 5510 29
2753 5434 2793 5502 )-
2873 5502 2886 5510 _
3169 5499 3180 5510 ,
3462 5493 3494 5510 ..

1994 5493 2282 5577 Νςῇυονωιι
2303 5493 2450 5573 atque
2467 5506 2668 5577 virium.
2682 5493 2963 5577 Pogterior
2977 5514 3084 5577 vos
3104 5499 3336 5577 priorem
3356 5493 3524 5577 expli-

1921 5584 2024 5629 cat.
2060 5574 2191 5629 Vide
2223 5571 2396 5631 Davis.
2430 5577 2493 5631 ad
2525 5574 2662 5631 Caes.
2688 5592 2704 5630 ι
2735 5574 2875 5641 Gal.,
2906 5571 3013 5628 20:
3044 5571 3237 5637 Opibus
3258 5586 3317 5622 ac
3337 5571 3521 5641 nervis.

1922 5644 2021 5719 ﬂio
2048 5646 2202 5700 video
2230 5663 2541 5716 expressum
2576 5637 2891 5703 Ciceronem
2917 5643 3011 5699 0r.
3040 5659 3073 5699 v
3106 5643 3300 5707 Philip.
3325 5654 3375 5693 c.
3406 5637 3474 5719 12
3506 5652 3519 5690 :

1923 5715 2231 5787 Experietur
2292 5715 2646 5772 consentientis
2693 5727 2898 5773 senatus
2939 5731 3117 5770 nervos
3158 5722 3322 5787 utque
3374 5715 3521 5764 vires.

1921 5784 2076 5844 cum.
2101 5788 2252 5845 Lact.
2287 5789 2400 5855 l.tv,
2434 5804 2479 5844 c.
2515 5789 2603 5856 18,
2632 5792 2797 5846 nervis
2822 5805 2883 5843 ac
2912 5789 3121 5842 viribus.
3154 5784 3433 5856 Bonitas.

1996 5858 2220 5915 .‘Eterna
2262 5849 2420 5916 niani.
2477 5849 2679 5920 Seneca
2726 5862 2819 5920 lib.
2850 5874 2865 5913 ι
2897 5860 3082 5916 Natur.
3112 5856 3319 5923 Quaest.
3350 5849 3523 5915 tQttitl
