4104 6368
301 349 398 404 ηδ

1395 353 1604 410 LlBER
1634 352 1682 409 -l.
1717 354 1815 409 ’ΒΕ
1846 354 2081 416 ἛΜΑΞΑ
2111 357 2512 420 'BEMGIONE.

3492 374 3594 431 126

297 481 360 522 ex
384 481 491 538 qua
515 481 582 522 re
609 466 928 541 disceptatio
961 470 1101 528 inter
1129 485 1223 526 eos
1253 479 1604 530 otcertamen
1653 474 1888 530 oriatur:
1916 491 1973 551 Α
1998 487 2102 540 est,
2132 479 2288 549 quale
2309 482 2352 535 si
2381 483 2501 552 quis
2524 484 2753 541 afﬁrmet
2783 486 2832 542 in
2859 501 2964 542 uno
2990 502 3218 560 corpore
3246 490 3445 546 multas
3468 505 3590 546 esse

299 561 440 617 sicut
469 560 738 618 Homerus
761 565 1028 620 bellantes
1054 565 1195 622 inter
1215 564 1428 620 sedeas
1449 567 1600 622 ﬁnxit
1624 584 1638 634 ;
1662 583 1781 622 cum
1804 567 1894 622 alii

304 654 676 726 Trojamcapi
724 657 947 724 vellent,
999 658 1090 714 alii
1115 671 1505 730 repugnarent.
1533 659 1705 715 Unius
1735 660 1896 730 igitur

298 752 524 806 arbitrio
545 752 808 808 mundum
839 754 949 824 regi
991 771 1214 812 necesse
1231 770 1342 813 est.
1399 758 1508 814 Nisi
1540 757 1683 812 enim
1713 756 1895 826 singu-

298 844 466 898 larum
483 844 728 912 partium
762 854 995 914 potestas
1016 849 1082 900 ad
1104 863 1270 903 .unam
1323 848 1713 921 providentiam
1755 848 1894 902 rele-

297 948 470 1002 ratur,
505 951 612 992 non
651 939 1089 1008 spoteritsumma
1117 942 1226 1012 ipsa
1251 957 1499 1000 constare
1525 959 1538 1008 ;
1569 958 1894 1014 unoquoqe

296 1031 430 1086 nihil
458 1045 684 1086 curante
713 1033 963 1102 amplius,
994 1051 1152 1104 quam
1205 1038 1344 1108 quod
1382 1039 1456 1092 ad
1496 1053 1626 1093 .eum
1678 1036 1894 1106 proprie

297 1128 735 1198 pertinetzsicut
780 1145 847 1184 ne
875 1145 964 1185 res
991 1130 1206 1200 quidem
1262 1133 1526 1200 militaris,
1580 1133 1678 1186 nisi
1729 1147 1892 1185 unum

295 1219 491 1275 habeat
518 1220 715 1276 ducem
746 1231 910 1292 atque
942 1235 1231 1279 rectorem.
1263 1225 1416 1294 Quod
1444 1227 1489 1281 si
1528 1227 1578 1279 in
1613 1241 1895 1281 uno-eser-

292 1312 400 1367 citu
433 1321 514 1366 tot
533 1313 739 1368 fuerint
768 1315 1145 1384 imperatores,
1176 1332 1302 1388 quot
1329 1318 1570 1389 legiones
1593 1361 1608 1384 ,
1643 1328 1772 1388 quot
1799 1333 1893 1372 co-

294 1407 502 1468 hortes,
535 1417 665 1476 quot
701 1409 882 1478 cunei,
926 1421 1060 1478 quot
1115 1412 1236 1479 alae,
1281 1413 1524 1481 ιιιιιίιιιιιιιι
1577 1427 1676 1468 uec
1706 1412 1893 1466 instrui

286 1500 692 1568 pateritaries,
749 1517 1072 1573 unoquoque
1115 1505 1415 1572 per-iculum
1441 1516 1764 1571 recusante;
1796 1520 1894 1559 nec

294 1591 408 1661 regi
469 1591 651 1656 facile,
681 1605 772 1647 aut
806 1596 1118 1664 temperari,
1141 1597 1291 1666 quod
1322 1597 1434 1652 suis
1455 1599 1692 1668 .propriis
1718 1597 1896 1652 con-

294 1684 382 1741 liis
415 1696 638 1742 utantur
651 1702 859 1756 omnes,
885 1705 1113 1759 quorum
1139 1690 1457 1748 diversitate
1487 1693 1608 1764 plus
1628 1704 1889 1762 noceant,

291 1795 455 1851 quam
485 1781 731 1850 prosint;
761 1782 912 1838 sicin
943 1783 1045 1839 hoc
1075 1800 1254 1840 rerum
1289 1797 1494 1840 natura:
1519 1787 1764 1856 imperio,
1791 1786 1892 1841 nisi

1999 583 2235 627 mentes:
2288 577 2538 644 quoniam
2591 581 2760 636 multa
2817 593 2870 637 et
2925 583 3067 638 varia
3134 593 3256 640 sunt
3296 587 3590 642 miuiSIeria

1999 672 2398 741 membrorum;
2440 684 2500 730 ut
2529 677 2772 748 singulos
2820 683 3064 752 corporis
3118 702 3312 742 sensus
3363 687 3591 757 singulae

1997 775 2207 822 mentes
2225 785 2412 841 regere
2439 774 2750 842 credantur,
2776 777 2900 833 item
2930 780 3082 834 multi
3121 780 3368 846 allectus,
3400 784 3594 854 quibus

1997 866 2326 917 commoveri
2359 867 2593 922 solemus
2625 871 2708 925 vel
2727 871 2790 924 ad
2819 871 2974 941 iram,
3009 876 3092 930 vel
3122 877 3186 930 ad
3214 878 3589 947 cupiditatem,

1997 955 2082 1009 vel
2112 955 2178 1009 ad
2207 957 2469 1018 laetitiam.
2489 962 2569 1015 vel
2601 963 2664 1015 ad
2693 974 2918 1026 metum.
2954 969 3037 1021 vel
3059 968 3122 1021 ad
3157 970 3591 1037 miserationem;

2000 1053 2056 1099 ut
2079 1047 2131 1100 in
2152 1045 2242 1102 'bis
2266 1052 2514 1106 omnibus
2547 1055 2767 1111 totidem
2802 1067 3010 1112 mentes
3059 1070 3312 1128 putentur
3338 1063 3550 1131 operari
3577 1081 3590 1117 :

1999 1142 2138 1210 quod
2180 1143 2225 1197 si
2253 1144 2371 1214 quis
2417 1147 2662 1217 profecto
2693 1151 2858 1219 dicat,
2893 1169 2960 1207 ne
3008 1154 3176 1224 ipsam
3197 1157 3442 1225 «quidem,
3473 1173 3593 1227 quae

1998 1249 2102 1288 una
2133 1246 2235 1300 est,
2272 1238 2468 1294 habere
2501 1243 2766 1297 videatur.
2816 1244 2966 1313 Quod
3018 1248 3062 1301 si
3125 1249 3175 1303 in
3210 1266 3314 1304 uno
3363 1266 3594 1320 corpore

2001 1336 2269 1384 tantarum
2291 1348 2466 1387 rerum
2497 1335 2944 1404 gubernationem
2978 1358 3126 1396 mens
3147 1358 3247 1397 una
3268 1344 3521 1412 possidet,
3543 1353 3597 1399 et

1997 1421 2265 1478 universis
2313 1425 2470 1480 simul
2523 1428 2725 1483 intenta
2779 1442 2896 1494 est;
2957 1449 3053 1488 cur
3082 1435 3276 1504 aliquis
3324 1437 3595 1492 existimet

1999 1513 2383 1570 mundumnon
2407 1534 2571 1585 posse
2600 1522 2665 1574 ab
2690 1538 2796 1576 uno
2849 1527 2980 1594 regi,
3032 1542 3060 1580 a
3108 1527 3345 1595 pluribus
3400 1530 3594 1598 posse?

1999 1604 2150 1673 Quod
2181 1609 2302 1678 quia
2352 1611 2655 1682 intelligunt
2688 1617 2773 1670 isti
2805 1630 3102 1675 assertores
3126 1622 3374 1686 deorum,
3405 1624 3472 1677 ita
3500 1640 3594 1680 eos

1999 1714 2232 1768 pricesee
2251 1703 2486 1774 singulis
2509 1706 2678 1763 rebus
2706 1724 2768 1764 ac
2795 1712 3044 1780 partibus
3088 1713 3293 1777 dicunt,
3328 1724 3382 1768 ut
3406 1724 3594 1771 tamen

1999 1808 2137 1847 unus
2165 1796 2236 1848 sit
2288 1809 2468 1852 rector
2495 1799 2748 1857 eximius.
2793 1801 2909 1858 Jam
2957 1821 3085 1876 ergo
3133 1809 3313 1862 caeteri
3364 1808 3435 1863 dii
3487 1824 3593 1864 non

291 1887 431 1926 unus
465 1871 646 1940 fuerit,
675 1873 742 1927 ad
771 1890 934 1944 quem
966 1877 1127 1931 totius
1154 1891 1382 1934 summa
1428 1893 1555 1934 cura
1601 1880 1885 1947 referatur,

2003 1899 2150 1944 erant
2180 1892 2276 1947 sed
2299 1894 2566 1951 satellites
2592 1912 2655 1951 ac
2685 1899 2935 1966 ministri,
2970 1916 3105 1970 quos
3135 1902 3227 1956 ille
3257 1916 3391 1957 unus
3423 1903 3591 1957 maxi-

290 1965 546 2023 universa
567 1968 848 2024 solventur
873 1977 927 2024 et
951 1981 1224 2026 corruant.

363 2058 554 2115 Dicere
571 2070 772 2128 autem,
796 2062 1084 2118 multorum
1107 2064 1328 2120 arbitrio
1342 2065 1457 2136 regi
1479 2065 1761 2132 mundum,
1775 2066 1889 2123 tale

1995 2000 2112 2038 mus
2137 1995 2193 2038 et
2215 1997 2412 2056 potens
2441 1989 2682 2046 ontnium
2701 1991 2783 2048 bis
2805 1991 2999 2049 ofﬁciis
3023 1993 3362 2064 przct‘ecerit;
3391 2006 3446 2052 et
3493 1996 3594 2066 ipsi

1629 2182 1993 2242 VARIORUM
2025 2185 2261 2244 NOTAE.

362 2319 512 2376 Sicut
541 2318 798 2395 Homerus
827 2323 1072 2377 bellantes
1099 2324 1227 2378 inter
1281 2341 1335 2379 se
1359 2326 1480 2379 deos
1508 2326 1680 2394 ﬁnxit.
1715 2327 1888 2395 Quem

289 2403 592 2461 sequuntur
653 2393 929 2462 Virgilius,
979 2397 1225 2458 Ovidius,
1295 2397 1481 2458 Silius,
1511 2393 1784 2452 Lucanus
1833 2407 1890 2454 et

293 2464 404 2517 alii.
429 2465 518 2520 Sic
536 2465 826 2528 Arnobius,
853 2467 944 2519 lib.
973 2483 1026 2521 tv
1049 2469 1304 2522 adversus
1329 2469 1563 2522 Gentes:
1595 2468 1886 2534 Vulnerari,

294 2538 492 2609 restari.
518 2536 651 2589 bella
682 2539 810 2590 inter
840 2555 892 2609 se
923 2555 1094 2608 gerere
1125 2541 1390 2609 furmlium
1421 2552 1772 2594 memorantur
1801 2560 1890 2595 ar-

298 2607 417 2660 dore
443 2608 815 2662 discriminum.
858 2607 996 2668 cio.
1043 2607 1258 2665 tle'Nul.
1299 2612 1476 2673 deor.,
1510 2629 1584 2672 tt;
1617 2612 1790 2677 Plato,
1825 2613 1892 2668 de

302 2677 503 2754 lit-pub.
534 2696 589 2740 ιι,
635 2680 876 2754 ιιῌίτιῇιιε
926 2682 1194 2736 calumnia
1248 2682 1470 2735 Proclus
1503 2683 1793 2738 Homerum
1822 2687 1890 2754 (si

301 2750 399 2802 diis
417 2751 624 2819 placet)
654 2750 864 2815 liberat,
897 2756 1171 2822 negotium
1201 2754 1266 2806 ad
1300 2755 1482 2808 nescio
1511 2771 1646 2823 cluas
1693 2750 1894 2810 divisas

304 2825 730 2890 progressitmes,
769 2835 929 2890 atque
960 2825 1383 2879 sub~tantiarttrn
1412 2827 1723 2880 discrimina
1750 2826 1891 2881 refe‘

307 2909 455 2969 rens;
474 2893 614 2969 Lege
636 2897 1001 2969 angustiarum
1035 2896 1102 2950 de
1127 2896 1241 2950 Civ.
1275 2897 1391 2963 Dei,
1423 2899 1520 2953 lib.
1554 2914 1630 2962 tv,
1657 2914 1776 2969 cap.
1803 2900 1893 2952 50.

310 2963 394 3019 Sic
420 2963 601 3030 Ovidi,
635 2965 799 3020 Trist.
832 2982 899 3020 tt:

429 3121 745 3189 Mulciberjn
771 3122 987 3188 'l‘rojam,
1014 3138 1101 3188 pro
1123 3125 1266 3189 'l‘roja
1291 3126 1452 3176 stabat
1475 3127 1649 3189 Apollo

489 3185 644 3249 [Equo
663 3186 833 3237 Venus
856 3185 1081 3250 Teucris,
1110 3185 1274 3238 Pallas
1296 3192 1459 3252 iniqua
1479 3185 1588 3240 fuit.

316 3332 406 3386 Viti
445 3331 557 3388 Cic.
605 3333 671 3387 de
721 3332 838 3387 Nat.
874 3334 1022 3386 tit-or.
1058 3351 1112 3397 ll,
1145 3350 1194 3388 c.
1223 3333 1323 3397 98;
1351 3334 1576 3389 Tertull.
1603 3336 1757 3404 Apol.
1789 3336 1855 3390 M-
1885 3354 1896 3388 :

319 3404 443 3479 Deos
491 3406 621 3460 inter
651 3422 703 3458 se
736 3417 942 3476 prOpIrr
963 3405 1217 3476 Trojanos
1270 3417 1316 3458 et
1368 3409 1584 3460 Achivos
1615 3449 1629 3471 ,
1681 3418 1732 3459 ut
1785 3408 1899 3479 gla-

316 3477 560 3528 diatorum
594 3479 740 3544 paria
764 3494 1057 3547 congressos
1087 3479 1418 3546 depugnasse.
1449 3479 1724 3532 BUNEMAN.

384 3548 861 3602 Summa.Tornes.
884 3560 934 3603 et
967 3551 1053 3606 alii
1081 3550 1302 3613 addunt,
1336 3562 1574 3617 potestas.
1617 3550 1734 3604 Vid.
1766 3548 1901 3604 infra

320 3617 452 3689 Epit.
485 3636 535 3673 c.
563 3619 632 3672 2:
669 3619 779 3674 Nec
830 3631 989 3685 potest
1035 3622 1185 3674 aliter
1231 3638 1398 3673 rerum
1440 3637 1635 3674 summa
1661 3623 1906 3675 consiste-

318 3707 386 3743 re.
413 3689 653 3745 Beiram.
689 3705 736 3745 et
773 3701 899 3750 vett.
935 3694 1084 3759 cdd.,
1114 3710 1310 3746 summa
1350 3693 1462 3760 ipsa
1485 3703 1733 3745 constare.
1771 3692 1901 3747 Βωι.

383 3761 645 3816 Constare.
682 3763 832 3817 Adde
863 3773 1104 3834 potestas,
1138 3777 1190 3817 ut
1216 3766 1413 3834 legitur
1441 3766 1494 3817 in
1525 3767 1722 3833 optima
1740 3763 1896 3819 Colo-

319 3833 484 3886 niensi
512 3835 641 3887 edit.
672 3835 795 3888 anni
831 3833 989 3889 15M.

387 3903 630 3961 Pertinet.
668 3905 744 3958 lta
795 3907 964 3960 codex
1000 3906 1208 3960 Rohan.
1235 3917 1286 3960 et
1315 3905 1620 3976 Sangertn.;
1665 3915 1720 3960 at
1771 3922 1902 3961 mss.

318 3981 645 4046 rect-tutiores
675 3992 797 4030 cum
819 3978 996 4042 editis,
1029 3980 1299 4046 pertineat.

386 4045 566 4103 Cuuei.
585 4047 800 4102 Canens
829 4060 943 4102 erat
971 4050 1257 4103 multitudo
1287 4049 1510 4102 militum
1543 4049 1614 4103 ita
1642 4050 1906 4104 collocata

317 4131 372 4172 ut
398 4121 548 4174 initio
573 4130 717 4174 esset
744 4131 988 4189 angus-ta,
1017 4131 1074 4176 et.
1128 4121 1376 4189 paulatim
1407 4121 1746 4174 dilatat'etttt'.
1784 4119 1904 4175 Vid.

317 4190 556 4246 Turneb.
586 4191 651 4245 ad
683 4192 906 4258 Quintil.
943 4209 955 4246 I
987 4193 1118 4246 lust.
1168 4192 1253 4247 15.
1301 4192 1464 4246 Plena
1497 4209 1656 4247 lita-nu
1680 4193 1910 4247 Pitiscus

316 4273 562 4317 auctores
592 4263 720 4317 citat
745 4264 800 4317 in
843 4263 1008 4319 Thes.
1069 4266 1248 4334 Autiq.
1291 4265 1547 4330 uernam,
1575 4272 1711 4320 tom.
1747 4280 1783 4329 ι,
1815 4263 1909 4319 fol.

317 4334 438 4389 607.
469 4335 752 4390 Bassum.

392 4405 717 4460 Diversitute.
751 4406 877 4461 Mss.
907 4407 1097 4462 decem
1144 4415 1349 4462 recent.
1383 4406 1720 4473 diversitates,
1771 4407 1915 4462 inter

319 4493 454 4548 quos
474 4476 690 4534 Rohan.
717 4477 1040 4532 Diuersitates
1063 4477 1223 4533 etiam
1257 4478 1418 4531 habet
1447 4479 1594 4532 Subl.
1619 4478 1706 4532 ed.

395 4547 571 4604 Tatius
586 4566 797 4604 summa!
825 4567 965 4603 cura.
988 4552 1076 4605 Sic
1095 4566 1227 4602 mss.
1251 4561 1302 4603 et
1334 4549 1510 4615 Subl.,
1539 4548 1724 4604 Venet.
1751 4549 1910 4613 1671,

322 4620 408 4675 97.
445 4619 581 4674 Vide
614 4623 769 4676 intra.
799 4621 860 4675 L.
888 4639 923 4685 ι,
957 4639 985 4677 c
1016 4623 1067 4676 5.
1104 4623 1268 4675 Deum
1296 4632 1450 4674 vocat
1493 4637 1704 4674 summa:
1754 4622 1913 4675 totius

322 4694 612 4762 artiﬁcem;
655 4693 792 4764 Epit.
841 4710 888 4749 c.
931 4697 985 4760 4,
1039 4694 1192 4747 totius
1242 4709 1456 4747 summie
1498 4693 1909 4764 gubernatorem.

1486 4763 1769 4818 Bassum.

393 4834 525 4890 Tale
557 4846 653 4901 est,
690 4839 841 4907 quale
871 4837 934 4889 si.
968 4834 1063 4890 Hic
1088 4835 1305 4905 elegans
1348 4837 1661 4889 vocularum
1690 4844 1909 4894 urmter-

324 4907 521 4962 missus
552 4924 678 4962 usus
697 4926 722 4960 a
769 4909 1116 4976 scriptoribus
1146 4908 1212 4961 dc
1259 4907 1550 4975 particulis,
1586 4908 1623 4962 l.
1657 4923 1730 4966 ιιι,
1757 4922 1804 4961 c.
1838 4909 1909 4961 ὃς

323 4977 451 5032 Tale
480 4990 571 5040 est,
607 4984 870 5050 pro/ecta,
904 4981 1054 5047 quale
1098 4982 1143 5032 si
1183 4979 1430 5032 disserere
1472 4979 1703 5034 velimus.
1738 4979 1911 5050 ι..)τι,

326 5071 372 5105 c.
421 5053 522 5106 15:
554 5049 832 5116 Quod’tule
857 5064 962 5114 est,
995 5051 1146 5118 quale
1183 5053 1227 5104 si
1258 5052 1450 5113 uelint;
1496 5068 1615 5121 Cap.
1667 5051 1762 5105 '16:
1803 5049 1914 5105 Hoc

327 5140 441 5177 vero
466 5123 570 5176 tale
601 5135 696 5190 est,
724 5124 875 5192 quale
900 5122 946 5176 si
973 5123 1218 5176 dicerent.
1256 5122 1532 5176 Bassum.

401 5193 619 5262 Quibus.
653 5196 881 5263 Etegaus
911 5195 1066 5248 lectio
1106 5193 1362 5247 Gronovii
1413 5195 1693 5262 siquidem,
1723 5209 1913 5262 quam-

331 5269 405 5320 vis
426 5282 622 5320 omnes
646 5282 775 5319 mss.
803 5275 854 5319 et
881 5265 1004 5318 edd.
1036 5263 1217 5332 quibus
1255 5265 1505 5321 habeant.
1539 5265 1760 5319 Videtur
1788 5288 1914 5320 ταυ-

327 5341 496 5399 τὸτης,
538 5339 742 5405 quibus,
787 5337 836 5390 id
890 5346 973 5391 est
1011 5335 1299 5404 a/fecttbus,
1331 5337 1635 5391 commoveri
1658 5338 1724 5391 ad
1754 5337 1915 5403 αηρε-

326 5422 426 5463 tus.
448 5412 722 5464 Bassum.

399 5481 534 5534 Item
561 5481 712 5533 multi
763 5483 1003 5550 affectus,
1033 5480 1214 5546 quibus
1269 5481 1594 5541 connuoveri,
1641 5490 1746 5534 etc.
1796 5479 1915 5536 Non

328 5565 482 5622 negat
511 5569 633 5605 cum
661 5551 857 5606 Stoicis
883 5552 1188 5605 Lactantius
1243 5552 1438 5605 multos
1465 5568 1586 5606 esse
1615 5554 1665 5605 in
1701 5553 1916 5607 homine

324 5625 572 5681 allectus.
609 5622 806 5690 quibus
834 5638 1272 5676 commoveantur
1295 5642 1307 5676 :
1332 5624 1422 5676 sed
1445 5635 1601 5693 negat
1633 5625 1768 5678 bene
1799 5625 1913 5679 col-

329 5697 440 5765 ligi,
480 5695 676 5747 inultas
704 5710 825 5750 esse
858 5697 908 5748 in
941 5695 1155 5748 homine
1184 5704 1411 5759 mentes,
1437 5700 1557 5765 quia
1615 5696 1721 5748 sint
1750 5696 1799 5747 itt
1826 5711 1912 5760 eo,

327 5779 382 5820 ιιι
409 5771 554 5818 varia
588 5768 881 5820 ministeria
913 5767 1299 5830 membrorum,
1334 5768 1400 5819 ita
1433 5777 1484 5820 et
1513 5768 1662 5821 mttlti
1695 5766 1917 5823 allectus

325 5839 396 5894 ab
425 5852 530 5891 una
580 5839 880 5907 eademque
920 5838 1128 5906 origine
1179 5845 1306 5891 sunt
1348 5839 1642 5908 repetendi.
1705 5839 1760 5892 In
1812 5853 1912 5893 ms.

328 5912 568 5967 Gronov.
595 5909 806 5982 legitur;
828 5908 958 5966 Item
976 5909 1122 5963 multi
1141 5910 1380 5982 affectus,
1411 5911 1454 5964 si
1479 5912 1678 5981 quidem
1696 5925 1917 5966 canona-

1991 2329 2094 2384 veri
2116 2330 2334 2386 solemus
2356 2334 2442 2386 uel
2467 2335 2537 2387 ad
2563 2334 2718 2399 iram,
2749 2342 2853 2389 etc.
2885 2333 2989 2390 Sed
3022 2343 3209 2389 contra
3243 2333 3405 2389 ﬁdem
3456 2334 3590 2390 aiio-

1994 2417 2112 2455 rum
2143 2418 2299 2457 mss..
2323 2420 2460 2460 unus
2485 2421 2584 2460 ms.
2617 2405 2765 2472 Lips.
2821 2407 2980 2460 habet
3003 2409 3152 2459 multi
3207 2410 3442 2475 effectus,
3472 2417 3584 2462 etc.

2068 2491 2372 2549 Tantarum.
2403 2500 2564 2564 Quasi
2589 2499 2738 2551 dicas
2762 2498 3060 2551 multarunt.
3121 2499 3248 2553 Htcc
3291 2499 3457 2551 dictio
3491 2515 3595 2555 non

1997 2566 2440 2635 tnugnitudmctn.
2468 2574 2558 2622 sed
2588 2570 2990 2623 multitudinem
3022 2569 3124 2622 hoc
3154 2572 3274 2623 loco
3304 2571 3590 2638 signiﬁed,

1997 2646 2048 2688 ιιι
2085 2640 2175 2690 tiat
2201 2640 2483 2693 antithesis
2522 2641 2586 2693 ad
2615 2641 2744 2694 illud
2795 2658 2936 2705 una;
2988 2643 3054 2694 ita
3105 2639 3306 2694 Graecis
3350 2649 3593 2710 τοιοῦτος,

1999 2710 2306 2780 promiscue
2351 2711 2612 2780 signiﬁcat
2650 2753 2665 2778 ,
2719 2722 2797 2764 tot
2827 2754 2841 2774 ,
2897 2723 2949 2765 (ιι
3007 2722 3193 2765 tantus.
3233 2712 3308 2765 Ex
3339 2712 3493 2766 [su-:0.
3525 2744 3596 2752 ——

1999 2779 2283 2834 Tantarum
2347 2779 2536 2836 rerum.
2612 2783 2669 2837 Id
2737 2794 2856 2849 est,
2890 2793 2988 2850 tot,
3020 2794 3123 2837 la-rn
3171 2785 3485 2851 .ltl-ttllat‘ﬂttl,
3540 2785 3593 2838 in

2001 2868 2191 2920 appos.
2226 2871 2330 2906 una
2361 2872 2520 2908 mens.
2555 2855 2711 2924 Saepe
2749 2854 3057 2909 Lactantius
3090 2857 3124 2908 I.
3174 2872 3228 2917 γ,
3255 2870 3306 2909 c.
3341 2856 3427 2920 15,
3451 2866 3596 2909 tanta

2003 2925 2280 2997 hominum
2307 2926 2491 2979 millia.
2547 2926 2635 2981 Sic
2689 2927 2724 2980 Ι.
2770 2943 2849 2994 ιιι,
2883 2945 2929 2979 c.
2966 2927 3062 2989 i9,
3095 2937 3286 2997 quanta
3330 2927 3595 2981 hominum

2004 2995 2202 3067 millia,
2238 2996 2287 3048 id
2342 3007 2454 3062 est,
2483 3015 2635 3067 quam
2662 2999 2839 3052 multa.
2887 3039 2901 3052 .
2947 3041 2958 3052 .
2988 2995 3213 3051 Tertull.
3273 2998 3495 3067 Apol-ag.
3544 3014 3592 3052 c.

2005 3067 2076 3121 5'0
2107 3087 2118 3119 :
2154 3066 2311 3121 Multi
2354 3066 2501 3138 apud
2531 3086 2617 3123 ros
2638 3070 2706 3122 ad
2742 3071 3068 3123 tolerantiam
3093 3070 3289 3124 dolatis
3330 3081 3375 3120 et
3417 3066 3596 3125 mortis

2009 3139 2299 3192 hortantur.
2346 3181 2358 3192 .
2403 3181 2414 3192 .
2442 3157 2531 3194 nec
2559 3153 2726 3195 tamen
2765 3153 2931 3195 tantos
2980 3143 3240 3195 inveniunt
3292 3140 3441 3194 verba
3486 3141 3593 3194 dis-

1929 3188 1975 3251 C
2007 3210 2226 3276 cipulos,
2259 3223 2474 3283 quantos
2502 3214 2773 3266 christiani
2793 3215 2946 3284 factis
2971 3215 3217 3267 docendo.
3245 3213 3521 3269 Busan/tu.

2079 3301 2228 3356 Mens
2258 3321 2383 3359 una.
2411 3305 2500 3359 Sic
2526 3305 2746 3368 habent,
2780 3316 2833 3359 et
2861 3305 3073 3371 quidem
3103 3315 3270 3368 recte,
3298 3321 3424 3358 cum
3449 3313 3598 3358 vete-

2005 3374 2157 3429 ribus
2185 3376 2438 3429 Itonian-is
2465 3376 2795 3429 editiooibos
2821 3386 2876 3431 et
2928 3377 2994 3431 Is.
3029 3376 3245 3446 Sparte,
3269 3391 3332 3429 ac
3379 3376 3415 3428 2
3444 3376 3594 3444 Lips.

2005 3447 2218 3499 Codices
2253 3462 2380 3500 mss.
2407 3464 2639 3512 (times;
2668 3449 2886 3513 dempto
2911 3465 3017 3501 uno
3059 3450 3227 3515 tteg-io
3256 3462 3364 3504 rec.
3398 3449 3450 3500 in
3493 3463 3599 3513 quo

2005 3527 2088 3570 est
2114 3534 2251 3571 mens
2285 3519 2531 3580 humana,
2563 3521 2694 3572 utin
2725 3519 2884 3572 editis
2925 3535 3040 3574 sex.
3093 3521 3160 3572 At
3199 3534 3327 3571 mss.
3371 3534 3433 3571 ac
3484 3528 3592 3572 vet.

2006 3588 2272 3642 editorum
2293 3591 2577 3643 lect-limem
2597 3605 2794 3660 scopas
2817 3589 3357 3659 Lactantiipostulat;
3390 3606 3509 3642 naut
3541 3598 3599 3643 ut

2008 3661 2198 3730 probet
2227 3662 2294 3713 ab
2317 3677 2424 3714 uno
2459 3661 2566 3715 Deo
2595 3672 2702 3714 tam
2752 3664 2948 3715 mult-as
2977 3677 3063 3715 res
3110 3662 3437 3714 sullicienter
3484 3660 3597 3728 regi

2009 3747 2188 3801 posse.
2216 3733 2354 3786 inter
2380 3733 2512 3786 alias
2539 3733 2918 3787 similitudines
2944 3743 2997 3787 et
3028 3731 3164 3785 hanc
3191 3731 3428 3794 adducit,
3452 3731 3596 3802 quod

2007 3820 2110 3856 una
2139 3821 2278 3857 mens
2303 3820 2492 3859 omnes
2517 3815 2573 3859 et.
2623 3815 2726 3857 tam
2758 3806 2932 3859 varias
2979 3803 3221 3875 Corporis
3246 3806 3486 3858 actiones
3517 3818 3602 3857 rc-

2007 3888 2118 3945 gat.

2084 3971 2276 4025 Simul.
2308 3972 2435 4026 Mss.
2475 3975 2561 4036 1³8,
2596 3975 2767 4038 semel,
2801 3973 3011 4027 vitiose.

2085 4043 2322 4116 Singulis
2350 4044 2495 4098 rebus
2526 4062 2584 4097 ac
2632 4049 2878 4113 partibus.
2915 4047 2985 4100 Ita
3034 4046 3215 4116 legunt
3246 4060 3432 4100 omnes
3465 4059 3596 4116 mss.

2012 4123 2066 4168 et
2089 4114 2360 4184 impressi,
2387 4133 2521 4184 quiis
2549 4118 2732 4171 videre
2774 4117 2987 4184 quidem
3021 4114 3189 4171 licuit.
3243 4117 3297 4170 Ιιι
3333 4135 3432 4169 ms.
3467 4114 3603 4171 Gro-

2015 4201 2139 4239 nov.
2161 4196 2283 4240 erat
2307 4189 2525 4258 singulis
2551 4189 2700 4242 rebus
2739 4206 2798 4241 ac
2828 4190 3070 4258 partium,
3096 4205 3216 4241 t'ttm
3247 4189 3612 4256 Sttpet'scripla

2015 4258 2276 4328 littera,ut
2295 4261 2516 4328 partitim
2534 4261 3048 4315 videreturVolnisse
3072 4261 3311 4314 scribi-rc
3332 4259 3603 4313 lzlll'ttl‘lllS.

2015 4327 2274 4402 Suspicor
2297 4332 2477 4396 luisse,
2511 4333 2583 4384 ita
2601 4349 2685 4385 eos
2713 4347 2928 4396 prmesse
2979 4333 3193 4402 singulis
3228 4331 3372 4384 rebus
3399 4347 3458 4383 ac
3481 4347 3610 4402 par-

2017 4401 2170 4465 titim,
2201 4400 2303 4456 hoc
2341 4412 2445 4465 est,
2477 4417 2573 4473 per
2602 4413 2807 4473 partes,
2837 4400 3137 4459 distributis
3175 4405 3432 4474 partibus.
3465 4401 3610 4456 Gno-

2017 4485 2228 4527 ιιονιυε.

1940 4582 1994 4643 D
2095 4565 2161 4643 I_J_t
2190 4575 2377 4643 tamen.
2412 4565 2501 4623 Sic
2528 4569 2869 4643 en'tetiduttun
2901 4584 2964 4624 cx
2999 4568 3249 4643 omnibus
3285 4582 3418 4643 mss.
3440 4573 3493 4643 et
3521 4580 3615 4617 ve-

2021 4637 2221 4692 teribus
2239 4639 2428 4705 editis;
2459 4649 2652 4707 prmter
2673 4656 2772 4694 ms.
2797 4640 2922 4695 Jun.
2948 4649 3002 4693 ct.
3019 4641 3304 4693 nonnullas
3325 4639 3611 4702 cdttioues,

2018 4709 2070 4762 in
2099 4709 2292 4779 quibus
2325 4712 2545 4781 legitur:
2583 4711 2650 4767 Ut
2677 4711 3026 4777 tuntunt;sed
3058 4713 3215 4765 male.

2093 4805 2282 4862 Potens
2299 4809 2546 4862 omnium.
2584 4809 2927 4880 llcumanntts
2949 4809 3000 4862 in
3027 4810 3062 4860 Α
3076 4825 3162 4876 pp.
3192 4823 3227 4860 ιι
3269 4805 3332 4858 ad
3359 4805 3611 4880 Sympos.

2016 4891 2068 4934 et
2093 4880 2178 4934 hic
2204 4882 2476 4947 rescribit,
2535 4899 2718 4951 parens
2771 4877 3016 4934 omnium.
3072 4880 3348 4951 Lactantio
3394 4876 3614 4951 quidem

2023 4952 2163 5006 Deus
2192 4963 2429 5016 vocatur,
2483 4947 2665 5022 parens
2716 4956 2966 5016 omnium,
3008 4967 3056 5005 c.
3109 4953 3163 5015 5,
3209 4950 3298 5022 lib.
3335 4964 3390 5013 ll,
3425 4963 3473 5002 c.
3521 4947 3612 5009 16,

2017 5023 2112 5077 lib.
2147 5040 2198 5087 ν,
2229 5041 2277 5076 c.
2307 5025 2358 5077 5.
2390 5024 2458 5078 At
2481 5021 2602 5091 uitia
2617 5036 2928 5079 constanter
2967 5037 3156 5076 omnes
3210 5021 3333 5073 libri
3363 5061 3378 5087 ,
3433 5031 3612 5089 potens

2017 5096 2266 5158 omnium,
2300 5107 2352 5149 et
2384 5090 2617 5150 maxime
2643 5097 2730 5151 hic
2779 5097 2845 5150 de
2878 5095 3110 5164 potentia
3139 5093 3228 5164 Dei
3258 5093 3451 5164 agitor,
3481 5090 3614 5164 nihil

2019 5179 2098 5220 est
2128 5168 2459 5221 I'nutantlum.
2492 5168 2644 5222 Patet
2673 5162 2896 5235 epriI’.
2926 5169 2975 5218 h.
3012 5167 3046 5218 Ι.
3071 5180 3119 5217 c.
3145 5162 3207 5216 Ξῖ
3245 5163 3437 5216 Nullus
3459 5163 3616 5230 igitur

2020 5255 2192 5292 eorum
2223 5242 2402 5307 poterit
2431 5242 2749 5309 omnipotens
2795 5237 3107 5302 nuncupari,
3157 5237 3294 5309 quod
3340 5244 3412 5288 est
3440 5249 3611 5286 verum

2017 5305 2408 5376 cognomentum
2443 5305 2675 5372 Deiflih.
2709 5327 2739 5362 v
2781 5310 3012 5369 lnstitut,
3043 5324 3092 5362 c.
3113 5305 3436 5361 ﬂlzDens...
3463 5321 3612 5372 quem

2019 5399 2187 5435 rerum
2219 5394 2471 5451 potentem
2502 5384 2777 5451 conﬁteris.
2821 5381 3100 5434 BUNl-IllA-N.

2091 5475 2408 5548 Prwfecerit.
2437 5477 2511 5530 lta
2554 5476 2883 5530 restituimus
2909 5490 2971 5548 ex
3007 5473 3258 5548 omnibus
3289 5471 3456 5526 ferme
3479 5483 3610 5524 mss.

2019 5563 2082 5602 ac
2103 5545 2375 5605 veteribus
2401 5550 2594 5611 editis;
2620 5557 2669 5599 et
2719 5558 2881 5601 recte.
2915 5545 2971 5600 lu
3002 5561 3133 5601 mss.
3162 5547 3197 5600 2
3227 5545 3356 5615 Reg.
3406 5558 3517 5597 rec.
3561 5549 3616 5596 ct

2018 5624 2230 5674 excusis
2260 5637 2389 5681 rec..
2427 5620 2668 5687 prtet'ecit.

2094 5691 2161 5744 Et
2185 5694 2302 5761 ipsi.
2333 5691 2406 5744 Ita
2427 5683 2772 5761 reposuitth
2804 5706 2868 5744 ex
2901 5690 3116 5759 optimis
3143 5704 3276 5761 mss.
3312 5687 3354 5761 2
3380 5687 3532 5754 Reg.,
3573 5683 3610 5737 ‘2

2020 5759 2253 5828 Bonum,
2284 5759 2512 5822 TaxatL,
2540 5766 2572 5815 ὃ
2599 5763 2775 5827 Colb.,
2805 5761 2841 5815 2
2867 5765 3221 5825 lllarolnottt.,
3246 5759 3284 5812 ‘3
3329 5759 3491 5812 Bt‘llll.
3548 5771 3612 5810 ac

2023 5836 2248 5889 vetustis
2280 5835 2407 5890 edit.
2441 5832 2595 5902 Mss;
2627 5835 2659 5888 2'.
2692 5835 2824 5906 lteg.
2869 5852 2976 5892 rcc.
3005 5844 3056 5890 et
3085 5834 3116 5888 9
3149 5831 3276 5888 editi
3312 5831 3532 5896 habent,
3555 5837 3610 5880 ut

2017 5905 2138 5976 ipsi.
