4104 6368
402 4172 449 4217 ΝΑ

402 4220 435 4271 s

388 4274 431 4353 εὲ

565 302 672 361 155

1645 298 1829 362 FIMI.
1874 300 2240 362 LACTANTII
2276 296 2480 362 DIVIN.
2514 294 2759 363 INSTIT.

3755 309 3847 368 I36

564 416 833 474 interdum
859 415 1095 473 divinam
1112 414 1487 472 necessitatem
1512 413 1682 471 Deum
1706 429 1997 489 nuncupat.
2026 419 2157 475 item
2188 422 2237 483 Α
2265 419 2329 473 iis
2359 418 2530 486 libris,
2574 434 2709 489 quos
2755 416 2825 475 de
2868 413 3099 488 Legibus
3143 415 3392 489 scripsit;
3438 416 3507 474 ab
3536 432 3703 490 eoque
3744 424 3848 495 regi

563 511 711 568 Zeno
739 512 974 568 divinam
1001 510 1408 580 naturalemque
1439 509 1633 580 legem.

636 604 838 660 Horum
888 605 1127 659 omnium
1177 601 1465 669 sententia,
1518 603 1766 674 quamvis
1817 604 1890 659 sit
1935 604 2157 670 incerta,

564 697 755 756 eodem
805 708 981 755 tamen
1027 705 1276 768 spectat,
1323 705 1384 753 ut
1431 696 1824 767 providentiam
1855 714 2013 753 unam
2044 713 2166 754 csse

565 792 923 850 consentiant.
977 789 1102 849 Sive
1158 791 1302 847 enim
1351 800 1580 859 natura,
1635 791 1750 847 sive
1792 793 1997 859 aether,
2051 793 2167 847 sive

565 886 726 953 ratio,
749 884 867 940 sive
896 898 1072 953 mens,
1118 883 1231 941 sive
1258 882 1435 941 fatalis
1461 888 1779 953 necessitas,
1828 887 1943 942 sive
1986 885 2166 941 divina

565 979 672 1042 lex,
719 978 836 1035 sive
882 978 1008 1050 quid
1046 978 1189 1035 aliud
1217 979 1454 1046 dixeris;
1489 980 1628 1037 idem
1654 990 1758 1049 est,
1788 978 1931 1051 quod
1955 995 1985 1034 a
2015 980 2170 1036 nobis

566 1071 762 1128 dicitur
799 1073 960 1128 Deus.
1015 1071 1124 1129 Nec
1171 1074 1352 1129 obstat
1395 1074 1813 1145 appellationum
1861 1074 2168 1143 diversitas,

566 1179 689 1220 cum
723 1166 838 1234 ipsa
870 1164 1266 1237 significatione
1290 1166 1357 1222 ad
1389 1183 1554 1222 unum
1603 1167 1782 1222 omnia
1802 1166 2168 1222 revolvantur.

568 1258 909 1322 Aristoteles,
941 1258 1184 1329 quamvis
1214 1275 1398 1315 secum
1444 1263 1562 1330 ipse
1603 1260 1885 1328 dissideat,
1919 1276 1983 1316 ac
2010 1276 2172 1330 repu-

569 1349 787 1420 gnantia
828 1349 929 1405 sibi
976 1359 1032 1405 et
1076 1349 1222 1405 dicat
1245 1361 1301 1407 et
1330 1352 1549 1419 sentiat,
1598 1353 1651 1408 in
1692 1368 1961 1407 summum
1995 1365 2173 1407 tamen

571 1457 734 1498 unam
764 1452 1003 1499 mentem
1035 1444 1237 1499 mundo
1267 1458 1503 1515 praeesse
1552 1453 1796 1501 testatur.
1845 1445 2033 1514 Plato,
2085 1444 2178 1516 qui

571 1537 811 1592 omnium
843 1537 1281 1607 sapientissimus
1303 1538 1596 1609 iudicatur,
1626 1538 1997 1595 monarchiam
2019 1538 2180 1611 plane

530 1656 537 1667 ε
570 1642 866 1703 aperteque
891 1629 1163 1697 defendit;
1213 1647 1316 1687 nec
1359 1630 1582 1699 aethera,
1613 1643 1707 1687 aut
1748 1633 2037 1699 rationem,
2088 1640 2183 1687 aut

515 1738 529 1787 ἢ
572 1734 843 1791 naturam,
866 1725 985 1794 sed,
1015 1735 1072 1782 ut
1099 1735 1206 1795 est,
1238 1726 1405 1784 Deum
1432 1727 1715 1795 nominat;
1739 1728 1807 1782 ab
1828 1743 1896 1783 eo
1923 1727 2180 1783 mundum

536 1854 539 1889 ε
573 1817 716 1877 hunc
774 1820 1068 1890 perfectum
1116 1833 1279 1892 atque
1325 1822 1626 1878 mirabilem
1669 1838 1791 1879 esse
1835 1822 2177 1880 fabricatum.
2212 1844 2262 1904 B
2286 1840 2391 1896 que
2416 1833 2471 1881 et
2509 1824 2734 1881 deorum
2764 1825 3007 1883 omnium
3049 1826 3246 1893 Deum,
3291 1843 3323 1883 a
3347 1844 3458 1900 quo
3493 1829 3593 1884 ista
3636 1830 3857 1899 numina,

574 1914 746 1982 Quem
798 1911 988 1970 Cicero
1040 1922 1260 1971 secutus
1305 1924 1465 1986 atque
1513 1914 1756 1971 imitatus
1804 1916 1860 1971 in
1912 1916 2182 1986 plurimis,

575 2006 749 2064 Deum
777 2004 1090 2080 frequenter
1118 2007 1427 2075 conﬁtetur,
1474 2024 1537 2064 ac
1576 2024 1889 2080 supremum
1940 2018 2097 2067 vocat
2127 2009 2181 2065 in

2267 510 2521 565 mundum
2543 519 2968 581 argumentatur,
2997 526 3119 566 cum
3150 510 3388 582 disputat
3409 509 3478 566 de
3498 510 3694 567 Natura
3723 514 3847 571 deo-

2265 619 2408 668 runt,
2443 604 2544 658 hoc
2572 603 2731 658 modo
2756 621 2771 658 :
2801 621 2820 655 ‹
2846 604 2986 658 Nihil
3017 612 3100 659 est
3146 604 3486 675 praestantius
3537 605 3678 672 Deo;
3708 605 3772 661 ab
3793 623 3852 666 eo

2267 698 2428 769 igitur
2451 698 2711 754 mundum
2740 700 2850 770 regi
2880 712 3107 755 necesse
3151 706 3254 755 est.
3309 696 3450 753 Nulli
3480 699 3640 770 igitur
3666 709 3743 755 est
3768 716 3854 757 na-

2268 801 2403 846 tura:
2428 791 2684 847 obedieus
2709 800 2798 847 aut
2828 791 3101 861 subjectus
3134 790 3309 858 Deus;
3340 804 3557 846 omnem
3585 806 3710 862 ergo
3730 793 3856 864 regit

2270 884 2385 954 ipse
2409 894 2674 940 naturam.
2709 905 2727 938 ι
2756 884 2891 953 Quid
2918 893 3095 941 autem
3118 884 3189 940 sit
3216 884 3380 950 Deus,
3409 882 3463 939 in
3495 883 3856 945 Consolatione

2271 976 2461 1033 deﬁnit
2485 995 2496 1030 :
2529 998 2549 1030 ι
2575 976 2685 1033 Nec
2711 993 2842 1033 vero
2869 978 3010 1033 Deus
3037 979 3173 1048 ipse,
3196 978 3286 1049 qui
3309 978 3627 1050 intelligitur
3645 995 3674 1034 a
3697 980 3856 1050 nobis,

2273 1068 2381 1123 alio
2405 1068 2567 1125 modo
2596 1068 2825 1140 intelligi
2854 1078 3051 1140 potest,
3081 1069 3183 1125 nisi
3212 1085 3365 1126 mens
3415 1071 3593 1127 soluta
3635 1056 3860 1143 qundam

2274 1168 2330 1215 et
2371 1160 2561 1229 libera,
2608 1172 2886 1234 segregata
2932 1163 3002 1219 ab
3041 1162 3192 1218 omni
3243 1166 3596 1222 concretione
3640 1167 3856 1237 mortali,

2274 1258 2453 1311 omnia
2481 1259 2720 1313 sentiens
2750 1274 2814 1314 ac
2842 1275 3085 1316 movens.
3127 1280 3147 1314 ι

2348 1349 2585 1405 Annaeus
2612 1366 2826 1422 quoque
2857 1352 3062 1408 Seneca
3087 1393 3103 1420 ,
3128 1353 3218 1423 qui
3242 1369 3308 1410 ex
3336 1353 3599 1412 Romanis
3623 1355 3707 1412 vel
3731 1371 3866 1415 acer-

2279 1447 2452 1503 rimus
2480 1446 2699 1501 Stoicus
2728 1447 2851 1516 fuit,
2894 1464 3054 1519 quam
3086 1462 3233 1520 saepe
3261 1465 3533 1507 summum
3566 1452 3728 1508 Deum
3763 1468 3864 1511 me.

2281 1540 2384 1597 rita
2412 1540 2569 1596 laude
2596 1540 2974 1613 prosequitur!
3004 1541 3139 1599 Nam
3160 1559 3283 1599 cum
3313 1545 3383 1601 de
3410 1546 3690 1604 immatura
3711 1557 3866 1607 morte

2281 1635 2607 1692 dissereret:
2634 1655 2654 1688 ‹
2666 1636 2781 1691 Non
2801 1637 3078 1710 intelligis,
3097 1637 3292 1710 inquit,
3305 1641 3678 1698 auctoritatem
3694 1657 3753 1699 ac
3770 1658 3866 1697 ma-

2279 1730 2534 1799 jestatem
2557 1730 2754 1802 judicis
2786 1732 2884 1798 tui,
2925 1741 3193 1790 rectorem
3236 1733 3386 1790 orbis
3416 1742 3696 1804 terrarum,
3733 1735 3866 1792 cadi-

2289 1935 2411 1990 qure
2436 1920 2645 1990 singula
2676 1919 2988 1987 adoramus,
3018 1931 3072 1977 et
3098 1922 3361 1991 colimus,
3396 1937 3658 1996 suspensa
3682 1932 3815 1981 sunt.
3840 1941 3858 1976 ι

2290 2011 2423 2068 Item
2452 2011 3022 2083 in,Exbortationibus
3049 2032 3064 2069 :
3094 2032 3113 2070 t
3138 2014 3273 2083 Hic,
3313 2032 3437 2073 cum
3478 2017 3648 2089 prima
3695 2016 3863 2075 funda-

1905 2147 2271 2208 VARIORUM
2298 2149 2534 2207 NOTAE.

577 2287 770 2329 rarum.
802 2268 878 2326 Ita
907 2267 1120 2330 Cicero.
1164 2269 1199 2323 l.
1236 2286 1249 2324 l
1305 2268 1375 2325 de
1401 2268 1520 2324 Nat.
1555 2268 1708 2324 deor.
1754 2266 1887 2323 Vide
1917 2266 2176 2332 Aristot.,

579 2356 711 2399 tom.
745 2359 812 2407 tt;
845 2342 998 2399 Stob.
1030 2342 1081 2395 in
1107 2341 1289 2413 Eclog.
1321 2341 1514 2414 Phys.,
1540 2356 1590 2396 c.
1612 2340 1671 2405 2;
1691 2340 1985 2411 Diogenem
2018 2339 2183 2396 Laer—

579 2415 709 2472 tium
731 2457 744 2476 .
773 2416 809 2469 l.
841 2431 933 2468 vu.
967 2414 1213 2471 ELIENH.

652 2486 813 2542 Zeno.
835 2487 970 2546 Εἰς..
1003 2487 1037 2540 l.
1074 2502 1087 2540 ι
1117 2486 1185 2541 de
1213 2483 1337 2540 Nat.
1367 2484 1543 2550 deor.,
1567 2500 1622 2541 c.
1652 2484 1720 2538 14
1753 2500 1766 2537 :
1798 2482 1941 2539 Zeno
1979 2493 2188 2537 natura-

579 2558 677 2615 lcm
722 2559 882 2629 legent
926 2558 1152 2612 divinam
1191 2573 1297 2612 esse
1338 2569 1538 2621 censet;
1570 2572 1779 2623 eamque
1812 2557 1916 2629 sint
1962 2554 2188 2629 obtinere

578 2642 717 2686 recta
742 2628 1094 2700 imperantem,
1121 2629 1565 2699 prohibentemque
1591 2628 2051 2700 contrariaLtttque
2080 2628 2186 2681 alio

582 2703 694 2758 loco
738 2698 930 2757 (ethera
956 2698 1127 2755 Deam
1161 2716 1269 2755 esse
1314 2698 1829 2766 dicit;’testantibus
1872 2698 2089 2753 Laertio
2132 2706 2189 2753 et

583 2774 908 2838 Plutarcho,
936 2787 1095 2842 quem
1140 2770 1335 2826 deinde
1378 2772 1671 2826 Cleanthes
1701 2771 1819 2840 ejus
1863 2769 2077 2842 auditor
2105 2777 2189 2842 est

583 2855 820 2901 secutus.
854 2840 1003 2898 Zeno
1030 2852 1210 2899 autem
1256 2842 1347 2899 ille
1389 2842 1668 2899 Cittiensis
1696 2842 1897 2899 Stoica:
1937 2840 2188 2897 factionis

586 2918 840 2988 princeps
860 2916 977 2969 fuit.

662 2982 990 3052 Nec'obstat,
1040 2995 1148 3042 etc.
1192 2986 1309 3041 Huc
1354 2986 1980 3058 apprimeuconveniunt
2018 2982 2183 3039 verba

586 3059 646 3115 S.
681 3059 957 3132 Cypriani,
986 3058 1054 3132 d_e
1081 3057 1347 3112 hlolorum
1391 3056 1561 3132 cultu.
1600 3056 1733 3132 Nec,
1763 3058 2188 3132 inquit,l_nonten

2288 2278 2423 2343 tare,
2455 2285 2522 2325 ne
2553 2277 2769 2343 postea,
2803 2268 2893 2343 ubi
2918 2267 3061 2343 idem
3104 2270 3369 2343 recurrit,
3417 2286 3671 2343 cogamur
3697 2272 3863 2330 eadem

2287 2340 2789 2418 oberrarechorda.
2813 2338 2998 2411 Itaque
3016 2341 3071 2418 in
3088 2342 3421 2418 adorationis
3442 2338 3544 2399 ritu
3560 2361 3770 2418 manum
3794 2343 3863 2418 ori

2288 2412 2569 2469 admoveri
2616 2412 2832 2467 solitam
2882 2412 3135 2469 omnibus
3173 2413 3281 2483 jam
3315 2423 3526 2471 uotum.
3559 2415 3785 2471 Brisson.
3811 2415 3867 2471 de

2290 2483 2472 2539 Forut.
2525 2493 2677 2538 notat
2725 2485 2898 2539 locum
2949 2483 3241 2539 admodum
3290 2485 3624 2543 luculentum
3654 2489 3718 2541 ad
3744 2488 3865 2543 banc

2291 2572 2406 2612 rem
2435 2555 2834 2625 explicandam,
2869 2571 3075 2627 nempe
3096 2556 3345 2617 Luciani.
3372 2559 3515 2626 quod
3537 2572 3590 2615 et
3624 2560 3869 2627 Dempste-

2292 2643 2389 2684 rus
2415 2628 2483 2683 ad
2510 2628 2695 2683 Bosin.
2729 2627 2934 2682 notavit
2962 2642 3027 2684 ex
3051 2626 3284 2695 Apuleio
3317 2628 3570 2685 Milesiar.
3607 2631 3637 2685 4
3662 2646 3676 2689 :
3705 2626 3768 2685 Et
3790 2629 3868 2683 ad-

2293 2710 2546 2754 moventes
2574 2698 2746 2773 Oribns
2772 2700 2877 2753 suis
2899 2699 3183 2773 dexteram,
3219 2701 3382 2770 priuri
3404 2701 3571 2773 digito,
3585 2704 3642 2773 in
3671 2714 3866 2758 erectum

2296 2772 2530 2841 pollicem
2560 2772 2832 2833 residente,
2856 2780 2911 2824 ut
2943 2771 3111 2839 ipsam
3138 2788 3350 2839 prorsus
3378 2771 3525 2827 deam
3556 2771 3783 2828 Venerem
3802 2788 3869 2828 rc-

2295 2844 2492 2910 ligiosis
2543 2842 2928 2896 adorationibus
2974 2842 3369 2897 venerabantur.
3415 2843 3598 2911 Idem,
3640 2844 3865 2913 Λυσιας..

2295 2914 2552 2969 adorandi
2583 2915 2752 2981 gratia
2786 2929 2996 2968 manum
3034 2914 3195 2969 labris
3234 2915 3528 2972 admovere.
3589 2917 3746 2972 Recte
3786 2914 3868 2969 ob-

2294 2988 2532 3042 servavit
2572 2986 2871 3043 Sdutasius
2901 2986 3125 3040 exercit.
3161 2985 3326 3053 Plin.,
3372 3004 3425 3057 p.
3457 2988 3582 3049 936.
3613 2989 3869 3042 adorantes

2295 3059 2348 3113 in
2369 3059 2620 3113 dextrum
2652 3058 2791 3111 latus
2813 3071 3012 3128 corpus
3030 3057 3400 3128 circumagere
3424 3062 3633 3115 solitos.
3656 3059 3864 3114 Plinius:

587 3132 687 3187 Dei
727 3126 963 3199 quaeras;
994 3127 1135 3184 Deus
1160 3146 1343 3184 nomen
1382 3140 1453 3184 est
1486 3130 1585 3184 illi.
1618 3128 1739 3183 Illic
1761 3126 2023 3201 vocabulis
2043 3142 2189 3201 ‘opus
2217 3129 2261 3192 C
2295 3128 2363 3184 In
2396 3129 2686 3192 adoranda,
2720 3126 2980 3183 dexteram
3006 3126 3352 3201 adhoscnlum
3396 3134 3676 3201 referimus,
3704 3141 3866 3183 totum-

588 3215 683 3267 esl,
707 3196 792 3258 ubi
823 3203 1045 3274 prapriis
1066 3201 1471 3274 appellationum
1498 3202 1782 3274 insignibus
1807 3196 2192 3274 multitudo'di-

591 3270 830 3330 rimenda
846 3270 940 3330 est.
971 3270 1111 3339 Deo,
1136 3270 1224 3345 qui
1249 3273 1388 3328 solus
1415 3283 1511 3341 est,
1555 3270 1653 3327 Dei
1687 3270 1993 3327 vocabulum
2030 3279 2194 3325 totum

592 3357 665 3405 est
673 3390 687 3403 .

661 3418 979 3475 Aristoteles.
1014 3416 1148 3473 Vide
1189 3416 1448 3483 Aristot.,
1484 3415 1578 3472 lib.
1607 3432 1625 3472 ι
1657 3413 1957 3486 Metapbys.
2005 3429 2128 3486 cap.
2163 3412 2199 3469 ὅ

592 3501 647 3548 et
672 3492 727 3554 ὧς
751 3489 951 3553 Cicer.,
994 3490 1087 3545 lib.
1114 3506 1129 3545 I
1152 3488 1218 3544 de
1257 3487 1456 3543 Natura
1484 3486 1734 3552 deorum;
1767 3484 1959 3541 Mittin.
1993 3484 2194 3552 Felic.,

595 3564 810 3629 Octav.,
835 3563 926 3619 ubi
951 3562 1158 3619 videbis
1178 3571 1438 3632 quantum
1465 3559 1820 3631 pltilosOphus
1836 3559 1965 3614 illea
1989 3572 2051 3613 se
2079 3557 2198 3627 ipso

594 3634 876 3693 dlSSilleill.

665 3708 734 3763 In
774 3723 1030 3762 summum
1081 3715 1248 3761 tamen
1277 3721 1436 3760 unam
1477 3712 1697 3758 mentem
1743 3702 1936 3757 mundo
1982 3714 2203 3768 prceessc

597 3790 830 3836 testatur.
867 3780 940 3834 De
972 3779 1259 3833 Aristotele
1283 3777 1547 3846 loquitur,
1579 3789 1738 3846 quem
1766 3790 1832 3846 ex
1864 3789 1896 3828 ιι
1938 3771 2006 3827 de
2033 3770 2202 3826 Gene-

596 3861 703 3908 ral.
734 3868 800 3907 ex
818 3858 892 3905 xit
924 3848 1246 3916 Divinarum,
1266 3864 1333 3902 ex
1363 3845 1415 3901 ε.
1449 3849 1477 3901 7
1511 3846 1674 3900 libelli
1697 3845 1766 3900 de
1786 3845 2200 3916 Mundo,unum

599 3923 767 3978 Deum
797 3921 1030 3975 sensisse
1055 3915 1288 3975 constat.
1306 3917 1439 3973 Vide
1457 3917 1746 3987 Scaliger.,
1777 3916 1844 3971 de
1870 3915 2198 3982 Subtilitate,

602 3994 668 4049 ad
701 3994 931 4048 (λιιι-(1³η.
965 3990 1250 4047 exercitat.
1284 3990 1416 4045 565.
1453 3991 1636 4044 lsaus.

673 4063 851 4119 Plato.
888 4063 1151 4118 Minucius
1183 4061 1334 4117 Felix
1366 4079 1379 4114 :
1414 4059 1626 4114 Platoni
1654 4060 1707 4114 in
1741 4058 1938 4114 Timwo
1959 4057 2097 4114 Deus
2126 4066 2202 4114 est

602 4138 718 4206 ipso
745 4135 948 4197 nomine
976 4133 1153 4189 mundi
1182 4131 1730 4206 parens.APla_to,|ibro
1759 4148 1811 4187 IV
1833 4130 2164 4206 de_Li'gi|)US
2187 4147 2200 4184 :

604 4201 763 4272 δ’θεὸς
781 4211 871 4282 μὲν
893 4201 1230 4282 adiungam},
1246 4214 1302 4282 ει
1319 4203 1661 4282 ittSttphislu,
1675 4205 1881 4282 πάντῳν
1895 4201 2206 4282 δημιουριχρν

605 4275 879 4353 appellat.
895 4277 1486 4353 Platonis_th_eologiam
1509 4278 1785 4330 examinat
1804 4277 1860 4331 S.
1882 4275 2200 4346 August.“-

605 4353 705 4408 bro
732 4350 823 4408 vut
851 4352 920 4407 de
943 4351 1105 4406 Civit.
1137 4350 1252 4405 Dei.

682 4425 991 4489 Sttprentum
1022 4431 1183 4476 vocat.
1216 4422 1364 4475 Plato
1387 4418 1481 4475 lib.
1517 4433 1536 4474 ι
1566 4416 1633 4473 de
1658 4416 1846 4484 Legib,
1886 4425 1940 4473 et
1960 4417 2055 4472 lib.
2090 4433 2149 4473 ιι.

608 4499 637 4581 ξ.
679 4492 1155 4581 Delepibusﬂuos
1175 4493 1389 4576 scripsit
1411 4491 1599 4581 Cicero
1630 4490 1788 4581 patltlo
1805 4498 1930 4571 ante
1953 4497 2203 4581 mortem:
2235 4519 2288 4581 Β

607 4571 651 4627 ᾗ
682 4561 925 4623 ΝἰΙιιῐειι
956 4561 1348 4636 praestantius...
1375 4574 1636 4636 naturam.
1674 4561 1803 4636 Haec
1836 4562 2055 4636 singula
2077 4570 2206 4636 sunt

609 4642 722 4713 ipsa
750 4630 1029 4696 Ciceronis
1053 4636 1217 4692 verba
1237 4634 1360 4691 exl.
1394 4651 1431 4690 ιι
1454 4634 1520 4691 de
1548 4634 1669 4689 Nat.
1700 4633 1880 4701 deor.,
1913 4648 1962 4688 c.
1994 4630 2207 4688 50.80-

609 4727 813 4773 NEMAN.

683 4784 751 4840 In
775 4780 1153 4840 Consolatione.
1182 4779 1330 4849 Opus
1352 4776 1734 4849 deperditum;
1773 4774 1869 4832 sed
1900 4774 2022 4831 vide
2047 4775 2204 4832 Cice-

610 4873 798 4915 ronem
829 4855 884 4912 in
915 4871 930 4910 t
960 4848 1310 4909 Tusculanar.
1337 4865 1403 4905 ex
1422 4848 1667 4905 Platone.

687 4927 1233 4997 Quumdeimntatura
1280 4932 1441 4997 morte
1491 4922 1777 4997 dissereret.
1834 4919 1954 4997 ῌοη
2000 4926 2210 4997 esl_su-

613 4989 824 5072 perwstes
846 4999 980 5055 liber
1004 4995 1163 5068 hujus
1187 4994 1420 5072 nominis
1444 5008 1475 5047 a
1505 4994 1710 5072 Seneca
1741 4989 2038 5072 confectus.
2072 4990 2206 5046 Buu.

687 5062 1157 5127 Auctoritatem'ac
1207 5069 1543 5134 majestatem.
1571 5065 1643 5119 Ita
1690 5062 2102 5117 emendavimns
2144 5077 2212 5117 ex

616 5143 868 5200 omnibus
898 5143 1011 5197 fere
1042 5154 1177 5195 mss.
1205 5136 1506 5199 codicibus,
1536 5146 1592 5190 et
1613 5135 2003 5188 vetustioribus
2029 5149 2090 5188 ac
2114 5148 2213 5204 po-

620 5215 848 5272 tioribus
885 5214 1045 5268 editis
1076 5229 1090 5264 :
1122 5211 1174 5265 in
1218 5207 1551 5279 posteriores
1586 5206 2214 5279 irrepsituauctoremjac

618 5287 932 5359 majestatem
951 5299 971 5347 ;
1003 5285 1055 5337 in
1087 5282 1115 5337 l
1316 5294 1454 5341 rec.,
1483 5280 1519 5359 1.
1540 5277 1719 5359 ccum,
1758 5277 1782 5330 1
1812 5276 2003 5342 Brun.,
2035 5277 2217 5332 verita-

619 5348 719 5415 tem
749 5368 793 5412 et
822 5356 1155 5425 majestatem.
1185 5348 1307 5407 Mox
1331 5350 1544 5405 rectoris
1570 5348 1786 5421 legitur,
1819 5363 1918 5419 pro
1947 5359 2214 5417 rectorem,

621 5431 675 5488 in
699 5429 787 5484 ed.
810 5428 1027 5482 Sublac.

697 5500 922 5555 Deorum
949 5497 1175 5551 omnium
1208 5494 1394 5550 Deum.
1421 5494 1587 5549 Recte
1607 5534 1622 5556 ,
1654 5492 1729 5547 ita
1772 5506 1903 5547 mss.
1938 5494 2026 5547 18.
2064 5492 2220 5549 Prius

623 5584 762 5639 erat,
784 5570 992 5626 rectoris
1008 5568 1144 5622 orbis
1164 5577 1413 5623 terrarum
1427 5608 1442 5634 ,
1465 5567 1674 5636 coelique
1698 5574 1743 5620 et
1764 5565 1976 5619 deorum
1995 5566 2222 5620 omnium

624 5644 762 5709 Dei;
790 5642 884 5697 sed
917 5642 1097 5695 minus
1129 5639 1286 5694 bene.

705 5716 834 5783 Qui:
860 5711 1070 5784 singula
1112 5710 1409 5784 adoramus.
1441 5710 1578 5780 Quia
1624 5716 1815 5784 auctor
1863 5718 2051 5784 noster
2076 5722 2225 5779 saepe

629 5781 961 5845 mentionem
992 5784 1124 5840 facit
1150 5781 1513 5850 adorationis,
1548 5782 1761 5837 animus
1790 5791 1866 5837 est
1905 5783 2225 5851 imprmsen-

632 5859 827 5920 tiaram
856 5874 921 5916 ea
951 5873 1073 5932 quae
1098 5856 1165 5914 ad
1195 5853 1530 5913 adorationis
1563 5854 1724 5911 ritum
1754 5854 2028 5927 pertinent
2055 5868 2228 5913 anno.

2297 3219 2395 3269 que
2418 3218 2605 3271 corpus
2626 3201 3040 3272 circumagirnus.
3072 3199 3300 3272 videndi
3333 3199 3558 3260 Plautus
3585 3213 3639 3257 et
3672 3203 3869 3272 Proper-

2298 3275 2423 3329 tius.
2459 3269 2757 3328 Salmasius
2786 3269 3036 3327 in'Flav.
3072 3270 3320 3341 Vospisc.
3356 3273 3502 3330 bunc
3539 3272 3782 3330 adorandi
3809 3269 3868 3325 ri-

2298 3355 2409 3400 tum
2443 3345 2745 3410 esplicans,
2797 3342 2980 3409 docet,
3021 3359 3126 3398 non
3174 3344 3352 3399 solum
3388 3356 3560 3401 totum
3600 3360 3780 3415 corpus
3805 3341 3862 3394 ab

2297 3417 2652 3473 adorantibus
2683 3415 2873 3469 dextra
2900 3416 3190 3486 circumagi
3220 3416 3464 3481 solitum,
3509 3432 3689 3472 verum
3729 3414 3867 3486 etiam

2299 3489 2606 3558 speciatim,
2633 3502 2850 3541 manum
2877 3486 3042 3542 labris
3065 3483 3367 3553 admoveri,
3396 3490 3556 3558 eique
3582 3487 3750 3542 oscula
3775 3483 3866 3552 figi;

2301 3557 2534 3631 hincque
2562 3559 2816 3631 labratum
2855 3558 3085 3613 osculum
3116 3557 3257 3627 ejus,
3287 3564 3380 3630 qui
3406 3557 3748 3616 in’adorando
3768 3571 3868 3611 ma-

2304 3647 2405 3686 nus
2436 3629 2599 3686 labris
2621 3629 2946 3685 admovebat
2966 3640 3128 3698 atque
3150 3629 3514 3689 osculabatur.
3547 3632 3635 3687 Sic
3655 3630 3772 3685 olim
3793 3639 3867 3679 uu-

2303 3705 2447 3758 mina
2473 3718 2569 3757 sua
2589 3744 2602 3766 ,
2628 3704 2708 3757 sic
2739 3703 3096 3771 imperatores
3126 3716 3253 3756 suos
3281 3701 3602 3767 adorabunt,
3641 3710 3695 3758 et
3722 3702 3867 3769 impe-

2303 3786 2541 3829 ratorum
2575 3770 2874 3842 imagines,
2905 3772 3048 3827 baud
3079 3773 3256 3828 minus
3287 3789 3450 3837 quam
3482 3775 3700 3830 deorum
3729 3770 3867 3824 simu-

2303 3848 2469 3901 lacra.
2498 3845 2861 3915 Hieronymus
2891 3843 3154 3900 adversus
3173 3843 3451 3900 Rufiiuum
3481 3863 3494 3900 :
3524 3846 3621 3913 Qui
3659 3845 3867 3915 adorant,

2303 3919 2467 3973 solent
2488 3908 2773 3971 deosculari
2795 3932 3022 3983 manum,
3052 3926 3098 3969 et
3120 3916 3296 3987 capita
3316 3908 3627 3972 submittere.
3652 3916 3794 3987 Plura
3814 3908 3870 3987 de

2307 3990 2411 4044 hoc
2434 4004 2595 4063 more
2611 3988 2819 4063 Lipsius
2843 3991 2896 4063 i_n
2927 3979 3143 4053 Electis,
3171 3979 3263 4063 lib‘.
3297 4004 3355 4057 ιι,
3384 4004 3503 4059 pag.
3528 3989 3619 4047 20;
3644 3986 3729 4043 sed
3755 3979 3870 4063 uitale

2307 4064 2374 4116 ab
2406 4062 2502 4117 illo
2530 4059 2729 4115 ibidem
2767 4059 3027 4128 scriptum
3056 4068 3160 4123 est,
3189 4058 3482 4115 adorantes
3514 4075 3720 4116 manum
3747 4058 3871 4124 prius

2308 4134 2605 4204 porrigere,
2632 4131 2828 4186 deinde
2855 4131 3038 4187 Statim
3066 4130 3133 4186 ad
3156 4145 3219 4204 os
3249 4133 3455 4187 referre
3482 4134 3667 4204 Solitos
3699 4149 3711 4204 ξ
3734 4128 3873 4181 inuno

2307 4202 2494 4260 contra
2524 4203 2818 4269 faciebant,
2845 4218 3063 4258 manum
3097 4202 3243 4257 enim
3273 4204 3532 4265 osculari.
3563 4202 3748 4260 deinde
3773 4205 3870 4249 eam

2309 4290 2500 4331 versus
2530 4276 2676 4329 illum
2704 4290 2866 4346 quem
2900 4274 3221 4346 adorabunt,
3257 4276 3584 4345 protendere
3609 4279 3871 4346 consueve-

2309 4358 2452 4411 rant;
2485 4356 2538 4402 et
2568 4346 2670 4400 iioc
2682 4337 2812 4419 erat
2839 4337 3276 4419 quoddicebant,
3312 4350 3492 4419 oscula
3510 4349 3701 4419 jacere,
3731 4350 3773 4396 et
3799 4337 3873 4419 ba:

2312 4421 2390 4491 sia
2419 4404 2904 4491 jactarelTacitus,
2937 4416 3025 4471 lib.
3058 4434 3072 4472 ι
3108 4404 3293 4491 ῌὶβιῆ.
3318 4404 3543 4491 Δ,ἰίιοιςιιοῖξ
3574 4404 3711 4491 basia
3754 4404 3870 4481 apud

2311 4487 2588 4559 Juvenal.,
2618 4490 2798 4561 Satyr.
2830 4489 2888 4558 4,
2916 4501 2970 4546 et
2996 4489 3140 4559 apud
3166 4487 3481 4559 Pltiedrum,
3512 4490 3602 4559 87,
3634 4487 3719 4544 lib.
3748 4496 3812 4537 v:

2997 4602 3160 4654 lactat.
3175 4604 3312 4655 basia

2496 4690 2722 4754 Tibicen,

2313 4802 2366 4858 id
2396 4810 2481 4858 est
2504 4802 2760 4873 populum
2788 4798 3000 4857 adorat.
3028 4798 3220 4857 Jacere
3246 4807 3427 4857 autem
3441 4795 3685 4873 osculum
3710 4790 3754 4849 is
3773 4797 3872 4873 pro.

2314 4873 2433 4943 prie
2461 4869 2693 4940 dicetur,
2718 4875 2808 4944 qui
2842 4888 3061 4927 manum
3091 4873 3392 4937 ositulatur,
3422 4869 3616 4944 deinde
3639 4880 3748 4944 βτηξι
3768 4871 3872 4944 PQ!“

2315 4927 2440 5011 ii'gi't
2468 4927 2542 5000 ad
2562 4927 2695 5008 eos:
2728 4927 2955 5017 ἧιιοτυιῐι
2997 4944 3189 5017 δοιιοιέί
3222 4959 3287 4999 ac
3324 4927 3656 4999 νέηθτ²¹¹ί⁰¹¹ί
3698 4927 3783 4989 ω
3805 4927 3872 5017 il:

2314 5010 2403 5073 lnd
2454 5016 2696 5072 osculum
2729 5010 2898 5071 {nam
2938 5016 3287 5085 protensione
3319 5030 3540 5079 manus,
3569 5023 3718 5081 quam
3750 5010 3871 5080 ρνιιέε

2317 5097 2473 5144 erant
2505 5088 2765 5155 osculati,
2813 5084 3211 5159 quodammodo
3238 5088 3481 5143 osculum
3506 5088 3697 5159 __ipsu_m
3725 5084 3870 5159 porri:

2316 5176 2465 5231 gere,
2502 5169 2558 5215 et
2591 5152 2798 5231 jactare
2831 5152 2902 5215 ad
2941 5176 3037 5216 eos
3064 5158 3388 5231 videbantur
3430 5156 3618 5225 quibus
3647 5152 3869 5231 hono'retn

2320 5215 2471 5286 illum
2498 5215 2834 5287 deférebaut.
2865 5215 3084 5286 Tacitus
3115 5231 3181 5285 de
3209 5228 3426 5285 Nerone
3449 5215 3692 5283 cantante
3719 5235 3731 5271 :
3758 5215 3870 5270 Pos-

2321 5312 2480 5358 tremo
2507 5320 2639 5373 genu
2663 5304 2850 5373 ﬂexus.
2887 5313 2933 5357 et
2960 5312 3145 5358 ctutum
3169 5301 3320 5355 illum
3351 5316 3506 5373 manu
3528 5300 3771 5351 veneratus
3792 5289 3867 5373 est.

2322 5363 2771 5430 Histrio'nem'ille
2794 5390 2980 5430 verum
3010 5376 3238 5445 agebat:
3269 5382 3326 5428 at
3350 5372 3685 5445 histrionum.
3714 5363 3870 5445 1³³99⁸

2321 5448 2610 5502 mimorum
2631 5457 2685 5503 et
2705 5457 2988 5502 cantorum
3013 5437 3131 5499 nios
3155 5444 3240 5500 hic
3266 5454 3403 5510 erat,
3429 5455 3487 5498 ut
3515 5437 3749 5511 populum
3769 5439 3869 5511 set}:

2322 5500 2447 5574 nam
2468 5500 2693 5589 ingressi
2718 5500 3030 5589 adorarent.
3057 5515 3226 5589 Vetus
3255 5500 3601 5589 epigramma,
3628 5525 3656 5563 a
3678 5500 3869 5575 ΙὝιιιωο

2324 5586 2549 5658 editum,
2579 5599 2640 5646 ut
2660 5589 2844 5647 videre
2872 5599 2958 5645 est
2986 5588 3103 5659 ejus
3127 5587 3221 5643 ιιι).
3246 5604 3297 5643 ιν
3327 5586 3508 5658 Epigr.
3544 5600 3559 5638 :

2451 5723 2718 5787 Ingressus
2740 5735 2939 5774 scenam
2960 5720 3195 5788 populum
3217 5719 3421 5773 saltator
3442 5718 3621 5770 adorat.

2331 5854 2423 5914 Sic
2446 5855 2645 5928 aurigae
2670 5855 2884 5930 flagello
2902 5856 3156 5931 populum
3175 5854 3563 5916 venerabantur
3590 5864 3602 5906 :
3623 5854 3732 5904 cum
3748 5831 3867 5895 εηὶω

3920 6074 4013 6319 il

3936 6282 3957 6320 ι
