4104 6368
106 5876 167 5925 ν,

287 320 394 381 149

541 550 687 569 ⁷⁷⁷⁷⁸-
704 550 798 569 r1"
815 550 908 571 “IT
924 550 1165 573 l."t'“t'""'l
1190 550 1223 559 ’⁷
1252 550 1329 572 "'l”
1351 550 1452 559 ww,

533 583 644 620 Τουτὶ
666 582 762 629 θεὸς,
778 583 889 632 μικρὰ
912 578 953 620 δί
979 583 1059 621 θεοῦ
1084 585 1182 634 μερὶς
1204 580 1351 635 ἄγγελοι
1371 585 1490 634 ἠμιῖς.

279 649 422 707 Nam
462 636 586 723 quis
628 654 804 723 petest
842 655 1106 724 suspicari
1132 640 1201 709 de
1228 654 1359 710 Jove
1385 669 1507 710 esse
1533 654 1767 721 dictum,
1801 656 1891 727 qui

279 757 341 801 et
370 755 597 801 matrem
630 746 851 814 habuit,
880 757 935 803 et
964 748 1200 803 nomen?
1224 747 1361 816 Quid
1388 747 1529 819 quod
1551 791 1564 815 ,
1594 736 1891 804 Merlmrius

278 836 376 893 ille
414 848 496 892 ter
539 828 842 904 maximus,
875 839 1028 910 cujus
1054 854 1214 911 supra
1249 842 1579 896 mentionem
1612 826 1713 896 feci
1736 883 1750 909 ,
1784 842 1890 896 non

277 924 450 985 modo
475 924 739 1010 διμήτορα,
774 926 832 987 ul
861 922 1086 1003 Apollo,
1116 934 1229 1014 sed
1272 936 1509 1014 ἀπάτορα
1550 944 1762 1004 quoque
1800 944 1892 1004 ap-

274 1025 450 1097 pellat
492 1014 693 1093 licunt;
736 1027 881 1098 quod
922 1028 1071 1098 origo
1110 1012 1185 1082 illi
1234 1043 1338 1083 non
1384 1012 1456 1083 sit
1497 1028 1754 1083 aliunde?
1782 1016 1893 1082 Nec

274 1119 423 1176 enim
455 1126 636 1191 potest
660 1120 728 1174 ab
755 1119 865 1174 ullo
892 1122 1015 1177 esse
1041 1131 1359 1191 generatus,
1387 1121 1476 1193 qui
1519 1121 1637 1192 ipse
1680 1120 1892 1177 univer-

270 1226 340 1267 sa
366 1210 665 1283 generavit.
695 1198 838 1269 Satis
876 1214 955 1285 (ut
980 1212 1196 1286 opinor)
1239 1222 1294 1268 et
1331 1214 1668 1285 argementis
1708 1202 1888 1280 docui,

270 1314 334 1360 et
363 1305 590 1359 testibus
614 1302 937 1360 eonilrmavi
958 1347 972 1369 ,
1006 1304 1150 1375 quod
1181 1312 1279 1374 per
1312 1318 1371 1359 se
1402 1305 1537 1358 satis
1565 1296 1779 1359 clarum
1814 1302 1897 1360 est

270 1393 460 1453 Unum
485 1409 609 1451 esse
627 1411 807 1466 regem
831 1393 1041 1460 mundi,
1066 1411 1230 1451 unum
1256 1406 1487 1467 patrem,
1514 1406 1676 1452 unum
1699 1388 1890 1454 Deum.

352 1484 460 1544 Sed
503 1484 731 1543 fortasse
771 1494 981 1559 quaerat
1026 1474 1223 1560 aliquis
1264 1505 1292 1542 ει
1336 1489 1493 1545 nobis
1535 1488 1676 1546 idem
1718 1488 1889 1560 illud,

252 1579 423 1652 quod
468 1583 612 1650 apud
653 1578 970 1637 Ciceronem
1011 1578 1204 1652 quaerit
1242 1580 1606 1638 Hortensius:
1652 1574 1709 1639 Si
1750 1584 1893 1640 Deus

268 1682 417 1723 unus
436 1674 521 1723 εει
541 1710 556 1735 ,
585 1683 706 1739 quae
755 1682 879 1727 esse
908 1669 1062 1726 beata
1096 1670 1332 1727 solitudo
1361 1666 1565 1743 queat?
1595 1670 1891 1745 TantQuam

268 1776 399 1829 nos,
432 1760 524 1832 qui
568 1774 735 1817 unum
774 1774 898 1819 esse
949 1760 1215 1830 dicimus,
1265 1760 1545 1821 desertum
1597 1768 1660 1821 ac
1707 1764 1893 1820 Solita-

1367 315 1572 389 Lttits'it
1613 332 1656 389 ι.
1698 320 1784 391 ne
1826 320 2048 394 FALSA
2087 324 2481 398 satiemus.

1919 455 1972 515 Α
1995 459 2181 505 camus
2209 451 2447 507 nuntios.
2481 453 2551 508 Et
2576 466 2658 509 est
2686 454 2818 511 illud
2860 466 3049 513 verum
3072 501 3086 526 ,
3132 463 3281 533 quod
3321 464 3526 521 dixisse
3554 467 3607 520 in

3504 353 3617 411 150

1996 540 2480 599 Exhortationibus
2507 545 2775 603 Senecaut
2807 563 2968 619 supra
3000 553 3181 619 retuli,
3213 556 3492 612 ministros
3515 571 3609 629 sed

1997 634 2183 689 nuisse
2211 636 2359 705 regni
2390 638 2475 691 sui
2508 638 2900 695 lieumﬂeruin
2936 642 2989 696 hri
3020 652 3196 715 neque
3223 646 3305 701 dii
3329 658 3477 715 sum,
3509 663 3612 704 κει

1996 744 2101 799 que
2127 729 2259 784 deos
2286 744 2347 786 se
2369 731 2569 795 vocari,
2595 743 2684 786 aut
2722 734 2832 790 coli
2869 737 3089 791 volant:
3120 737 3323 809 quippe
3350 743 3445 811 qui
3475 740 3613 796 nihil

1999 832 2196 893 prazter
2218 824 2427 893 jnssntn
2456 840 2519 880 ac
2545 827 2878 882 voluntatem
2908 831 3000 885 Dei
3029 831 3245 886 faciant.
3276 831 3386 888 Nec
3417 842 3601 889 tamen

1995 913 2075 969 illi
2120 922 2246 969 sunt
2268 957 2283 983 ,
2315 918 2404 987 qui
2457 917 2617 988 vulgo
2646 919 2921 986 coluntur,
2957 936 3191 992 quorum
3228 936 3282 979 et
3307 924 3534 995 exiguus
3556 936 3613 982 et

1997 1015 2176 1064 certus
2205 1019 2291 1063 est
2324 1021 2599 1065 numerus.
2652 1011 2809 1079 Quod
2857 1013 2903 1067 si
2959 1014 3198 1070 cultores
3246 1015 3470 1071 deorum
3513 1022 3610 1074 eos

1996 1102 2144 1172 ipsos
2193 1112 2255 1158 se
2283 1102 2464 1159 colere
2494 1106 2717 1173 putant,
2750 1120 2888 1176 quos
2937 1108 3132 1162 θωπιπὶ
3192 1108 3283 1164 Dei
3334 1110 3614 1167 ministros

1997 1194 2368 1263 appellamus,
2421 1194 2552 1248 nihil
2602 1205 2686 1251 est
2730 1197 2872 1265 quod
2902 1198 3058 1254 nobis
3090 1199 3287 1255 iaciant
3315 1201 3604 1270 invidiam,

1998 1290 2090 1360 qui
2121 1305 2287 1344 unum
2323 1290 2489 1345 Deum
2519 1291 2762 1346 dicamus
2786 1334 2801 1359 ,
2833 1293 3037 1348 multos
3089 1309 3365 1365 negemus.
3406 1295 3463 1352 Si
3514 1310 3613 1352 eos

1998 1382 2287 1438 multitudo
2313 1382 2578 1451 delectat,
2613 1399 2721 1438 non
2752 1384 3037 1440 duodecim
3069 1385 3321 1452 dicimus,
3354 1397 3446 1442 aut
3497 1398 3610 1445 tre-

1998 1485 2188 1531 centos
2216 1478 2492 1547 Sexaginta
2522 1475 2761 1547 quinque
2802 1475 2884 1551 (ut
2912 1476 3204 1550 Orpheus),
3236 1477 3329 1534 sed
3358 1478 3610 1536 innume-

1998 1569 2202 1626 rabiles
2232 1584 2353 1624 esse
2384 1571 2658 1640 arguimus
2699 1582 2914 1625 errores
2944 1579 3135 1626 eorum
3190 1572 3244 1626 in
3291 1570 3561 1627 diversum
3591 1614 3608 1642 ,

1999 1665 2089 1735 qui
2123 1675 2228 1719 tam
2262 1678 2461 1734 paucos
2492 1673 2700 1736 putant.
2757 1664 2944 1720 Sciant
2975 1673 3153 1721 tamen
3186 1708 3201 1733 ,
3251 1679 3362 1737 quo
3391 1666 3617 1723 nomine

1998 1760 2260 1831 appellari
2292 1754 2568 1813 debeant:
2612 1773 2682 1813 ne
2720 1756 2888 1813 Deum
2928 1762 3115 1813 verum
3156 1758 3360 1814 Violent
3388 1799 3405 1826 ,
3457 1759 3611 1829 cujus

261 1851 412 1909 rium
444 1856 567 1910 esse
596 1850 876 1921 dicamus;
908 1844 1071 1911 habet
1100 1854 1245 1912 enim
1274 1855 1585 1927 ministros,
1618 1862 1758 1929 Quos
1785 1872 1882 1914 vo—
1911 1856 1963 1919 B
1988 1871 2189 1912 nomen
2220 1863 2539 1925 exponunt,
2587 1853 2714 1908 dum
2762 1850 3008 1926 pluribus
3055 1851 3317 1911 tribuunt.
3367 1853 3607 1912 Credam

390 2052 398 2061 .
1599 2005 1870 2066 VARIOR

2005 2002 2243 2063 NOTAE.

337 2116 625 2203 Δῦτξφυῇς.
760 2124 953 2203 tinnitu
973 2127 1251 2203 adjopuroc
1268 2168 1283 2193 ,
1306 2130 1392 2183 καὶ
1410 2122 1556 2203 λόγός
1581 2126 1884 2201 abrogatas

259 2206 420 2255 Θεοῦ.
450 2198 519 2253 Ει
544 2198 744 2269 Sibylla
775 2199 996 2271 Erythr.
1023 2198 1147 2254 Ser.
1178 2201 1231 2265 5,

521 2282 724 2333 Δῦτοᾳιής.
744 2281 918 2334 dep-nec,
940 2281 1031 2333 ὀρῶν
1055 2282 1163 2331 μόνος
1185 2282 1295 2330 αὐτὸς
1317 2282 1486 2321 ἅπαντα.

259 2331 551 2386 Plutarch.
582 2333 632 2386 in
676 2332 866 2387 Placit.
903 2333 1003 2387 Ph.
1040 2334 1277 2388 Platonis
1302 2345 1358 2388 et
1386 2335 1626 2390 Socrrtis
1654 2341 1875 2388 senten-

260 2405 404 2459 tiam
433 2405 660 2457 aliorum
691 2404 977 2459 sententiis
1003 2404 1272 2473 subjungit
1296 2445 1310 2468 ,
1345 2405 1435 2474 qui
1478 2406 1666 2459 dicunt
1711 2404 1876 2459 Deum

259 2490 397 2551 esse
433 2476 493 2530 τὸ
586 2515 602 2540 ,
630 2477 689 2551 τό
718 2479 958 2551 Haecque;
983 2480 1078 2551 ml
1105 2477 1468 2551 16_a{irop}iéc,
1500 2480 1559 2532 τὸ
1590 2474 1839 2551 μονὸδικον
1862 2516 1877 2541 ,

257 2549 321 2602 τὸ
346 2544 509 2608 ὅντως
528 2544 792 2619 ἀγαθὸνῖιι
834 2544 939 2603 ius.
968 2547 1139 2617 atlliq.
1164 2544 1469 2619 Regio'Pttt.
1498 2544 1876 2622 est-aurepvrig.

262 2618 561 2672 lnternr'et.
606 2618 725 2672 Lat.

262 2618 577 2689 lnterpr‘et.
606 2618 725 2674 Lat.
1254 2618 1265 2619 ί
1735 2618 1745 2622 ⁷

361 2688 447 2753 _l:.‘x
466 2703 523 2739 se
548 2697 701 2745 ortus.
730 2702 825 2739 non
851 2689 1074 2753 edoctus,
1100 2691 1211 2740 sine
1236 2699 1414 2751 matre,
1440 2690 1775 2748 inconcussus.

360 2751 555 2816 ﬁumen
581 2764 646 2801 ne
673 2754 825 2801 verbo
848 2751 1386 2816 quidem'eapiendum,
1410 2754 1458 2816 in
1490 2755 1606 2816 igne
1631 2753 1879 2816 habitans,

360 2812 471 2864 Hoc
490 2813 628 2864 Deus
645 2822 723 2864 est
748 2828 761 2864 :
787 2812 977 2864 modica
996 2812 1162 2864 autem
1192 2812 1286 2865 Dei
1312 2812 1468 2879 portio
1487 2812 1687 2879 Kngeli,
1709 2828 1817 2864 nos.

338 2901 597 2975 Α’μήτωρ.
634 2903 707 2955 Ι)ε
734 2901 837 2975 hoc
871 2901 1158 2975 videinlra
1192 2901 1393 2975 1111.1ν,
1425 2918 1548 2972 cap.
1584 2904 1634 2975 7.

333 2960 743 3047 ᾼἝὼφὲλᾳτος.
772 2972 849 3027 Ita
873 2970 1239 3047 Callimachus
1270 2960 1465 3045 Hymn.
1497 2960 1552 3028 in
1585 2974 1793 3038 Delum,
1826 2991 1878 3030 vi

250 3044 316 3111 2,
349 3045 419 3099 6:
451 3043 573 3118 Θεὸς
600 3043 645 3100 δ’
673 3048 753 3100 ἀπὶ
775 3043 1342 3118 ἀστνφέλικτοςηιιιιειίι
1365 3060 1548 3101 vocem
1573 3049 1789 3117 egregie
1814 3048 1880 3103 ii-

1997 2164 2011 2177 .
2042 2158 2055 2177 .
2086 2150 2099 2175 ε
2128 2162 2143 2177 .
2172 2148 2187 2175 ι
2213 2118 2301 2176 ubi
2333 2118 2502 2174 multa
2534 2120 2686 2190 legas
2709 2117 2778 2174 de
2809 2117 3018 2189 angelis
3037 2150 3054 2184 ,
3085 2131 3388 2190 eorumque
3410 2119 3603 2175 ιηξαίε-

1991 2195 2133 2251 torio
2159 2203 2213 2248 et
2234 2191 2456 2261 Iol‘i'tciis.

2072 2260 2340 2320 Genuisse.
2372 2262 2563 2318 Valet.
2597 2277 2815 2315 creasse.
2847 2260 2967 2317 Vid.
3002 2260 3248 2330 exempla
3276 2260 3341 2315 ad
3382 2262 3474 2316 lib.
3508 2278 3601 2331 ιιι,

1991 2352 2113 2407 cap.
2144 2336 2233 2391 14.
2268 2335 2381 2389 Hoc
2414 2334 2642 2407 pertinet
2681 2333 2784 2407 111).
2817 2349 2927 2398 vn,
2948 2348 3091 2407 cap.
3116 2332 3168 2386 5.
3213 2332 3515 2407 Bonnam.“

2065 2396 2312 2463 timuisse
2341 2396 2483 2477 regni
2510 2406 2590 2477 sui
2622 2396 2919 2459 ministros.
2940 2396 3043 2459 Sic.
3065 2402 3357 2477 Apostolus
3386 2396 3455 2459 de
3484 2404 3601 2459 An-

1988 2482 2127 2551 gelis
2155 2480 2207 2533 in
2236 2468 2488 2551 epistfad
2524 2476 2780 2551 Hebraeos
2806 2490 2926 2551 cap.
2958 2491 3089 2551 I,_v.
3119 2468 3144 2528 ’1
3158 2468 3230 2551 4;
3264 2468 3459 2551 Nonne
3477 2488 3599 2531 sunt

1991 2545 2167 2606 omnes
2190 2545 2621 2603 administratorii
2644 2548 2860 2615 spiritus
2882 2549 2935 2601 in
2959 2545 3295 2617 ministerium
3318 2547 3459 2600 missi
3479 2564 3599 2617 pro—

1990 2635 2106 2694 pter
2126 2640 2210 2677 eos
2230 2623 2317 2691 qui
2344 2612 2694 2694 [nereditatem
2721 2618 2921 2687 capient
2946 2619 3127 2694 salutis
3140 2612 3323 2694 _lli_nc
3348 2612 3506 2694 etiam
3522 2614 3595 2694 ΔΒ.

1992 2689 2250 2751 Joannes.
2269 2692 2592 2762 Apocalyps.
2609 2705 2725 2759 cap.
2748 2706 2796 2762 v.
2818 2705 2959 2744 vers.
2978 2691 3066 2762 11,
3083 2689 3214 2762 vidit
3232 2689 3350 2744 illos
3368 2690 3417 2743 in
3437 2690 3599 2745 visio-

1993 2780 2065 2822 ne
2083 2760 2417 2838 mialodsvfreﬁ
2439 2760 2637 2838 θρόνου,
2662 2764 2712 2815 in
2736 2761 2950 2838 circuitu
2974 2760 3163 2838 throni,
3185 2772 3241 2812 ut
3263 2771 3601 2838 exequantur

1993 2839 2267 2891 mandata.
2297 2830 2565 2890 thter'um
2608 2848 2708 2887 vox
2746 2834 2979 2903 genuisse
3008 2830 3318 2903 improprie
3348 2830 3598 2903 sumitur

1993 2923 2024 2962 a
2064 2908 2345 2964 Lactantio
2389 2906 2617 2976 aliisque
2663 2901 3048 2960 ecclesiasticis
3089 2901 3446 2974 scriptoribus
3497 2918 3595 2975 pro

1992 2997 2208 3035 σνεαηε.

2070 3050 2251 3114 Neque
2275 3051 2394 3104 deos
2424 3062 2477 3104 se
2510 3048 2681 3102 vocari
2708 3056 2798 3100 aut
2850 3045 2952 3100 cali
2995 3038 3189 3101 volunt.
3232 3042 3365 3112 Coti,
3406 3042 3459 3100 id
3509 3054 3595 3103 est

252 3117 465 3189 lustrat
492 3116 784 3189 Spanhem.
811 3159 822 3176 .
856 3115 974 3187 pag.
1007 3117 1131 3171 545.
1167 3115 1285 3184 Ipse
1313 3115 1624 3189 Lactantius
1658 3115 1752 3172 liti.
1785 3135 1833 3173 vt
1855 3152 1872 3184 ς
1903 3119 1947 3181 C
1982 3122 2218 3179 adorari.
2246 3122 2357 3177 lloc
2378 3121 2521 3176 enim
2545 3135 2706 3175 sensu
2726 3119 2919 3189 accipi,
2939 3133 3059 3171 cum
3083 3118 3151 3173 de
3175 3116 3282 3171 Deo
3297 3129 3388 3172 aut
3409 3117 3477 3172 de
3499 3118 3595 3173 lic.

252 3202 312 3243 c.
344 3188 461 3243 25:
493 3187 560 3243 Ut
590 3189 725 3242 idem
757 3188 946 3256 (Deus)
978 3189 1042 3242 sit
1068 3204 1268 3254 semper
1293 3200 1337 3241 et
1364 3188 1582 3255 stabilis,
1613 3199 1659 3242 et
1684 3189 1875 3244 immu-

251 3260 460 3319 tabilis.
494 3269 540 3314 et
575 3257 1122 3315 lNCONCUSSUS.
1160 3259 1437 3315 BUNEIAN.

333 3330 533 3403 Ε’μεῐς.
580 3330 657 3386 De
689 3331 1068 3403 hisApollittis
1095 3332 1332 3386 oraculis
1358 3332 1479 3387 vide
1509 3330 1874 3399 Augustinum

247 3402 558 3475 Steucbum
592 3402 858 3475 Eugubin.
893 3402 984 3458 lib.
1019 3418 1112 3470 ιιι,
1146 3403 1214 3456 de
1244 3406 1467 3470 perenni
1496 3403 1873 3475 Philosophia,

247 3489 389 3545 cap.
422 3473 519 3539 16,
552 3474 638 3528 ubi
672 3478 788 3545 lucc
815 3484 1073 3543 responsa
1106 3475 1290 3529 refert.

332 3542 483 3600 Num
524 3546 658 3615 quis.
702 3542 778 3599 lla
820 3542 1224 3617 etnendavimtn
1246 3561 1312 3601 es
1344 3560 1478 3602 mss.
1514 3547 1546 3600 4
1579 3547 1874 3617 Πεεηηιιθο

244 3633 382 3672 rum
416 3606 678 3672 duo'sunt
703 3612 1089 3684 vetustissimi,
1121 3626 1177 3672 et
1209 3619 1323 3672 Em.
1363 3634 1427 3673 ac
1458 3606 1687 3672 Balliol.”
1702 3606 1770 3674 Εἰ
1802 3622 1873 3675 ita

243 3688 548 3759 legendum
601 3703 723 3743 esse
775 3700 1002 3744 censent
1052 3689 1335 3745 nobiscutn
1392 3690 1690 3746 doctissimi
1747 3692 1868 3747 viri.

242 3758 367 3815 Alii
400 3758 690 3830 Numquid.
1834 3800 1837 3805 .

328 3831 643 3959 Megcurius.
675 3830 725 3887 Is
753 3841 839 3887 est
868 3831 1290 3903 Trismegistus,
1340 3832 1410 3888 de
1446 3848 1555 3904 quo
1596 3837 1774 3905 capite
1813 3836 1869 3902 6,

332 3914 386 3958 ta
462 3943 475 3956 .

241 3914 386 3961 nota
421 3914 475 3959 5.

326 3978 583 4054 ῥ’έξήτορα
610 4013 676 4054 ε...
702 3979 959 4054 ἀπάτορα.
988 3975 1112 4054 _l_.at.
1145 3977 1258 4031 sine
1287 3988 1449 4032 matre
1562 3978 1674 4033 sine
1702 3988 1869 4048 patre.

326 3996 583 4102 3537.322?
609 4013 676 4104 iii
696 3996 1079 4115 aerata!

326 4119 623 4174 Generavit.
659 4119 749 4177 Sic
781 4120 1113 4175 restitnimus
1144 4136 1208 4173 ex
1242 4120 1494 4175 omnibus
1518 4118 1630 4175 fere
1654 4136 1786 4175 mss.
1817 4132 1871 4175 et

238 4207 349 4249 sex
393 4192 781 4246 vetustioribus
818 4191 998 4246 editis;
1047 4191 1099 4245 In
1131 4192 1162 4246 7
1194 4192 1622 4255 recentioribus,
1666 4199 1721 4247 et
1750 4192 1803 4247 in
1835 4194 1869 4250 5

239 4278 388 4319 mss.
416 4278 553 4329 rec.,
588 4266 610 4317 1
645 4264 800 4335 Ιὶεμη
833 4267 856 4318 1
893 4262 1044 4318 Colb.
1069 4272 1123 4335 et
1145 4260 1310 4335 Bruti.
1345 4264 1685 4335 generaverit.

328 4336 437 4402 Qui
501 4351 681 4389 unum.
717 4330 808 4392 Sic
838 4350 1055 4405 quoque
1094 4333 1257 4390 Goth.
1307 4330 1394 4388 ubi
1448 4334 1695 4399 Sublac.,
1726 4333 1860 4390 Ven.

241 4408 426 4471 1171,
470 4408 558 4462 97.
609 4407 760 4462 Rost.
811 4416 866 4461 et
908 4407 1165 4476 reliquie,
1210 4407 1326 4477 qui,
1373 4406 1515 4475 quod
1560 4408 1750 4460 lleum.
1799 4422 1867 4462 ex

238 4479 451 4534 Thom.
488 4478 724 4549 praefert.
763 4478 843 4531 Al)
873 4478 1030 4537 Bon..
1067 4478 1239 4543 'l‘ax.,
1273 4477 1404 4532 Pen.
1439 4478 1598 4548 plane
1626 4478 1861 4543 absunt,

236 4552 377 4622 quia
409 4567 571 4603 unum
600 4566 709 4604 esse
736 4548 1281 4622 diciiitits._Buueuttu.

325 4622 634 4677 Solitariam
661 4636 788 4683 esse.
817 4631 923 4675 etc.
954 4620 1108 4674 FaISa
1138 4630 1218 4675 est
1244 4620 1360 4675 haec
1384 4621 1703 4691 propositio;
1732 4622 1863 4677 Per-

235 4709 511 4749 sonarum
534 4695 678 4748 enim
702 4694 1001 4746 divinarum
1030 4692 1309 4761 plnralitas
1329 4708 1357 4745 a
1384 4692 1495 4746 Deo
1517 4693 1861 4749 solitudinem

233 4764 512 4829 excludit,
535 4773 640 4818 non
664 4763 952 4819 associatio
974 4764 1315 4833 angelorum,
1331 4764 1421 4833 qtti
1442 4773 1567 4818 sunt
1587 4762 1861 4821 extranea:

234 4849 480 4893 naturae.
508 4836 711 4890 Dicitur
740 4836 882 4890 enim
914 4834 1108 4904 aliquis
1134 4836 1281 4891 solus
1314 4836 1364 4890 in
1397 4835 1554 4890 horto
1574 4874 1589 4903 ,
1616 4837 1860 4906 quamvis

232 4911 358 4964 sint
386 4908 462 4963 ibi
495 4910 679 4962 multa:
709 4907 905 4976 planta:
933 4917 988 4962 et
1019 4906 1283 4979 animalia.
1315 4906 1378 4960 ν.
1405 4906 1461 4962 S.
1489 4908 1681 4979 'l‘lnnn.
1721 4924 1770 4975 p.
1803 4925 1856 4979 p.

233 4987 441 5052 quzust.
472 4980 575 5038 51.
606 4990 710 5033 art.
739 4981 793 5033 5.
822 4995 886 5033 ea:
908 4979 1066 5034 Ιδιεο.
1097 4978 1295 5035 νει-0111
1326 4978 1411 5034 hic
1437 4979 1540 5052 loci
1564 4978 1857 5035 Gentilium

234 5050 430 5122 captni
447 5053 777 5122 pauloquam
797 5066 891 5122 par
906 5063 987 5104 est
1001 5066 1120 5106 sese
1136 5050 1507 5106 accommodat
1521 5050 1854 5118 Laetantim;

233 5121 412 5194 atque
443 5121 503 5177 ut
530 5121 730 5192 aliquid
764 5121 1028 5191 proferret
1050 5123 1190 5191 quod
1216 5123 1437 5177 rudibus
1467 5122 1697 5189 ingeniis
1721 5125 1856 5177 arri-

236 5196 406 5251 deret
427 5235 443 5255 .
476 5194 677 5249 factum
709 5195 780 5246 ait
808 5194 1121 5257 angelorum
1148 5195 1423 5249 consortio
1452 5209 1517 5249 tte
1545 5195 1684 5249 Deus
1712 5205 1857 5250 esset

236 5267 566 5323 solitarius:
593 5282 715 5321 cum
745 5265 958 5319 interim
988 5265 1225 5319 solitudo
1253 5282 1357 5321 non
1389 5266 1609 5320 tollatur
1640 5283 1734 5335 per
1762 5282 1854 5318 so-

234 5340 503 5395 cietatem
531 5338 761 5407 alicujus
789 5337 928 5406 quod
957 5336 1025 5391 sit
1052 5348 1326 5391 extraneae
1355 5347 1580 5392 naturae.
1610 5366 1682 5378 —
1708 5337 1850 5393 Soli-

238 5410 464 5465 tariam.
515 5410 587 5464 Ita
621 5409 787 5464 Deum
815 5410 1142 5477 singularem
1170 5409 1557 5464 contumeliose
1586 5408 1854 5463 vocabant

236 5499 293 5536 e.
325 5498 381 5552 ς.
415 5479 669 5552 Cincilius
701 5479 838 5550 apud
873 5479 1092 5547 Minnc.,
1124 5496 1244 5552 cap.
1282 5481 1381 5536 1οε
1417 5479 1594 5541 Unde,
1626 5484 1706 5535 vel
1740 5483 1852 5549 quis

236 5542 371 5617 ξιιεν,
402 5562 492 5605 aut
522 5553 608 5605 ubi
643 5542 777 5605 Deus
807 5553 987 5605 unicus
1009 5592 1024 5617 ,
1057 5542 1332 5607 solitarius
1359 5595 1372 5617 ,
1406 5552 1696 5606 destitutas.
1733 5542 1849 5606 Alia

238 5626 315 5680 de
348 5625 452 5679 hac
478 5640 610 5679 voce
635 5624 897 5679 solitarius
918 5633 1102 5678 contra
1128 5624 1420 5679 “teretibus
1442 5623 1601 5679 habet
1620 5624 1852 5679 Hilarius

236 5698 339 5754 lib.
366 5712 421 5750 tv
445 5696 513 5749 de
540 5695 733 5750 Trinit.
764 5694 804 5748 f.
837 5693 943 5759 86,
968 5710 1083 5766 seq.
1115 5696 1204 5751 ed.
1239 5696 1436 5751 noviss.
1472 5695 1672 5752 Veron.
1715 5694 1846 5752 Bon.

320 5768 610 5822 Ministros.
658 5768 767 5822 llos
796 5768 1016 5837 angelos
1044 5782 1334 5831 vocamus,
1366 5768 1508 5836 quod
1540 5783 1735 5823 nomen
1767 5777 1851 5823 est

238 5839 437 5909 ofﬁcii,
468 5856 576 5896 non
598 5838 892 5911 dignitatis.
928 5841 1000 5899 De
1030 5838 1114 5901 his
1140 5838 1263 5898 vide
1292 5838 1573 5896 Philonem
1602 5839 1849 5898 Judaeum

1990 3195 2057 3248 tis
2080 3194 2185 3249 diis
2233 3208 2413 3248 sermo
2441 3201 2545 3261 est,
2575 3194 2629 3246 in
2663 3186 2861 3245 inultis
2893 3188 3186 3259 Scriptum
3231 3204 3414 3261 sacras
3450 3189 3585 3245 locis

1989 3266 2161 3319 cultis
2190 3276 2373 3319 notum
2396 3274 2495 3319 est.
2520 3254 2771 3330 Etangeli
2799 3271 2853 3317 et
2873 3254 3044 3315 sancti
3065 3276 3278 3329 semper
3298 3254 3591 3330 prohibue-

1984 3347 2110 3391 runt
2138 3353 2196 3391 se
2227 3336 2441 3391 adorari
2465 3332 2744 3404 (Apocal.,
2777 3349 2824 3387 ε.
2871 3349 2983 3399 χιχ,
3023 3348 3068 3404 v.
3102 3330 3189 3404 10,
3218 3342 3408 3404 etcap.
3441 3348 3586 3404 3}";

1982 3406 2100 3460 Act.
2118 3424 2165 3461 c.
2183 3424 2236 3464 χ.
2259 3424 2306 3461 v.
2324 3405 2415 3473 26,
2440 3398 2485 3460 ei
2512 3398 2633 3476 cap.
2653 3420 2770 3470 xw,
2790 3420 2842 3459 v.
2866 3406 2933 3459 14
2954 3398 3001 3458 et
3023 3402 3144 3475 17).
3169 3402 3281 3460 Soli
3303 3398 3445 3458 enim
3472 3398 3587 3460 Deo

1983 3478 2215 3533 debetur
2235 3478 2500 3533 adoratio.

2057 3550 2227 3617 Quod.
2262 3566 2394 3604 mss.
2427 3552 2461 3606 ὕ
2492 3562 2628 3613 rec.,
2654 3548 2707 3602 in
2733 3546 2893 3617 quod;
2922 3547 3064 3617 Em”
3091 3546 3144 3599 in
3173 3561 3292 3616 quo.

2052 3606 2334 3675 Invidiam.
2367 3621 2493 3676 Mss.
2525 3620 2562 3674 2
2586 3606 2801 3675 Colbfa
2824 3606 3062 3672 secunda
3101 3606 3283 3681 manu,
3308 3612 3575 3688 injuriam.

2055 3693 2153 3758 Qui
2180 3710 2339 3747 unum
2364 3693 2526 3745 Deum
2547 3692 2801 3753 dicamus,
2826 3688 3011 3743 multos
3028 3705 3285 3757 negemus.
3312 3687 3382 3743 Ita
3407 3701 3581 3744 veter-

1979 3764 2102 3819 rimi
2147 3780 2278 3819 mss.
2308 3764 2505 3832 aliique
2535 3761 2744 3832 OpIitni.
2777 3759 2834 3832 In
2866 3762 2899 3816 4
2932 3762 3204 3832 veteribus
3238 3760 3398 3832 editis
3427 3760 3584 3817 deest

1979 3833 2168 3889 Deum.
2218 3836 2275 3890 in
2327 3826 2456 3890 mss.
2497 3826 2624 3889 vero
2644 3848 2755 3888 rec.
2799 3831 2836 3887 9
2880 3833 3011 3902 Reg.
3061 3834 3086 3885 1
3135 3828 3311 3899 (1011),,
3351 3826 3488 3887 Vict.
3527 3841 3585 3889 et

1978 3906 2169 3967 Brun.,
2202 3907 2303 3972 Qui
2328 3923 2485 3961 unum
2506 3906 2666 3960 Deum
2684 3905 2931 3967 dicamus,
2961 3904 3007 3958 si
3035 3903 3221 3957 multos
3247 3919 3505 3975 negemus.

2053 3980 2180 4033 Esse
2228 3980 2513 4050 argnintus.
2573 3975 3109 4046 Interposuipleuam
3139 3974 3574 4043 distinetionem,

1976 4066 2104 4105 esse.
2135 4051 2427 4119 Argunnus.
2459 4050 2737 4104 Buueusu.

2048 4120 2115 4175 In
2166 4117 2440 4175 diversum.
2496 4121 2710 4175 Habent
2758 4134 2893 4174 mss.
2924 4119 2979 4173 in
3004 4117 3089 4172 bis
3119 4117 3295 4173 Reim.
3347 4127 3403 4174 et
3430 4126 3577 4174 utra-

1975 4206 2080 4263 que
2128 4192 2461 4263 Ven.l.78,
2515 4204 2569 4247 et
2610 4192 2927 4263 pleraeque;
2956 4205 3207 4263 expono,
3261 4190 3316 4243 in
3370 4201 3581 4263 contra-

1973 4258 2129 4331 rium,
2164 4274 2218 4318 ut
2248 4258 2454 4318 Cicero
2482 4258 2675 4317 alicubi
2705 4258 2995 4316 contrarius
3032 4258 3088 4316 et
3114 4262 3342 4316 diversus
3377 4258 3574 4331 iunxit.

1971 4336 2179 4390 Absunt
2231 4337 2298 4389 ab
2331 4335 2463 4391 Ven.
2513 4335 2672 4393 1471.
2716 4346 2771 4389 et
2816 4333 2970 4389 Rost.
3002 4333 3160 4389 M76.
3198 4333 3254 4387 In
3304 4333 3570 4389 Heuman.

1974 4407 2137 4475 M79,
2169 4422 2343 4461 annus
2369 4416 2452 4461 est
2479 4409 2725 4460 vitiosus.
2748 4406 2868 4473 ipse
2895 4407 3084 4459 scribit
3104 4447 3118 4467 ,
3142 4421 3279 4468 esse,
3304 4420 3366 4458 ac
3392 4406 3574 4475 argui-

1971 4494 2083 4533 mus
2108 4496 2281 4533 eorum
2303 4494 2577 4544 errorem,
2611 4478 2698 4547 qui
2730 4492 2919 4548 paucos
2942 4486 3145 4548 putant.
3179 4477 3459 4548 Buneusu.

1890 4524 1944 4585 D
2040 4551 2200 4616 Cuius
2242 4567 2426 4604 nomen
2449 4524 2838 4618 cxpditititt.'lta
2871 4524 3051 4619 legrunt
3084 4563 3215 4602 mss.
3242 4547 3505 4611 Vaticani,
3535 4546 3570 4604 9

1967 4621 2099 4693 Reg.
2131 4627 2163 4679 6
2182 4621 2361 4685 Colb.,
2396 4626 2421 4677 1
2450 4623 2659 4677 Bonon.
2686 4620 2928 4693 antiq.,i
2963 4621 3223 4685 Sorbon.,
3250 4619 3286 4674 Ξ
3306 4619 3565 4693 Clarum”

1963 4690 2116 4758 Juti.,
2149 4695 2184 4748 2
2214 4695 2376 4747 Brun.
2425 4696 2641 4761 aliique,
2671 4709 2791 4747 cum
2823 4692 3004 4758 editis,
3036 4702 3233 4758 printer
3268 4690 3355 4745 ed.
3388 4690 3565 4745 Betui.

1963 4776 2018 4820 et
2045 4764 2327 4821 ms.Cauc.
2350 4766 2401 4817 in
2424 4765 2619 4835 quibus
2640 4774 2723 4818 est
2743 4776 3042 4833 exponunt;
3067 4762 3121 4818 in
3145 4779 3249 4835 ms.
3279 4762 3566 4835 “lotium,

1962 4852 2075 4892 rec.
2098 4876 2113 4904 ,
2147 4849 2278 4897 tnx..
2332 4834 2504 4907 Lips...
2573 4835 2876 4905 explodunt.
2900 4875 2916 4902 ,
2946 4837 3151 4890 Omnes
3182 4834 3265 4888 hae
3308 4834 3567 4891 lectiones

1962 4909 2119 4963 bomc
2165 4906 2444 4977 Exponam
2476 4923 2495 4974 ;
2526 4907 2576 4961 id
2609 4917 2712 4973 est,
2756 4907 3058 4962 extrudunt
3108 4906 3200 4960 Dei
3251 4919 3444 4977 nomen
3473 4908 3565 4976 qui

1961 4980 2093 5034 illud
2139 4976 2384 5052 pluribus
2416 4979 2691 5052 tribuunt.
2724 4978 2820 5033 Dei
2846 4983 3206 5052 enimuomen
3235 4976 3560 5052 estruditur,

1959 5062 2015 5107 et
2063 5047 2209 5107 for—as
2240 5051 2518 5121 projicitur
2539 5052 2754 5117 quando
2780 5051 2900 5106 aliis
2934 5050 3203 5104 tribuitur.
3239 5047 3562 5121 Thotuasius

1961 5132 2141 5178 tamen
2171 5120 2343 5181 credit
2375 5124 2657 5194 legendam
2689 5137 2832 5186 esse,
2866 5123 3011 5193 cujus
3041 5120 3558 5194 nomenexplodunt,

1958 5212 2023 5250 ex
2046 5196 2279 5264 antiquis
2308 5191 2618 5262 codicibus;
2651 5195 2772 5262 quia
2800 5194 2891 5247 Dei
2921 5191 3112 5246 nomen
3146 5191 3343 5264 dicitur
3368 5193 3559 5264 explo-

1957 5266 2089 5322 dere
2118 5261 2432 5336 et'ejicere,
2482 5268 2570 5335 qui
2620 5264 2751 5320 illud
2800 5265 3055 5336 pluribus
3091 5262 3297 5316 tribuit.
3328 5292 3399 5303 —
3437 5261 3558 5316 Νο-

1956 5355 2073 5393 men
2117 5335 2396 5409 exponunt.
2446 5337 2647 5409 Cauci,
2676 5344 2995 5407 expungnm.
3040 5335 3211 5409 Servo
3260 5344 3555 5409 exponunt,

1956 5425 2035 5465 sc.
2064 5406 2418 5480 contemptui,
2450 5408 2674 5464 derisui.
2708 5409 2798 5462 Sic
2826 5416 3030 5480 ponunt
3057 5406 3348 5480 scriptores
3380 5406 3556 5480 sacri:

1958 5477 2308 5548 Ambrosius,
2336 5481 2373 5534 l.
2401 5496 2416 5536 ι
2447 5481 2671 5541 Abralt..
2702 5494 2753 5534 c.
2805 5478 2859 5543 6,
2894 5481 2987 5532 lin.
3020 5494 3036 5534 :
3070 5477 3190 5531 Non
3235 5478 3407 5546 utique
3438 5477 3559 5532 vitia

1955 5552 2383 5607 Patriarcltarum
2433 5550 2705 5618 Scriptura
2734 5551 3018 5619 exposuit,
3052 5565 3178 5621 quos
3228 5550 3386 5621 victas
3440 5549 3556 5621 vino

1955 5625 2207 5695 legimus;
2239 5625 2327 5678 sed
2351 5632 2407 5677 ut
2436 5634 2485 5695 tu
2512 5624 2751 5695 disceres,
2778 5622 2900 5691 quid
2952 5619 3153 5695 caveres
3175 5619 3423 5695 ;__S_u_lpic.
3444 5620 3557 5695 βε-

1953 5688 2069 5751 νιῖι.
2098 5697 2233 5751 Dial.
2268 5712 2318 5762 ι,
2347 5695 2415 5749 de
2442 5692 2578 5748 Virt.
2598 5688 2869 5760 Monach.,
2902 5709 2951 5748 c.
2976 5695 3029 5761 8,
3062 5693 3096 5748 6
3126 5709 3141 5745 :
3179 5688 3330 5747 Nihil
3353 5692 3553 5757 omisit,

1952 5771 2089 5839 quod
2114 5784 2215 5821 non
2236 5777 2469 5837 caperet,
2494 5766 2762 5839 laceraret,
2783 5775 3115 5837 exponeret;
3141 5763 3396 5837 praecipue
3413 5762 3557 5818 vani-

1950 5837 2102 5897 nam
2133 5840 2410 5896 insectatus
2452 5847 2542 5895 cst.
2572 5837 2853 5899 Bonna.
2880 5860 2905 5912 λ
