4104 6368
241 264 362 324 155

1322 262 1527 321 LIBER
1565 265 1605 321 l.
1650 262 1739 321 DE
1780 262 2005 323 FALSA
2043 262 2435 323 RELIGIONE.

3449 267 3552 326 154

238 388 455 454 cimus,
480 385 595 454 cui,
622 384 769 458 quod
796 392 880 442 est
926 384 1189 456 optimum
1244 385 1296 440 in
1348 384 1506 441 nobis
1534 383 1846 441 debeamus.
1881 392 1938 451 Α
1962 384 2234 443 interdum
2261 386 2432 443 videri
2463 387 2642 444 solent
2670 394 2779 444 tam
2804 388 2933 445 cteci
2956 430 2971 455 ,
3001 398 3111 445 tam
3140 388 3515 462 incogitabiles
3536 433 3553 461 ,

240 479 405 539 Alius
429 494 535 537 nos
561 477 764 546 edidit;
795 478 935 535 alius
961 478 1216 535 instruxit
1239 478 1401 535 :Deus
1424 477 1539 550 ipse
1569 492 1630 534 se
1660 476 1804 534 fecit.
1829 496 1848 531 ι

850 594 1079 653 CAPUT
1120 594 1254 652 VIII.

245 711 409 783 Quod
442 711 587 769 Deus
618 712 729 766 sine
758 727 972 783 corpore
995 713 1091 779 sit,
1124 728 1216 768 nec
1248 727 1373 768 sexu
1400 711 1468 767 ad
1484 710 1857 784 procreandum

978 813 1138 878 egeat.

319 921 422 979 llis
464 921 630 994 igitur
657 929 737 977 tot
770 930 824 979 et
846 922 1009 978 tantis
1036 921 1261 978 testibus
1290 922 1672 993 comprobatur
1697 925 1859 978 unius

242 1015 348 1075 Dei
409 1026 686 1088 potestate
741 1032 803 1074 ac
847 1017 1186 1088 providentia
1227 1017 1485 1074 mundum
1530 1018 1853 1091 gubernari;

241 1111 408 1184 cujus
428 1112 542 1166 vim
569 1111 1017 1184 majestatemque
1047 1119 1248 1167 tantam
1271 1126 1393 1167 esse
1418 1112 1548 1167 dicit
1577 1112 1630 1166 in
1653 1110 1856 1167 Timaeo

244 1205 432 1272 Plato,
459 1215 519 1260 ut
549 1220 668 1261 eam
701 1220 877 1276 neque
912 1214 1093 1262 mente
1122 1206 1443 1278 concipere,
1474 1222 1649 1277 neque
1675 1207 1856 1266 verbis

243 1313 514 1355 enarrare
555 1298 836 1371 quisquam
885 1299 1088 1370 possit,
1123 1299 1193 1355 ob
1219 1299 1441 1355 nimiam
1466 1301 1585 1371 ejus
1615 1309 1671 1356 et
1695 1301 1856 1359 intes-

243 1389 552 1447 timabilem
579 1399 920 1462 potestatem.
953 1392 1171 1448 Dubitet
1197 1408 1328 1449 vero
1354 1393 1548 1465 aliquis
1565 1436 1581 1462 ,
1611 1410 1678 1449 an
1701 1395 1858 1466 quid-

243 1500 415 1556 quam
446 1483 669 1541 difﬁcile
696 1493 790 1541 aut
819 1485 1158 1557 impossibile
1178 1487 1251 1542 sit
1281 1487 1413 1552 Deo,
1444 1488 1533 1559 qui
1557 1497 1700 1545 tanta
1727 1498 1857 1545 tam—

245 1595 358 1652 que
387 1579 619 1637 miriﬁca
668 1595 831 1652 opera
880 1579 1227 1653 providentia
1264 1583 1624 1655 excogitavit,
1654 1584 1857 1641 virtute

244 1672 573 1739 constituit,
601 1673 813 1728 ratione
841 1672 1069 1744 perfecit
1094 1692 1109 1743 ;
1137 1688 1283 1731 nunc
1307 1685 1486 1731 autem
1513 1675 1704 1747 spiritu
1731 1690 1855 1732 sus-

246 1772 458 1831 tentet,
490 1773 758 1837 potestate
784 1766 1118 1835 moderetur,
1165 1769 1627 1841 inexcogitabilis,
1666 1771 1852 1827 ineﬁ'a-
1882 1802 1930 1862 Β

244 1856 412 1923 bilis,
444 1865 503 1914 et
523 1857 656 1914 nulli
687 1856 782 1914 alii
817 1859 951 1915 satis
979 1868 1139 1915 notus
1166 1875 1325 1931 quam
1352 1860 1493 1917 sibi?
1524 1860 1675 1918 Unde
1720 1862 1851 1919 mihi

238 1948 308 2007 de
333 1958 491 2006 tanta
517 1949 804 2021 majestate
824 1951 1024 2023 saepius
1053 1952 1333 2024 cogitanti,
1364 1953 1454 2024 qui
1482 1952 1615 2012 deos
1641 1954 1847 2023 colunt,

1962 489 2069 535 tam
2115 478 2377 536 excordes
2398 522 2414 548 ,
2448 488 2555 536 tam
2587 495 2692 536 non
2724 479 2948 537 multum
2979 495 3010 536 a
3038 481 3205 538 mntis
3234 480 3558 537 animalibus

1959 572 2308 643 differentes,
2369 576 2458 645 qui
2501 575 2721 632 credant
2767 590 2895 645 eos,
2925 575 3014 647 qui
3041 575 3205 647 geniti
3239 584 3366 631 sunt
3391 574 3558 631 maris

1959 684 2023 726 ac
2050 669 2287 725 foeminze
2334 673 2482 726 coitu
2503 712 2518 736 ,
2559 670 2762 742 aliquid
2792 670 3090 741 majestatis
3116 670 3420 741 divinumque
3445 667 3558 723 vir-

1962 763 2088 820 tutis
2116 763 2320 821 habere
2347 765 2623 837 potuisse;
2655 779 2779 821 cum
2810 765 3016 838 Sibylla
3044 763 3328 837 Erythraea
3362 762 3508 820 dicat
3538 777 3555 818 :

2425 937 2436 949 .
2470 937 2480 948 .
2518 933 2532 947 ο
2569 936 2579 948 .
2615 938 2626 947 .
2662 938 2671 946 .
2706 904 3061 961 ὣδῦναέάνδρὸς

2146 986 2197 1035 ὲκ
2228 1001 2347 1047 μηρῶν
2378 995 2516 1046 tum
2548 1009 2590 1035 τι
2622 994 2703 1041 te;
2734 1008 2821 1034 τετυ
2856 995 3017 1044 ποιμινος
3056 986 3159 1032 εῖναι.

1959 1110 2111 1181 Quod
2161 1110 2205 1167 si
2257 1121 2342 1167 est
2385 1126 2570 1167 verum
2596 1151 2611 1176 ,
2651 1110 2806 1165 sicuti
2837 1118 2952 1174 est,
2984 1117 3213 1180 apparet
3248 1108 3558 1178 Herculem,

1958 1203 2264 1275 Apollinem
2294 1246 2307 1269 ,
2340 1204 2592 1260 Liberum
2615 1245 2630 1270 ,
2658 1202 3005 1271 Mercurium,
3039 1201 3338 1273 Iovemque
3385 1204 3560 1273 ipsum

1959 1312 2081 1353 cum
2109 1298 2320 1354 caeteris
2349 1297 2595 1352 homines
2622 1295 2825 1363 fuisse;
2852 1296 3070 1367 quando
3098 1305 3225 1351 sunt
3250 1311 3316 1352 ex
3345 1296 3560 1354 duobus

1960 1390 2179 1447 sexibus
2228 1391 2357 1446 nati.
2412 1390 2551 1459 Quid
2593 1401 2677 1445 est
2716 1400 2895 1446 autem
2930 1400 3035 1445 tam
3061 1400 3329 1446 remotum
3351 1405 3381 1444 a
3411 1391 3559 1462 Deo,

1959 1500 2120 1556 quam
2175 1484 2227 1538 id
2277 1498 2416 1555 opus
2459 1483 2600 1555 quod
2631 1485 2747 1555 ipse
2767 1483 2834 1539 ad
2867 1482 3268 1554 propagandam
3316 1483 3560 1540 sobolem

1960 1576 2278 1634 mortalibus
2327 1577 2543 1645 tribuit,
2573 1586 2627 1632 et
2656 1575 2799 1646 quod
2824 1577 2942 1633 sine
2965 1575 3266 1632 substantia
3293 1576 3562 1647 corporali

1961 1670 2165 1726 nullum
2197 1680 2375 1741 potest
2404 1670 2561 1727 esse?

2035 1766 2114 1822 Dii
2141 1781 2272 1838 ergo
2301 1766 2346 1822 si
2375 1777 2500 1822 sunt
2528 1766 2863 1821 immortales
2892 1775 2947 1821 et
2976 1768 3165 1822 tetcrni
3186 1808 3203 1835 ,
3252 1765 3383 1837 quid
3421 1781 3560 1837 opus

1959 1870 2042 1916 est
2091 1859 2266 1915 altero
2315 1874 2487 1925 sexu;
2540 1874 2661 1914 cum
2710 1860 3053 1914 successione
3076 1873 3183 1914 non
3210 1866 3436 1930 egeant,
3465 1858 3559 1931 qui

1956 1971 2173 2028 semper
2220 1965 2346 2012 sunt
2393 1955 2602 2012 futuri?
2651 1953 2783 2011 Nam
2839 1953 3080 2026 profecto
3133 1956 3185 2011 in
3242 1953 3550 2011 hominibus

1552 2112 1917 2179 VARIORUM
1958 2120 2193 2179 ΝΟΤιλΕ.

233 2286 453 2344 tet-ibus
471 2284 631 2341 editis
654 2284 813 2340 Rom.
843 2290 1033 2353 estque
1068 2284 1210 2356 apud
1241 2285 1557 2342 Ciceronem
1599 2284 1739 2342 libro
1786 2301 1844 2343 tn

232 2358 433 2415 Natur.
467 2357 648 2421 deor.,
679 2371 799 2427 cap.
824 2356 912 2413 83.
951 2356 1009 2412 In
1035 2355 1247 2413 cunctis
1273 2355 1387 2413 fere
1417 2357 1575 2413 editis
1614 2366 1719 2422 est.
1767 2360 1846 2412 vir

232 2441 441 2486 acutus.
472 2428 729 2500 —Homo
775 2439 973 2483 acutus.
1024 2427 1276 2500 Prteferoi
1306 2430 1624 2500 scripturam
1682 2429 1843 2497 Bon.,

234 2502 405 2566 Tax.,
434 2501 591 2567 Pen.,
626 2499 791 2567 Ultr.,
820 2500 958 2565 PaL,
983 2500 1216 2564 Juntar.,
1247 2499 1436 2567 Goth.,
1478 2500 1621 2570 Lips.
1649 2502 1840 2570 trium,

233 2573 450 2639 Reim.,
485 2571 724 2638 Sublac.,
758 2574 931 2637 ltost.,
964 2571 1102 2627 Ven.
1136 2572 1403 2636 1471-97,
1436 2572 1585 2628 homo
1631 2584 1846 2641 acutus;

237 2654 304 2701 ut
324 2645 398 2700 de
419 2643 564 2716 Opif.
588 2658 637 2699 c.
663 2644 690 2699 1
715 2683 732 2709 ,
762 2644 912 2698 homo
936 2644 1320 2698 disertissimus.
1350 2644 1481 2700 Buu.

317 2736 479 2805 Quod
494 2745 566 2792 est
592 2736 837 2805 Optimum
865 2735 919 2790 in
937 2735 1080 2790 nobis
1097 2735 1383 2790 debeamus.
1406 2736 1482 2791 lta
1504 2752 1693 2793 omnes
1712 2736 1842 2793 editi

236 2819 297 2865 et
325 2823 465 2864 mss.
494 2808 730 2873 codices,
765 2817 958 2875 praeter
979 2823 1145 2861 unum
1176 2809 1380 2863 Bonon.
1410 2818 1467 2863 et
1487 2810 1521 2863 4
1551 2809 1681 2863 edit.
1727 2823 1838 2865 rec.

240 2882 336 2952 qui
368 2896 437 2936 ex
463 2894 531 2935 eo
549 2890 672 2950 post
698 2880 753 2933 in
778 2878 923 2933 nobis
944 2878 1147 2934 addunt
1175 2880 1402 2934 animant
1424 2895 1442 2934 :
1463 2895 1624 2951 quam
1656 2896 1841 2937 vocem

240 2962 305 3007 ut
338 2952 612 3016 glossema
642 2952 1020 3020 expunximus.

322 3022 748 3093 Mujestatemque
776 3032 970 3076 tantam
1020 3038 1125 3077 esse
1166 3022 1289 3077 dicit
1328 3024 1381 3076 in
1417 3021 1612 3078 Tima'o
1664 3023 1838 3081 Plato.

244 3094 455 3151 Eadem
506 3094 731 3149 llermes
758 3094 808 3148 in
838 3094 1114 3149 Ptemand.
1141 3104 1197 3148 et
1220 3093 1276 3149 S.
1305 3094 1548 3149 lustinus
1571 3095 1839 3152 Parmnet.

244 3166 532 3222 Platonem
562 3165 650 3219 illa
680 3165 921 3235 hausisse
951 3180 1015 3219 ex
1057 3164 1221 3220 Mosis
1246 3177 1298 3220 ct
1328 3165 1705 3235 ngyptiorum
1737 3168 1848 3222 dis-

247 3238 449 3308 ciplina
482 3237 676 3293 scribit
700 3234 1378 3308 Clem..Protrept.;apud
1417 3234 1673 3294 llehrreos
1703 3239 1847 3294 enim

249 3307 490 3384 nomen“
505 3309 597 3363 Dei
617 3311 971 3384 ἀνικφῴνηιι-ρν.
1002 3307 1167 3363 Basil.
1199 3307 1266 3365 de
1284 3308 1341 3364 S.
1362 3308 1590 3380 Spiritu,
1608 3325 1725 3381 cap.
1757 3310 1843 3367 18.

248 3380 392 3438 Vide
417 3378 819 3435 Wowerum'in
844 3380 889 3434 Μ
899 3380 1039 3434 inuc.

325 3451 394 3506 In
420 3451 616 3507 Timaro
649 3450 821 3506 Plato.
873 3451 1024 3505 llunc
1052 3450 1255 3522 locum,
1286 3466 1453 3522 quum
1482 3452 1673 3508 Celsus
1704 3452 1847 3521 apud

247 3524 401 3595 Orig.
436 3527 472 3578 l.
502 3539 596 3588 vn,
629 3539 682 3592 p.
705 3522 845 3589 560,
875 3522 1164 3590 attulisset,
1193 3521 1455 3593 Origenes
1479 3525 1847 3580 examinatum

250 3594 466 3668 plenius
491 3595 724 3668 explicat
766 3595 835 3649 de
865 3594 1084 3668 [flatone
1112 3595 1488 3668 uuum_l)eum
1530 3596 1844 3668 conﬁtente.

249 3665 412 3723 Conf.
444 3666 709 3736 Athenag.
742 3681 836 3733 pro
860 3665 1183 3720 Christianis
1206 3681 1258 3734 p.
1280 3665 1372 3732 26,
1392 3665 1494 3732 27;
1522 3666 1663 3721 Just.
1691 3668 1845 3723 Mart.

250 3739 418 3810 Apol.
442 3754 517 3804 ιι,
538 3735 673 3793 sect.
697 3739 782 3810 ll,
802 3736 890 3791 cd.
910 3735 1037 3810 OL.
1058 3752 1109 3806 p.
1136 3736 1238 3801 27;
1265 3737 1457 3810 Minue.
1491 3737 1660 3793 Felic.
1686 3754 1737 3794 c.
1759 3740 1844 3795 19.

328 3810 407 3865 0b
449 3811 684 3866 nimiam.
734 3807 861 3863 Mss.
894 3809 1022 3865 Jun.
1053 3810 1219 3864 Cane.
1247 3817 1303 3863 et
1330 3809 1456 3865 editi
1508 3825 1602 3864 sex
1644 3809 1851 3867 addunt

252 3883 366 3954 ejus
390 3898 410 3938 :
432 3898 553 3953 quae
577 3895 678 3937 vox
702 3882 753 3936 in
786 3881 994 3936 caeteris
1023 3881 1200 3937 deest.
1234 3882 1358 3936 llaec
1391 3893 1565 3937 tamen
1598 3884 1733 3937 mire
1760 3882 1846 3939 hic

251 3954 525 4009 convenit.

329 4026 538 4080 Dubitet
581 4040 716 4079 vero.
779 4025 947 4080 Recte
994 4041 1111 4080 vero
1150 4040 1179 4078 a
1229 4023 1382 4079 nobis
1411 4025 1748 4080 immutatum
1780 4040 1849 4080 ex

254 4098 507 4152 omnibus
536 4112 667 4151 mss.
695 4097 971 4152 codicibus
992 4108 1047 4152 et
1076 4095 1164 4152 ed.
1199 4094 1398 4152 Cellar.
1433 4113 1529 4166 pro
1556 4114 1675 4168 ergo
1704 4097 1848 4167 quod

256 4181 340 4226 est
367 4170 418 4222 in
450 4168 695 4238 vulgatis.

329 4239 767 4311 lnexcogitabilis.
799 4239 851 4293 l’tl
874 4248 956 4295 est
977 4281 991 4304 ,
1016 4240 1167 4309 cujus
1189 4239 1423 4294 divinam
1448 4250 1695 4295 naturam
1727 4238 1849 4293 inﬁ—

257 4314 505 4382 nitasque
554 4310 910 4381 perfectiones
955 4313 1185 4367 humana
1237 4326 1390 4367 mens
1438 4314 1760 4382 cogitatione
1787 4326 1851 4367 ac

258 4384 607 4439 meditatione
636 4398 960 4452 cognoscere
993 4400 1095 4437 non
1128 4391 1321 4452 potest.

330 4454 411 4509 De
454 4464 596 4508 tattltt
645 4456 925 4526 majestate.
979 4453 1160 4510 Mss?
1191 4455 1476 4511 Bonon.et
1500 4454 1588 4508 alii
1611 4469 1719 4509 rec.
1755 4452 1850 4508 ha-

255 4528 387 4584 bent
413 4536 674 4597 potestate.

332 4595 716 4669 Incogitabiles.
751 4596 804 4653 ld
848 4604 933 4653 est
957 4640 972 4666 ,
1003 4597 1360 4669 incogitantes
1384 4640 1399 4666 ,
1443 4595 1849 4669 inconsiderati.

257 4670 357 4727 llic
380 4666 691 4725 Lactantius
713 4669 949 4741 imitatus
979 4680 1062 4724 est
1089 4666 1340 4724 Plautum
1367 4712 1381 4735 ,
1408 4670 1502 4741 qui
1541 4668 1694 4723 Milit.
1726 4666 1856 4723 Glo-

258 4745 416 4809 rios.,
443 4751 551 4798 act.
584 4757 653 4807 ιι,
681 4755 758 4796 sc.
789 4740 823 4796 6
846 4783 862 4809 ,
894 4758 947 4797 ν.
973 4741 1075 4808 65,
1103 4742 1328 4797 scribit:

422 4920 486 4933 ..
529 4916 593 4932 ..
633 4920 644 4932 .
684 4917 698 4932 .
892 4916 904 4927 .
944 4880 1522 4932 ..Nuucdemumscio

413 4945 493 4997 Me
517 4945 669 4996 fuisse
693 4945 981 5005 excordem,
1009 4956 1214 5009 ca:cum,
1249 4943 1635 5006 incogitabilem.

260 5073 387 5131 lla‘c
425 5089 529 5129 vox
560 5084 643 5130 est
667 5071 939 5130 aﬁectatio
965 5071 1208 5127 vocabuli
1251 5072 1370 5125 soni
1391 5071 1692 5142 grandioris
1714 5113 1727 5133 .
1762 5086 1856 5129 cu-

256 5147 490 5218 jusmodi
518 5157 647 5201 sunt
673 5145 791 5216 ejus
816 5144 1005 5218 forma:
1036 5144 1256 5218 omnia,
1287 5144 1483 5212 quibus
1526 5142 1666 5218 solet
1708 5143 1856 5218 Maro

265 5214 598 5284 maiestatem
644 5214 743 5272 suo
768 5217 993 5272 carmini
1046 5216 1341 5270 conciliare
1374 5232 1386 5267 :
1419 5227 1497 5279 ut,
1527 5214 1858 5285 lacrymabile

263 5291 444 5345 bellum
469 5306 488 5344 :
518 5288 842 5344 ineluctabile
866 5292 1068 5357 futuat:
1096 5286 1358 5341 illaztabile
1402 5303 1651 5339 murmur.
1703 5288 1853 5341 Alio-

262 5362 388 5431 quin
409 5361 778 5433 religiosiores
808 5358 972 5433 fnisse
999 5367 1212 5433 veteres
1252 5357 1471 5433 Latinos
1500 5358 1557 5433 in
1586 5357 1851 5426 ejusmodi

261 5429 481 5489 vocibus
496 5429 703 5498 [docet
728 5431 796 5485 M.
832 5431 1059 5495 Tullius,
1107 5429 1200 5500 qui
1224 5429 1699 5489 γαταληπτὸνόιιηι
1729 5444 1852 5485 ver-

267 5506 413 5560 tisset
434 5502 918 5573 comprehensibile,
966 5502 1116 5572 quasi
1143 5518 1390 5571 magnum
1419 5501 1632 5570 aliquod
1664 5516 1848 5565 ausus,

264 5575 458 5633 Feretis
477 5572 631 5630 haec?
669 5575 869 5642 inquit;
920 5583 975 5629 et
1002 5574 1202 5629 Seneca
1248 5580 1397 5627 notat
1423 5573 1563 5638 apud
1588 5572 1854 5627 Maecena-

267 5659 367 5704 tem
418 5646 823 5705 irremediabile.
878 5660 978 5716 pro
1034 5646 1289 5710 ἁνηκετὸν,
1331 5643 1852 5710 epist.ll/s.Siutile

264 5721 399 5789 apud
436 5720 696 5774 Lucilium
720 5759 736 5785 ,
770 5716 1231 5789 Monstriﬁcabile:
1257 5716 1395 5789 apud
1435 5716 1848 5789 disertissimum

265 5786 582 5862 scriptorem
615 5788 973 5862 Lactantium,
989 5788 1390 5862 insttstentabilis
1410 5786 1723 5862 dominatio,
1751 5789 1845 5862 lib.

268 5877 357 5931 vn,
376 5854 506 5933 "cap.
545 5858 611 5918 16
636 5896 650 5932 ,
681 5856 779 5932 pro
800 5876 864 5919 eo
893 5854 1036 5931 quod
1075 5856 1278 5916 Graecis
1302 5856 1652 5920 inminuto:
1678 5856 1844 5934 ἀρχή,

1949 2297 2055 2343 etc.
2087 2287 2209 2345 Ιειιι.
2238 2288 2541 2347 ϐλειυιιοιι.

2025 2359 2186 2415 Mutis
2212 2361 2518 2417 animalibus
2539 2360 2851 2429 diﬂ‘erentes.
2885 2359 3171 2429 Pleraeque
3197 2371 3389 2429 omnes
3419 2356 3546 2414 edd.

1951 2439 2006 2487 ct
2023 2446 2123 2486 ms.
2148 2431 2334 2498 60th.,
2362 2450 2393 2486 a
2416 2435 2569 2488 mutis
2588 2428 2617 2500 ,‘i
2637 2442 2690 2488 et
2711 2434 2790 2490 sic
2817 2433 2944 2502 legit
2979 2428 3346 2502 Hetunanuus.
3370 2428 3554 2502 Malim

1950 2517 2072 2557 cum
2122 2504 2394 2570 Cellario,
2438 2499 2696 2567 Reimm.,
2750 2499 3059 2574 Lipsienses
3108 2499 3278 2574 ('odtl.
3312 2501 3555 2574 aliosque

1952 2574 2137 2644 sequi,
2170 2578 2257 2646 qui
2302 2575 2539 2632 dativum
2573 2576 2790 2640 habent,
2819 2573 3007 2632 mutis.
3041 2589 3188 2646 more
3216 2573 3445 2646 Horatii.
3472 2573 3557 2646 Ci-

1952 2644 2198 2718 ceronis.»
2222 2647 2342 2704 Vid.
2370 2649 2617 2718 exempla
2649 2651 2699 2704 in
2733 2648 2995 2704 Vechner.
3030 2645 3321 2718 l~lelleuol.,
3347 2644 3551 2718 p.440,

1956 2716 2432 2789 ubilleusingerns
2460 2714 2740 2775 nobiscum
2772 2720 2917 2775 facit.
2952 2720 3046 2771 llic
3080 2717 3322 2789 imitatur
3373 2714 3554 2789 Cicer.

1953 2803 1983 2840 v
2037 2788 2183 2853 ἰδίει..
2240 2787 2293 2847 εξ
2344 2792 2453 2847 15:
2506 2791 2644 2857 Quid
2691 2790 3035 2846 animantibus
3082 2787 3404 2855 differamus.
3461 2787 3553 2843 Sic

1951 2858 2126 2934 Crat.,
2157 2862 2348 2925 Gron.,
2383 2862 2643 2934 Verburg.
2674 2864 2797 2919 cdd.
2834 2862 3028 2919 lterum
3051 2861 3207 2934 Lact.
3241 2860 3277 2914 Ι.
3309 2875 3344 2915 ιι
3365 2902 3381 2928 ,
3409 2874 3459 2916 c.
3490 2860 3553 2916 5:

1954 2930 2116 2987 Sol...
2152 2934 2274 2988 luna
2301 2930 2941 2991 luminibusvastrorum...
2976 2931 3242 2999 dilferunt.

2023 3007 2093 3059 Οὐ
2111 3004 2285 3062 δύνατ.
2317 3006 2434 3061 Lat.
2462 3005 2586 3061 Non
2611 3016 2774 3077 potest
2804 3023 2867 3062 ex
2894 3006 2987 3060 uiri
3022 3003 3296 3076 femoribus
3322 3012 3554 3077 et‘utero

1957 3074 1975 3146 (
1997 3077 2268 3148 mulieris)
2323 3078 2456 3132 Deus
2484 3074 2736 3149 formatus
2766 3094 2891 3133 esse.
2920 3074 3047 3132 llaec
3083 3090 3256 3149 graeca
3284 3074 3443 3130 verba
3476 3075 3556 3149 le-_-

1952 3160 2151 3220 guntur
2180 3145 2318 3217 apud
2351 3145 2709 3220 Theophilum
2738 3150 2878 3220 libro
2905 3165 2943 3203 ll
2971 3148 3035 3203 ad
3071 3145 3379 3201 Autolicutu
3408 3188 3422 3212 ,
3455 3145 3549 3202 sed

1956 3217 2075 3274 loco
2101 3224 2451 3295 τεταπωμένος
2478 3217 2766 3293 legendum
2792 3219 3001 3276 videtur
3019 3220 3390 3292 τετυπωμένος.

2026 3309 2193 3365 Sicuti
2244 3325 2336 3368 est.
2384 3313 2512 3369 Mira
2569 3314 2725 3383 hujus
2776 3313 3020 3369 formula:
3076 3311 3362 3383 elegantia.
3422 3311 3542 3367 Cic.

1953 3381 2223 3438 Paradox.
2259 3400 2307 3446 ν,
2351 3401 2397 3440 c.
2429 3387 2453 3440 1
2483 3402 2495 3438 :
2531 3385 2595 3441 Si
2618 3381 2828 3439 servitus
2859 3386 3101 3451 sit,sicut
3128 3381 3233 3449 est,
3265 3383 3552 3437 obedientia

1952 3452 2103 3525 fracti
2125 3456 2305 3509 animi.
2341 3457 2405 3510 Et
2434 3472 2530 3525 pro
2561 3457 2616 3513 S.
2650 3457 2814 3512 Rosc.
2842 3472 2891 3510 c.
2927 3464 2957 3507 tt
2992 3474 3006 3512 :
3033 3455 3277 3523 Quamvis
3304 3456 3396 3509 ille
3424 3455 3553 3525 felix

1950 3524 2033 3589 sit,
2066 3526 2195 3579 sicut
2243 3538 2339 3583 est.
2383 3524 2562 3582 Livius
2612 3542 2722 3591 vn,
2771 3528 2846 3584 35
2878 3547 2890 3582 :
2922 3525 2983 3581 Si
3028 3543 3133 3581 non:
3156 3524 3448 3596 Opportuna
3478 3536 3552 3581 est

1952 3598 2206 3664 eruptioni
2229 3641 2244 3663 ,
2286 3601 2415 3653 sicut
2463 3610 2644 3654 est.-—
2666 3599 2833 3655 Sicuti
2863 3608 2955 3653 est.
2989 3597 3078 3655 Sic
3105 3599 3183 3652 rei
3212 3596 3411 3651 veritas
3437 3596 3551 3652 cle-

1951 3677 2141 3735 gantcr
2161 3670 2532 3726 conﬁrmatur.
2558 3670 2737 3739 Nepos
2764 3672 2818 3727 in
2845 3671 3085 3725 Eumene
3106 3686 3154 3723 c.
3186 3670 3209 3722 1
3245 3686 3257 3720 :
3283 3666 3439 3737 Apud
3457 3683 3551 3722 nos

1949 3754 2147 3806 revera,
2182 3743 2319 3797 sicut
2345 3752 2489 3803 sunt,
2520 3743 2699 3799 scriba:
2721 3742 3025 3797 mercenarii
3049 3740 3388 3796 restituantur.
3412 3739 3545 3794 BUN.

2028 3811 2247 3877 Quando
2277 3825 2411 3885 sunt.
2445 3815 2519 3870 lta
2546 3815 2784 3885 potiores
2823 3828 2956 3870 mss.
2984 3824 3040 3869 et
3068 3812 3389 3885 vetustiores
3418 3811 3548 3866 editi

1953 3880 2111 3936 Rom.
2131 3926 2146 3948 ,
2174 3885 2293 3941 Ald.
2318 3928 2332 3948 ,
2361 3884 2508 3942 Crat.
2529 3880 2777 3955 ,Graph.
2798 3928 2812 3950 ,
2862 3885 3104 3951 Fasitel.,
3132 3884 3405 3955 Gymnic.,
3448 3898 3550 3938 nec

1954 3968 2059 4025 non
2094 3955 2401 4012 Lactantius
2447 3968 2629 4012 uoster
2674 3958 2836 4013 variis
2863 3958 2913 4010 in
2944 3958 3076 4011 locis
3100 3969 3196 4025 pro
3221 3955 3547 4023 quandoqui-

1953 4023 2067 4078 dem
2091 4069 2103 4089 ,
2132 4030 2274 4096 quod
2299 4030 2691 4084 substituerunt
2719 4031 2747 4085 4
2775 4028 3015 4093 Colb.,?
3034 4023 3274 4083 Clarout.
3305 4036 3358 4081 et
3379 4026 3412 4082 8
3437 4041 3546 4081 rec.

1952 4097 2127 4163 editi.,
2161 4103 2192 4153 5
2220 4099 2379 4170 Reg.,
2407 4102 2669 4171 quoniam.

1956 4259 1967 4271 _
2140 4208 2259 4263 ergo
2279 4196 2324 4248 si
2347 4204 2467 4249 sunt
2493 4195 2807 4271 immortales
2837 4203 2882 4248 et
2908 4193 3104 4271 (eterra.
3156 4189 3245 4246 Sic
3293 4192 3411 4271 lego
3434 4191 3551 4271 sine

1955 4261 2216 4334 incisione
2265 4281 2386 4321 cttm
2442 4282 2572 4321 mss.
2599 4266 2636 4321 2
2691 4268 2923 4334 Bonou.,
2958 4266 2981 4319 1
3019 4264 3152 4333 Reg.
3185 4261 3550 4317 vetustissimo

1951 4332 2179 4405 aliisque
2232 4338 2475 4405 duobus,
2526 4339 2684 4405 'l‘ax.,
2738 4332 2918 4404 Pen.,
2947 4338 2979 4392 ὅ
3023 4332 3196 4405 Lips.,
3239 4335 3271 4388 ϐ
3299 4334 3481 4400 Colb.,
3514 4339 3551 4388 2

1953 4403 2211 4474 Clarom.,
2259 4409 2293 4461 2
2323 4403 2523 4471 Bruti};
2577 4420 2629 4464 et
2671 4403 2919 4464 omnibus
2946 4410 3059 4462 fere
3081 4403 3260 4459 editis.
3307 4406 3364 4460 lu
3412 4422 3545 4462 mss.

1956 4473 1990 4527 5
2032 4475 2164 4548 Reg.
2207 4478 2346 4534 Geth
2397 4490 2451 4535 et
2496 4481 2669 4536 Betul.
2697 4523 2711 4545 ,
2741 4495 2805 4535 ac
2834 4480 2869 4535 2
2893 4482 2981 4535 ed.
3009 4493 3143 4542 rec.,
3184 4476 3297 4531 Diis
3320 4494 3439 4549 ergo
3460 4518 3474 4540 ,
3506 4480 3551 4530 si
3612 4534 3617 4539 ,

1879 4531 1934 4592 Ῑ)
1957 4558 2095 4600 sunt.
2112 4531 2305 4620 uMagis
2320 4531 3145 4607 7lamet{consonans—videretur
3168 4531 3434 4611 oratioxsi
3462 4531 3547 4620 les

1958 4631 2194 4687 geretur,
2230 4621 2342 4678 Diis
2368 4641 2509 4695 ergo,
2537 4625 2582 4679 si
2619 4634 2738 4679 sunt
2779 4623 3093 4680 immortales
3122 4629 3168 4673 et
3188 4621 3362 4677 (ειενηὶ
3380 4663 3396 4689 ,
3427 4619 3550 4691 quid

1959 4705 2087 4758 opus
2115 4703 2188 4746 est
2216 4698 2374 4750 altera
2398 4712 2543 4751 sexu.

2035 4781 2175 4848 Quid
2193 4802 2323 4856 opus
2339 4796 2412 4842 est
2428 4788 2590 4842 altero
2611 4803 2751 4850 sexu,
2769 4804 2883 4842 cum
2902 4789 3216 4844 successione
3233 4803 3332 4842 non
3350 4794 3545 4857 egeant.

1958 4850 2034 4928 ita
2063 4871 2192 4928 mss.
2229 4850 2257 4913 1
2292 4859 2498 4915 Bouon.
2529 4860 2721 4928 antiq.,
2751 4860 2998 4928 Navarr.,
3026 4861 3063 4915 2
3087 4862 3309 4924 Bruun.,
3339 4850 3397 4912 ei
3417 4858 3543 4913 edd.

1958 4924 2052 4994 ls.,
2081 4927 2272 5003 Thysi.
2305 4929 2470 5003 Gall.,
2503 4924 2723 5001 Spark.,
2748 4943 2801 4987 et
2838 4932 2873 4986 ‘2
2895 4924 3041 5003 Lips.
3066 4932 3191 5003 Post
3215 4933 3375 4984 altero
3401 4945 3545 5003 ερωιι.

1962 5015 2091 5070 mss.
2140 5001 2175 5055 4
2221 5000 2355 5070 Reg.
2398 5000 2594 5068 Vatia},
2649 5005 2681 5057 4
2724 5003 2902 5069 Colb.,
2957 5000 3104 5067 Cat.,
3155 5002 3371 5065 Marm.,
3400 5001 3545 5064 Em.,

1959 5068 2186 5144 Cltrist.,
2239 5068 2375 5137 l‘al.,
2429 5073 2599 5144 Lips.,
2651 5074 2840 5141 Cauc.,
2872 5068 2926 5132 et
2958 5075 3045 5131 ed.
3078 5073 3297 5144 Fasilcl.
3318 5115 3332 5136 ,
3365 5072 3542 5127 Betul.

1959 5158 2022 5216 ac
2071 5143 2298 5216 Turpes.
2357 5143 2583 5213 addunt,
2640 5148 2880 5201 nimirunt
2908 5157 2964 5201 ut
2993 5157 3246 5216 generem.
3280 5143 3337 5199 In
3368 5145 3487 5199 aliis
3513 5144 3548 5199 4

1963 5214 2116 5285 Reg.,
2168 5214 2203 5268 2
2249 5216 2425 5282 Colb.,
2478 5218 2502 5271 1
2554 5218 2736 5282 Sorh.,
2794 5220 2809 5272 I
2864 5214 3123 5282 Claram,
3169 5232 3231 5272 ac
3252 5217 3343 5272 ed.
3374 5216 3546 5270 vet.‘;’.

1960 5285 2143 5359 Rom.,
2197 5286 2368 5342 Paris.
2420 5288 2590 5356 1525,
2636 5288 2786 5353 Ald.,
2816 5288 2985 5352 Crat.,
3014 5287 3241 5355 Graph.,
3270 5287 3544 5359 Gymnic.,

1958 5358 2197 5431 nimirum
2223 5369 2275 5412 ut
2303 5371 2623 5430 generentur,
2653 5361 2795 5428 quod
2826 5371 2885 5431 ut
2909 5362 3172 5431 glossema
3203 5358 3506 5428 respttitnns
3526 5401 3541 5423 ,

1959 5429 2106 5484 velut
2129 5432 2287 5503 etiam
2308 5429 2594 5501 sequentia
2630 5430 2789 5503 verba
2813 5473 2826 5495 ,
2858 5429 2984 5503 Ipsa
3006 5433 3245 5503 progenie
3263 5430 3388 5503 quid
3415 5446 3544 5499 Opus

1956 5513 2057 5567 est,
2089 5516 2207 5571 qua:
2227 5502 2420 5556 absunt
2443 5504 2509 5557 ab
2536 5502 2836 5572 antiquiore
2867 5501 3188 5557 Bononiensi
3212 5547 3224 5565 ,
3254 5517 3283 5555 a
3326 5501 3454 5556 Nav.
3490 5511 3545 5556 et

1955 5574 2024 5627 ab
2049 5575 2208 5628 editis
2231 5574 2429 5627 multis.
2458 5574 2517 5627 Et
2541 5573 2754 5641 quidem
2778 5575 3040 5629 sententia
3083 5585 3164 5630 est
3203 5576 3399 5640 optima
3421 5616 3437 5640 ,
3490 5582 3547 5628 ct

1956 5647 2129 5719 oratio
2174 5655 2256 5698 est
2305 5643 2612 5719 efﬁcacior,
2663 5645 2809 5700 brevi
2861 5647 3091 5716 quodam
3143 5648 3544 5719 enthymemate

1954 5716 2241 5788 conclusa;
2301 5724 2357 5770 nt
2415 5718 2555 5770 dicat
2628 5726 2854 5788 utroque
2914 5733 3044 5773 sexu
3114 5737 3217 5771 non
3275 5716 3411 5787 opus
3460 5728 3546 5773 est

1953 5789 2055 5859 diis
2078 5827 2110 5859 ,_
2146 5786 2267 5857 quia
2321 5790 2662 5859 successione
2705 5786 2813 5845 non
2857 5802 3033 5855 egent.
3070 5789 3156 5854 qui
3180 5786 3394 5859 semper
3420 5799 3546 5845 sunt

1954 5854 2374 5915 l‘ttluriwl-Srau.
2403 5858 2529 5917 Post
2552 5857 2666 5917 haec
2694 5862 2851 5918 verba
2882 5854 3074 5932 legitur
3100 5858 3150 5915 in
3190 5861 3275 5914 ed.
3297 5854 3540 5928 'S‘uhlact

3622 1004 3853 1103 τιμε
3892 1011 4041 1118 ρει

3624 1144 3793 1189 eam
3838 1126 4049 1205 haud,

3629 1316 4062 1392 ’ἲωοςω-ιβιλδ-
