4104 6368
241 272 322 338 163
1244 260 1446 330 Milli“.
1487 261 1526 325 lo.
1571 261 1657 326 DE
1690 257 1906 326 FALSA
1953 255 2339 323 BELIGIONE.

3367 258 3472 316 166

241 391 432 442 Ιιιιιιιιιιιο
470 381 644 454 generi
692 381 1012 452 principium
1067 381 1169 437 fuit
1213 383 1478 436 malorum
1521 399 1533 434 :
1567 381 1764 456 quibus
1791 387 1840 452 Α
1870 380 2016 436 sulse
2046 380 2264 451 quidam
2314 388 2472 450 poeta
2514 379 2849 450 triumphum
2891 377 3176 449 Cupidinis
3218 377 3472 448 scripsit:

237 483 393 547 victis,
434 489 482 534 et
525 494 647 550 pace
679 478 730 532 in
765 465 1083 548 perpetuum
1114 488 1456 547 comparata,
1506 477 1769 546 reliquam

234 593 354 636 suam
399 575 544 630 vitam
599 573 648 632 in
704 573 905 642 stupris
952 572 1344 641 adulteriisque
1413 571 1772 640 consumpsit.

231 667 396 730 Omitto
425 665 677 736 virgines,
709 681 846 736 quas
891 665 1182 722 imminuit.
1232 665 1288 720 Id
1318 665 1463 724 enim
1494 663 1777 722 tolerabile

229 757 418 834 iudicari
440 760 588 818 solet.
607 758 1058 829 Amphitryonem
1091 773 1153 814 ac
1169 756 1478 829 Tyndarum
1500 755 1778 826 praeterire

235 868 319 910 n0n
387 865 628 922 possum,
701 866 929 919 quorum
1006 850 1197 906 domos
1262 849 1531 906 dedecore
1615 857 1779 917 atque

230 945 414 1004 infamia
441 944 774 1015 plenissimas
802 943 1058 1004 reddidit.
1087 943 1220 1000 Illud
1253 959 1382 998 vero
1404 958 1632 998 summa:
1681 942 1778 1002 im-

229 1042 412 1115 pietatis
438 1055 496 1099 ac
526 1040 746 1104 sceleris
767 1082 782 1105 ,
818 1039 960 1110 quod
1005 1039 1214 1110 regium
1248 1055 1475 1109 puerum
1506 1037 1685 1107 rapuit
1711 1034 1778 1092 ad

229 1143 454 1202 stuprum.
471 1133 660 1192 Parum
680 1133 822 1194 enim
843 1131 1144 1199 videbatur,
1165 1131 1212 1191 si
1229 1132 1276 1190 in
1299 1130 1650 1202 extinguanda
1678 1130 1780 1186 fiev-

226 1228 452 1286 minarum
467 1224 716 1295 pudicitia
731 1225 1195 1298 maculosuseaset
1207 1240 1270 1286 ac
1286 1224 1476 1293 turpis,
1501 1226 1603 1282 nisi
1617 1227 1778 1281 etiam

226 1318 350 1374 sexui
376 1333 468 1374 suo
496 1318 742 1389 iniuriam
774 1316 973 1374 faceret
1011 1334 1026 1371 :
1058 1317 1162 1376 hoc
1206 1325 1292 1373 est
1335 1333 1522 1374 verum
1573 1318 1779 1376 adulte-

225 1411 365 1484 rium,
389 1413 525 1485 quod
553 1412 612 1476 fit
657 1422 846 1472 contra
891 1422 1158 1476 naturam.
1193 1413 1320 1470 liceo
1354 1413 1444 1484 qui
1473 1415 1596 1474 fecit
1628 1416 1780 1472 vide-

224 1506 392 1572 rimus,
435 1521 504 1570 an
541 1507 840 1574 maximus;
868 1516 1018 1568 certe
1056 1509 1296 1578 optimus
1337 1524 1444 1564 non
1475 1519 1596 1565 est:
1636 1510 1780 1581 quod

223 1614 391 1656 nomen
439 1617 467 1657 a
518 1602 968 1672 corruptoribus,
1017 1602 1088 1656 ab
1139 1601 1431 1667 adulteris,
1462 1604 1530 1658 ab
1560 1604 1781 1660 incestis

221 1691 376 1760 abest;
409 1693 504 1749 nisi
527 1693 670 1750 forte
700 1710 800 1750 nos
827 1711 1070 1754 erramus
1101 1694 1348 1752 homines
1369 1737 1384 1763 ,
1417 1699 1506 1768 qui
1540 1699 1666 1752 talia
1701 1697 1780 1753 fa-

1879 491 1985 544 qtto
2019 477 2068 528 in
2098 475 2240 528 libro
2269 488 2374 528 non
2407 473 2566 530 modo
2599 474 3034 544 potentissimum
3061 472 3286 528 deorum
3315 472 3475 542 Cupi-

1878 566 2090 633 dinem,
2142 565 2236 620 sed
2278 566 2438 620 etiam
2487 566 2743 622 victorem
2775 566 2921 624 facit.
2955 567 3302 621 Enumeratis
3332 565 3476 620 enim

1877 660 2154 716 amoribus
2181 660 2538 730 singulorum,
2573 661 2768 730 quibus
2805 661 2858 715 in
2891 669 3213 730 potestatem
3247 656 3474 729 Cupidi—

1879 754 1963 809 nis
1992 753 2357 824 ditionemque
2394 756 2689 819 venissent,
2727 753 2942 809 instruit
2973 769 3246 824 pompam,
3279 754 3330 807 in
3369 767 3477 823 qua

1877 847 2087 918 Jupiter
2116 864 2237 902 cum
2277 849 2485 902 caeteris
2521 847 2627 902 diis
2657 857 2781 904 ante
2825 864 3040 904 currum
3087 847 3470 918 triumphantis

1879 941 2092 996 ducitur
2113 950 2414 996 catenatus.
2448 941 2736 1010 Eleganter
2775 940 2824 994 id
2853 940 3065 1010 quidem
3093 957 3122 994 a
3155 948 3308 1011 poeta
3340 940 3471 1009 figu«

1881 1045 2098 1089 ratum:
2135 1033 2230 1090 sed
2277 1044 2453 1088 tamen
2501 1049 2606 1094 non
2649 1033 2874 1086 multum
2915 1031 3076 1086 distat
3119 1048 3149 1086 a
3179 1048 3328 1089 vero.
3368 1030 3468 1098 Qui

1880 1127 2024 1182 enim
2052 1126 2268 1182 virtutis
2297 1137 2377 1181 est
2404 1140 2618 1195 expers,
2652 1126 2742 1195 qui
2767 1140 2797 1179 a
2825 1123 3120 1194 cupiditate
3150 1140 3214 1178 ac
3242 1124 3482 1179 libidini-

1879 1219 1980 1276 bus
2025 1219 2182 1273 malis
2209 1219 2442 1274 vincitur
2461 1260 2476 1285 ,
2508 1235 2615 1274 non
2644 1217 2894 1288 Cupidini
2922 1219 3003 1288 (ut
3034 1218 3126 1272 ille
3156 1216 3355 1289 llnxit),
3384 1215 3480 1272 sed

1881 1314 2042 1370 morti
2078 1314 2354 1383 subjectus
2395 1322 2478 1368 est
2515 1313 2885 1382 sempiterna.
2916 1311 3025 1368 Sed
3065 1313 3378 1367 omittamus
3411 1311 3481 1367 de

1882 1406 2124 1462 moribus
2169 1405 2353 1461 dicere
2395 1421 2554 1461 :rem
2597 1404 3030 1471 contideremus;
3073 1415 3131 1460 ut
3181 1405 3482 1474 intelligant

1882 1499 2152 1566 homines,
2187 1500 2243 1554 in
2269 1498 2463 1566 quibus
2488 1499 2674 1556 miseri
2700 1507 2989 1560 versentur
3006 1499 3302 1554 erroribus.
3339 1499 3478 1569 Reg-

1883 1609 2014 1650 nare
2057 1594 2110 1649 in
2153 1592 2294 1649 coelo
2339 1591 2529 1648 Jovem
2557 1593 2748 1663 vulgus
2783 1593 3058 1648 existimat
3087 1611 3099 1646 :
3134 1593 3185 1648 id
3212 1603 3266 1649 et
3305 1593 3478 1648 doctis

1883 1688 2086 1759 pariter
2129 1697 2182 1742 et
2221 1686 2451 1742 indoctis
2481 1701 2796 1757 persuasum
2839 1695 2942 1741 est.
2977 1685 3129 1754 Quod
3175 1697 3230 1740 et
3269 1686 3480 1756 Religio

220 1783 392 1844 cientes
418 1787 715 1846 sceleratos
737 1801 1016 1853 vocamus,
1036 1803 1098 1842 ac
1117 1789 1378 1857 perditos,
1412 1789 1769 1861 numibusqne

1881 1781 2015 1850 ipsa,
2042 1790 2095 1834 et
2123 1777 2476 1850 precationes,
2502 1789 2555 1834 et
2585 1777 2788 1851 hymni,
2817 1789 2871 1832 et
2896 1777 3142 1845 delubra,
3175 1787 3230 1834 et
3258 1780 3479 1838 simula-

217 1879 361 1946 ptenis
387 1881 733 1951 dignissimos
755 1881 1082 1951 judicamus.
1119 1883 1325 1940 Stultus
1354 1893 1530 1938 autem
1563 1885 1774 1944 Marcus

215 1967 406 2037 Tullius,
441 1976 530 2048 qui
558 1973 626 2034 C.
656 1975 808 2036 Verri
837 1977 1103 2036 adulteria
1132 1977 1331 2046 obiecit
1363 1994 1376 2032 ε
1411 1979 1600 2034 eadem
1628 1982 1772 2036 enim

209 2063 404 2135 Jupiter,
432 2084 597 2138 quem
627 2070 872 2134 colebat,
903 2069 1157 2133 admisit;
1191 2069 1282 2140 qui
1313 2068 1374 2122 P.
1407 2068 1596 2130 Clodio
1617 2088 1774 2128 soro-

209 2158 268 2212 ris
302 2158 552 2216 incestmn
593 2179 607 2215 :
636 2173 692 2217 at
738 2163 811 2217 illi
843 2163 1062 2233 Optimo
1106 2163 1340 2217 Maximo
1370 2163 1559 2220 eadem
1598 2165 1699 2221 fuit
1725 2177 1772 2221 et

209 2267 328 2307 soror
346 2265 391 2307 et
410 2256 623 2327 conjux.

788 2370 1018 2428 CAPUT
1057 2371 1129 2426 XI

206 2483 269 2540 De
285 2485 416 2542 lovis
441 2499 575 2556 ortu,
621 2489 746 2556 vita,
778 2504 954 2560 regno,
985 2489 1191 2550 nonnae
1221 2497 1268 2548 et
1295 2499 1475 2556 morm.
1506 2499 1552 2546 ει
1579 2490 1641 2544 de
1669 2489 1773 2545 δα-

745 2593 893 2640 turno
921 2592 966 2640 et
1003 2581 1198 2644 Urano.

259 2720 374 2789 Quis
399 2731 478 2780 est
509 2723 676 2802 igitur
699 2733 808 2776 tam
837 2737 1061 2790 excors,
1101 2723 1190 2790 qui
1234 2721 1375 2777 hunc
1419 2723 1472 2784 in
1508 2723 1648 2784 coelo
1681 2737 1770 2778 rc-

201 2827 339 2882 gnare
361 2824 528 2888 putet,
553 2814 652 2892 qui
682 2831 751 2871 ne
782 2815 836 2878 iu
868 2824 1012 2872 terra
1043 2814 1257 2884 quidem
1289 2815 1516 2876 debuit?
1548 2817 1663 2871 Non
1695 2815 1776 2872 iu-

1881 1889 1972 1932 cra
2003 1875 2392 1930 demonstrant.
2427 1871 2688 1926 Eumdem
2722 1883 2900 1926 tamen
2945 1870 3180 1926 Saturno
3219 1881 3276 1927 et
3320 1871 3472 1927 Rhea

1879 1967 2121 2039 genitum
2162 1965 2509 2022 Conﬁtentur.
2546 1965 2834 2033 Quomodo
2873 1973 3050 2036 potest
3082 1966 3228 2022 Deus
3264 1966 3478 2036 videri,

1879 2069 1971 2116 aut
2000 2058 2148 2118 credi
2169 2059 2250 2130 (ut
2273 2059 2346 2112 ait
2378 2057 2588 2129 poeta):

2038 2233 2049 2243 .
2093 2234 2103 2244 .
2141 2230 2153 2242 .
2198 2233 2208 2242 .
2249 2230 2262 2242 .
2303 2231 2314 2243 .
2354 2233 2366 2244 .
2404 2193 2670 2243 Hominum
2693 2207 2968 2258 rerumque
2991 2199 3241 2259 repertor,

1880 2353 2004 2400 ante
2034 2342 2185 2413 cujus
2216 2351 2391 2397 ortum
2441 2341 2644 2396 infinita
2691 2342 2967 2398 hominum
3012 2343 3180 2399 millia
3227 2343 3480 2400 luerunt?

1881 2452 2066 2491 eorum
2099 2435 2335 2502 scilicet,
2375 2436 2466 2506 qui
2497 2438 2730 2496 Saturno
2770 2445 3032 2506 regnante
3079 2437 3366 2502 vixerunt;
3413 2451 3478 2491 ac

1882 2530 2090 2601 priores
2123 2529 2276 2596 luce,
2303 2544 2461 2598 quam
2491 2528 2720 2601 Jupiter,
2750 2540 2874 2590 sunt
2911 2531 3084 2600 potiti.
3116 2531 3282 2588 Video
3309 2531 3474 2588 alium

1884 2623 2050 2684 Deum
2079 2636 2260 2691 regem
2290 2620 2455 2678 fuisse
2487 2622 2675 2691 primis
2709 2623 3066 2691 temporibus,
3096 2623 3258 2679 alium
3287 2633 3482 2681 conse-

1881 2717 2190 2788 quentibus.
2225 2716 2410 2770 Potest
2436 2731 2568 2786 ergo
2599 2716 2734 2784 ﬁeri,
2763 2726 2820 2770 ut
2851 2718 2988 2776 alius
3017 2719 3087 2773 sit
3117 2727 3303 2798 postea
3338 2719 3484 2779 futu-

1883 2829 1995 2868 rus.
2030 2813 2084 2868 Si
2109 2812 2250 2868 enim
2284 2826 2507 2886 regnum
2539 2809 2688 2886 prius
2717 2821 2981 2874 mutatum
3013 2822 3096 2872 est
3125 2831 3138 2866 :
3165 2829 3262 2874 cur
3287 2813 3483 2886 despe-

1494 2950 1858 3010 VARIORUM
1886 2949 2117 3006 ΝΟΤιΕ.

202 3102 340 3163 song;
368 3089 620 3146 Ovidium
643 3134 657 3156 ,
692 3090 782 3146 lib.
820 3107 849 3145 v
878 3089 1271 3163 Metamorpqu
1303 3100 1356 3148 et
1384 3091 1762 3161 Claudianum,
1793 3091 1838 3155 ς.
1871 3088 2073 3163 0dar.,
2107 3089 2176 3156 5;
2207 3089 2534 3150 Macrobium
2581 3099 2635 3145 et
2663 3091 3031 3154 Plutarchum.
3067 3094 3124 3154 Id
3151 3095 3204 3152 in
3238 3111 3336 3160 usu
3368 3107 3486 3156 erat

203 3159 246 3216 in
269 3161 724 3232 Gigantomacltia.

263 3233 318 3286 In
357 3239 540 3306 stupris
560 3234 953 3304 adulteriisque.
988 3234 1135 3294 Jovis
1185 3235 1452 3292 adulteria
1488 3246 1540 3292 et
1587 3245 1770 3304 stupra

204 3300 299 3427 liae
326 3300 456 3370 apud
485 3307 788 3372 Arnobium
814 3300 904 3361 lib.
941 3323 992 3360 1v
1019 3316 1073 3369 et
1105 3323 1135 3360 v
1159 3347 1174 3374 ,
1204 3317 1259 3361 et
1287 3308 1552 3382 Epiphun.
1584 3309 1638 3364 ιιι
1666 3300 1773 3364 An-

204 3391 226 3427 c
259 3389 414 3427 orato-

204 3389 414 3432 cnorato.

263 3447 466 3510 Omitto.
516 3461 607 3505 etc
657 3448 713 3502 in
766 3449 1016 3505 omnibus
1058 3449 1321 3512 Lactantii
1380 3451 1531 3508 libris
1573 3452 1771 3521 passim

200 3520 400 3594 usitatus
433 3523 521 3578 hic
552 3523 814 3594 loquendi
844 3522 1058 3576 modus.

266 3590 482 3663 Virgines
525 3590 660 3664 quas
689 3594 966 3647 imminuit.
997 3595 1130 3650 Vide
1181 3596 1408 3650 similem
1444 3595 1771 3659 locutionem

202 3660 321 3717 libro
348 3660 408 3718 de
437 3660 598 3721 Mort.
637 3666 877 3731 l‘ersec.,
907 3681 956 3722 c.
982 3667 1072 3722 58.

247 3732 318 3816 .ld
344 3738 473 3790 enim
513 3736 804 3794 tolerabile.
841 3737 936 3792 Ed.
973 3738 1189 3798 Sublac.
1226 3738 1385 3799 habet
1411 3738 1772 3808 intolerabile,

202 3820 352 3860 minus
377 3822 542 3864 recte.

259 3878 674 3954 Amphitryonem
703 3897 762 3936 ac
801 3879 1139 3954 Tyndarum.
1171 3882 1496 3952 Amphitryo
1525 3884 1777 3953 princeps

198 3946 282 4024 fuit
308 3946 601 4008 Thebanus
626 3995 659 4024 ζ
676 3969 704 4004 e
732 3946 883 4024 cujus
916 3970 1093 4008 uxore
1118 3946 1375 4008 Alcmena
1408 3946 1620 4022 Jupiter
1646 3946 1776 4011 lior-

198 4021 348 4095 culem
372 4027 587 4093 genuit.
618 4021 903 4095 Tyndarus
928 4042 1059 4084 vero
1086 4042 1179 4084 rex
1208 4025 1308 4082 fuit
1328 4021 1571 4084 (Eu-ilia:
1596 4028 1646 4090 in
1680 4029 1778 4083 Pe-

196 4090 489 4164 lopot'iueso,
514 4096 613 4148 hic
637 4090 851 4157 Laadam
879 4114 1101 4159 uxorem
1135 4098 1339 4159 habuit.
1375 4101 1451 4154 Ex
1484 4115 1546 4156 ea
1570 4109 1623 4156 et
1644 4103 1777 4161 Jove.

199 4167 291 4218 nati
318 4180 433 4220 sunt
463 4168 670 4222 Pollux
703 4179 758 4222 et
787 4168 1010 4224 Hcletta.

259 4236 466 4316 Regium
493 4255 718 4316 prterunt
748 4242 916 4308 rapuit
945 4243 1012 4294 ad
1034 4251 1288 4316 stuprum.
1340 4240 1579 4316 Scilicet
1599 4241 1778 4316 Gany-

197 4310 384 4363 medem
426 4313 595 4365 Trois
643 4310 996 4375 Troianorum
1029 4310 1171 4381 regis
1204 4315 1388 4366 lilium.
1425 4314 1497 4367 De
1531 4314 1622 4368 illo
1666 4310 1776 4369 Ho-

198 4392 316 4432 mer.
345 4381 516 4436 llind..
561 4382 772 4452 \"irgil.,
809 4382 938 4436 ίΕιι.
969 4401 1022 4448 v,
1047 4384 1202 4438 Ovid.
1241 4388 1293 4438 in
1321 4385 1562 4446 Metam,
1591 4386 1780 4440 Lucia-

196 4464 282 4530 nus
308 4455 624 4530 iu_dialogis
653 4453 1098 4530 ιιι-ιιιιιοιηϐίυεθι*
1128 4454 1483 4530 Germanicus
1514 4457 1568 4514 iu
1603 4460 1780 4530 Aqua-

197 4522 293 4585 rio,
343 4522 642 4585 Ilerodiitn.
675 4522 766 4578 lib.
800 4542 851 4590 ι,
881 4529 1037 4588 Oros.
1070 4527 1105 4580 l.
1136 4543 1186 4591 ι,
1218 4544 1265 4580 c.
1296 4528 1382 4582 12.

259 4593 572 4668 Marulostts.
596 4597 856 4657 Pollutos,
877 4599 1291 4660 contaminatus.
1310 4599 1528 4658 Tacitus
1548 4600 1681 4662 liist.
1701 4617 1780 4668 111,

196 4678 300 4733 cap.
326 4667 394 4723 58
415 4711 428 4731 ,
475 4669 624 4722 omni
654 4668 898 4724 dedecore
929 4671 1240 4724 nmculosus.
1275 4671 1403 4725 BUN.

259 4737 758 4814 Adulterittm,‘qttod
781 4742 838 4809 ﬁt
867 4753 1044 4794 contra
1074 4755 1332 4801 naturam.
1365 4743 1781 4814 Turpissimum,

198 4805 520 4873 detestabile,
555 4805 845 4866 etsnmme
871 4814 1155 4867 nefandum
1184 4805 1524 4872 chtlcrastiie
1553 4805 1782 4882 crimen,

197 4883 322 4947 quod
349 4883 506 4937 Plato
536 4884 632 4937 lib.
663 4901 676 4936 ι
705 4888 770 4939 dc
797 4885 920 4956 ch.
961 4896 1014 4938 ut
1043 4886 1362 4940 sceleratum
1397 4898 1450 4939 et
1480 4887 1783 4956 impurissi-

198 4965 330 5006 mum
359 4964 674 5014 execratur.
725 4959 1070 5026 appellatque
1115 4967 1171 5011 ttt
1229 4957 1314 5012 hic
1366 4957 1678 5016 Lactantius
1720 4961 1789 5014 Τὸ

197 5029 327 5100 παρὰ
353 5026 504 5099 φύσιν
523 5027 779 5100 τόλμημα.
797 5028 1169 5100 νϋΙιΓίδῐίιιιιὶςε.
1206 5028 1373 5100 llnpp.
1401 5030 1792 5091 Constantinus

199 5103 247 5147 et
266 5099 617 5153 Constantius
649 5099 806 5168 primi
837 5100 1047 5154 obviam
1101 5099 1309 5156 iverunt
1356 5102 1480 5158 huic
1507 5103 1789 5158 scelerata:

201 5169 476 5242 temeritati
503 5212 518 5234 ,
550 5180 606 5224 et
638 5171 886 5224 laudabili
917 5174 1031 5240 lege
1061 5172 1187 5236 lata,
1209 5188 1312 5242 qua
1335 5173 1620 5232 infamibus
1645 5174 1790 5232 hisce

196 5240 594 5316 perducentibus,
626 5244 841 5295 infamia
873 5253 927 5296 et
951 5243 1200 5316 capitalia
1230 5240 1477 5316 irrogattt
1503 5245 1790 5316 supplicia,

199 5313 386 5365 malum
438 5314 547 5366 hoc
599 5315 930 5367 sustulerunt
965 5313 1031 5368 de
1062 5325 1223 5369 terra.
1259 5315 1392 5370 Vide
1424 5316 1516 5370 lib.
1553 5313 1618 5370 Iit
1652 5315 1788 5374 Cod.

200 5376 463 5438 Theodos.
493 5386 564 5437 ad
597 5383 656 5438 L.
689 5384 885 5440 Juliam
910 5385 974 5438 de
993 5383 1263 5450 Adulter.;
1293 5388 1381 5442 lib.
1411 5402 1468 5442 ut
1490 5387 1624 5443 Cod.
1650 5387 1790 5450 Just.

199 5453 258 5524 ad
276 5453 473 5524 Legem
499 5455 702 5510 Juliam
728 5459 794 5512 de
810 5456 1054 5524 Adulter.
1075 5474 1090 5523 ;
1115 5459 1388 5520 Novellum
1411 5475 1539 5514 va:
1563 5470 1615 5522 et
1642 5475 1789 5520 cht.

201 5522 276 5576 Ea:
303 5522 694 5583 Ειζιίεκιιυιιετ.

275 5595 419 5653 Verri
443 5600 782 5654 adulteria...
826 5598 1009 5655 Clodio
1037 5603 1303 5656 incestum.
1356 5601 1487 5658 Vide
1541 5600 1791 5666 Ciceron.

199 5665 312 5723 Act.
347 5687 382 5724 ιι
418 5672 475 5724 in
510 5669 771 5736 Verrem,
801 5683 855 5726 et
881 5673 1032 5728 Orat.
1061 5688 1161 5736 pro
1185 5673 1252 5728 Μ.
1290 5674 1478 5734 Coelio.

270 5739 600 5822 Etsororhel
642 5745 850 5822 conjug.
897 5743 1031 5804 Vide
1062 5739 1378 5822 Virgilium,
1422 5745 1638 5822 Ᾱξιιρίἀ.
1675 5747 1714 5822 Ι..
1746 5765 1795 5814 t;

200 5809 483 5882 Ovidium,
525 5813 618 5870 lib.
667 5809 1330 5891 ut“Metamorph.;'sicut
1361 5809 1428 5881 et
1473 5819 1658 5878 Horat.
1708 5809 1796 5892 in,

1804 4495 1862 4554 D

1875 3163 2016 3232 apud
2045 3162 2373 3216 Orientales.

1951 3233 2172 3288 Exrors.
2212 3234 2340 3288 Sine
2373 3233 2557 3296 corde,
2594 3234 2676 3288 vel
2707 3233 2824 3292 sine
2847 3239 3048 3296 animo.

1953 3307 2185 3384 Quidam
2208 3317 2357 3384 poeta
2389 3305 3018 3384 triumphataeCupidinis
3055 3311 3280 3384 scripsit.
3328 3312 3484 3384 Igno-

1878 3386 2011 3442 tum,
2048 3378 2138 3448 qui
2168 3378 2325 3450 fuerit
2346 3386 2536 3450 poota,
2569 3395 2666 3432 nec
2697 3378 2833 3433 liber
2860 3381 2977 3450 ejus
3022 3381 3087 3440 ad
3117 3397 3301 3439 nostra
3349 3378 3484 3444 fem-

1878 3394 2011 3442 ιιιιιι,
2048 3394 2138 3448 qut
2168 3394 2536 3503 ιιιριηιιῆιουιθ,
2569 3395 2666 3432 nec
2697 3394 2833 3433 ttoer
2860 3396 2977 3450 eius
3022 3394 3087 3440 au
3117 3397 3301 3439 IIOSU‘a
3349 3395 3481 3444 tem-

1878 3465 2015 3532 pora_
2041 3449 2314 3532 pncrveniu
2341 3522 2350 3532 ι
2390 3463 2454 3502 uc
2478 3451 2723 3532 respexit
2747 3452 3102 3532 auctordihri
3125 3454 3192 3508 de
3211 3454 3481 3532 Pudicitia

1876 3521 2017 3590 apud
2049 3519 2210 3592 Cypr.
2266 3522 2351 3573 ubi
2398 3519 2657 3587 scripsit:
2696 3519 3031 3591 [inpudicitia
3083 3527 3338 3586 hominem
3387 3529 3477 3582 sub

1878 3594 2190 3666 triumphum
2209 3592 2434 3666 libidinis
2451 3593 2624 3666 mittit.
2653 3593 2831 3666 Poetae
2861 3610 3055 3666 nomen
3084 3597 3320 3666 ignotum
3344 3616 3481 3666 quo-

1877 3680 1981 3736 que
2007 3637 2292 3722 conﬁtetur
2327 3663 2443 3718 Nic.
2487 3662 2708 3724 Abram.
2753 3664 2819 3720 ad
2856 3665 3059 3792 Cic.Bin
3097 3637 3278 3723 δίδυιί
3309 3637 3476 3728 οῖ’ἒὸ.

3023 3754 3257 3792 UNEMAN.

3023 3754 3257 3797 UNEMAN.

1953 3807 2381 3888 Roteslalemﬁic
2406 3808 2545 3888 apud
2570 3807 2866 3888 Lttcianum
2884 3807 3096 3888 Jupit_er
3113 3811 3366 3879 Cupidini
3390 3829 3484 3869 ex-

1877 3881 2121 3951 probrat,
2147 3883 2286 3951 quod
2309 3881 2479 3952 ipsum
2502 3881 2688 3934 fecerit
2713 3880 2978 3952 Satyrum,
3013 3881 3263 3948 Taurum,
3295 3902 3485 3944 (turum

1879 3965 1932 4007 et
1958 3955 2082 4018 alia,
2117 3969 2234 4019 qua:
2267 3953 2364 4022 ipsl
2401 3951 2519 4007 Jovi
2557 3953 2608 4006 in
2638 3952 2878 4013 dedecus
2904 3965 3205 4014 verterunt.

1953 4023 2264 4102 Qttpidilate.
2319 4025 2390 4077 Ita
2415 4039 2556 4102 .Ittss.
2602 4027 2844 4102 codices.
2875 4025 3015 4082 Editi
3040 4067 3054 4089 ,
3089 4028 3482 4102 cupiditatibus.

1955 4096 2191 4164 Regnare
2233 4097 2284 4149 in
2330 4095 2455 4149 Ctelo
2483 4093 2683 4149 Jovem.
2729 4097 2884 4152 leo
2930 4093 3203 4156 tonantem
3259 4100 3487 4156 credidi-

1879 4183 2000 4244 mus
2031 4167 2238 4244 Jovem,
2273 4169 2348 4244 ait
2380 4166 2632 4244 Horatius
2663 4183 2731 4244 ιιι
2763 4168 2888 4244 Od,
2920 4169 2971 4228 5.
3001 4169 3246 4244 Fingitur
3274 4171 3486 4244 Jupiter

1879 4239 2002 4294 (ξωιὶ
2034 4255 2154 4294 esse
2195 4239 2468 4312 dominus,
2503 4240 2733 4312 quiailli
2763 4242 3070 4312 obtigerunt
3100 4239 3313 4304 excelsa
3345 4239 3483 4305 ioca.

1881 4313 2154 4382 prtccipue
2187 4327 2315 4365 vero
2337 4310 2540 4377 Africa,
2561 4310 2922 4381 cujusmagna
2955 4329 3077 4382 pars
3102 4330 3222 4370 cum
3254 4317 3323 4376 sit
3347 4317 3487 4369 inter

1881 4383 2140 4452 tropicOs,
2175 4383 2343 4438 solem
2376 4383 2535 4437 habet
2565 4397 2615 4437 et
2647 4385 2881 4452 reliquos
2902 4385 3144 4452 planetas
3169 4402 3332 4455 supra
3367 4403 3481 4442 vcr-

1884 4455 2080 4528 ticeni,
2139 4455 2406 4528 uiidcest
2443 4455 2583 4524 quod
2630 4466 2844 4524 putatur
2893 4471 3014 4514 esse
3046 4460 3185 4520 ccclo
3216 4462 3483 4528 proxitita.

1888 4526 1950 4580 ν.
1985 4525 2247 4579 Lucanum
2280 4525 2372 4579 lib.
2405 4543 2476 4580 tx.

1961 4597 2172 4670 ῌμηιιιὶ.
2201 4600 2438 4670 llymnos
2457 4597 2521 4651 ad
2548 4597 2735 4661 Jovem
2757 4598 2876 4654 vide
2905 4600 3046 4668 apud
3072 4600 3482 4660 Callimachum.

1961 4668 2206 4724 Delubra.
2243 4668 2534 4723 Delubrum
2567 4680 2650 4742 est
2689 4671 2836 4742 locus
2859 4714 2874 4740 ,
2917 4675 2967 4725 in
2997 4689 3104 4742 quo
3136 4673 3231 4728 Dei
3263 4674 3486 4727 simula-

1886 4755 2038 4796 crum
2072 4743 2376 4795 dedieatnm
2407 4753 2508 4796 cst.
2535 4741 2671 4797 Vide
2702 4741 2941 4811 Festum,
2975 4741 3129 4800 Serv.
3165 4757 3219 4800 et
3245 4744 3484 4800 Macrob.

1888 4813 1941 4866 in
1963 4813 2358 4876 Saturnalibus.

1963 4884 2192 4940 Saturno
2221 4897 2264 4940 et
2284 4884 2450 4944 Rhea.
2486 4883 2562 4946 ita
2590 4885 2902 4956 frequentes
2931 4903 3058 4941 mss.
3086 4896 3140 4942 et
3167 4903 3356 4948 omnes
3378 4887 3489 4943 fere

1890 4956 2042 5011 editi.
2065 4958 2192 5018 Mss.
2227 4958 2415 5016 decem
2445 4973 2584 5025 rec.,
2617 4959 2837 5027 dempto
2867 4975 2992 5023 uno,
3030 4959 3227 5017 habent
3259 4960 3490 5014 Saturno

1892 5038 1938 5084 et
1989 5027 2117 5094 Ope.
2174 5030 2280 5088 lies
2327 5029 2520 5090 eodem
2561 5031 2732 5096 redit;
2779 5031 2929 5089 Rhea
2958 5029 3100 5086 enim
3133 5031 3241 5086 alio
3270 5034 3490 5088 nomine

1897 5099 2004 5170 Ops
2033 5112 2272 5168 Vocatur,
2305 5109 2363 5155 ut
2387 5102 2558 5155 cuivis
2588 5114 2794 5163 notum.

1965 5170 2137 5228 Credi.
2166 5173 2277 5236 Hoc
2299 5173 2521 5236 verbum
2550 5175 2694 5242 quod
2719 5184 2802 5231 est
2831 5173 2885 5228 in
2911 5173 3134 5243 antiquo
3161 5175 3490 5230 Bononiensi

1894 5244 2112 5318 codice,
2157 5253 2214 5300 et
2239 5245 2292 5318 in
2323 5245 2482 5304 editis
2511 5245 2793 5312 Thomas.,
2827 5245 2868 5302 Τ
2875 5246 3021 5317 hys.,
3046 5245 3188 5304 Gell.
3222 5259 3276 5303 et
3303 5248 3338 5302 3
3363 5246 3492 5318 Lip-

1895 5315 2185 5380 siensibus,
2217 5317 2558 5373 desideratur
2601 5321 2652 5377 in
2683 5319 2916 5378 castoris.

1969 5386 2154 5458 Poeta.
2181 5387 2396 5458 Virgil.,
2430 5405 2502 5444 Χιι
2526 5387 2767 5453 IEncid.,
2801 5390 2926 5445 8‘20.

1970 5457 2144 5512 Millia
2191 5457 2416 5528 fuerunt.
2471 5460 2668 5516 Iisdem
2711 5459 2824 5516 fere
2871 5463 3208 5532 argumentis
3257 5463 3498 5524 eonmtat

1900 5528 2275 5660 Tertiiigiauus
2299 5532 2522 5595 Saturni
2549 5531 2888 5592 divinitatem
2921 5528 2976 5600 in
3000 5533 3372 5607 Apolngetico,
3405 5551 3497 5592 ca-

1900 5617 1952 5660 m
1982 5619 2011 5658 e
2116 5643 2127 5655 .

1898 5611 2127 5674 pile“).

1983 5672 2051 5747 (lt
2075 5675 2209 5737 alius
2234 5675 2315 5734 sit.
2350 5673 2516 5738 Forte
2545 5676 2853 5747 legendum.
2885 5688 2941 5742 at
2974 5689 3028 5736 et
3049 5679 3184 5737 alius
3208 5680 3292 5734 sit.

1981 5743 2239 5824 Mutatunt
2286 5757 2377 5824 est.
2431 5748 2521 5806 Sic
2551 5743 2874 5808 Aristoteles
2925 5750 3110 5808 libello
3152 5752 3222 5808 de
3267 5751 3466 5810 Mundo
3496 5793 3514 5824 ,

1906 5816 2046 5884 hanc
2075 5817 2144 5875 de
2180 5817 2314 5877 Jove
2345 5819 2620 5885 ﬁctionem
2646 5824 2888 5897 exponit.
