4104 6368
282 204 367 263 169

1333 195 1542 256 LIBER
1567 195 1609 256 I.
1651 195 1741 255 DE
1766 193 1993 259 FALSA
2031 195 2421 260 RELIGIONE.

3431 199 3534 258 170

281 324 426 392 itaque
447 316 549 374 sola
564 313 659 372 fuit
683 311 1067 383 continentior,
1095 325 1217 371 eum
1239 327 1356 372 eam
1376 315 1676 387 deperiret;
1709 331 1817 374 non
1845 315 1900 377 Α
1925 317 2007 374 Illi
2047 319 2190 374 enim
2218 319 2286 377 de
2321 307 2635 376 hominibus
2682 313 3065 390 loquebantur;
3095 317 3195 376 sed
3223 323 3282 375 ut
3311 331 3406 376 eos
3445 334 3536 376 or-

278 416 440 470 virtute
474 410 656 481 aliqua,
703 407 797 464 sed
837 416 982 464 metu
1021 408 1373 465 successoris.
1415 408 1545 476 Quae
1592 409 1824 466 formido

276 507 425 578 utique
447 505 551 576 ejus
576 510 677 568 est,
709 501 800 573 qui
840 501 911 556 sit
939 510 993 556 et
1023 501 1288 569 mortalis,
1320 512 1374 557 et
1415 501 1739 568 imbecillus,
1769 511 1825 559 et

275 599 640 672 nihili:quippe
681 598 772 670 qui
816 597 990 668 potuit
1025 604 1081 653 et
1120 604 1274 665 tunc,
1322 611 1443 653 cum
1489 608 1823 666 nasceretur,

274 693 494 766 extingui,
521 693 655 748 sicut
681 690 847 747 frater
873 690 991 761 ejus
1014 698 1141 745 ante
1167 690 1399 761 genitus,
1423 692 1690 746 extinctus
1711 701 1822 748 est:

272 790 343 862 qui
367 788 406 843 si
427 786 595 842 vivere
621 783 908 855 potuisset,
934 798 1211 855 nunquam
1249 783 1446 838 minori
1468 785 1828 839 concessisset

270 880 531 953 imperium.
563 876 680 948 Ipse
708 885 888 933 autem
923 875 1066 932 furto
1107 883 1372 943 servatus,
1404 874 1696 948 furtimque
1723 893 1827 932 nu-

270 973 418 1039 tritus,
452 972 562 1037 ζιὺς
598 969 710 1024 sive
738 972 826 1034 ζῆν
859 967 1160 1039 appellatus
1200 978 1316 1034 est;
1359 982 1489 1033 non,
1522 979 1580 1024 ut
1613 969 1698 1024 isti
1733 985 1829 1039 pu-

266 1075 376 1133 tant,
401 1081 428 1120 a
447 1063 655 1122 fervore
681 1064 918 1120 caelestis
941 1062 1097 1134 ignis,
1128 1062 1212 1118 vel
1237 1061 1380 1134 quod
1403 1062 1527 1119 vitae
1551 1064 1622 1118 sit
1649 1062 1826 1130 dator,

267 1161 338 1216 vel
361 1157 490 1231 quod
527 1155 888 1212 animantibus
934 1155 1162 1226 inspiret
1205 1154 1448 1224 animas,
1495 1170 1617 1226 qua:
1660 1156 1830 1211 virtus

265 1257 407 1313 solius
447 1253 536 1310 Dei
593 1261 676 1308 est
719 1249 740 1325 (
779 1266 940 1322 quam
985 1253 1130 1307 enim
1177 1250 1350 1322 possit
1399 1251 1664 1322 inspirare
1711 1253 1830 1307 ani-

268 1365 404 1416 mam,
427 1347 512 1419 qui
539 1347 655 1418 ipse
684 1346 892 1417 accepit
921 1344 1172 1401 aliunde?
1188 1345 1229 1418 ),
1253 1344 1347 1402 sed
1369 1345 1512 1418 quod
1541 1347 1744 1418 primus
1766 1362 1830 1403 ex

264 1444 422 1501 liberis
446 1441 658 1498 Saturni
686 1439 926 1496 maribus
951 1439 1166 1496 vixerit.

322 1537 595 1593 Potuerunt
623 1536 784 1608 igitur
810 1535 1060 1592 homines
1087 1534 1250 1590 alium
1283 1534 1442 1591 deum
1473 1533 1675 1592 habere
1716 1551 1834 1593 rec-

263 1639 430 1699 torem,
457 1629 502 1686 si
528 1628 794 1687 Saturnus
820 1643 926 1685 non
957 1627 1144 1685 fuisset
1173 1628 1242 1684 ab
1271 1643 1443 1685 uxore
1486 1628 1729 1685 delusus.
1759 1631 1834 1685 At

1931 421 2156 480 narent,
2204 429 2434 486 quorum
2490 412 2802 470 memoriam
2850 413 3098 469 laudibus
3142 413 3533 483 celebrabant,

1931 505 2063 562 deos
2089 520 2208 563 esse
2235 508 2505 564 dixerunt.
2536 507 2720 579 Itaque
2748 506 2841 562 illa
2869 508 3051 579 potius
3080 507 3198 564 ﬁcta
3230 516 3377 574 sunt,
3412 524 3536 579 qua:

1933 608 2202 672 tamquam
2234 601 2302 657 de
2327 601 2450 669 diis,
2499 617 2604 658 non
2646 601 2736 657 illa
2782 617 2900 672 quae
2939 613 3209 674 tamquam
3252 603 3317 658 de
3361 603 3541 659 homi-

1933 693 2092 749 nibus
2121 693 2284 750 locuti
2323 702 2486 749 sunt:
2515 693 2657 764 quod
2688 694 2894 750 clarum
2933 695 3024 750 fiet
3061 695 3340 766 exemplo,
3391 694 3538 766 quod

1933 784 2246 843 inferemus.
2276 788 2491 845 Danaen
2518 788 2836 855 violaturus,
2869 802 3062 843 aureos
3093 804 3341 844 nummos
3378 789 3544 860 largi-

1936 891 2019 939 ter
2047 883 2100 939 iu
2127 883 2304 939 sinum
2334 887 2452 954 ejus
2482 882 2693 938 infudit.
2724 882 2853 938 Haec
2880 883 3049 952 stupri
3077 897 3287 938 merces
3326 881 3443 938 fuit.
3476 883 3548 938 At

1938 983 2134 1045 poetae,
2178 974 2268 1045 qui
2300 975 2452 1046 quasi
2483 974 2551 1030 de
2591 974 2704 1030 Deo
2736 973 3114 1045 loquebantur,
3147 990 3216 1029 ne
3259 974 3548 1031 auctorita-

1937 1076 2045 1126 tem
2075 1067 2294 1125 creditte
2323 1068 2620 1140 majestatis
2663 1067 3036 1139 infringerent,
3067 1067 3335 1123 ﬁnxerunt
3367 1067 3546 1138 ipsum

1939 1165 1992 1219 iu
2021 1179 2185 1219 aureo
2214 1161 2389 1218 imbre
2419 1161 2722 1233 delapsum,
2755 1160 2945 1216 eadem
2977 1160 3166 1232 figura,
3210 1175 3314 1230 qua
3346 1159 3548 1215 imbres

1939 1256 2147 1313 ferreos
2177 1255 2382 1322 dicunt,
2433 1269 2555 1310 cum
2603 1252 3004 1309 multitudinem
3047 1252 3278 1308 telorum
3333 1252 3551 1321 sagitta-

1938 1365 2170 1422 rumque
2192 1349 2522 1406 describunt.
2558 1348 2823 1418 Rapuisse
2852 1346 3047 1402 dicitur
3085 1345 3139 1400 in
3185 1344 3361 1416 aquila
3385 1343 3547 1400 Cata-

1940 1442 2129 1499 mitum
2155 1459 2168 1496 :
2196 1443 2438 1513 poeticus
2467 1441 2618 1498 color
2644 1450 2746 1496 est.
2778 1439 2884 1497 Sed
2911 1446 3004 1494 aut
3030 1454 3125 1510 per
3152 1438 3420 1510 legionem
3459 1452 3548 1494 ra-

1941 1535 2087 1608 puit,
2130 1533 2282 1605 cujus
2319 1532 2528 1605 insigne
2556 1532 2736 1602 aquila
2763 1540 2874 1599 est;
2909 1541 3001 1587 aut
3031 1533 3202 1598 navis,
3246 1531 3301 1585 in
3331 1546 3436 1602 qua
3466 1538 3552 1586 est

1944 1628 2248 1701 impositus,
2293 1626 2515 1682 tutelam
2541 1625 2727 1682 habuit
2756 1625 2809 1680 iu
2842 1625 3018 1697 aquila
3065 1625 3380 1696 figuratam,
3414 1625 3557 1681 sicut

260 1723 378 1781 enim
400 1731 567 1796 poetae
593 1719 696 1778 ista
723 1721 1015 1782 finxerunt.
1045 1721 1205 1780 Errat
1233 1720 1478 1795 quisquis
1526 1720 1633 1778 hoc
1660 1729 1829 1793 putat.
1863 1721 1913 1782 B
1939 1731 2175 1791 taurum,
2208 1736 2332 1778 cum
2363 1719 2543 1792 rapuit
2585 1728 2641 1776 et
2668 1719 2968 1776 transvexit
3011 1717 3308 1791 Eumpam.
3342 1718 3553 1777 Eodem

1591 1863 1957 1925 VARIORUM
1993 1859 2222 1920 ΝΟΤᾹῘ.

290 2016 446 2077 ropter
471 2007 612 2066 hanc
637 2008 1003 2066 inevitabilem
1031 2010 1431 2075 necessitatem,
1455 2004 1828 2077 conditionem

285 2076 380 2136 ovis
412 2091 462 2137 et
500 2083 729 2138 aliorum
774 2082 1000 2138 deorum
1037 2083 1208 2139 nihilo
1245 2081 1527 2139 meliorem
1570 2093 1692 2135 esse
1731 2076 1833 2132 hu—

258 2166 391 2207 mana
420 2152 623 2211 indicat
643 2154 974 2211 conditione.

319 2242 500 2316 Itaque.
529 2245 626 2304 Sic
647 2246 987 2303 emendatum
1018 2263 1087 2304 ex
1110 2255 1217 2304 vet.
1250 2245 1382 2304 edit.
1425 2244 1584 2301 Rom.
1627 2250 1682 2300 et
1709 2257 1830 2316 om-

258 2317 390 2372 nibus
404 2315 541 2391 mss.
575 2327 774 2391 praeter
799 2319 826 2374 1
859 2321 1050 2388 Brun.,
1084 2321 1134 2375 in
1162 2335 1270 2391 quo
1310 2321 1451 2375 sicut
1478 2327 1529 2373 et
1572 2316 1626 2372 in
1671 2315 1832 2371 editis

257 2390 547 2461 estutique;
583 2390 761 2444 minus
789 2399 936 2461 apte,
969 2407 1089 2446 cum
1121 2390 1245 2447 mOx
1275 2393 1450 2458 utique
1476 2394 1753 2459 sequatur.

316 2459 622 2517 Imbecillus.
651 2463 727 2518 Ita
755 2459 1090 2518 restituimus
1120 2480 1188 2520 ex
1230 2461 1614 2518 vetustissimis
1645 2469 1696 2514 et
1734 2474 1832 2530 ope

258 2532 380 2588 limis
406 2547 529 2589 mss.
564 2534 628 2589 In
656 2535 842 2590 decem
869 2551 977 2590 rec.
1004 2546 1060 2591 et
1090 2537 1143 2590 in
1173 2535 1330 2590 editis
1359 2543 1442 2590 est
1468 2531 1758 2587 imbecillis.

317 2605 468 2660 Furta
492 2617 744 2661 servatus.
767 2606 914 2662 Rhea
941 2608 1122 2678 igitur,
1141 2607 1330 2664 Jovem
1358 2609 1538 2678 enixa,
1567 2612 1726 2678 metu
1746 2618 1838 2674 pa-

256 2677 339 2732 tris
357 2677 611 2733 infantem
636 2679 688 2734 in
719 2679 876 2735 Creta
901 2674 1210 2740 occultavit.
1246 2676 1590 2733 nutriendum
1634 2691 1665 2730 a
1697 2674 1836 2729 dua-

255 2747 339 2821 bus
362 2751 631 2821 nymphis,
662 2750 926 2806 Adrastea
951 2761 1005 2808 et
1032 2750 1145 2818 Ida,
1174 2750 1405 2807 Melissei
1435 2747 1669 2804 ﬁliabus.
1700 2745 1838 2803 Vide

253 2818 721 2878 Ovidium—Faster.
754 2837 809 2878 v.

313 2916 409 2986 ζῆν.
435 2912 558 2971 Mss.
587 2913 627 2968 2
648 2914 828 2981 Colb.,
856 2915 926 2972 82
955 2915 1119 2970 Brun.
1145 2917 1283 2982 Ζὸεν,
1327 2913 1480 2986 quasi
1519 2916 1644 2969 vita:
1665 2913 1840 2986 dator.

313 2984 516 3059 Nam...
547 3005 582 3041 a
616 2990 812 3059 fervore
841 2987 1057 3043 ctelestis
1101 2989 1253 3059 ignis.
1301 2983 1471 3043 Imtno
1514 2986 1728 3059 videtur
1767 2983 1847 3059 sic

253 3053 580 3114 derivandum
613 3053 716 3114 hoc
742 3075 966 3127 nomen;
1000 3061 1095 3125 ζέω
1120 3053 1264 3115 enim
1291 3076 1318 3113 a
1343 3063 1482 3125 ζεὺς,
1511 3057 1692 3115 ferveo
1720 3074 1733 3110 :
1759 3058 1838 3113 sie

253 3129 392 3183 etiam
422 3142 614 3203 auctor
636 3131 988 3203 Etymolugici
1011 3130 1175 3186 refert
1204 3131 1270 3186 ad
1297 3133 1532 3203 calorem
1561 3130 1724 3203 aeris.
1763 3128 1838 3203 De

252 3213 343 3268 quo
379 3202 496 3274 vide
541 3199 827 3259 Platonem
875 3199 927 3258 in
971 3203 1216 3274 Cratylo,
1266 3211 1321 3258 et
1367 3201 1716 3258 Aristotelem
1770 3199 1838 3256 de

254 3273 432 3328 mundo
461 3275 606 3330 circa
641 3274 824 3330 finem.

310 3367 528 3442 Accepit.
561 3370 659 3442 Sic
690 3369 1030 3442 reposuimus
1070 3385 1135 3442 ex
1167 3368 1418 3442 omnibus
1436 3382 1579 3442 mss.
1623 3374 1678 3423 et
1705 3363 1834 3424 edit.

251 3435 392 3511 Rom.
422 3435 584 3499 1470.
613 3441 673 3496 In
695 3435 905 3497 cunctis
931 3446 1044 3496 fere
1070 3441 1251 3508 editis,
1281 3440 1487 3511 accipit.

311 3510 591 3570 Rectorem.
623 3513 698 3570 Ita
727 3514 1055 3568 restituimus
1078 3529 1144 3568 ex
1166 3510 1558 3582 antiquioribus
1580 3520 1635 3566 ct
1662 3510 1838 3582 potio-

251 3582 381 3656 ribus
407 3601 537 3642 mss.
569 3588 608 3640 2
644 3585 874 3656 Bonan,
916 3586 950 3641 5
979 3585 1180 3656 Regiis,
1221 3585 1254 3639 5
1283 3584 1461 3649 Colb.,
1493 3583 1756 3656 Gronov"
1804 3583 1841 3636 2

250 3651 402 3722 Lips.,
421 3656 458 3711 2
482 3658 750 3720 Clarom.,
775 3655 936 3722 Tax.,
966 3651 1121 3722 Peri,
1146 3665 1200 3711 et
1220 3657 1492 3712 veteribus
1519 3654 1648 3711 edit.
1677 3655 1834 3710 Rom.

251 3725 393 3800 1170,
441 3730 606 3795 1474,
653 3729 823 3785 Paris.
872 3728 1042 3795 l525,
1101 3729 1247 3791 Ald.,
1281 3727 1733 3800 Grapli.,ACrat.,
1785 3733 1841 3781 et

250 3795 424 3872 Qellar.
474 3799 535 3856 In
576 3803 615 3857 5
656 3801 813 3871 Reg.,
848 3801 875 3856 1
918 3800 1098 3867 Colb.,
1148 3801 1175 3856 1
1227 3795 1408 3872 Lips.,
1448 3798 1592 3866 PaL,
1642 3798 1836 3866 Cauc.,

249 3867 422 3939 Brun.,
447 3882 502 3929 et
531 3867 812 3929 nonnullis
840 3872 1021 3938 editis,
1053 3888 1244 3945 regem.

311 3963 521 4023 Danaen
564 3967 872 4023 uiolaturus.
921 3967 997 4022 Ita
1039 3983 1158 4023 cum
1199 3967 1232 4022 5
1261 3967 1422 4023 editis
1466 3982 1657 4022 omnes
1700 3980 1834 4021 mss.

251 4034 462 4106 demptis
505 4055 622 4096 rec.
655 4039 691 4092 2
722 4039 878 4109 Reg.,
913 4038 1103 4104 Cauc.,
1135 4049 1190 4094 et
1217 4039 1530 4109 Cantabrig.
1575 4054 1638 4093 ac
1681 4037 1840 4093 editis

251 4055 462 4106 uempus
505 4055 622 4096 rec.
655 4055 691 4092 Ζ
722 4055 798 4096 tte
840 4080 878 4101 ..
913 4055 1103 4104 uane,
1135 4055 1190 4094 et
1217 4055 1530 4109 eantaurtg.
1575 4055 1638 4093 ac
1681 4055 1839 4093 cuius

249 4110 413 4166 multis
441 4114 532 4183 qui
554 4110 764 4166 addunt
783 4055 988 4183 fupiter
1012 4127 1030 4165 :
1053 4111 1195 4182 quod
1216 4112 1483 4182 glossema
1512 4111 1640 4183 viris
1663 4109 1839 4164 doctis

251 4194 355 4236 esse
378 4181 625 4252 videtur;
671 4191 726 4238 et
750 4181 964 4253 quidem
995 4181 1186 4239 abesse
1214 4181 1408 4253 poteSI,
1438 4181 1705 4252 siquidem
1748 4195 1840 4234 su-

251 4264 332 4320 pra
357 4253 420 4310 de
443 4254 583 4312 Jove
611 4263 699 4311 est
725 4269 924 4310 sermo.
964 4255 1038 4310 De
1070 4255 1169 4310 hac
1195 4253 1370 4310 fabula
1403 4253 1558 4310 Jovis
1590 4255 1640 4307 in
1673 4267 1839 4308 aureo

250 4322 406 4398 imbre
454 4327 666 4398 delapsi
714 4327 836 4382 vide
878 4326 1186 4382 Terentium
1245 4325 1298 4381 in
1352 4327 1653 4398 Eunucho;
1702 4323 1836 4398 Ovi-

1871 3016 1918 3080 C

1941 1997 2452 2130 {elaefommittere
2487 1996 2580 2054 Sic
2607 1995 2747 2068 apud
2767 1994 2924 2053 Ovid.
2951 1995 3006 2053 in
3035 2010 3123 2069 ep.
3152 1996 3218 2054 ad
3246 1996 3367 2057 Hel.
3393 1998 3549 2056 Paris

1965 2089 2087 2130 OGUI
2118 2087 2180 2126 lll‘
2205 2090 2218 2124 :

1965 2087 2180 2145 oquttur
2205 2090 2218 2124 :

2064 2183 2301 2249 Addimus
2323 2188 2564 2249 antennas
2589 2187 2643 2234 et
2665 2183 2773 2249 vela
2797 2185 3062 2249 sequentia
3087 2185 3261 2249 malos,

2135 2246 2332 2311 Accipit
2353 2254 2406 2298 et
2423 2248 2580 2311 pictos
2599 2248 2776 2311 puppis
2798 2246 2982 2298 adunca
3004 2247 3160 2300 Deos.

1943 2353 2088 2429 Virg.
2122 2354 2216 2410 lib.
2245 2370 2280 2410 x
2309 2352 2530 2410 Eneid.

2129 2470 2317 2522 Aurato
2337 2470 2568 2534 fulgebat
2591 2468 2822 2534 Apolline
2841 2473 3036 2535 puppis.

1944 2597 2016 2655 Et
2043 2613 2148 2654 non
2177 2597 2351 2654 solum
2385 2596 2640 2662 deorum,
2673 2611 2860 2650 verum
2905 2596 3068 2652 etiam
3109 2594 3336 2653 dearum
3369 2600 3551 2656 tutelae

1945 2685 2110 2726 naves
2141 2668 2648 2734 committebantur;
2695 2666 2837 2722 unde
2867 2669 3028 2723 etiam
3073 2667 3227 2722 deam
3257 2668 3554 2727 Minervam

1949 2759 2046 2812 pro
2076 2741 2240 2796 tutela
2271 2741 2452 2812 habuit
2483 2739 2639 2812 navis
2665 2738 2777 2812 illa,
2802 2755 2922 2809 qua:
2953 2737 3205 2795 Ovidium
3239 2740 3292 2795 in
3321 2741 3554 2799 Pontum

1951 2808 2119 2870 vexit.
2150 2811 2313 2868 Trist.
2342 2811 2439 2866 lib.
2475 2826 2512 2879 I,
2548 2811 2629 2864 El.
2658 2808 2727 2864 9:

2075 2925 2165 2976 Est
2180 2924 2318 2981 mihi.
2343 2925 2506 2987 sitque
2524 2934 2717 2985 precor,
2747 2923 2885 2987 flava;
2910 2923 3067 2974 tutela
3091 2923 3324 2978 Minerva:

2142 2987 2309 3049 Navis,
2336 2993 2390 3037 et
2411 2985 2440 3034 εἰ
2458 2986 2589 3050 picta
2609 2985 2801 3037 casside
2822 3000 3003 3037 nomen
3027 2987 3197 3040 habet.

1943 3111 2108 3170 Isaeus
2138 3129 2245 3170 non
2279 3114 2455 3170 solum
2491 3112 2625 3168 deos
2656 3112 2894 3183 deasque
2934 3130 3033 3184 pro
3061 3117 3240 3171 tutelis
3273 3119 3433 3175 fuisse
3461 3121 3556 3177 ha-

1943 3186 2104 3262 bitas,
2133 3201 2322 3242 verum
2351 3193 2532 3262 et__res
2558 3185 2691 3262 alias
2710 3227 2724 3250 ,
2771 3195 2908 3262 puta
2929 3187 3173 3262 aquilam
3187 3190 3402 3262 aliaque
3439 3197 3558 3250 aui-

1945 3257 2103 3312 malia
2125 3298 2140 3324 ,
2186 3255 2495 3321 contendit;
2541 3256 2638 3311 sed
2671 3272 2792 3312 meo
2822 3255 3036 3327 quidem
3079 3255 3329 3328 judicio;
3359 3275 3506 3320 errat
3536 3284 3551 3323 :

1941 3329 2214 3399 quodnam
2241 3330 2385 3384 enim
2415 3327 2694 3393 auxilium,
2729 3344 2960 3396 quamve
2990 3327 3207 3385 tutelam
3236 3333 3306 3387 ab
3333 3337 3553 3393 animali

1942 3400 2101 3455 bruto
2129 3415 2350 3477 sperare
2377 3408 2635 3477 poterant1
2656 3400 3022 3477 navigantes
3049 3410 3198 3457 certe
3218 3419 3428 3477 nomen
3465 3407 3551 3477 ip-

1942 3488 2061 3527 sum
2091 3472 2270 3526 tutelae
2299 3474 2431 3526 satis
2460 3470 2745 3542 manifeste
2785 3471 2887 3524 hoc
2917 3471 3155 3528 indicare
3178 3474 3409 3542 videtur,
3444 3470 3550 3534 non

1944 3544 2012 3598 ab
2059 3543 2166 3598 alio
2211 3556 2482 3616 quoquam
2532 3541 3194 3616 navisconservationem
3235 3555 3554 3616 expectasse

1943 3627 2178 3680 veteres,
2223 3612 2385 3684 quam
2426 3612 2494 3668 ab
2539 3613 2630 3686 illo
2669 3612 2772 3668 deo
2818 3612 2987 3669 deave
3032 3614 3184 3686 cujus
3213 3612 3392 3674 tutelae
3429 3635 3549 3676 eam

1941 3687 2352 3760 commiserant,
2378 3693 2472 3760 aut
2498 3685 3104 3760 cui_con_secravera_nt,
3124 3688 3386 3760 cujusque
3413 3691 3550 3746 ima-

1941 3757 2148 3828 ginem,
2198 3756 2422 3812 honoris
2469 3757 2659 3826 gratia,
2711 3757 2764 3828 in
2800 3758 2958 3826 puppi
2993 3756 3273 3826 figuratam
3299 3756 3552 3818 'habcbat

1942 3827 2113 3884 navis.
2145 3829 2302 3883 Errat
2341 3843 2503 3898 porro
2546 3829 2689 3883 idem
2722 3827 2909 3894 Iswus,
2956 3843 3080 3883 cum
3120 3831 3242 3886 aliis
3273 3835 3549 3890 nonnullis

1943 3901 2073 3955 viris
2095 3901 2290 3976 doctis,
2323 3898 2466 3976 quod
2507 3907 2654 3969 putet
2687 3900 2908 3976 tutelam
2949 3899 3114 3956 fuisse
3157 3905 3307 3976 navis
3336 3903 3549 3976 insigne

1941 3987 2120 4043 prora:
2147 3972 2478 4043 impositum,
2512 3980 2671 4040 atque
2696 3987 2724 4024 a
2754 3971 3146 4043 tutelagnomen
3180 3971 3467 4039 habuisse:
3481 3993 3548 4034 ac

1943 4041 2148 4120 Graecis
2180 4041 2748 4120 tutelaiu,_1ra_ipa'co-uuav
2768 4041 3209 4120 vocari.__Erroris
3227 4046 3311 4120 illi
3338 4062 3400 4102 ac
3426 4049 3547 4103 aliis

1943 4115 2281 4194 occasionem
2311 4113 2562 4194 praebuit,
2587 4113 2725 4182 (ιιιοᾱ
2749 4113 2913 4194 gloss.
2944 4113 3086 4168 dicat
3111 4117 3289 4183 tutela,
3312 4121 3549 4194 παράση-

1943 4207 2032 4259 μον
2052 4193 2140 4242 τοῦ
2168 4187 2366 4243 πλοίου.
2398 4184 2514 4259 Non
2543 4199 2756 4259 semper
2782 4184 2886 4239 hoc
2907 4200 3126 4251 verum;
3159 4184 3545 4259 nonnunquam

1943 4256 2088 4312 enim
2119 4259 2337 4313 tutelam
2364 4256 2494 4329 nihil
2513 4271 2635 4310 cum
2662 4256 3249 4329 I’arasemocommnuc
3271 4256 3542 4329 habuisse,

1943 4343 2064 4384 cum
2093 4329 2356 4403 salinasio
2402 4327 2618 4403 affirmo
2659 4344 2672 4403 ξ
2711 4339 2766 4382 et
2811 4335 2955 4403 patet
2999 4328 3050 4382 in
3095 4345 3234 4403 nave
3264 4331 3352 4386 illa
3378 4373 3394 4399 ,
3437 4327 3540 4403 qua

250 4393 381 4487 dium
428 4414 508 4483 vi,
531 4393 603 4456 de
646 4397 960 4487 Iristibusi
1002 4398 1298 4487 I‘Ipra‘tium,
1328 4398 1420 4487 lib.
1447 4397 1833 4487 .ItInCarmiIM
1862 4425 1916 4487 D
1948 4410 2101 4487 vecta
2127 4400 2227 4456 fuit
2256 4399 2504 4487 E'uropa;
2532 4398 2760 4487 .Jupit'er
2799 4393 2942 4453 enim
2980 4399 3157 4465 tutela,
3184 4393 3398 4487 .taurus
3426 4393 3546 4459 erat

249 4463 616 4526 Germanicum
644 4470 916 4526 Caesarem
935 4463 998 4524 in
1032 4470 1254 4524 Aratum
1285 4463 1377 4524 ubi
1428 4469 1494 4524 de
1525 4468 1723 4523 Perseo
1753 4468 1834 4522 lo-

248 4541 449 4615 quitur;
480 4543 778 4615 Hyginum,
807 4542 859 4597 in
902 4555 1020 4612 cap.
1051 4540 1122 4597 65
1158 4539 1492 4609 fabularum;
1527 4541 1644 4610 lege
1673 4539 1834 4594 etiam

249 4606 598 4679 Epiphaniu'in
634 4616 687 4668 in
715 4606 1042 4669 Anclioraio.

308 4682 546 4754 Feri-eos.
579 4684 672 4742 Sic
700 4685 888 4754 Virgil.
916 4701 994 4739 xu
1021 4684 1264 4751 IEueid.,
1306 4682 1462 4741 Ovid.
1508 4697 1524 4736 ι
1565 4681 1752 4754 Trist.,
1779 4680 1834 4737 9.

312 4753 376 4828 In
400 4759 601 4828 aquila.
629 4757 748 4811 Vid.
779 4753 1001 4812 Lucian.
1027 4757 1094 4812 de
1120 4757 1308 4812 Sacrif.
1337 4773 1391 4827 p.
1421 4754 1564 4828 364;
1594 4753 1838 4828 Athenrei

249 4824 489 4898 Deipiios.
526 4846 650 4894 χιιι,
674 4829 765 4882 fol.
800 4827 937 4893 566;
968 4829 1124 4883 Alex.
1156 4829 1224 4884 ab
1254 4824 1406 4884 Alex.
1450 4825 1594 4881 Dicr.
1627 4824 1834 4881 Genial.

248 4897 299 4970 ll.
329 4897 401 4966 iv,
433 4915 486 4956 c.
517 4902 580 4968 2,
611 4918 664 4970 p.
698 4901 821 4956 865.
856 4900 962 4956 Sex
984 4900 1256 4966 Vaticani,
1286 4901 1339 4954 in
1367 4899 1570 4969 aquila;
1603 4898 1840 4970 quinque

249 4968 524 5042 aliquatic.
555 4968 693 5028 Ben.
712 4972 952 5042 ,Reimm.
981 4973 1032 5025 in
1061 4973 1286 5042 aquilam
1312 4968 1606 5042 ﬁguratam.
1634 4969 1766 5042 BDN.

310 5041 644 5100 Catamitum.
693 5041 943 5114 Catamiti
986 5038 1138 5114 pueri
1179 5038 1844 5114 sunt'nieritoriiliuquit

249 5112 537 5186 Reluleius.
587 5115 794 5172 Glossie
823 5132 838 5169 :
869 5111 1164 5169 Catamitus
1189 5155 1203 5179 ,
1247 5111 1838 5186 ravuuridns-_F¢SIUS=

250 5182 557 5242 Catumitum
585 5204 677 5258 pro
706 5186 999 5257 Ganymede
1029 5187 1286 5251 dixerunt,
1322 5182 1409 5256 qui
1436 5186 1534 5258 fuit
1557 5183 1704 5238 Jovis
1724 5199 1845 5238 con-

248 5258 472 5315 cubinus.
503 5259 586 5315 Ita
612 5259 771 5314 etiam
802 5259 1094 5314 Arnobius.

314 5331 524 5401 Aquila.
563 5330 635 5384 Ita
663 5331 826 5386 etiam
853 5329 1164 5401 Fulgentius
1185 5328 1253 5386 de
1277 5329 1382 5384 hoc
1405 5327 1557 5385 Jovis
1585 5325 1843 5383 facinore.

249 5397 380 5473 Vide
403 5402 726 5468 Platonem‘,
754 5401 850 5458 lib.
883 5418 900 5457 ι
931 5397 998 5456 de
1026 5402 1271 5473 Legibus.

314 5472 559 5528 Tutelam
607 5473 784 5528 habuit
826 5475 879 5527 in
928 5470 1122 5545 aquila'
1149 5473 1444 5545 ﬁguratam.
1499 5470 1743 5545 Delerem
1794 5470 1848 5525 in

249 5558 374 5599 mss.
407 5561 425 5599 ι
461 5546 680 5600 Bonon.
722 5546 916 5612 antiq.,
950 5541 983 5600 5
1013 5541 1208 5612 Vatia,
1240 5545 1275 5598 2
1309 5543 1487 5608 Colb.,
1517 5543 1569 5596 in
1599 5541 1845 5611 aquilam.

253 5613 452 5680 Tutela.
482 5617 623 5674 deus
651 5616 766 5672 sive
785 5616 883 5672 dea
909 5628 1043 5683 erat,
1070 5619 1224 5686 cujus
1241 5617 1587 5686 simulacrum
1611 5614 1662 5668 in
1688 5615 1851 5685 puppi

1939 4474 2262 4549 παράσημον.
2290 4471 2472 4549 Itaque
2502 4471 2580 4526 sic
2620 4469 2820 4549 habe,_
2842 4485 2999 4524 unam
3041 4472 3395 4549 eamdemque
3425 4490 3538 4531 rein

1943 4540 2328 4615 uoimunquam
2365 4543 2543 4619 fuisse
2583 4551 2639 4619 e_t
2691 4540 2912 4619 tutelam
2943 4550 2998 4619 et
3038 4540 3374 4619 παράσημόν,
3426 4555 3537 4619 tum

1942 4630 2157 4686 nempe,
2187 4613 2418 4684 quando
2461 4613 2545 4669 dei
2590 4613 2775 4686 dereve
2819 4613 3044 4686 effigies,
3098 4613 3151 4670 i'n
3194 4613 3346 4686 cujus
3376 4618 3540 4672 tutela

1941 4697 2058 4741 erat
2077 4685 2255 4752 navis,
2290 4688 2342 4739 in
2371 4699 2528 4755 prora
2556 4685 2931 4739 collocaretur.
2969 4685 3081 4740 lIoc
3114 4685 3279 4754 saepe,
3320 4704 3424 4741 non
3453 4704 3542 4743 or-

1941 4757 2149 4813 dinarie
2176 4757 2373 4812 factum
2402 4755 2522 4823 fuit,
2554 4764 2612 4810 ut
2639 4757 2789 4810 navis
2821 4757 2908 4810 illa
2938 4772 3041 4826 qua
3073 4757 3368 4812 vehebatur
3395 4759 3537 4813 Pau-

1944 4829 2046 4905 lus,
2070 4831 2190 4905 Aet.
2210 4828 2312 4905 A_p.
2328 4843 2446 4898 cap.
2463 4844 2651 4905 xxviii,
2674 4835 2782 4905 Τῷν
2801 4839 3115 4905 Διοσπςουρων
3129 4831 3428 4905 παράσημον
3446 4832 3541 4886 ha-

1943 4901 2080 4976 buit,
2096 4901 2363 4976 simulque
2382 4901 2622 4976 tutelam,
2645 4900 2783 4976 unde
2796 4907 2850 4953 et
2869 4900 3160 4976 AtéO’Kb‘UpOt
3189 4900 3536 4976 vocabantur,

1945 4973 2078 5027 etin
2111 4973 2201 5027 illo
2225 4987 2352 5027 casu
2382 4972 2530 5027 navis
2562 4987 2592 5026 a
2623 4972 2784 5025 tutela
2812 4987 3006 5026 nomen
3039 4971 3366 5039 accipiebat,
3404 4973 3541 5028 alio-

1945 5043 2072 5113 quin
2099 5059 2297 5099 nomen
2327 5043 2555 5099 habebat
2583 5059 2613 5097 a
2644 5043 2951 5107 Parasemo,
2982 5043 3122 5113 quod
3154 5051 3270 5096 erat
3293 5044 3542 5100 animalis

1946 5112 2194 5186 alicujus.
2229 5115 2519 5183 Diligenter
2568 5115 2746 5183 itaque
2775 5112 3211 5186 distinguendum
3248 5115 3388 5169 inter
3409 5125 3543 5170 tute-

1948 5184 2224 5261 longque:
2250 5186 2304 5261 i_n
2333 5186 2518 5256 puppi,
2541 5195 2595 5242 et
2620 5186 2940 5261 παράσημον,
2987 5184 3130 5254 quod
3156 5185 3209 5240 in
3239 5201 3397 5256 prora
3423 5186 3546 5242 effi-

1945 5258 2212 5330 giabatur.
2241 5257 2524 5330 GAqus.

2023 5331 2170 5385 Sicut
2185 5340 2407 5385 taurum.
2430 5328 2529 5383 Ed.
2547 5328 2760 5384 Sublac.
2781 5325 2932 5381 addit
2948 5327 3244 5398 ﬁguratum.
3265 5328 3440 5384 Nolim
3470 5330 3553 5385 in-

1950 5400 2159 5472 telligas
2175 5412 2382 5456 taurum
2398 5401 2561 5456 fuisse
2578 5400 2796 5472 tutelam
2813 5399 2962 5472 navis
2976 5399 3265 5472 illius,qum
3280 5402 3551 5472 Europam

1950 5469 2117 5548 vexit,
2132 5473 2226 5528 sed
2250 5474 2584 5548 παρᾴςσημονς
2613 5471 2824 5548 Iupiter
2847 5469 2990 5548 enim
3011 5470 3110 5548 fuit
3127 5469 3311 5548 tutela.
3425 5469 3556 5548 Fes-

1953 5553 2065 5598 tum
2108 5545 2158 5598 in
2185 5542 2579 5613 voce'EurOpa,
2615 5542 2906 5596 Eusebium
2944 5542 2994 5595 in
3025 5544 3313 5610 Clll‘OﬂlCO,
3363 5544 3556 5600 Selde-

1955 5631 2084 5670 num
2122 5616 2175 5670 in
2222 5614 2406 5670 libello
2454 5614 2523 5686 de
2566 5614 2670 5670 diis
2716 5613 2867 5686 Syris
2913 5613 3134 5686 Syntag.
3187 5632 3247 5681 II,
3297 5631 3414 5686 cap.
3464 5617 3555 5672 16.

253 5687 541 5759 figuratum
570 5684 1442 5759 conspiciebatur.Consueverant
1466 5685 1610 5741 enim
1642 5684 1853 5742 veteres
1954 5687 2084 5759 Mss.
2120 5687 2144 5740 1
2181 5687 2339 5754 Reg.,
2372 5685 2588 5759 l_(;olb.
2612 5695 2692 5759 _e_t
2731 5685 2922 5759 Brun.,
2957 5684 3195 5741 Taurus.
3247 5684 3378 5759 Vide
3425 5689 3564 5744 intra

254 5757 356 5816 (his
380 5757 720 5832 quibusdam
737 5773 902 5817 naves
923 5775 1048 5815 suas
1073 5772 1413 5828 consecrare,
1445 5772 1741 5829 eorumque
1770 5765 1850 5814 tu-

787 5855 1066 5916 Punoe.
1113 5851 1220 5915 VI.

1958 5758 2229 5830 Epitom.,
2255 5771 2378 5828 cap.
2413 5756 2501 5828 11,
2536 5756 2626 5815 ubi
2655 5757 2771 5814 haec
2793 5758 2952 5829 paulo
2977 5759 3151 5816 aliter.
3197 5758 3462 5818 Eusebius
3489 5771 3571 5819 ια-

2874 5849 2914 5922 6
