3986 6358
466 347 569 404 ὶῖθ

645 474 825 523 attinens;
847 471 1021 523 ἀψύχους.
1042 468 1173 508 stabant
1200 461 1333 505 ιῖδωλι
1351 466 1538 523 undosae
1551 492 1563 510 ,

656 521 854 588 liv-xm
1066 532 1201 583 τάφως
1224 529 1249 577 ἦ
1273 523 1455 580 δύσμορος
1478 521 1589 577 lolii.

462 641 657 698 Cicero
690 638 759 696 de
797 636 997 693 Natura
1040 632 1287 698 deorum,
1312 634 1432 686 cum"
1467 637 1574 687 tres
1603 626 1769 686 Jovcs
1797 640 1827 682 a
1857 623 2068 682 ιΙιθυιοο

458 736 541 810 gis
566 731 874 791 enumerari
904 730 1131 793 diceret,
1161 727 1237 783 ait
1268 725 1486 781 tertium
1539 723 1704 779 fuisse
1725 719 2063 787 Cretensem,

469 825 684 885 Saturni
735 822 925 888 tilium,
956 820 1112 893 cujus
1142 818 1194 876 in
1230 817 1317 875 illa
1353 815 1529 873 insula
1554 814 1859 885 sepulcrum
1884 823 2067 868 osten-

456 919 622 977 ditur.
652 914 933 987 Quomodo
988 914 1152 985 igitur
1201 918 1379 983 potest
1426 908 1561 965 deus
1585 906 1711 965 alibi
1735 921 1858 965 esse
1886 905 2064 972 vivus,

458 1011 586 1069 alibi
633 1018 897 1074 mortuus,
928 1005 1053 1061 alibi
1113 1002 1317 1061 habere
1371 1000 1657 1072 templum,
1703 998 1831 1055 alibi
1886 996 2069 1068 sepul-

459 1118 613 1161 crum
647 1103 671 1156 ’ἰ
699 1100 886 1158 Sciant
911 1113 1041 1169 ergo
1066 1094 1316 1162 Romani,
1345 1093 1671 1167 Capitolium
1696 1108 1878 1160 suum,
1905 1090 1958 1146 id
1983 1098 2071 1148 est

458 1210 730 1253 summum
781 1201 945 1264 caput
988 1188 1309 1262 religionum
1362 1187 1722 1260 publicarum,
1768 1184 1898 1243 nihil
1945 1198 2068 1243 esse

457 1289 603 1346 aliud
630 1303 789 1359 quam
817 1286 977 1342 inane
1000 1283 1415 1340 monimentum.

533 1382 829 1440 Veniamus
858 1393 1004 1437 nunc
1048 1376 1117 1434 ad
1148 1375 1266 1448 ejus
1304 1384 1540 1448 patrem,
1573 1372 1665 1447 qui
1717 1380 1844 1430 ante
1872 1384 2068 1444 regna-

459 1482 556 1551 vit,
589 1489 643 1537 et
670 1479 763 1552 qui
793 1476 1023 1535 fortasse
1050 1475 1171 1547 plus
1206 1471 1437 1530 habebat
1462 1470 1517 1527 in
1548 1484 1628 1537 se,
1657 1466 1800 1542 quod
1827 1484 1894 1525 ex
1922 1466 2069 1524 coitu

459 1584 733 1634 tantorum
764 1572 1155 1629 elementorum
1186 1567 1401 1640 genitus
1428 1579 1550 1623 esse
1577 1563 1808 1621 dicatur.
1862 1560 2066 1618 Videa-

463 1680 587 1725 mus
617 1664 742 1739 quid
790 1664 843 1720 in
898 1678 964 1719 eo
999 1660 1161 1717 fuerit
1187 1656 1291 1716 deo
1318 1656 1539 1728 dignum
1570 1673 1585 1711 :
1611 1655 1665 1711 in
1694 1653 1884 1726 primis
1913 1651 2064 1721 illud,

464 1764 608 1838 quod
637 1777 859 1819 aureum
910 1757 1171 1815 saeculum
1202 1761 1456 1811 narratur
1486 1750 1740 1808 habuisse
1764 1766 1778 1815 ;
1809 1746 1948 1820 quod
1974 1747 2068 1820 jn.

1536 331 1719 391 FIBM.
1764 325 2132 391 LACTANTII
2172 324 2375 383 DlVlN.
2421 322 2664 383 INSTIT.

2085 453 2139 517 Α
2164 457 2283 501 sum
2309 450 2495 514 putare
2523 440 2690 498 Deum
2715 452 3009 506 summum,
3037 450 3145 510 quo
3182 434 3392 493 videam
3413 450 3531 494 esse
3556 437 3743 511 aliquid

3650 323 3742 381 ita

2170 536 2444 608 antiquius
2475 577 2491 603 ,
2551 533 2747 592 omium
2797 531 3008 589 scilicet
3059 537 3224 601 atque
3276 537 3494 586 terram.
3542 531 3607 587 At
3656 547 3747 605 ego

2173 630 2339 687 Deum
2359 643 2569 702 quaero,
2596 629 2731 685 ultra
2764 642 2926 700 quem
2974 625 3108 682 nihil
3149 625 3220 681 sit
3247 623 3483 692 omnino,
3511 625 3596 695 qui
3617 625 3745 698 fons,

2170 732 2225 782 et
2252 722 2407 796 origo
2431 722 2502 779 sit
2539 736 2742 778 rerum.
2773 719 2871 778 ilic
2912 720 2982 777 sit
3031 731 3254 776 necesse
3296 725 3413 787 est,
3439 716 3527 788 qui
3569 719 3750 779 cmlum

2172 817 2347 889 ipsum
2398 815 2676 884 condidit,
2712 824 3021 885 terramque
3071 811 3333 869 fundavit.
3393 810 3646 870 Saturnus
3667 830 3751 871 att-

2173 918 2280 969 tem
2328 910 2373 967 si
2402 924 2467 968 es
2514 908 2599 965 his
2647 916 2805 965 natus
2829 906 3021 981 e5t(ut
3049 902 3290 978 putatur)
3320 904 3751 976 quemadmodum

2173 1011 2350 1074 potest
2400 1002 2543 1061 Deus
2583 1016 2706 1059 esse
2738 998 3074 1074 principalis,
3104 997 3196 1070 qui
3245 996 3366 1052 aliis
3411 1006 3584 1054 ortum
3609 1011 3753 1061 suum

2171 1098 2375 1155 debet?
2401 1106 2497 1154 aut
2523 1097 2643 1169 quis
2667 1094 2882 1166 praefuit
2908 1093 3132 1160 mundo,
3160 1093 3471 1164 priusquam
3499 1092 3752 1153 Saturnus

2170 1190 2527 1264 gigneretur?
2554 1189 2661 1247 Sed
2686 1190 2787 1246 hoc
2816 1189 3089 1259 poeticum
3121 1195 3205 1243 est
3230 1184 3316 1260 (ut
3337 1184 3580 1243 dicebam
3609 1188 3758 1257 paulo

2171 1283 2319 1356 ante)
2347 1283 2686 1355 ﬁgmentum.
2716 1281 2828 1339 Nec
2843 1281 2991 1337 enim
3025 1280 3141 1336 ﬁeri
3172 1288 3409 1351 poterat,
3432 1289 3490 1334 ut
3507 1279 3759 1337 elementa

2170 1376 2531 1446 insensibilia,
2584 1387 2840 1448 tantoque
2882 1374 3168 1433 intervallo
3213 1383 3483 1444 separata,
3525 1374 3579 1430 in
3606 1390 3759 1433 unum

2170 1472 2382 1531 coirent
2407 1486 2471 1527 ac
2497 1470 2665 1528 lilium
2687 1478 3043 1542 procrearent
3070 1486 3084 1525 :
3113 1476 3207 1524 aut
3229 1467 3295 1531 is,
3320 1467 3412 1539 qui
3435 1475 3589 1524 natus
3603 1476 3759 1537 esset,

2170 1580 2280 1623 non
2336 1563 2675 1636 potissimum
2716 1561 3054 1634 genitoribus
3109 1558 3303 1617 similis
3356 1559 3761 1627 esisteret;sed

2171 1672 2294 1714 eam
2317 1656 2543 1715 formam
2568 1663 2804 1728 gereret,
2833 1670 2995 1727 quam
3024 1663 3279 1726 parentes
3318 1653 3403 1710 sui
3452 1667 3558 1711 non
3600 1652 3752 1710 habe-

2170 1750 2320 1809 bant.

458 1856 605 1917 stitia
653 1855 754 1911 sub
803 1868 868 1909 eo
914 1850 1075 1907 fuerit
1112 1848 1167 1905 in
1200 1856 1363 1903 terra.
1395 1844 1581 1902 Teneo
1607 1840 1807 1916 aliquid
1853 1842 1905 1896 in
1937 1838 2060 1911 hoc,
2091 1859 2140 1923 Β
2241 1845 2559 1916 Quaeramus
2606 1860 2735 1917 ergo
2763 1844 2892 1918 quid
2941 1842 3183 1901 veritatis
3231 1841 3334 1901 sub
3366 1844 3467 1897 hac
3492 1841 3655 1912 ligura
3679 1839 3755 1895 la.

458 1949 604 2023 quod
649 1949 702 2003 in
747 1946 863 2019 ejus
894 1942 1003 1999 ﬁlio
1036 1956 1143 1997 non
1194 1939 1315 1997 fuit.
1373 1935 1514 2007 Quid
1543 1934 1688 1993 enim
1718 1943 1826 1991 tam
1856 1947 2059 1990 conve-

2202 1948 2287 1998 :at.
2315 1940 2585 1997 Minucius
2614 1940 2767 1998 Felix
2798 1940 2852 1995 in
2882 1953 2951 1996 eo
2988 1938 3145 2006 libro,
3169 1936 3260 2009 qui
3299 1934 3556 1993 Octavius
3583 1934 3759 1991 inscri-

459 2046 616 2101 niens
644 2042 770 2109 deo,
798 2054 958 2112 quam
980 2038 1184 2109 justum
1208 2034 1470 2106 regimen,
1492 2047 1556 2088 ac
1585 2031 1728 2103 pium
1758 2027 2061 2086 smculum?
2162 2024 2328 2101 bitur,
2361 2033 2440 2090 sic
2467 2041 2876 2105 argumentatus
2899 2041 2987 2090 est
3012 2049 3024 2086 :
3056 2049 3076 2085 ι
3111 2029 3431 2095 Saturnum,
3463 2043 3585 2085 cum
3614 2025 3754 2098 fuga.

464 2138 573 2198 Sed
600 2152 723 2194 cum
756 2135 946 2193 eadem
968 2132 1179 2190 ratione
1209 2138 1395 2186 natum
1424 2141 1546 2185 esse
1573 2127 1773 2198 cogito,
1807 2140 1916 2182 non
1938 2139 2063 2196 pos-
2161 2134 2249 2185 tus
2292 2134 2442 2184 esset
2477 2141 2506 2181 a
2537 2125 2647 2182 tilio
2695 2125 2749 2180 in
2778 2124 3093 2196 Italiamque
3140 2123 3402 2190 venisset,
3450 2118 3583 2178 Caeli
3613 2118 3765 2175 ﬁlium

1797 2260 2165 2323 VARIORUM
2201 2262 2432 2321 NOTAE.

465 2415 717 2478 ctoritate
742 2422 849 2471 vet.
890 2419 945 2471 et
973 2410 1162 2484 optimi
1217 2423 1322 2484 ms.
1359 2402 1802 2484 gegio-Puteani.
1831 2399 1967 2484 Item
1996 2403 2074 2460 al-

468 2473 641 2547 terius
689 2488 846 2558 Reg.,
879 2473 1027 2558 Gut;
1056 2482 1272 2558 piam"
1302 2473 1596 2558 l_C_Ia'rom.
1629 2484 1684 2558 e_t
1711 2475 1763 2558 λι
1788 2473 1935 2558 _edit.
1953 2488 2074 2558 rec.

470 2545 537 2618 et
569 2545 1027 2629 Epitonf.,c.l§.
1058 2552 1115 2608 lu
1163 2545 1294 2608 mss.
1339 2553 1362 2606 l
1400 2548 1681 2629 Regna-3
1707 2545 1879 2629 Colb._
1904 2554 2077 2629 zims;

473 2636 501 2690 1
538 2618 790 2687 al.'Colb.
823 2618 878 2686 et
905 2628 931 2685 1
955 2625 1218 2690 Clarom.,
1261 2632 1391 2684 Ζῆνα
1418 2638 1432 2685 ;
1473 2618 1505 2676 Ῐ
1527 2620 1783 2690 Sorbon.,
1813 2625 1991 2690 Ζῆμα;
2024 2618 2079 2681 in

474 2688 510 2763 3
542 2705 679 2774 Reg.
708 2711 763 2758 et
792 2701 937 2774 edit.
956 2698 1113 2774 item.
1142 2688 1304 2774 1:568,
1344 2693 1501 2774 1470',
1533 2701 1587 2747 et
1614 2691 1645 2747 7
1673 2688 1793 2745 aliis
1822 2688 2079 2761 antiquis,

477 2763 788 2839 stgf'Vide
807 2767 1123 2828 Callimach.
1150 2767 1346 2841 Hymn.
1376 2765 1427 2822 iu
1460 2763 1581 2821 Jov.

478 2872 758 2943 Δαίμουας.
790 2864 979 2920 Latine
1008 2880 1019 2916 :

538 2961 805 3012 Daemones
828 2958 1084 3015 inanimes,
1110 2954 1405 3005 cadaverum
1428 2950 1689 3015 simulacra
1713 2956 2036 3015 mortuorum,

539 3026 760 3085 Quorum
782 3022 927 3073 Creta
942 3021 994 3069 in
1011 3012 1293 3082 iactantiam
1317 3014 1545 3079 sepulcra
1568 3014 1751 3063 misera
1774 3012 1940 3062 habet.

1188 3099 1392 3170 ﬁSibyll.
1418 3098 1668 3164 carmina,
1697 3112 1849 3151 serm.
1883 3095 1935 3153 8.

2182 2419 2405 2462 aureum
2452 2403 2731 2473 saeculum,
2760 2402 3166 2476 intelligendum
3219 2403 3355 2463 illud
3410 2412 3624 2476 tempus
3647 2416 3765 2474 quo,

2184 2478 2316 2533 orbe
2368 2477 2605 2533 nondum
2643 2476 2815 2534 diviso
2839 2519 2855 2545 ,
2892 2476 3141 2535 Noachus
3173 2477 3223 2533 in
3274 2477 3589 2533 universum
3615 2490 3771 2547 genus

2189 2548 2489 2613 hominum.
2520 2558 2579 2604 ut
2603 2549 2826 2620 paterin
2854 2548 3071 2614 liberos,
3104 2550 3353 2605 naturale
3396 2548 3588 2606 hahuit
3614 2551 3771 2620 impe-

2189 2621 2365 2677 rium:
2400 2632 2561 2690 atque
2599 2619 2821 2676 aureum
2855 2620 2982 2676 illud
3013 2621 3268 2677 stcculum
3312 2632 3590 2690 sumptum
3633 2619 3772 2676 vide-

2190 2637 2365 2677 rium:
2400 2637 2450 2675 at
2493 2637 2561 2676 ue
2599 2637 2821 2676 aureum
2855 2637 2982 2676 tttuu
3013 2637 3268 2677 sarculum
3312 2637 3590 2690 sumptum
3633 2637 3770 2676 Viue-

2190 2701 2281 2749 tur
2324 2708 2387 2747 cx
2442 2637 2709 2748 aaticinio
2753 2691 3007 2749 Lamechi
3056 2691 3124 2749 de
3152 2691 3397 2759 Noacho,
3430 2692 3566 2748 Gen.
3593 2707 3642 2756 v,
3665 2690 3770 2748 99:

2190 2763 2297 2821 Iste
2322 2764 2667 2819 ronsolabitur
2697 2780 2788 2820 nos
2809 2762 2870 2819 ab
2897 2763 3150 2834 operibus,
3184 2773 3230 2834 et
3258 2764 3523 2819 laboribus
3550 2777 3773 2818 manuum

2188 2844 2494 2899 nostrarum,
2526 2835 2580 2889 in
2619 2845 2754 2891 terra
2784 2837 2866 2891 cui
2914 2835 3176 2891 maledixit
3204 2833 3482 2891 Dominus.
3519 2836 3770 2891 Bocnan'r.

2186 2906 2389 2979 έιιωο
2426 2906 2601 2963 tamen
2632 2923 2659 2959 a
2693 2906 2963 2979 Samuelis
3006 2906 3255 2963 Bocharti
3280 2916 3553 2979 tempore,
3587 2921 3687 2979 non
3715 2905 3772 2961 ad

2191 2977 2467 3032 historiam
2510 2993 2742 3042 sacram,
2778 2979 2871 3033 sed
2900 2977 2967 3032 ad
2993 2979 3267 3048 profanam
3310 2977 3516 3036 rectius
3547 2977 3772 3037 referun-

2192 3059 2298 3106 tur.
2332 3050 2578 3107 Aurelius
2607 3048 2791 3106 Victor
2816 3051 2884 3104 de
2900 3051 3108 3120 Origine
3130 3052 3306 3120 gentis
3343 3067 3580 3109 romanae
3605 3049 3677 3104 sic
3699 3049 3770 3103 lo-

2114 3130 2160 3195 c
2191 3122 2371 3193 quitur
2400 3123 2467 3177 de
2518 3120 2751 3195 Saturno
2780 3139 2794 3177 :
2828 3120 2885 3177 Is
2934 3125 3131 3195 primus
3181 3122 3554 3194 agriculturam
3575 3120 3774 3187 edocuit,

554 3198 1057 3274 “ﬁxum-ww“
1089 3192 1223 3274 ttinc
1250 3190 1730 3274 ctirrigentitts_est
1781 3188 1950 3272 codex
1997 3187 2088 3274 Si-

483 3261 716 3350 byllinos
743 3261 837 3341 'qui
867 3261 1237 3350 hibetgépoo
1268 3262 1523 3350 γαύχημα
1549 3278 1561 3315 :
1596 3261 1667 3350 ibi
1699 3262 1853 3350 enim
1884 3262 2098 3350 scansio

488 3333 593 3404 nim
618 3333 829 3400 consfat
858 3356 871 3395 :
909 3354 1007 3395 nec
1029 3339 1128 3404 ἕξει
1152 3333 1243 3391 ’ρει
1269 3333 1578 3405 legendum,
1615 3342 1667 3385 ut
1698 3333 1768 3387 ibi
1798 3350 1812 3399 ;
1842 3333 1937 3388 sed
1965 3342 2020 3389 ut
2043 3334 2096 3390 in

485 3403 672 3477 nostro
698 3413 866 3488 ἴσχει.
887 3403 1193 3488 Ιελιειιείριε.
1226 3403 1389 3488 Catio.
1424 3403 1585 3488 habet
1610 3404 1728 3488 ἕξει.

560 3472 637 3544 De
664 3472 800 3543 Ναὶἶ
828 3487 969 3541 deor.
996 3482 1213 3539 Scilicet
1240 3472 1276 3533 l.
1309 3492 1388 3541 ιιι,
1423 3487 1475 3533 ct
1516 3486 1635 3547 post
1663 3491 1785 3533 cum
1827 3477 2099 3538 Arnobius

483 3564 579 3622 lib.
613 3577 692 3621 ιιι.

562 3618 892 3690 Enunterari.
924 3624 1015 3683 Sic
1057 3640 1086 3680 a
1128 3638 1213 3678 me
1253 3621 1558 3677 restitutum
1582 3634 1645 3675 ex
1676 3619 1805 3675 cdit.
1835 3618 2009 3677 Betui.
2042 3631 2101 3679 et

488 3706 742 3763 omnibus
769 3714 899 3755 mss.
932 3705 1129 3767 praeter
1170 3693 1305 3767 Ρθη·
1353 3693 1408 3767 ίίὶ
1433 3707 1541 3762 (Ιυυ
1580 3692 1859 3767 numerari,
1890 3696 1974 3767 9⁸η
2016 3693 2101 3751 ιθ·

489 3762 652 3836 οίῖοηῖ
694 3762 1131 3844 adstipulatur_et
1170 3766 1287 3834 ipse
1322 3763 1570 3833 vulgatus
1591 3762 1871 3844 Ciceronis
1900 3764 2049 3844 locus
2080 3780 2096 3818 :

489 3832 1007 3916 Principiolinquit)
1033 3832 1314 3916 Joves'tres
1354 3832 1641 3916 nutrierant.
1674 3832 1730 3888 In
1758 3836 1970 3891 caeteris
1998 3835 2101 3892 La-

492 3906 685 3975 ctantii
711 3906 1039 3971 edi‘tionibus
1065 3917 1148 3966 est
1174 3906 1449 3961 nominari.

562 3987 896 4059 Capitolium.
937 3985 1041 4036 Arx
1066 3980 1300 4059 _Rom:c,
1335 3973 1670 4059 ianque).on
1697 3976 1953 4048 templum
1988 3976 2098 4035 fue-

492 4073 578 4119 rat
613 4046 958 4119 aédilicatum,
976 4052 1117 4107 unde
1144 4049 1361 4121 Jupiter
1380 4046 1714 4121 Capitolinus
1739 4065 1754 4112 ;
1778 4046 1943 4121 a’quo
1970 4064 2100 4106 νει-ο

496 4118 576 4191 sic
608 4132 809 4187 dictum
840 4123 1165 4196 Capitolium
1191 4120 1312 4175 vide
1338 4119 1633 4196 Arnobium
1669 4118 1705 4174 l.
1738 4135 1809 4196 vt.

571 4203 853 4258 Tantorum
906 4190 1288 4250 elementorum.
1344 4190 1454 4245 lloc
1502 4199 1619 4257 est,
1668 4191 1793 4247 εωιὶ
1836 4198 1888 4249 et
1917 4201 2097 4249 terrm.

499 4278 631 4333 Nam
659 4276 923 4327 Saturnus
957 4266 1096 4319 illius
1138 4263 1238 4318 fuit
1281 4262 1499 4318 aetheris
1519 4272 1583 4333 et
1613 4273 1806 4328 terrm;
1837 4264 2102 4321 Saturnus

498 4329 643 4407 enim
675 4353 731 4398 et
751 4341 933 4397 Titium
957 4337 1095 4393 {ilius
1117 4342 1267 4391 erat:
1299 4347 1482 4407 verum
1515 4329 1750 4407 Qranus,
1771 4344 1837 4407 et
1864 4335 2098 4405 Caelum.

496 4403 561 4477 ἐι
609 4413 802 4473 λΕιιιθι
837 4412 1218 4480 interpretatur
1247 4447 1261 4473 ,
1326 4404 1469 4461 sicut
1513 4403 1679 4461 Titaea
1732 4405 1872 4464 idem
1908 4417 1990 4464 est
2039 4403 2103 4467 ac

498 4493 690 4550 Terra.

2202 3195 2432 3266 ferosque
2480 3193 2707 3266 homines
2753 3210 2816 3266 ea:
2839 3205 3007 3266 rapto
3044 3193 3467 3266 vivere’assuetos
3495 3194 3563 3249 ad
3588 3207 3778 3266 compo-

2200 3262 2357 3321 sitam‘
2373 3265 2527 3323 vitam
2556 3264 2804 3320 traduxit.
2838 3262 2976 3321 Vide
3001 3279 3161 3334 supra
3195 3265 3379 3322 locttm
3407 3265 3624 3322 Justiui.

2276 3336 2424 3403 Quod
2441 3337 2651 3403 justitia
2677 3336 2769 3390 sub
2808 3352 2866 3392 eo
2888 3335 3041 3405 fuerit
3062 3335 3114 3389 in
3135 3346 3288 3392 terra.
3328 3337 3441 3395 Hoc
3467 3339 3626 3394 etiam
3647 3348 3777 3391 com-

2202 3410 2362 3465 mode
2391 3406 2460 3464 de
2490 3408 2600 3465 Noe
2627 3408 2798 3477 accipi
2828 3415 3027 3478 potest.
3056 3406 3212 3472 Nam,
3247 3424 3357 3466 non
3408 3410 3571 3464 modo
3595 3409 3776 3478 justus,

2202 3480 2296 3536 sed
2323 3489 2378 3535 et
2398 3479 2618 3549 iustitia:
2650 3494 2829 3550 praeco
2844 3479 3060 3535 sedulus
3085 3479 3214 3544 fuit;
3244 3496 3370 3538 cum
3388 3496 3456 3537 eo
3480 3480 3668 3536 vixerit
3687 3492 3777 3550 s:_e_-_

2201 3550 2326 3606 culo
2373 3545 2481 3620 quo
2531 3545 2813 3622 hominum
2864 3565 3041 3608 mores
3060 3559 3224 3622 erant
3264 3551 3638 3622 perditissimi,
3663 3545 3780 3605 nihil

2204 3638 2311 3677 non
2343 3625 2472 3692 egit.
2500 3631 2556 3676 ut
2584 3624 2705 3677 illos
2754 3621 2818 3676 ad
2846 3636 2987 3676 verte
3017 3621 3231 3692 pietatis
3269 3621 3532 3678 normam
3556 3622 3712 3677 verbo
3736 3626 3783 3692 ct

2202 3689 2453 3766 exemplo
2483 3693 2785 3766 reduceret.
2819 3689 3110 3749 Saturnum
3150 3695 3332 3750 itidem
3365 3709 3548 3766 regem
3573 3689 3783 3766 justissif

2204 3762 2560 3819 mum’fuissc
2601 3765 2809 3829 volunt,
2842 3766 3085 3836 adeoque
3129 3781 3224 3835 pro
3253 3762 3693 3832 virilifHominrs
3716 3762 3785 3817 sui

2205 3837 2445 3906 temporis
2475 3853 2537 3891 ea:
2562 3839 2749 3907 agresti
2783 3838 2883 3890 vita
2922 3836 2989 3889 ad
3033 3837 3385 3891 humaniorem
3418 3841 3606 3893 cultum
3635 3846 3785 3907 trans-

2204 3908 2397 3967 tulisse.
2429 3917 2473 3961 et
2503 3906 2769 3978 propterea
2796 3924 3007 3980 magnos
3033 3910 3249 3962 honores
3268 3919 3615 3976 consecutum,
3642 3906 3785 3980 multa

2203 3980 2338 4033 orbis
2368 3981 2479 4032 loca
2504 3975 2839 4050 peragrasse,
2882 3975 2936 4034 Et
2973 3995 3146 4035 omnes
3184 3980 3254 4033 ad
3271 3983 3534 4050 justitiam
3578 3990 3625 4034 et
3646 3975 3787 4050 animi

2204 4051 2582 4120 simplicitatem
2632 4046 2911 4106 induxisse.
2965 4050 3176 4106 Diodori
3223 4046 3391 4107 verba
3422 4061 3567 4117 sunt,
3600 4051 3635 4105 l.
3660 4065 3691 4103 v
3714 4046 3787 4101 Bi-

2204 4122 2848 4194 blioth.,vneque_aliter
2889 4122 3137 4178 Aurelius
3187 4122 3371 4179 Victor
3403 4125 3456 4179 in
3497 4125 3535 4181 l.
3564 4122 3631 4179 de
3655 4120 3785 4188 Orig.

2203 4194 2381 4265 gentis
2428 4190 2610 4248 Rum':
2642 4190 2802 4249 Feros
2834 4194 3062 4261 homines
3110 4211 3172 4249 ea:
3195 4207 3345 4266 rapto
3385 4198 3553 4251 viuere
3581 4199 3787 4249 assuetos

2205 4268 2273 4319 ad
2295 4266 2628 4336 compositam
2654 4266 2809 4323 vitam
2833 4266 3078 4322 traduxit.
3127 4266 3269 4337 Virg.
3300 4265 3524 4323 IEneid.
3562 4280 3691 4322 Vill:

2330 4378 2380 4430 Is
2401 4391 2561 4441 genus
2585 4377 2797 4442 indocile
2819 4386 2871 4429 et
2890 4378 3169 4442 dispersum
3193 4382 3449 4432 montibus
3471 4380 3582 4431 altis

2312 4440 2634 4506 Composuit,
2655 4440 2897 4505 legesque
2918 4440 3076 4493 dedit.

572 4528 797 4617 Itin-reum
827 4551 1071 4610 sarculum
1112 4556 1354 4603 narratur
1398 4546 1654 4603 habuisse.
1685 4548 1763 4606 De
1811 4564 1979 4606 aureo
2001 4550 2100 4608 Sa-
2125 4528 2179 4590 Ῑ)
2276 4546 2445 4619 Teneo
2472 4547 2679 4619 aliquid
2691 4547 2742 4601 in
2766 4547 2879 4619 hoc.
2908 4546 2982 4602 lta
3010 4549 3216 4619 restitui
3240 4563 3305 4604 ex
3329 4564 3464 4605 mss.
3499 4556 3603 4604 ret.
3629 4554 3687 4619 et
3703 4558 3793 4615 op-

501 4634 645 4694 turni
672 4627 870 4686 saeculo
892 4624 1013 4680 vide
1043 4620 1201 4685 infra,
1228 4621 1352 4694 gl._v,
1393 4634 1443 4694 c.
1494 4620 1529 4694 4
1575 4629 1630 4677 et
1658 4621 1694 4678 5
1725 4640 1738 4675 :
1772 4621 1884 4679 Rea:
1914 4622 2102 4678 Saturo

499 4690 617 4774 nus,
654 4701 826 4774 inquit
850 4696 1058 4767 Trogus
1099 4692 1238 4762 apud
1268 4690 1487 4774 Justin_.,
1596 4707 1748 4774 xerit,
1768 4694 2101 4774 tantazjusti-

500 4762 779 4850 'fuiss'e
798 4762 987 4850 [ertuﬁ
1013 4775 1075 4848 ut
1110 4777 1269 4850 neque
1294 4762 1667 4850 .seruierithsub
1690 4763 1779 4850 illo
1808 4762 2100 4849 quisquam,

503 4834 661 4923 ᾗέηὴε
688 4834 977 4923 quidquam
995 4837 1207 4923 privatas
1232 4835 1324 4923 rei‘
1347 4834 1600 4923 habuerit,
1616 4907 1628 4923 Ι
1648 4835 1737 4923 sed
1764 4834 1943 4890 omnia
1966 4854 2105 4923 cont-

502 4905 678 4977 mu'nia
701 4905 762 4972 ἐι
790 4905 1011 4970 indivisa
1037 4905 1269 4962 omnibus
1296 4907 1504 4977 fuerint,
1551 4907 1703 4961 veluti
1728 4923 1885 4962 unum
1910 4908 2105 4965 cunctis

504 4975 865 5065 patﬁtttoniuitt
885 4990 1034 5039 esset.
1058 4980 1125 5034 Et
1154 4975 1303 5048 Virg.
1326 4991 1364 5043 ι,
1393 4975 1589 5048 Georg.
1616 4992 1630 5031 :

626 5104 734 5217 get:
750 5104 950 5214 signare
972 5093 1193 5160 quidem,
1219 5095 1304 5141 aut
1328 5091 1499 5155 partiri
1522 5089 1681 5143 limite
1705 5105 1930 5158 campum

673 5179 727 5216 as
749 5178 805 5214 er
860 5198 875 5212 .

673 5179 727 5216 38
749 5178 875 5214 erat.

505 5252 575 5308 Et
592 5247 779 5313 0vid.,
809 5245 847 5300 l.
865 5258 928 5299 ιιι
948 5244 1232 5305 Amorum,
1262 5238 1400 5309 eleg.
1428 5237 1460 5291 7
1488 5255 1500 5289 :

693 5360 931 5426 Signabat
951 5355 1087 5409 nullo
1104 5354 1262 5409 limite
1282 5353 1439 5406 fossor
1455 5353 1675 5407 humum.

504 5471 659 5543 Quod
680 5469 749 5526 de
775 5465 968 5525 eadem
994 5473 1154 5520 aetate
1181 5462 1410 5519 habetur
1438 5462 1490 5519 in
1520 5461 1795 5523 Hesiodo:

630 5581 878 5643 Graiorum
900 5577 1165 5640 imperium
1174 5575 1301 5643 _dum_
1317 5573 1428 5628 Rex
1454 5576 1697 5629 Saturnus
1715 5577 1955 5643 habebat,

629 5645 721 5696 Dis
742 5640 931 5706 similes
954 5638 1143 5687 summa
1157 5638 1409 5706 degebant
1432 5652 1574 5706 pace,
1594 5652 1689 5692 nec
1711 5638 1839 5691 ullus

630 5708 722 5758 His
742 5704 880 5754 labor
904 5708 989 5751 aut
1010 5712 1226 5750 aerumna
1242 5701 1352 5751 fuit.

502 5833 657 5891 Adde
682 5838 737 5888 et
777 5825 1082 5903 Martialem
1111 5823 1181 5903 de
1209 5823 1465 5903 Saturno,
1520 5826 1558 5884 l.
1610 5843 1706 5898 xu,
1736 5828 2107 5903 Aepigr.t.xm.

498 5905 625 5963 litec
651 5900 826 5961 tabula
845 5898 1037 5957 hausta
1053 5896 1151 5954 fuit
1174 5911 1239 5954 es
1264 5895 1542 5970 Scriptura
1566 5915 1582 5968 ;
1608 5895 1705 5971 per
1730 5895 1948 5959 Sa'tu'rni
1966 5903 2109 5959 enim

2207 4620 2389 4675 timisl
2414 4617 2617 4673 Bonan.
2631 4617 2831 4689 .Regiis
2848 4619 3056 4685 5,Colb.
3076 4618 3131 4684 2,
3155 4619 3317 4676 Brun.
3337 4621 3393 4677 ιιι
3410 4618 3792 4677 ms..lun.‘deeo.

2204 4691 2262 4747 1n
2288 4704 2417 4745 mss.
2437 4704 2545 4745 rec.
2573 4690 2745 4745 tribus
2760 4690 2939 4755 Colb.,
2967 4689 3255 4745 2C|arom.
3282 4707 3348 4747 ac
3361 4693 3526 4749 editis
3552 4701 3633 4747 est
3659 4692 3708 4744 in
3722 4703 3790 4742 eo.

2281 4763 2395 4829 Quo
2421 4762 2617 4816 videam
2640 4777 2745 4816 esse
2765 4762 2960 4832 aliquid
2986 4764 3260 4834 antiquius.
3276 4763 3370 4819 Sic
3397 4764 3792 4834 emendavinuts

2208 4849 2274 4889 ex
2323 4834 2706 4889 vetustissimis
2751 4843 2805 4887 et
2849 4830 3067 4901 optimis
3104 4830 3303 4888 iam?
3352 4837 3593 4895 Bonon.,
3622 4830 3791 4901 Regio;

2209 4906 2470 4969 I‘uteano,
2500 4920 2597 4959 nec
2626 4919 2732 4959 non
2762 4919 2829 4959 ex
2872 4899 2908 4959 2
2936 4906 3055 4959 aliis
3086 4904 3244 4975 Beg.,
3271 4906 3473 4972 Taxa.,
3508 4908 3531 4965 ι
3568 4899 3736 4969 Cultu,
3759 4899 3795 4975 2

2209 4975 2470 5042 Clarom.,
2520 4991 2640 5031 cum
2674 4975 2740 5046 in
2795 4988 3001 5046 septem
3044 4972 3328 5034 aliis'mss.
3373 4989 3431 5034 et
3462 4979 3516 5035 iu
3541 4977 3696 5034 editis
3733 4972 3793 5046 sit

2208 5047 2342 5173 ἔνθα
2386 5046 2581 5102 videam
2599 5064 2619 5114 ;
2669 5045 2719 5101 in
2750 5043 2964 5120 scriptis
2993 5048 3195 5103 Christ.
3227 5060 3282 5105 et
3327 5049 3574 5118 Balliol.,
3602 5063 3708 5103 cum
3731 5043 3796 5101 ui-

2248 5136 2377 5173 eam.

2248 5136 2377 5174 eam.

2284 5189 2437 5244 Nihil
2474 5189 2541 5245 sit
2567 5191 2793 5246 omnino.
2818 5189 2907 5247 Sic
2934 5190 3267 5248 res1ituimus
3294 5206 3365 5247 cx
3398 5207 3531 5250 mss.
3570 5191 3624 5248 ln
3651 5184 3792 5246 editis

2211 5269 2389 5318 autem
2412 5270 2514 5328 est,
2541 5262 2670 5317 nihil
2693 5274 2763 5317 est
2792 5264 3019 5318 omnino.

2286 5332 2615 5405 Priusquam.
2645 5333 2718 5389 lta
2741 5333 2957 5405 reposui
2973 5348 3036 5390 ex
3063 5348 3195 5391 mss.
3224 5334 3281 5393 lu
3309 5335 3478 5392 editis
3499 5344 3676 5393 autem
3698 5337 3789 5399 cst,

2212 5414 2503 5470 antequam.

2288 5476 2547 5551 Minucius
2572 5474 2740 5551 Felix.
2767 5475 2931 5551 Cujus
2955 5484 3100 5551 extat
3117 5475 3334 5535 libellus
3376 5478 3603 5551 elegans
3622 5475 3791 5532 adrer—

2212 5561 2306 5603 sus
2328 5546 2550 5616 Gentes,
2579 5546 2712 5603 vixit
2733 5546 2892 5604 tertio
2916 5549 3135 5605 saeculo.

2287 5617 2353 5672 In
2376 5618 2617 5693 italiam,
2646 5629 2751 5675 etc.
2782 5619 2972 5693 Mirum
3008 5630 3105 5693 est
3146 5627 3410 5693 quantum
3447 5620 3648 5677 distant
3666 5630 3793 5693 teut-

2214 5702 2345 5761 pora
2374 5690 2515 5761 inter
2539 5690 2829 5747 Saturnum
2858 5691 3017 5748 Urani
3068 5686 3233 5748 lilium
3263 5702 3321 5749 et
3342 5693 3635 5748 Saturnum
3665 5686 3790 5743 itali-

2213 5760 2334 5835 cum
2368 5777 2381 5815 :
2408 5760 2496 5816 hic
2525 5763 2667 5835 enim
2715 5763 2927 5835 decimo
2963 5772 3152 5835 quarto
3177 5774 3305 5821 ante
3335 5779 3507 5821 teram
3537 5762 3789 5835 vulgarem

2212 5831 2349 5888 vixit
2394 5832 2633 5899 sarculo;
2666 5833 2759 5891 sed
2804 5831 3086 5902 Saturnus,
3121 5834 3286 5892 Urani
3345 5835 3513 5900 illius.
3554 5832 3792 5905 vigesimo

2213 5912 2339 5961 ante
2386 5914 2628 5963 nostram
2674 5920 2836 5962 teram
2883 5905 3082 5962 saeculo
3114 5907 3230 5963 fuit.
3267 5908 3345 5965 De
3378 5906 3597 5963 Saturni
3628 5915 3788 5961 tamen
