  <div class='ocr_page' id='page_1' title='image "/cluster/home/n/w/nwhite01/storage/ocr_20150623/6/hvd.32044015471238/096.png"; bbox 0 0 3986 6358; ppageno 0'>
   <div class='ocr_carea' id='block_1_1' title="bbox 310 303 410 361">
    <p class='ocr_par' dir='ltr' id='par_1_1' title="bbox 310 303 410 361">
     <span class='ocr_line' id='line_1_1' title="bbox 310 303 410 361; baseline 0.03 -3"><span class='ocrx_word' id='word_1_1' title='bbox 310 303 410 361; x_wconf 81' lang='grc'><strong>181</strong></span> 
     </span>
    </p>
   </div>
   <div class='ocr_carea' id='block_1_2' title="bbox 1410 304 2511 375">
    <p class='ocr_par' dir='ltr' id='par_1_2' title="bbox 1410 304 2511 375">
     <span class='ocr_line' id='line_1_2' title="bbox 1410 304 2511 375; baseline 0.012 -14"><span class='ocrx_word' id='word_1_2' title='bbox 1410 304 1614 367; x_wconf 79' lang='lat' dir='ltr'><strong>LIBER</strong></span> <span class='ocrx_word' id='word_1_3' title='bbox 1652 306 1692 369; x_wconf 88' lang='grc' dir='ltr'>ι.</span> <span class='ocrx_word' id='word_1_4' title='bbox 1736 305 1825 367; x_wconf 83' lang='lat' dir='ltr'><strong>DE</strong></span> <span class='ocrx_word' id='word_1_5' title='bbox 1855 304 2078 371; x_wconf 73' lang='lat' dir='ltr'><strong>FALSA</strong></span> <span class='ocrx_word' id='word_1_6' title='bbox 2119 308 2511 375; x_wconf 79' lang='lat' dir='ltr'><strong>BELIGIONE.</strong></span> 
     </span>
    </p>
   </div>
   <div class='ocr_carea' id='block_1_3' title="bbox 3519 318 3626 377">
    <p class='ocr_par' dir='ltr' id='par_1_3' title="bbox 3519 318 3626 377">
     <span class='ocr_line' id='line_1_3' title="bbox 3519 318 3626 377; baseline 0.019 -2"><span class='ocrx_word' id='word_1_7' title='bbox 3519 318 3626 377; x_wconf 69' lang='lat'><strong>182</strong></span> 
     </span>
    </p>
   </div>
   <div class='ocr_carea' id='block_1_4' title="bbox 280 418 3626 509">
    <p class='ocr_par' dir='ltr' id='par_1_4' title="bbox 280 418 3626 509">
     <span class='ocr_line' id='line_1_4' title="bbox 280 418 3626 509; baseline 0.006 -35"><span class='ocrx_word' id='word_1_8' title='bbox 280 420 533 489; x_wconf 84' lang='lat' dir='ltr'><strong>.dictum,</strong></span> <span class='ocrx_word' id='word_1_9' title='bbox 563 418 707 492; x_wconf 90' lang='lat' dir='ltr'><strong>quod</strong></span> <span class='ocrx_word' id='word_1_10' title='bbox 744 419 1017 479; x_wconf 81' lang='lat' dir='ltr'><strong>soleamus</strong></span> <span class='ocrx_word' id='word_1_11' title='bbox 1045 435 1139 478; x_wconf 92' lang='lat' dir='ltr'><strong>eos</strong></span> <span class='ocrx_word' id='word_1_12' title='bbox 1166 435 1395 495; x_wconf 88' lang='lat' dir='ltr'><strong>quorum</strong></span> <span class='ocrx_word' id='word_1_13' title='bbox 1438 423 1693 485; x_wconf 97' lang='lat' dir='ltr'><strong>virtutem</strong></span> <span class='ocrx_word' id='word_1_14' title='bbox 1737 423 1903 482; x_wconf 83' lang='lat' dir='ltr'><strong>mire-</strong></span> <span class='ocrx_word' id='word_1_15' title='bbox 1930 432 1988 499; x_wconf 74' lang='grc' dir='ltr'><strong>Α</strong></span> <span class='ocrx_word' id='word_1_16' title='bbox 2009 441 2148 495; x_wconf 87' lang='lat' dir='ltr'><strong>mus,</strong></span> <span class='ocrx_word' id='word_1_17' title='bbox 2166 428 2258 503; x_wconf 88' lang='lat' dir='ltr'><strong>qui</strong></span> <span class='ocrx_word' id='word_1_18' title='bbox 2280 427 2592 489; x_wconf 90' lang='lat' dir='ltr'><strong>deciderant</strong></span> <span class='ocrx_word' id='word_1_19' title='bbox 2618 429 2669 485; x_wconf 87' lang='lat' dir='ltr'><strong>in</strong></span> <span class='ocrx_word' id='word_1_20' title='bbox 2690 443 2772 499; x_wconf 88' lang='lat' dir='ltr'><strong>ea,</strong></span> <span class='ocrx_word' id='word_1_21' title='bbox 2791 430 3114 505; x_wconf 66' lang='lat' dir='ltr'><strong>utAigeum,</strong></span> <span class='ocrx_word' id='word_1_22' title='bbox 3134 433 3384 509; x_wconf 80' lang='lat' dir='ltr'><strong>Icarium,</strong></span> <span class='ocrx_word' id='word_1_23' title='bbox 3414 432 3626 493; x_wconf 82' lang='lat' dir='ltr'><strong>Helles-</strong></span> 
     </span>
    </p>
   </div>
   <div class='ocr_carea' id='block_1_5' title="bbox 312 516 1916 593">
    <p class='ocr_par' dir='ltr' id='par_1_5' title="bbox 312 516 1916 593">
     <span class='ocr_line' id='line_1_5' title="bbox 312 516 1916 593; baseline 0.003 -22"><span class='ocrx_word' id='word_1_24' title='bbox 312 531 453 587; x_wconf 88' lang='lat' dir='ltr'><strong>mur,</strong></span> <span class='ocrx_word' id='word_1_25' title='bbox 478 523 573 572; x_wconf 87' lang='lat' dir='ltr'><strong>aut</strong></span> <span class='ocrx_word' id='word_1_26' title='bbox 594 516 686 593; x_wconf 86' lang='lat' dir='ltr'><strong>qui</strong></span> <span class='ocrx_word' id='word_1_27' title='bbox 715 517 1004 589; x_wconf 86' lang='lat' dir='ltr'><strong>repentino</strong></span> <span class='ocrx_word' id='word_1_28' title='bbox 1042 516 1379 581; x_wconf 86' lang='lat' dir='ltr'><strong>advenerim.</strong></span> <span class='ocrx_word' id='word_1_29' title='bbox 1404 516 1472 574; x_wconf 91' lang='lat' dir='ltr'><strong>de</strong></span> <span class='ocrx_word' id='word_1_30' title='bbox 1499 517 1637 575; x_wconf 76' lang='lat' dir='ltr'><strong>coelo</strong></span> <span class='ocrx_word' id='word_1_31' title='bbox 1654 516 1916 576; x_wconf 76' lang='lat' dir='ltr'><strong>cecidisse</strong></span> 
     </span>
    </p>
   </div>
   <div class='ocr_carea' id='block_1_6' title="bbox 308 610 1913 684">
    <p class='ocr_par' dir='ltr' id='par_1_6' title="bbox 308 610 1913 684">
     <span class='ocr_line' id='line_1_6' title="bbox 308 610 1913 684; baseline -0.001 -16"><span class='ocrx_word' id='word_1_32' title='bbox 308 610 493 668; x_wconf 85' lang='lat' dir='ltr'><strong>dicere</strong></span> <span class='ocrx_word' id='word_1_33' title='bbox 520 627 538 681; x_wconf 87' lang='lat'><strong>;</strong></span> <span class='ocrx_word' id='word_1_34' title='bbox 564 619 724 668; x_wconf 87' lang='lat' dir='ltr'><strong>terrae</strong></span> <span class='ocrx_word' id='word_1_35' title='bbox 750 620 955 679; x_wconf 88' lang='lat' dir='ltr'><strong>autem,</strong></span> <span class='ocrx_word' id='word_1_36' title='bbox 982 610 1126 682; x_wconf 90' lang='lat' dir='ltr'><strong>quod</strong></span> <span class='ocrx_word' id='word_1_37' title='bbox 1172 611 1370 684; x_wconf 90' lang='lat' dir='ltr'><strong>ignotis</strong></span> <span class='ocrx_word' id='word_1_38' title='bbox 1394 611 1710 684; x_wconf 90' lang='lat' dir='ltr'><strong>parentibus</strong></span> <span class='ocrx_word' id='word_1_39' title='bbox 1736 622 1913 683; x_wconf 91' lang='lat' dir='ltr'><strong>natos,</strong></span> 
     </span>
    </p>
   </div>
   <div class='ocr_carea' id='block_1_7' title="bbox 307 705 1915 779">
    <p class='ocr_par' dir='ltr' id='par_1_7' title="bbox 307 705 1915 779">
     <span class='ocr_line' id='line_1_7' title="bbox 307 705 1915 779; baseline 0.001 -17"><span class='ocrx_word' id='word_1_40' title='bbox 307 714 468 762; x_wconf 66' lang='lat' dir='ltr'><strong>terrae</strong></span> <span class='ocrx_word' id='word_1_41' title='bbox 498 705 641 761; x_wconf 84' lang='lat' dir='ltr'><strong>ﬁlios</strong></span> <span class='ocrx_word' id='word_1_42' title='bbox 681 705 1046 761; x_wconf 88' lang='lat' dir='ltr'><strong>nominemus.</strong></span> <span class='ocrx_word' id='word_1_43' title='bbox 1086 724 1105 760; x_wconf 76' lang='grc' dir='ltr'><strong>ι</strong></span> <span class='ocrx_word' id='word_1_44' title='bbox 1132 705 1271 767; x_wconf 89' lang='lat' dir='ltr'><strong>Sunt</strong></span> <span class='ocrx_word' id='word_1_45' title='bbox 1318 705 1437 763; x_wconf 67' lang='lat' dir='ltr'><strong>haec</strong></span> <span class='ocrx_word' id='word_1_46' title='bbox 1460 706 1680 779; x_wconf 88' lang='lat' dir='ltr'><strong>quidem</strong></span> <span class='ocrx_word' id='word_1_47' title='bbox 1720 706 1915 763; x_wconf 81' lang='lat' dir='ltr'><strong>similia</strong></span> 
     </span>
    </p>
   </div>
   <div class='ocr_carea' id='block_1_8' title="bbox 316 799 1913 871">
    <p class='ocr_par' dir='ltr' id='par_1_8' title="bbox 316 799 1913 871">
     <span class='ocr_line' id='line_1_8' title="bbox 316 799 1913 871; baseline 0.001 -19"><span class='ocrx_word' id='word_1_48' title='bbox 316 799 457 865; x_wconf 89' lang='lat' dir='ltr'><strong>veri,</strong></span> <span class='ocrx_word' id='word_1_49' title='bbox 487 813 597 855; x_wconf 91' lang='lat' dir='ltr'><strong>non</strong></span> <span class='ocrx_word' id='word_1_50' title='bbox 632 807 814 855; x_wconf 89' lang='lat' dir='ltr'><strong>tamen</strong></span> <span class='ocrx_word' id='word_1_51' title='bbox 841 813 970 856; x_wconf 89' lang='lat' dir='ltr'><strong>vera</strong></span> <span class='ocrx_word' id='word_1_52' title='bbox 995 816 1007 851; x_wconf 87' lang='lat'><strong>:</strong></span> <span class='ocrx_word' id='word_1_53' title='bbox 1041 799 1164 871; x_wconf 87' lang='lat' dir='ltr'><strong>quia</strong></span> <span class='ocrx_word' id='word_1_54' title='bbox 1200 806 1416 855; x_wconf 81' lang='lat' dir='ltr'><strong>constat</strong></span> <span class='ocrx_word' id='word_1_55' title='bbox 1441 800 1603 855; x_wconf 92' lang='lat' dir='ltr'><strong>etiam</strong></span> <span class='ocrx_word' id='word_1_56' title='bbox 1634 808 1763 855; x_wconf 90' lang='lat' dir='ltr'><strong>tunc</strong></span> <span class='ocrx_word' id='word_1_57' title='bbox 1790 814 1913 855; x_wconf 92' lang='lat' dir='ltr'><strong>cum</strong></span> 
     </span>
    </p>
   </div>
   <div class='ocr_carea' id='block_1_9' title="bbox 302 891 1914 964">
    <p class='ocr_par' dir='ltr' id='par_1_9' title="bbox 302 891 1914 964">
     <span class='ocr_line' id='line_1_9' title="bbox 302 891 1914 964; baseline -0.001 -16"><span class='ocrx_word' id='word_1_58' title='bbox 302 902 563 963; x_wconf 74' lang='lat' dir='ltr'><strong>regnaret</strong></span> <span class='ocrx_word' id='word_1_59' title='bbox 611 892 687 947; x_wconf 92' lang='lat' dir='ltr'><strong>ita</strong></span> <span class='ocrx_word' id='word_1_60' title='bbox 730 906 853 948; x_wconf 90' lang='lat' dir='ltr'><strong>esse</strong></span> <span class='ocrx_word' id='word_1_61' title='bbox 898 891 1161 948; x_wconf 87' lang='lat' dir='ltr'><strong>habitum.</strong></span> <span class='ocrx_word' id='word_1_62' title='bbox 1218 892 1395 949; x_wconf 83' lang='lat' dir='ltr'><strong>Potuit</strong></span> <span class='ocrx_word' id='word_1_63' title='bbox 1422 903 1479 949; x_wconf 92' lang='lat' dir='ltr'><strong>et</strong></span> <span class='ocrx_word' id='word_1_64' title='bbox 1519 892 1598 948; x_wconf 91' lang='lat' dir='ltr'><strong>sic</strong></span> <span class='ocrx_word' id='word_1_65' title='bbox 1625 906 1914 964; x_wconf 85' lang='lat' dir='ltr'><strong>argumen—</strong></span> 
     </span>
    </p>
   </div>
   <div class='ocr_carea' id='block_1_10' title="bbox 304 983 1914 1057">
    <p class='ocr_par' dir='ltr' id='par_1_10' title="bbox 304 983 1914 1057">
     <span class='ocr_line' id='line_1_10' title="bbox 304 983 1914 1057; baseline 0.001 -15"><span class='ocrx_word' id='word_1_66' title='bbox 304 985 449 1042; x_wconf 84' lang='lat' dir='ltr'><strong>tari:</strong></span> <span class='ocrx_word' id='word_1_67' title='bbox 491 984 792 1045; x_wconf 72' lang='lat' dir='ltr'><strong>Saturnum</strong></span> <span class='ocrx_word' id='word_1_68' title='bbox 819 1026 834 1052; x_wconf 94' lang='lat'><strong>,</strong></span> <span class='ocrx_word' id='word_1_69' title='bbox 866 1001 991 1042; x_wconf 92' lang='lat' dir='ltr'><strong>cum</strong></span> <span class='ocrx_word' id='word_1_70' title='bbox 1046 986 1454 1057; x_wconf 85' lang='lat' dir='ltr'><strong>potentissimus</strong></span> <span class='ocrx_word' id='word_1_71' title='bbox 1503 1001 1600 1041; x_wconf 91' lang='lat' dir='ltr'><strong>rex</strong></span> <span class='ocrx_word' id='word_1_72' title='bbox 1648 993 1813 1053; x_wconf 88' lang='lat' dir='ltr'><strong>esset,</strong></span> <span class='ocrx_word' id='word_1_73' title='bbox 1845 983 1914 1045; x_wconf 88' lang='lat' dir='ltr'><strong>ad</strong></span> 
     </span>
    </p>
   </div>
   <div class='ocr_carea' id='block_1_11' title="bbox 299 1079 1911 1152">
    <p class='ocr_par' dir='ltr' id='par_1_11' title="bbox 299 1079 1911 1152">
     <span class='ocr_line' id='line_1_11' title="bbox 299 1079 1911 1152; baseline 0 -17"><span class='ocrx_word' id='word_1_74' title='bbox 299 1079 647 1137; x_wconf 86' lang='lat' dir='ltr'><strong>retinendam</strong></span> <span class='ocrx_word' id='word_1_75' title='bbox 701 1090 984 1152; x_wconf 88' lang='lat' dir='ltr'><strong>parentum</strong></span> <span class='ocrx_word' id='word_1_76' title='bbox 1013 1096 1235 1138; x_wconf 89' lang='lat' dir='ltr'><strong>suorum</strong></span> <span class='ocrx_word' id='word_1_77' title='bbox 1288 1082 1639 1150; x_wconf 86' lang='lat' dir='ltr'><strong>memoriam,</strong></span> <span class='ocrx_word' id='word_1_78' title='bbox 1694 1081 1911 1137; x_wconf 88' lang='lat' dir='ltr'><strong>nomina</strong></span> 
     </span>
    </p>
   </div>
   <div class='ocr_carea' id='block_1_12' title="bbox 300 1172 1914 1249">
    <p class='ocr_par' dir='ltr' id='par_1_12' title="bbox 300 1172 1914 1249">
     <span class='ocr_line' id='line_1_12' title="bbox 300 1172 1914 1249; baseline -0.001 -20"><span class='ocrx_word' id='word_1_79' title='bbox 300 1188 492 1235; x_wconf 87' lang='lat' dir='ltr'><strong>eorum</strong></span> <span class='ocrx_word' id='word_1_80' title='bbox 525 1174 667 1230; x_wconf 64' lang='lat' dir='ltr'><strong>caelo</strong></span> <span class='ocrx_word' id='word_1_81' title='bbox 694 1183 964 1246; x_wconf 66' lang='lat' dir='ltr'><strong>terraeque</strong></span> <span class='ocrx_word' id='word_1_82' title='bbox 1019 1174 1296 1245; x_wconf 85' lang='lat' dir='ltr'><strong>indidisse,</strong></span> <span class='ocrx_word' id='word_1_83' title='bbox 1330 1189 1452 1233; x_wconf 89' lang='lat' dir='ltr'><strong>cum</strong></span> <span class='ocrx_word' id='word_1_84' title='bbox 1483 1174 1597 1230; x_wconf 71' lang='lat' dir='ltr'><strong>btec</strong></span> <span class='ocrx_word' id='word_1_85' title='bbox 1622 1174 1770 1249; x_wconf 89' lang='lat' dir='ltr'><strong>prius</strong></span> <span class='ocrx_word' id='word_1_86' title='bbox 1796 1172 1914 1231; x_wconf 89' lang='lat' dir='ltr'><strong>aliis</strong></span> 
     </span>
    </p>
   </div>
   <div class='ocr_carea' id='block_1_13' title="bbox 299 1267 1915 1342">
    <p class='ocr_par' dir='ltr' id='par_1_13' title="bbox 299 1267 1915 1342">
     <span class='ocr_line' id='line_1_13' title="bbox 299 1267 1915 1342; baseline 0 -18"><span class='ocrx_word' id='word_1_87' title='bbox 299 1267 586 1329; x_wconf 81' lang='lat' dir='ltr'><strong>vocabulis</strong></span> <span class='ocrx_word' id='word_1_88' title='bbox 633 1268 1039 1342; x_wconf 84' lang='lat' dir='ltr'><strong>appellarentur</strong></span> <span class='ocrx_word' id='word_1_89' title='bbox 1064 1286 1078 1339; x_wconf 90' lang='lat'><strong>;</strong></span> <span class='ocrx_word' id='word_1_90' title='bbox 1112 1284 1217 1341; x_wconf 90' lang='lat' dir='ltr'><strong>qua</strong></span> <span class='ocrx_word' id='word_1_91' title='bbox 1244 1270 1452 1326; x_wconf 86' lang='lat' dir='ltr'><strong>ratione</strong></span> <span class='ocrx_word' id='word_1_92' title='bbox 1478 1278 1531 1325; x_wconf 90' lang='lat' dir='ltr'><strong>ct</strong></span> <span class='ocrx_word' id='word_1_93' title='bbox 1560 1267 1830 1325; x_wconf 83' lang='lat' dir='ltr'><strong>montibus</strong></span> <span class='ocrx_word' id='word_1_94' title='bbox 1859 1276 1915 1324; x_wconf 92' lang='lat' dir='ltr'><strong>et</strong></span> 
     </span>
    </p>
   </div>
   <div class='ocr_carea' id='block_1_14' title="bbox 298 1363 1910 1443">
    <p class='ocr_par' dir='ltr' id='par_1_14' title="bbox 298 1363 1910 1443">
     <span class='ocr_line' id='line_1_14' title="bbox 298 1363 1910 1443; baseline 0.001 -24"><span class='ocrx_word' id='word_1_95' title='bbox 298 1363 623 1423; x_wconf 82' lang='lat' dir='ltr'><strong>ﬂuminibus</strong></span> <span class='ocrx_word' id='word_1_96' title='bbox 646 1365 861 1425; x_wconf 88' lang='lat' dir='ltr'><strong>nomina</strong></span> <span class='ocrx_word' id='word_1_97' title='bbox 892 1366 1093 1422; x_wconf 82' lang='lat' dir='ltr'><strong>scimus</strong></span> <span class='ocrx_word' id='word_1_98' title='bbox 1125 1365 1399 1438; x_wconf 89' lang='lat' dir='ltr'><strong>imposita.</strong></span> <span class='ocrx_word' id='word_1_99' title='bbox 1419 1364 1603 1443; x_wconf 85' lang='lat' dir='ltr'><strong>Neque</strong></span> <span class='ocrx_word' id='word_1_100' title='bbox 1623 1366 1766 1425; x_wconf 91' lang='lat' dir='ltr'><strong>enim</strong></span> <span class='ocrx_word' id='word_1_101' title='bbox 1788 1380 1910 1427; x_wconf 90' lang='lat' dir='ltr'><strong>cum</strong></span> 
     </span>
    </p>
   </div>
   <div class='ocr_carea' id='block_1_15' title="bbox 295 1453 1914 1529">
    <p class='ocr_par' dir='ltr' id='par_1_15' title="bbox 295 1453 1914 1529">
     <span class='ocr_line' id='line_1_15' title="bbox 295 1453 1914 1529; baseline 0.001 -19"><span class='ocrx_word' id='word_1_102' title='bbox 295 1453 493 1511; x_wconf 85' lang='lat' dir='ltr'><strong>dicunt</strong></span> <span class='ocrx_word' id='word_1_103' title='bbox 524 1464 700 1527; x_wconf 73' lang='lat' dir='ltr'><strong>poetae</strong></span> <span class='ocrx_word' id='word_1_104' title='bbox 725 1456 795 1513; x_wconf 91' lang='lat' dir='ltr'><strong>de</strong></span> <span class='ocrx_word' id='word_1_105' title='bbox 823 1457 1081 1529; x_wconf 82' lang='lat' dir='ltr'><strong>progenie</strong></span> <span class='ocrx_word' id='word_1_106' title='bbox 1117 1457 1371 1524; x_wconf 86' lang='lat' dir='ltr'><strong>Atlantis,</strong></span> <span class='ocrx_word' id='word_1_107' title='bbox 1401 1469 1490 1515; x_wconf 91' lang='lat' dir='ltr'><strong>aut</strong></span> <span class='ocrx_word' id='word_1_108' title='bbox 1518 1458 1702 1515; x_wconf 90' lang='lat' dir='ltr'><strong>Inachi</strong></span> <span class='ocrx_word' id='word_1_109' title='bbox 1735 1457 1914 1514; x_wconf 91' lang='lat' dir='ltr'><strong>ﬂumi-</strong></span> 
     </span>
    </p>
   </div>
   <div class='ocr_carea' id='block_1_16' title="bbox 294 1546 1910 1620">
    <p class='ocr_par' dir='ltr' id='par_1_16' title="bbox 294 1546 1910 1620">
     <span class='ocr_line' id='line_1_16' title="bbox 294 1546 1910 1620; baseline 0.002 -16"><span class='ocrx_word' id='word_1_110' title='bbox 294 1546 414 1617; x_wconf 85' lang='lat' dir='ltr'><strong>nis,</strong></span> <span class='ocrx_word' id='word_1_111' title='bbox 448 1546 502 1603; x_wconf 91' lang='lat' dir='ltr'><strong>id</strong></span> <span class='ocrx_word' id='word_1_112' title='bbox 532 1548 875 1620; x_wconf 89' lang='lat' dir='ltr'><strong>potissimum</strong></span> <span class='ocrx_word' id='word_1_113' title='bbox 905 1550 1112 1617; x_wconf 90' lang='lat' dir='ltr'><strong>dicunt,</strong></span> <span class='ocrx_word' id='word_1_114' title='bbox 1172 1550 1417 1611; x_wconf 83' lang='lat' dir='ltr'><strong>homines</strong></span> <span class='ocrx_word' id='word_1_115' title='bbox 1443 1566 1509 1609; x_wconf 86' lang='lat' dir='ltr'><strong>ex</strong></span> <span class='ocrx_word' id='word_1_116' title='bbox 1541 1551 1701 1611; x_wconf 85' lang='lat' dir='ltr'><strong>rebus</strong></span> <span class='ocrx_word' id='word_1_117' title='bbox 1747 1564 1910 1609; x_wconf 89' lang='lat' dir='ltr'><strong>sensu</strong></span> 
     </span>
    </p>
   </div>
   <div class='ocr_carea' id='block_1_17' title="bbox 294 1640 1911 1717">
    <p class='ocr_par' dir='ltr' id='par_1_17' title="bbox 294 1640 1911 1717">
     <span class='ocr_line' id='line_1_17' title="bbox 294 1640 1911 1717; baseline 0.003 -21"><span class='ocrx_word' id='word_1_118' title='bbox 294 1640 618 1699; x_wconf 83' lang='lat' dir='ltr'><strong>carentibus</strong></span> <span class='ocrx_word' id='word_1_119' title='bbox 668 1641 907 1713; x_wconf 87' lang='lat' dir='ltr'><strong>potuisse</strong></span> <span class='ocrx_word' id='word_1_120' title='bbox 938 1644 1230 1716; x_wconf 86' lang='lat' dir='ltr'><strong>generari;</strong></span> <span class='ocrx_word' id='word_1_121' title='bbox 1259 1644 1355 1703; x_wconf 89' lang='lat' dir='ltr'><strong>sed</strong></span> <span class='ocrx_word' id='word_1_122' title='bbox 1381 1659 1477 1701; x_wconf 91' lang='lat' dir='ltr'><strong>eos</strong></span> <span class='ocrx_word' id='word_1_123' title='bbox 1516 1647 1701 1717; x_wconf 87' lang='lat' dir='ltr'><strong>utique</strong></span> <span class='ocrx_word' id='word_1_124' title='bbox 1744 1644 1911 1716; x_wconf 86' lang='lat' dir='ltr'><strong>signi-</strong></span> 
     </span>
    </p>
   </div>
   <div class='ocr_carea' id='block_1_18' title="bbox 297 1730 1903 1811">
    <p class='ocr_par' dir='ltr' id='par_1_18' title="bbox 297 1730 1903 1811">
     <span class='ocr_line' id='line_1_18' title="bbox 297 1730 1903 1811; baseline 0.004 -25"><span class='ocrx_word' id='word_1_125' title='bbox 297 1730 495 1799; x_wconf 76' lang='lat' dir='ltr'><strong>ficant,</strong></span> <span class='ocrx_word' id='word_1_126' title='bbox 522 1733 615 1805; x_wconf 88' lang='lat' dir='ltr'><strong>qui</strong></span> <span class='ocrx_word' id='word_1_127' title='bbox 665 1733 777 1790; x_wconf 86' lang='lat' dir='ltr'><strong>uati</strong></span> <span class='ocrx_word' id='word_1_128' title='bbox 823 1742 951 1793; x_wconf 90' lang='lat' dir='ltr'><strong>sunt</strong></span> <span class='ocrx_word' id='word_1_129' title='bbox 974 1751 1041 1793; x_wconf 88' lang='lat' dir='ltr'><strong>ex</strong></span> <span class='ocrx_word' id='word_1_130' title='bbox 1076 1734 1160 1792; x_wconf 91' lang='lat' dir='ltr'><strong>bis</strong></span> <span class='ocrx_word' id='word_1_131' title='bbox 1185 1734 1513 1806; x_wconf 88' lang='lat' dir='ltr'><strong>hominibus,</strong></span> <span class='ocrx_word' id='word_1_132' title='bbox 1545 1737 1636 1811; x_wconf 90' lang='lat' dir='ltr'><strong>qui</strong></span> <span class='ocrx_word' id='word_1_133' title='bbox 1663 1736 1746 1792; x_wconf 85' lang='lat' dir='ltr'><strong>vel</strong></span> <span class='ocrx_word' id='word_1_134' title='bbox 1775 1734 1903 1808; x_wconf 77' lang='lat' dir='ltr'><strong>vivi,</strong></span> 
     </span>
    </p>
   </div>
   <div class='ocr_carea' id='block_1_19' title="bbox 2022 520 3621 592">
    <p class='ocr_par' dir='ltr' id='par_1_19' title="bbox 2022 520 3621 592">
     <span class='ocr_line' id='line_1_19' title="bbox 2022 520 3621 592; baseline 0.003 -15"><span class='ocrx_word' id='word_1_135' title='bbox 2022 520 2338 592; x_wconf 87' lang='lat' dir='ltr'><strong>ponticum:</strong></span> <span class='ocrx_word' id='word_1_136' title='bbox 2373 529 2428 579; x_wconf 90' lang='lat' dir='ltr'><strong>et</strong></span> <span class='ocrx_word' id='word_1_137' title='bbox 2456 521 2507 577; x_wconf 90' lang='lat' dir='ltr'><strong>in</strong></span> <span class='ocrx_word' id='word_1_138' title='bbox 2534 520 2689 577; x_wconf 89' lang='lat' dir='ltr'><strong>Latio</strong></span> <span class='ocrx_word' id='word_1_139' title='bbox 2719 521 3041 590; x_wconf 76' lang='lat' dir='ltr'><strong>Aventinus,</strong></span> <span class='ocrx_word' id='word_1_140' title='bbox 3075 525 3397 585; x_wconf 89' lang='lat' dir='ltr'><strong>vocabulum</strong></span> <span class='ocrx_word' id='word_1_141' title='bbox 3449 528 3621 583; x_wconf 91' lang='lat' dir='ltr'><strong>monti</strong></span> 
     </span>
    </p>
   </div>
   <div class='ocr_carea' id='block_1_20' title="bbox 2020 614 3618 697">
    <p class='ocr_par' dir='ltr' id='par_1_20' title="bbox 2020 614 3618 697">
     <span class='ocr_line' id='line_1_20' title="bbox 2020 614 3618 697; baseline 0.004 -26"><span class='ocrx_word' id='word_1_142' title='bbox 2020 614 2212 682; x_wconf 91' lang='lat' dir='ltr'><strong>dedit,</strong></span> <span class='ocrx_word' id='word_1_143' title='bbox 2257 615 2311 670; x_wconf 90' lang='lat' dir='ltr'><strong>in</strong></span> <span class='ocrx_word' id='word_1_144' title='bbox 2354 629 2463 687; x_wconf 91' lang='lat' dir='ltr'><strong>quo</strong></span> <span class='ocrx_word' id='word_1_145' title='bbox 2492 616 2735 690; x_wconf 89' lang='lat' dir='ltr'><strong>sepultus</strong></span> <span class='ocrx_word' id='word_1_146' title='bbox 2791 625 2905 687; x_wconf 89' lang='lat' dir='ltr'><strong>est;</strong></span> <span class='ocrx_word' id='word_1_147' title='bbox 2936 617 3221 676; x_wconf 91' lang='lat' dir='ltr'><strong>Tiberinus</strong></span> <span class='ocrx_word' id='word_1_148' title='bbox 3270 619 3357 676; x_wconf 93' lang='lat' dir='ltr'><strong>vel</strong></span> <span class='ocrx_word' id='word_1_149' title='bbox 3387 618 3618 697; x_wconf 86' lang='lat' dir='ltr'><strong>Tiberis,</strong></span> 
     </span>
    </p>
   </div>
   <div class='ocr_carea' id='block_1_21' title="bbox 2019 709 2748 781">
    <p class='ocr_par' dir='ltr' id='par_1_21' title="bbox 2019 709 2748 781">
     <span class='ocr_line' id='line_1_21' title="bbox 2019 709 2748 781; baseline -0.001 -16"><span class='ocrx_word' id='word_1_150' title='bbox 2019 709 2165 765; x_wconf 90' lang='lat' dir='ltr'><strong>amni</strong></span> <span class='ocrx_word' id='word_1_151' title='bbox 2197 709 2249 764; x_wconf 94' lang='lat' dir='ltr'><strong>in</strong></span> <span class='ocrx_word' id='word_1_152' title='bbox 2278 724 2386 781; x_wconf 91' lang='lat' dir='ltr'><strong>quo</strong></span> <span class='ocrx_word' id='word_1_153' title='bbox 2413 723 2621 765; x_wconf 88' lang='lat' dir='ltr'><strong>mersus</strong></span> <span class='ocrx_word' id='word_1_154' title='bbox 2646 720 2748 766; x_wconf 89' lang='lat' dir='ltr'><strong>est.</strong></span> 
     </span>
    </p>
   </div>
   <div class='ocr_carea' id='block_1_22' title="bbox 2092 801 3621 873">
    <p class='ocr_par' dir='ltr' id='par_1_22' title="bbox 2092 801 3621 873">
     <span class='ocr_line' id='line_1_22' title="bbox 2092 801 3621 873; baseline 0.006 -16"><span class='ocrx_word' id='word_1_155' title='bbox 2092 801 2210 858; x_wconf 88' lang='lat' dir='ltr'><strong>Non</strong></span> <span class='ocrx_word' id='word_1_156' title='bbox 2242 817 2373 873; x_wconf 85' lang='lat' dir='ltr'><strong>ergo</strong></span> <span class='ocrx_word' id='word_1_157' title='bbox 2416 802 2745 873; x_wconf 87' lang='lat' dir='ltr'><strong>mirandum,</strong></span> <span class='ocrx_word' id='word_1_158' title='bbox 2786 804 2831 861; x_wconf 90' lang='lat' dir='ltr'><strong>si</strong></span> <span class='ocrx_word' id='word_1_159' title='bbox 2878 805 3093 861; x_wconf 92' lang='lat' dir='ltr'><strong>nomina</strong></span> <span class='ocrx_word' id='word_1_160' title='bbox 3122 819 3310 862; x_wconf 90' lang='lat' dir='ltr'><strong>eorum</strong></span> <span class='ocrx_word' id='word_1_161' title='bbox 3338 806 3477 865; x_wconf 72' lang='lat' dir='ltr'><strong>cmlo</strong></span> <span class='ocrx_word' id='word_1_162' title='bbox 3508 815 3621 866; x_wconf 87' lang='lat' dir='ltr'><strong>ter-</strong></span> 
     </span>
    </p>
   </div>
   <div class='ocr_carea' id='block_1_23' title="bbox 2016 896 3623 973">
    <p class='ocr_par' dir='ltr' id='par_1_23' title="bbox 2016 896 3623 973">
     <span class='ocr_line' id='line_1_23' title="bbox 2016 896 3623 973; baseline 0.005 -21"><span class='ocrx_word' id='word_1_163' title='bbox 2016 911 2202 971; x_wconf 80' lang='lat' dir='ltr'><strong>raeque</strong></span> <span class='ocrx_word' id='word_1_164' title='bbox 2250 896 2504 953; x_wconf 86' lang='lat' dir='ltr'><strong>attributa</strong></span> <span class='ocrx_word' id='word_1_165' title='bbox 2535 906 2738 965; x_wconf 91' lang='lat' dir='ltr'><strong>essent,</strong></span> <span class='ocrx_word' id='word_1_166' title='bbox 2770 898 2858 973; x_wconf 91' lang='lat' dir='ltr'><strong>qui</strong></span> <span class='ocrx_word' id='word_1_167' title='bbox 2888 912 3041 970; x_wconf 79' lang='lat' dir='ltr'><strong>reges</strong></span> <span class='ocrx_word' id='word_1_168' title='bbox 3089 910 3385 971; x_wconf 85' lang='lat' dir='ltr'><strong>genuerant</strong></span> <span class='ocrx_word' id='word_1_169' title='bbox 3428 909 3623 973; x_wconf 86' lang='lat' dir='ltr'><strong>poten-</strong></span> 
     </span>
    </p>
   </div>
   <div class='ocr_carea' id='block_1_24' title="bbox 2018 989 3616 1069">
    <p class='ocr_par' dir='ltr' id='par_1_24' title="bbox 2018 989 3616 1069">
     <span class='ocr_line' id='line_1_24' title="bbox 2018 989 3616 1069; baseline 0.003 -23"><span class='ocrx_word' id='word_1_170' title='bbox 2018 990 2277 1047; x_wconf 88' lang='lat' dir='ltr'><strong>tissimos.</strong></span> <span class='ocrx_word' id='word_1_171' title='bbox 2309 989 2550 1063; x_wconf 79' lang='lat' dir='ltr'><strong>Apparet</strong></span> <span class='ocrx_word' id='word_1_172' title='bbox 2603 1005 2735 1063; x_wconf 87' lang='lat' dir='ltr'><strong>ergo</strong></span> <span class='ocrx_word' id='word_1_173' title='bbox 2782 1006 2890 1046; x_wconf 90' lang='lat' dir='ltr'><strong>non</strong></span> <span class='ocrx_word' id='word_1_174' title='bbox 2936 1006 3001 1048; x_wconf 90' lang='lat' dir='ltr'><strong>ex</strong></span> <span class='ocrx_word' id='word_1_175' title='bbox 3042 991 3181 1048; x_wconf 64' lang='lat' dir='ltr'><strong>caelo</strong></span> <span class='ocrx_word' id='word_1_176' title='bbox 3228 1000 3412 1049; x_wconf 91' lang='lat' dir='ltr'><strong>natum</strong></span> <span class='ocrx_word' id='word_1_177' title='bbox 3448 1009 3616 1069; x_wconf 83' lang='lat' dir='ltr'><strong>esse;</strong></span> 
     </span>
    </p>
   </div>
   <div class='ocr_carea' id='block_1_25' title="bbox 2017 1081 3615 1157">
    <p class='ocr_par' dir='ltr' id='par_1_25' title="bbox 2017 1081 3615 1157">
     <span class='ocr_line' id='line_1_25' title="bbox 2017 1081 3615 1157; baseline 0.003 -19"><span class='ocrx_word' id='word_1_178' title='bbox 2017 1081 2161 1155; x_wconf 90' lang='lat' dir='ltr'><strong>quod</strong></span> <span class='ocrx_word' id='word_1_179' title='bbox 2193 1081 2310 1138; x_wconf 85' lang='lat' dir='ltr'><strong>ﬁeri</strong></span> <span class='ocrx_word' id='word_1_180' title='bbox 2338 1097 2445 1137; x_wconf 91' lang='lat' dir='ltr'><strong>non</strong></span> <span class='ocrx_word' id='word_1_181' title='bbox 2478 1090 2655 1157; x_wconf 87' lang='lat' dir='ltr'><strong>potest</strong></span> <span class='ocrx_word' id='word_1_182' title='bbox 2684 1098 2697 1136; x_wconf 90' lang='lat'><strong>:</strong></span> <span class='ocrx_word' id='word_1_183' title='bbox 2726 1082 2824 1138; x_wconf 92' lang='lat' dir='ltr'><strong>sed</strong></span> <span class='ocrx_word' id='word_1_184' title='bbox 2847 1098 2913 1139; x_wconf 86' lang='lat' dir='ltr'><strong>ex</strong></span> <span class='ocrx_word' id='word_1_185' title='bbox 2943 1098 3009 1138; x_wconf 93' lang='lat' dir='ltr'><strong>eo</strong></span> <span class='ocrx_word' id='word_1_186' title='bbox 3032 1082 3271 1155; x_wconf 89' lang='lat' dir='ltr'><strong>homine,</strong></span> <span class='ocrx_word' id='word_1_187' title='bbox 3299 1085 3386 1140; x_wconf 91' lang='lat' dir='ltr'><strong>cui</strong></span> <span class='ocrx_word' id='word_1_188' title='bbox 3414 1100 3615 1143; x_wconf 86' lang='lat' dir='ltr'><strong>nomen</strong></span> 
     </span>
    </p>
   </div>
   <div class='ocr_carea' id='block_1_26' title="bbox 2017 1174 3614 1251">
    <p class='ocr_par' dir='ltr' id='par_1_26' title="bbox 2017 1174 3614 1251">
     <span class='ocr_line' id='line_1_26' title="bbox 2017 1174 3614 1251; baseline 0 -19"><span class='ocrx_word' id='word_1_189' title='bbox 2017 1174 2200 1232; x_wconf 90' lang='lat' dir='ltr'><strong>Urano</strong></span> <span class='ocrx_word' id='word_1_190' title='bbox 2223 1174 2495 1245; x_wconf 82' lang='lat' dir='ltr'><strong>fuit.Quod</strong></span> <span class='ocrx_word' id='word_1_191' title='bbox 2517 1190 2639 1231; x_wconf 90' lang='lat' dir='ltr'><strong>esse</strong></span> <span class='ocrx_word' id='word_1_192' title='bbox 2664 1191 2849 1232; x_wconf 82' lang='lat' dir='ltr'><strong>verum</strong></span> <span class='ocrx_word' id='word_1_193' title='bbox 2872 1175 3257 1251; x_wconf 84' lang='lat' dir='ltr'><strong>Trismegistus</strong></span> <span class='ocrx_word' id='word_1_194' title='bbox 3282 1187 3469 1235; x_wconf 87' lang='lat' dir='ltr'><strong>auctor</strong></span> <span class='ocrx_word' id='word_1_195' title='bbox 3495 1187 3614 1235; x_wconf 86' lang='lat' dir='ltr'><strong>est:</strong></span> 
     </span>
    </p>
   </div>
   <div class='ocr_carea' id='block_1_27' title="bbox 2017 1269 3616 1349">
    <p class='ocr_par' dir='ltr' id='par_1_27' title="bbox 2017 1269 3616 1349">
     <span class='ocr_line' id='line_1_27' title="bbox 2017 1269 3616 1349; baseline 0.002 -24"><span class='ocrx_word' id='word_1_196' title='bbox 2017 1270 2108 1345; x_wconf 91' lang='lat' dir='ltr'><strong>qui</strong></span> <span class='ocrx_word' id='word_1_197' title='bbox 2132 1285 2254 1326; x_wconf 89' lang='lat' dir='ltr'><strong>cum</strong></span> <span class='ocrx_word' id='word_1_198' title='bbox 2278 1269 2484 1325; x_wconf 90' lang='lat' dir='ltr'><strong>diceret</strong></span> <span class='ocrx_word' id='word_1_199' title='bbox 2524 1269 2815 1326; x_wconf 88' lang='lat' dir='ltr'><strong>admodum</strong></span> <span class='ocrx_word' id='word_1_200' title='bbox 2846 1284 3044 1341; x_wconf 90' lang='lat' dir='ltr'><strong>paucos</strong></span> <span class='ocrx_word' id='word_1_201' title='bbox 3066 1271 3309 1326; x_wconf 79' lang='lat' dir='ltr'><strong>extitisse</strong></span> <span class='ocrx_word' id='word_1_202' title='bbox 3331 1271 3383 1325; x_wconf 92' lang='lat' dir='ltr'><strong>in</strong></span> <span class='ocrx_word' id='word_1_203' title='bbox 3417 1271 3616 1349; x_wconf 86' lang='lat' dir='ltr'><strong>quibus</strong></span> 
     </span>
    </p>
   </div>
   <div class='ocr_carea' id='block_1_28' title="bbox 2016 1363 3613 1441">
    <p class='ocr_par' dir='ltr' id='par_1_28' title="bbox 2016 1363 3613 1441">
     <span class='ocr_line' id='line_1_28' title="bbox 2016 1363 3613 1441; baseline 0.001 -19"><span class='ocrx_word' id='word_1_204' title='bbox 2016 1374 2162 1422; x_wconf 90' lang='lat' dir='ltr'><strong>esset</strong></span> <span class='ocrx_word' id='word_1_205' title='bbox 2214 1364 2449 1436; x_wconf 87' lang='lat' dir='ltr'><strong>perfecta</strong></span> <span class='ocrx_word' id='word_1_206' title='bbox 2489 1363 2759 1433; x_wconf 86' lang='lat' dir='ltr'><strong>doctrina,</strong></span> <span class='ocrx_word' id='word_1_207' title='bbox 2802 1365 2855 1420; x_wconf 91' lang='lat' dir='ltr'><strong>in</strong></span> <span class='ocrx_word' id='word_1_208' title='bbox 2885 1364 2969 1420; x_wconf 90' lang='lat' dir='ltr'><strong>his</strong></span> <span class='ocrx_word' id='word_1_209' title='bbox 3001 1364 3261 1435; x_wconf 88' lang='lat' dir='ltr'><strong>Uranum,</strong></span> <span class='ocrx_word' id='word_1_210' title='bbox 3297 1366 3613 1441; x_wconf 82' lang='lat' dir='ltr'><strong>Saturnum,</strong></span> 
     </span>
    </p>
   </div>
   <div class='ocr_carea' id='block_1_29' title="bbox 2015 1457 3618 1532">
    <p class='ocr_par' dir='ltr' id='par_1_29' title="bbox 2015 1457 3618 1532">
     <span class='ocr_line' id='line_1_29' title="bbox 2015 1457 3618 1532; baseline 0.003 -19"><span class='ocrx_word' id='word_1_211' title='bbox 2015 1457 2343 1513; x_wconf 86' lang='lat' dir='ltr'><strong>Mercurium</strong></span> <span class='ocrx_word' id='word_1_212' title='bbox 2373 1466 2633 1528; x_wconf 88' lang='lat' dir='ltr'><strong>cognatos</strong></span> <span class='ocrx_word' id='word_1_213' title='bbox 2682 1471 2811 1513; x_wconf 90' lang='lat' dir='ltr'><strong>suos</strong></span> <span class='ocrx_word' id='word_1_214' title='bbox 2839 1457 3155 1515; x_wconf 87' lang='lat' dir='ltr'><strong>nominavit.</strong></span> <span class='ocrx_word' id='word_1_215' title='bbox 3199 1458 3326 1514; x_wconf 64' lang='lat' dir='ltr'><strong>Haec</strong></span> <span class='ocrx_word' id='word_1_216' title='bbox 3366 1458 3456 1516; x_wconf 92' lang='lat' dir='ltr'><strong>ille</strong></span> <span class='ocrx_word' id='word_1_217' title='bbox 3491 1460 3618 1532; x_wconf 86' lang='lat' dir='ltr'><strong>quia</strong></span> 
     </span>
    </p>
   </div>
   <div class='ocr_carea' id='block_1_30' title="bbox 2014 1549 3619 1625">
    <p class='ocr_par' dir='ltr' id='par_1_30' title="bbox 2014 1549 3619 1625">
     <span class='ocr_line' id='line_1_30' title="bbox 2014 1549 3619 1625; baseline 0.001 -18"><span class='ocrx_word' id='word_1_218' title='bbox 2014 1550 2301 1625; x_wconf 75' lang='lat' dir='ltr'><strong>ignoravit,</strong></span> <span class='ocrx_word' id='word_1_219' title='bbox 2335 1550 2441 1605; x_wconf 91' lang='lat' dir='ltr'><strong>alio</strong></span> <span class='ocrx_word' id='word_1_220' title='bbox 2468 1549 2710 1606; x_wconf 80' lang='lat' dir='ltr'><strong>traduxit</strong></span> <span class='ocrx_word' id='word_1_221' title='bbox 2735 1550 3055 1619; x_wconf 87' lang='lat' dir='ltr'><strong>historiam;</strong></span> <span class='ocrx_word' id='word_1_222' title='bbox 3087 1551 3178 1625; x_wconf 88' lang='lat' dir='ltr'><strong>qui</strong></span> <span class='ocrx_word' id='word_1_223' title='bbox 3207 1551 3480 1624; x_wconf 88' lang='lat' dir='ltr'><strong>quomodo</strong></span> <span class='ocrx_word' id='word_1_224' title='bbox 3520 1567 3619 1624; x_wconf 55' lang='lat' dir='ltr'><strong>po.</strong></span> 
     </span>
    </p>
   </div>
   <div class='ocr_carea' id='block_1_31' title="bbox 2015 1645 3617 1725">
    <p class='ocr_par' dir='ltr' id='par_1_31' title="bbox 2015 1645 3617 1725">
     <span class='ocr_line' id='line_1_31' title="bbox 2015 1645 3617 1725; baseline 0.003 -23"><span class='ocrx_word' id='word_1_225' title='bbox 2015 1646 2177 1703; x_wconf 91' lang='lat' dir='ltr'><strong>tuerit</strong></span> <span class='ocrx_word' id='word_1_226' title='bbox 2202 1646 2587 1717; x_wconf 86' lang='lat' dir='ltr'><strong>argumentari,</strong></span> <span class='ocrx_word' id='word_1_227' title='bbox 2637 1645 2850 1701; x_wconf 90' lang='lat' dir='ltr'><strong>ostendi</strong></span> <span class='ocrx_word' id='word_1_228' title='bbox 2886 1664 2898 1700; x_wconf 91' lang='lat'><strong>:</strong></span> <span class='ocrx_word' id='word_1_229' title='bbox 2927 1661 3069 1703; x_wconf 90' lang='lat' dir='ltr'><strong>nunc</strong></span> <span class='ocrx_word' id='word_1_230' title='bbox 3092 1647 3291 1716; x_wconf 90' lang='lat' dir='ltr'><strong>dicam,</strong></span> <span class='ocrx_word' id='word_1_231' title='bbox 3319 1648 3617 1725; x_wconf 83' lang='lat' dir='ltr'><strong>quomodo,</strong></span> 
     </span>
    </p>
   </div>
   <div class='ocr_carea' id='block_1_32' title="bbox 2014 1736 3613 1821">
    <p class='ocr_par' dir='ltr' id='par_1_32' title="bbox 2014 1736 3613 1821">
     <span class='ocr_line' id='line_1_32' title="bbox 2014 1736 3613 1821; baseline 0.003 -28"><span class='ocrx_word' id='word_1_232' title='bbox 2014 1737 2127 1808; x_wconf 91' lang='lat' dir='ltr'><strong>ubi,</strong></span> <span class='ocrx_word' id='word_1_233' title='bbox 2159 1754 2186 1792; x_wconf 92' lang='lat' dir='ltr'><strong>a</strong></span> <span class='ocrx_word' id='word_1_234' title='bbox 2218 1754 2326 1811; x_wconf 92' lang='lat' dir='ltr'><strong>quo</strong></span> <span class='ocrx_word' id='word_1_235' title='bbox 2371 1737 2440 1795; x_wconf 81' lang='lat' dir='ltr'><strong>sit</strong></span> <span class='ocrx_word' id='word_1_236' title='bbox 2466 1736 2566 1792; x_wconf 89' lang='lat' dir='ltr'><strong>hoc</strong></span> <span class='ocrx_word' id='word_1_237' title='bbox 2614 1737 2811 1794; x_wconf 89' lang='lat' dir='ltr'><strong>factum</strong></span> <span class='ocrx_word' id='word_1_238' title='bbox 2838 1754 2852 1805; x_wconf 90' lang='lat'><strong>;</strong></span> <span class='ocrx_word' id='word_1_239' title='bbox 2882 1754 2989 1797; x_wconf 90' lang='lat' dir='ltr'><strong>non</strong></span> <span class='ocrx_word' id='word_1_240' title='bbox 3019 1740 3163 1803; x_wconf 87' lang='lat' dir='ltr'><strong>enim</strong></span> <span class='ocrx_word' id='word_1_241' title='bbox 3191 1737 3460 1799; x_wconf 88' lang='lat' dir='ltr'><strong>Saturnus</strong></span> <span class='ocrx_word' id='word_1_242' title='bbox 3487 1740 3613 1821; x_wconf 85' lang='lat' dir='ltr'><strong>hoc,</strong></span> 
     </span>
    </p>
   </div>
   <div class='ocr_carea' id='block_1_33' title="bbox 288 1823 3613 1910">
    <p class='ocr_par' dir='ltr' id='par_1_33' title="bbox 288 1823 3613 1910">
     <span class='ocr_line' id='line_1_33' title="bbox 288 1823 3613 1910; baseline 0.003 -31"><span class='ocrx_word' id='word_1_243' title='bbox 288 1823 392 1881; x_wconf 81' lang='lat' dir='ltr'><strong>vel</strong></span> <span class='ocrx_word' id='word_1_244' title='bbox 420 1825 643 1894; x_wconf 89' lang='lat' dir='ltr'><strong>mortui,</strong></span> <span class='ocrx_word' id='word_1_245' title='bbox 673 1826 889 1883; x_wconf 91' lang='lat' dir='ltr'><strong>nomina</strong></span> <span class='ocrx_word' id='word_1_246' title='bbox 917 1828 1193 1885; x_wconf 88' lang='lat' dir='ltr'><strong>montibus</strong></span> <span class='ocrx_word' id='word_1_247' title='bbox 1216 1836 1311 1884; x_wconf 90' lang='lat' dir='ltr'><strong>aut</strong></span> <span class='ocrx_word' id='word_1_248' title='bbox 1360 1827 1672 1885; x_wconf 88' lang='lat' dir='ltr'><strong>ﬂuminibus</strong></span> <span class='ocrx_word' id='word_1_249' title='bbox 1698 1827 1908 1885; x_wconf 89' lang='lat' dir='ltr'><strong>indide-</strong></span> <span class='ocrx_word' id='word_1_250' title='bbox 1937 1849 1985 1910; x_wconf 78' lang='grc' dir='ltr'>Β</span> <span class='ocrx_word' id='word_1_251' title='bbox 2012 1831 2109 1888; x_wconf 91' lang='lat' dir='ltr'><strong>sed</strong></span> <span class='ocrx_word' id='word_1_252' title='bbox 2138 1831 2348 1905; x_wconf 83' lang='lat' dir='ltr'><strong>Jupiter</strong></span> <span class='ocrx_word' id='word_1_253' title='bbox 2377 1831 2523 1888; x_wconf 88' lang='lat' dir='ltr'><strong>fecit.</strong></span> <span class='ocrx_word' id='word_1_254' title='bbox 2541 1830 2599 1887; x_wconf 92' lang='lat' dir='ltr'><strong>In</strong></span> <span class='ocrx_word' id='word_1_255' title='bbox 2629 1846 2781 1888; x_wconf 88' lang='lat' dir='ltr'><strong>sacra</strong></span> <span class='ocrx_word' id='word_1_256' title='bbox 2812 1831 3048 1888; x_wconf 87' lang='lat' dir='ltr'><strong>Historia</strong></span> <span class='ocrx_word' id='word_1_257' title='bbox 3076 1834 3155 1889; x_wconf 90' lang='lat' dir='ltr'><strong>sic</strong></span> <span class='ocrx_word' id='word_1_258' title='bbox 3185 1832 3390 1891; x_wconf 86' lang='lat' dir='ltr'><strong>Ennius</strong></span> <span class='ocrx_word' id='word_1_259' title='bbox 3417 1834 3613 1892; x_wconf 90' lang='lat' dir='ltr'><strong>tradit:</strong></span> 
     </span>
    </p>
   </div>
   <div class='ocr_carea' id='block_1_34' title="bbox 286 1917 1906 1995">
    <p class='ocr_par' dir='ltr' id='par_1_34' title="bbox 286 1917 1906 1995">
     <span class='ocr_line' id='line_1_34' title="bbox 286 1917 1906 1995; baseline 0.004 -22"><span class='ocrx_word' id='word_1_260' title='bbox 286 1927 457 1975; x_wconf 86' lang='lat' dir='ltr'><strong>runt.</strong></span> <span class='ocrx_word' id='word_1_261' title='bbox 481 1917 616 1974; x_wconf 87' lang='lat' dir='ltr'><strong>Nam</strong></span> <span class='ocrx_word' id='word_1_262' title='bbox 646 1919 701 1975; x_wconf 89' lang='lat' dir='ltr'><strong>id</strong></span> <span class='ocrx_word' id='word_1_263' title='bbox 725 1920 868 1993; x_wconf 91' lang='lat' dir='ltr'><strong>apud</strong></span> <span class='ocrx_word' id='word_1_264' title='bbox 901 1931 1136 1992; x_wconf 88' lang='lat' dir='ltr'><strong>veteres,</strong></span> <span class='ocrx_word' id='word_1_265' title='bbox 1163 1921 1503 1995; x_wconf 79' lang='lat' dir='ltr'><strong>maximeque</strong></span> <span class='ocrx_word' id='word_1_266' title='bbox 1542 1922 1783 1988; x_wconf 66' lang='lat' dir='ltr'><strong>Graecos,</strong></span> <span class='ocrx_word' id='word_1_267' title='bbox 1807 1921 1906 1979; x_wconf 89' lang='lat' dir='ltr'><strong>fuit</strong></span> 
     </span>
    </p>
   </div>
   <div class='ocr_carea' id='block_1_35' title="bbox 286 2007 1905 2089">
    <p class='ocr_par' dir='ltr' id='par_1_35' title="bbox 286 2007 1905 2089">
     <span class='ocr_line' id='line_1_35' title="bbox 286 2007 1905 2089; baseline 0.004 -24"><span class='ocrx_word' id='word_1_268' title='bbox 286 2007 581 2069; x_wconf 85' lang='lat' dir='ltr'><strong>usitatum.</strong></span> <span class='ocrx_word' id='word_1_269' title='bbox 616 2011 706 2070; x_wconf 89' lang='lat' dir='ltr'><strong>Sic</strong></span> <span class='ocrx_word' id='word_1_270' title='bbox 734 2014 904 2075; x_wconf 91' lang='lat' dir='ltr'><strong>maria</strong></span> <span class='ocrx_word' id='word_1_271' title='bbox 953 2029 1143 2072; x_wconf 91' lang='lat' dir='ltr'><strong>eorum</strong></span> <span class='ocrx_word' id='word_1_272' title='bbox 1170 2015 1401 2073; x_wconf 83' lang='lat' dir='ltr'><strong>traxisse</strong></span> <span class='ocrx_word' id='word_1_273' title='bbox 1447 2016 1663 2079; x_wconf 75' lang='lat' dir='ltr'><strong>nouiina</strong></span> <span class='ocrx_word' id='word_1_274' title='bbox 1694 2015 1905 2089; x_wconf 91' lang='lat' dir='ltr'><strong>accepi-</strong></span> 
     </span>
    </p>
   </div>
   <div class='ocr_carea' id='block_1_36' title="bbox 2017 1924 3617 1999">
    <p class='ocr_par' dir='ltr' id='par_1_36' title="bbox 2017 1924 3617 1999">
     <span class='ocr_line' id='line_1_36' title="bbox 2017 1924 3617 1999; baseline 0.004 -21"><span class='ocrx_word' id='word_1_275' title='bbox 2017 1944 2037 1978; x_wconf 82' lang='lat' dir='ltr'><strong>s</strong></span> <span class='ocrx_word' id='word_1_276' title='bbox 2077 1924 2279 1983; x_wconf 86' lang='lat' dir='ltr'><strong>Deinde</strong></span> <span class='ocrx_word' id='word_1_277' title='bbox 2305 1926 2417 1982; x_wconf 90' lang='lat' dir='ltr'><strong>Pan</strong></span> <span class='ocrx_word' id='word_1_278' title='bbox 2456 1941 2577 1984; x_wconf 90' lang='lat' dir='ltr'><strong>eum</strong></span> <span class='ocrx_word' id='word_1_279' title='bbox 2622 1924 2841 1982; x_wconf 90' lang='lat' dir='ltr'><strong>deducit</strong></span> <span class='ocrx_word' id='word_1_280' title='bbox 2868 1926 2923 1982; x_wconf 90' lang='lat' dir='ltr'><strong>in</strong></span> <span class='ocrx_word' id='word_1_281' title='bbox 2962 1933 3224 1996; x_wconf 88' lang='lat' dir='ltr'><strong>montem,</strong></span> <span class='ocrx_word' id='word_1_282' title='bbox 3267 1926 3359 1999; x_wconf 91' lang='lat' dir='ltr'><strong>qui</strong></span> <span class='ocrx_word' id='word_1_283' title='bbox 3388 1935 3617 1985; x_wconf 88' lang='lat' dir='ltr'><strong>vocatur</strong></span> 
     </span>
    </p>
   </div>
   <div class='ocr_carea' id='block_1_37' title="bbox 1626 2152 2264 2217">
    <p class='ocr_par' dir='ltr' id='par_1_37' title="bbox 1626 2152 2264 2217">
     <span class='ocr_line' id='line_1_37' title="bbox 1626 2152 2264 2217; baseline 0 -7"><span class='ocrx_word' id='word_1_284' title='bbox 1626 2152 1992 2217; x_wconf 73' lang='grc' dir='ltr'>νΑιιιοιιυιι</span> <span class='ocrx_word' id='word_1_285' title='bbox 2029 2153 2264 2212; x_wconf 66' lang='lat' dir='ltr'><strong>NOTAE.</strong></span> 
     </span>
    </p>
   </div>
   <div class='ocr_carea' id='block_1_38' title="bbox 278 2291 1897 2366">
    <p class='ocr_par' dir='ltr' id='par_1_38' title="bbox 278 2291 1897 2366">
     <span class='ocr_line' id='line_1_38' title="bbox 278 2291 1897 2366; baseline -0.002 -16"><span class='ocrx_word' id='word_1_286' title='bbox 278 2294 347 2366; x_wconf 84' lang='lat' dir='ltr'><strong>in</strong></span> <span class='ocrx_word' id='word_1_287' title='bbox 382 2291 589 2366; x_wconf 84' lang='lat' dir='ltr'><strong>Italiam</strong></span> <span class='ocrx_word' id='word_1_288' title='bbox 616 2291 1012 2366; x_wconf 45' lang='lat' dir='ltr'><strong>adventuLvide</strong></span> <span class='ocrx_word' id='word_1_289' title='bbox 1032 2292 1194 2366; x_wconf 66' lang='lat' dir='ltr'><strong>Diod.</strong></span> <span class='ocrx_word' id='word_1_290' title='bbox 1213 2292 1408 2366; x_wconf 76' lang='lat' dir='ltr'><strong>Sieul.,</strong></span> <span class='ocrx_word' id='word_1_291' title='bbox 1433 2293 1473 2351; x_wconf 93' lang='grc' dir='ltr'>ι.</span> <span class='ocrx_word' id='word_1_292' title='bbox 1502 2308 1579 2365; x_wconf 83' lang='lat' dir='ltr'><strong>Iv,</strong></span> <span class='ocrx_word' id='word_1_293' title='bbox 1601 2301 1654 2366; x_wconf 81' lang='lat' dir='ltr'><strong>et</strong></span> <span class='ocrx_word' id='word_1_294' title='bbox 1671 2291 1897 2366; x_wconf 83' lang='lat' dir='ltr'><strong>Dionys.</strong></span> 
     </span>
    </p>
   </div>
   <div class='ocr_carea' id='block_1_39' title="bbox 277 2363 1901 2435">
    <p class='ocr_par' dir='ltr' id='par_1_39' title="bbox 277 2363 1901 2435">
     <span class='ocr_line' id='line_1_39' title="bbox 277 2363 1901 2435; baseline -0.001 -14"><span class='ocrx_word' id='word_1_295' title='bbox 277 2365 599 2434; x_wconf 82' lang='lat' dir='ltr'><strong>Halicarn.,</strong></span> <span class='ocrx_word' id='word_1_296' title='bbox 630 2366 669 2423; x_wconf 93' lang='grc' dir='ltr'><strong>Ι.</strong></span> <span class='ocrx_word' id='word_1_297' title='bbox 694 2381 731 2421; x_wconf 91' lang='grc' dir='ltr'>ι.</span> <span class='ocrx_word' id='word_1_298' title='bbox 755 2366 834 2425; x_wconf 88' lang='lat' dir='ltr'><strong>De</strong></span> <span class='ocrx_word' id='word_1_299' title='bbox 859 2364 1118 2431; x_wconf 86' lang='lat' dir='ltr'><strong>Saturno,</strong></span> <span class='ocrx_word' id='word_1_300' title='bbox 1152 2365 1316 2423; x_wconf 90' lang='lat' dir='ltr'><strong>Urani</strong></span> <span class='ocrx_word' id='word_1_301' title='bbox 1361 2365 1494 2435; x_wconf 83' lang='lat' dir='ltr'><strong>ﬁlio,</strong></span> <span class='ocrx_word' id='word_1_302' title='bbox 1541 2363 1726 2421; x_wconf 89' lang='lat' dir='ltr'><strong>videas</strong></span> <span class='ocrx_word' id='word_1_303' title='bbox 1764 2363 1901 2421; x_wconf 82' lang='lat' dir='ltr'><strong>scri-</strong></span> 
     </span>
    </p>
   </div>
   <div class='ocr_carea' id='block_1_40' title="bbox 276 2436 1899 2511">
    <p class='ocr_par' dir='ltr' id='par_1_40' title="bbox 276 2436 1899 2511">
     <span class='ocr_line' id='line_1_40' title="bbox 276 2436 1899 2511; baseline -0.002 -17"><span class='ocrx_word' id='word_1_304' title='bbox 276 2448 485 2511; x_wconf 80' lang='lat' dir='ltr'><strong>ptores</strong></span> <span class='ocrx_word' id='word_1_305' title='bbox 519 2452 701 2511; x_wconf 87' lang='lat' dir='ltr'><strong>rerum</strong></span> <span class='ocrx_word' id='word_1_306' title='bbox 732 2437 1239 2511; x_wconf 79' lang='lat' dir='ltr'><strong>mythologicarum.</strong></span> <span class='ocrx_word' id='word_1_307' title='bbox 1274 2437 1333 2495; x_wconf 92' lang='lat' dir='ltr'><strong>Id</strong></span> <span class='ocrx_word' id='word_1_308' title='bbox 1366 2447 1542 2511; x_wconf 78' lang='lat' dir='ltr'><strong>tamen</strong></span> <span class='ocrx_word' id='word_1_309' title='bbox 1572 2436 1769 2511; x_wconf 85' lang='lat' dir='ltr'><strong>factum</strong></span> <span class='ocrx_word' id='word_1_310' title='bbox 1792 2444 1899 2504; x_wconf 86' lang='lat' dir='ltr'><strong>est,</strong></span> 
     </span>
    </p>
   </div>
   <div class='ocr_carea' id='block_1_41' title="bbox 274 2508 1903 2580">
    <p class='ocr_par' dir='ltr' id='par_1_41' title="bbox 274 2508 1903 2580">
     <span class='ocr_line' id='line_1_41' title="bbox 274 2508 1903 2580; baseline 0.001 -16"><span class='ocrx_word' id='word_1_311' title='bbox 274 2508 440 2579; x_wconf 82' lang='lat' dir='ltr'><strong>quod</strong></span> <span class='ocrx_word' id='word_1_312' title='bbox 471 2510 649 2565; x_wconf 89' lang='lat' dir='ltr'><strong>omnia</strong></span> <span class='ocrx_word' id='word_1_313' title='bbox 678 2508 805 2580; x_wconf 76' lang='lat' dir='ltr'><strong>quae</strong></span> <span class='ocrx_word' id='word_1_314' title='bbox 828 2526 859 2567; x_wconf 91' lang='lat' dir='ltr'><strong>a</strong></span> <span class='ocrx_word' id='word_1_315' title='bbox 888 2509 1106 2567; x_wconf 87' lang='lat' dir='ltr'><strong>diverso</strong></span> <span class='ocrx_word' id='word_1_316' title='bbox 1158 2509 1394 2567; x_wconf 87' lang='lat' dir='ltr'><strong>Saturno</strong></span> <span class='ocrx_word' id='word_1_317' title='bbox 1433 2519 1487 2567; x_wconf 90' lang='lat' dir='ltr'><strong>et</strong></span> <span class='ocrx_word' id='word_1_318' title='bbox 1515 2508 1648 2565; x_wconf 83' lang='lat' dir='ltr'><strong>Jove</strong></span> <span class='ocrx_word' id='word_1_319' title='bbox 1685 2508 1903 2565; x_wconf 87' lang='lat' dir='ltr'><strong>diverso</strong></span> 
     </span>
    </p>
   </div>
   <div class='ocr_carea' id='block_1_42' title="bbox 273 2580 1902 2653">
    <p class='ocr_par' dir='ltr' id='par_1_42' title="bbox 273 2580 1902 2653">
     <span class='ocr_line' id='line_1_42' title="bbox 273 2580 1902 2653; baseline -0.001 -16"><span class='ocrx_word' id='word_1_320' title='bbox 273 2590 447 2653; x_wconf 81' lang='lat' dir='ltr'><strong>gesta</strong></span> <span class='ocrx_word' id='word_1_321' title='bbox 474 2592 619 2646; x_wconf 89' lang='lat' dir='ltr'><strong>sunt,</strong></span> <span class='ocrx_word' id='word_1_322' title='bbox 649 2580 702 2636; x_wconf 89' lang='lat' dir='ltr'><strong>in</strong></span> <span class='ocrx_word' id='word_1_323' title='bbox 727 2597 889 2637; x_wconf 91' lang='lat' dir='ltr'><strong>unum</strong></span> <span class='ocrx_word' id='word_1_324' title='bbox 912 2580 1260 2637; x_wconf 87' lang='lat' dir='ltr'><strong>contulerunt</strong></span> <span class='ocrx_word' id='word_1_325' title='bbox 1290 2600 1303 2637; x_wconf 90' lang='lat'><strong>:</strong></span> <span class='ocrx_word' id='word_1_326' title='bbox 1328 2581 1452 2636; x_wconf 85' lang='lat' dir='ltr'><strong>hinc</strong></span> <span class='ocrx_word' id='word_1_327' title='bbox 1483 2581 1629 2636; x_wconf 87' lang='lat' dir='ltr'><strong>venit</strong></span> <span class='ocrx_word' id='word_1_328' title='bbox 1654 2580 1902 2653; x_wconf 83' lang='lat' dir='ltr'><strong>confusio</strong></span> 
     </span>
    </p>
   </div>
   <div class='ocr_carea' id='block_1_43' title="bbox 274 2652 1899 2726">
    <p class='ocr_par' dir='ltr' id='par_1_43' title="bbox 274 2652 1899 2726">
     <span class='ocr_line' id='line_1_43' title="bbox 274 2652 1899 2726; baseline -0.001 -18"><span class='ocrx_word' id='word_1_329' title='bbox 274 2652 564 2723; x_wconf 68' lang='lat' dir='ltr'><strong>qumdam,</strong></span> <span class='ocrx_word' id='word_1_330' title='bbox 614 2668 735 2725; x_wconf 71' lang='lat' dir='ltr'><strong>qum</strong></span> <span class='ocrx_word' id='word_1_331' title='bbox 775 2669 881 2709; x_wconf 92' lang='lat' dir='ltr'><strong>non</strong></span> <span class='ocrx_word' id='word_1_332' title='bbox 928 2653 1027 2707; x_wconf 88' lang='lat' dir='ltr'><strong>nisi</strong></span> <span class='ocrx_word' id='word_1_333' title='bbox 1061 2668 1158 2726; x_wconf 89' lang='lat' dir='ltr'><strong>per</strong></span> <span class='ocrx_word' id='word_1_334' title='bbox 1210 2662 1513 2726; x_wconf 91' lang='lat' dir='ltr'><strong>temporum</strong></span> <span class='ocrx_word' id='word_1_335' title='bbox 1556 2662 1610 2709; x_wconf 89' lang='lat' dir='ltr'><strong>et</strong></span> <span class='ocrx_word' id='word_1_336' title='bbox 1654 2652 1899 2709; x_wconf 91' lang='lat' dir='ltr'><strong>locorum</strong></span> 
     </span>
    </p>
   </div>
   <div class='ocr_carea' id='block_1_44' title="bbox 278 2726 1028 2795">
    <p class='ocr_par' dir='ltr' id='par_1_44' title="bbox 278 2726 1028 2795">
     <span class='ocr_line' id='line_1_44' title="bbox 278 2726 1028 2795; baseline -0.004 -14"><span class='ocrx_word' id='word_1_337' title='bbox 278 2739 525 2781; x_wconf 81' lang='lat' dir='ltr'><strong>examen</strong></span> <span class='ocrx_word' id='word_1_338' title='bbox 547 2726 813 2794; x_wconf 87' lang='lat' dir='ltr'><strong>explicari</strong></span> <span class='ocrx_word' id='word_1_339' title='bbox 841 2733 1028 2795; x_wconf 86' lang='lat' dir='ltr'><strong>queat.</strong></span> 
     </span>
    </p>
   </div>
   <div class='ocr_carea' id='block_1_45' title="bbox 281 2794 1902 2923">
    <p class='ocr_par' dir='ltr' id='par_1_45' title="bbox 281 2794 1902 2923">
     <span class='ocr_line' id='line_1_45' title="bbox 281 2794 1902 2923; baseline 0.001 -74"><span class='ocrx_word' id='word_1_340' title='bbox 281 2797 473 2923; x_wconf 57' lang='grc' dir='ltr'><strong>διιθυὶ</strong></span> <span class='ocrx_word' id='word_1_341' title='bbox 496 2797 760 2871; x_wconf 86' lang='lat' dir='ltr'><strong>repentino</strong></span> <span class='ocrx_word' id='word_1_342' title='bbox 806 2794 1124 2867; x_wconf 84' lang='lat' dir='ltr'><strong>advenerint,</strong></span> <span class='ocrx_word' id='word_1_343' title='bbox 1158 2798 1221 2854; x_wconf 87' lang='lat' dir='ltr'><strong>de</strong></span> <span class='ocrx_word' id='word_1_344' title='bbox 1250 2798 1375 2854; x_wconf 74' lang='lat' dir='ltr'><strong>cmlo</strong></span> <span class='ocrx_word' id='word_1_345' title='bbox 1399 2797 1662 2855; x_wconf 76' lang='lat' dir='ltr'><strong>cecidisse.</strong></span> <span class='ocrx_word' id='word_1_346' title='bbox 1694 2795 1783 2853; x_wconf 87' lang='lat' dir='ltr'><strong>Sic</strong></span> <span class='ocrx_word' id='word_1_347' title='bbox 1809 2794 1902 2851; x_wconf 87' lang='lat' dir='ltr'><strong>Ti-</strong></span> 
     </span>
    </p>
   </div>
   <div class='ocr_carea' id='block_1_46' title="bbox 387 2984 1709 3052">
    <p class='ocr_par' dir='ltr' id='par_1_46' title="bbox 387 2984 1709 3052">
     <span class='ocr_line' id='line_1_46' title="bbox 387 2984 1709 3052; baseline 0.001 -16"><span class='ocrx_word' id='word_1_348' title='bbox 387 2984 737 3052; x_wconf 79' lang='lat' dir='ltr'><strong>&#39;I&#39;u_nc_ven_iam</strong></span> <span class='ocrx_word' id='word_1_349' title='bbox 754 2986 938 3052; x_wconf 76' lang='lat' dir='ltr'><strong>subito,</strong></span> <span class='ocrx_word' id='word_1_350' title='bbox 965 2998 1061 3052; x_wconf 79' lang='lat' dir='ltr'><strong>nec</strong></span> <span class='ocrx_word' id='word_1_351' title='bbox 1076 2988 1347 3052; x_wconf 11' lang='lat' dir='ltr'><strong>quisquam,</strong></span> <span class='ocrx_word' id='word_1_352' title='bbox 1357 2987 1557 3052; x_wconf 83' lang='lat' dir='ltr'><strong>nuntiet</strong></span> <span class='ocrx_word' id='word_1_353' title='bbox 1574 2993 1709 3048; x_wconf 84' lang='lat' dir='ltr'><strong>ante,</strong></span> 
     </span>
    </p>
   </div>
   <div class='ocr_carea' id='block_1_47' title="bbox 446 3048 1428 3101">
    <p class='ocr_par' dir='ltr' id='par_1_47' title="bbox 446 3048 1428 3101">
     <span class='ocr_line' id='line_1_47' title="bbox 446 3048 1428 3101; baseline -0.002 0"><span class='ocrx_word' id='word_1_354' title='bbox 446 3048 552 3101; x_wconf 84' lang='lat' dir='ltr'><strong>Sed</strong></span> <span class='ocrx_word' id='word_1_355' title='bbox 574 3049 743 3100; x_wconf 86' lang='lat' dir='ltr'><strong>videar</strong></span> <span class='ocrx_word' id='word_1_356' title='bbox 763 3048 890 3101; x_wconf 63' lang='lat' dir='ltr'><strong>caelo</strong></span> <span class='ocrx_word' id='word_1_357' title='bbox 915 3048 1295 3101; x_wconf 67' lang='lat' dir='ltr'><strong>missus&#39;ade&#39;sse</strong></span> <span class='ocrx_word' id='word_1_358' title='bbox 1316 3050 1428 3101; x_wconf 89' lang='lat' dir='ltr'><strong>tibi.</strong></span> 
     </span>
    </p>
   </div>
   <div class='ocr_carea' id='block_1_48' title="bbox 367 3174 1897 3248">
    <p class='ocr_par' dir='ltr' id='par_1_48' title="bbox 367 3174 1897 3248">
     <span class='ocr_line' id='line_1_48' title="bbox 367 3174 1897 3248; baseline 0.004 -20"><span class='ocrx_word' id='word_1_359' title='bbox 367 3174 473 3242; x_wconf 79' lang='lat' dir='ltr'><strong>Qui</strong></span> <span class='ocrx_word' id='word_1_360' title='bbox 520 3176 779 3242; x_wconf 78' lang='lat' dir='ltr'><strong>rspentine</strong></span> <span class='ocrx_word' id='word_1_361' title='bbox 825 3176 1142 3235; x_wconf 79' lang='lat' dir='ltr'><strong>advenerim.</strong></span> <span class='ocrx_word' id='word_1_362' title='bbox 1192 3177 1366 3248; x_wconf 79' lang='lat' dir='ltr'><strong>Vulgo</strong></span> <span class='ocrx_word' id='word_1_363' title='bbox 1399 3178 1583 3248; x_wconf 84' lang='lat' dir='ltr'><strong>legunt</strong></span> <span class='ocrx_word' id='word_1_364' title='bbox 1623 3180 1897 3235; x_wconf 83' lang='lat' dir='ltr'><strong>recentio-</strong></span> 
     </span>
    </p>
   </div>
   <div class='ocr_carea' id='block_1_49' title="bbox 279 3248 1892 3321">
    <p class='ocr_par' dir='ltr' id='par_1_49' title="bbox 279 3248 1892 3321">
     <span class='ocr_line' id='line_1_49' title="bbox 279 3248 1892 3321; baseline 0.004 -22"><span class='ocrx_word' id='word_1_365' title='bbox 279 3248 684 3321; x_wconf 81' lang='lat' dir='ltr'><strong>re_s_repentino,</strong></span> <span class='ocrx_word' id='word_1_366' title='bbox 716 3249 869 3316; x_wconf 85' lang='lat' dir='ltr'><strong>quasi</strong></span> <span class='ocrx_word' id='word_1_367' title='bbox 888 3249 952 3303; x_wconf 89' lang='lat' dir='ltr'><strong>de</strong></span> <span class='ocrx_word' id='word_1_368' title='bbox 977 3250 1262 3316; x_wconf 84' lang='lat' dir='ltr'><strong>repentino.</strong></span> <span class='ocrx_word' id='word_1_369' title='bbox 1295 3254 1361 3305; x_wconf 81' lang='lat' dir='ltr'><strong>At</strong></span> <span class='ocrx_word' id='word_1_370' title='bbox 1388 3249 1536 3321; x_wconf 83' lang='lat' dir='ltr'><strong>Lips.</strong></span> <span class='ocrx_word' id='word_1_371' title='bbox 1571 3265 1699 3306; x_wconf 89' lang='lat' dir='ltr'><strong>mss.</strong></span> <span class='ocrx_word' id='word_1_372' title='bbox 1730 3259 1784 3304; x_wconf 86' lang='lat' dir='ltr'><strong>et</strong></span> <span class='ocrx_word' id='word_1_373' title='bbox 1805 3249 1892 3306; x_wconf 87' lang='lat' dir='ltr'><strong>ed.</strong></span> 
     </span>
    </p>
   </div>
   <div class='ocr_carea' id='block_1_50' title="bbox 281 3317 1892 3392">
    <p class='ocr_par' dir='ltr' id='par_1_50' title="bbox 281 3317 1892 3392">
     <span class='ocr_line' id='line_1_50' title="bbox 281 3317 1892 3392; baseline 0.001 -19"><span class='ocrx_word' id='word_1_374' title='bbox 281 3317 419 3392; x_wconf 80' lang='lat' dir='ltr'><strong>Ald.</strong></span> <span class='ocrx_word' id='word_1_375' title='bbox 446 3320 880 3392; x_wconf 36' lang='lat' dir='ltr'><strong>ctuaptiquiores</strong></span> <span class='ocrx_word' id='word_1_376' title='bbox 910 3321 1125 3385; x_wconf 86' lang='lat' dir='ltr'><strong>Aldina,</strong></span> <span class='ocrx_word' id='word_1_377' title='bbox 1156 3322 1312 3379; x_wconf 85' lang='lat' dir='ltr'><strong>Rom.</strong></span> <span class='ocrx_word' id='word_1_378' title='bbox 1345 3331 1399 3377; x_wconf 89' lang='lat' dir='ltr'><strong>et</strong></span> <span class='ocrx_word' id='word_1_379' title='bbox 1425 3317 1581 3388; x_wconf 61' lang='grc' dir='ltr'><strong>γωδ..</strong></span> <span class='ocrx_word' id='word_1_380' title='bbox 1608 3323 1892 3392; x_wconf 81' lang='lat' dir='ltr'><strong>repentina,</strong></span> 
     </span>
    </p>
   </div>
   <div class='ocr_carea' id='block_1_51' title="bbox 281 3387 1893 3456">
    <p class='ocr_par' dir='ltr' id='par_1_51' title="bbox 281 3387 1893 3456">
     <span class='ocr_line' id='line_1_51' title="bbox 281 3387 1893 3456; baseline 0.004 -13"><span class='ocrx_word' id='word_1_381' title='bbox 281 3388 534 3445; x_wconf 85' lang='lat' dir='ltr'><strong>adverbii</strong></span> <span class='ocrx_word' id='word_1_382' title='bbox 565 3387 759 3456; x_wconf 87' lang='lat' dir='ltr'><strong>forma,</strong></span> <span class='ocrx_word' id='word_1_383' title='bbox 794 3407 899 3447; x_wconf 88' lang='lat' dir='ltr'><strong>non</strong></span> <span class='ocrx_word' id='word_1_384' title='bbox 933 3394 1159 3451; x_wconf 84' lang='lat' dir='ltr'><strong>multum</strong></span> <span class='ocrx_word' id='word_1_385' title='bbox 1200 3393 1378 3448; x_wconf 91' lang='lat' dir='ltr'><strong>adhuc</strong></span> <span class='ocrx_word' id='word_1_386' title='bbox 1407 3387 1714 3449; x_wconf 82' lang='lat' dir='ltr'><strong>observata.</strong></span> <span class='ocrx_word' id='word_1_387' title='bbox 1762 3387 1893 3449; x_wconf 74' lang='lat' dir='ltr'><strong>BUN.</strong></span> 
     </span>
    </p>
   </div>
   <div class='ocr_carea' id='block_1_52' title="bbox 362 3459 1893 3534">
    <p class='ocr_par' dir='ltr' id='par_1_52' title="bbox 362 3459 1893 3534">
     <span class='ocr_line' id='line_1_52' title="bbox 362 3459 1893 3534; baseline 0.005 -20"><span class='ocrx_word' id='word_1_388' title='bbox 362 3459 670 3533; x_wconf 83' lang='lat' dir='ltr'><strong>Repentine.</strong></span> <span class='ocrx_word' id='word_1_389' title='bbox 720 3462 848 3518; x_wconf 80' lang='lat' dir='ltr'><strong>Mss.</strong></span> <span class='ocrx_word' id='word_1_390' title='bbox 896 3465 1083 3533; x_wconf 82' lang='lat' dir='ltr'><strong>Angl.,</strong></span> <span class='ocrx_word' id='word_1_391' title='bbox 1128 3465 1299 3534; x_wconf 86' lang='lat' dir='ltr'><strong>Lips.,</strong></span> <span class='ocrx_word' id='word_1_392' title='bbox 1353 3473 1476 3520; x_wconf 87' lang='lat' dir='ltr'><strong>tert.</strong></span> <span class='ocrx_word' id='word_1_393' title='bbox 1505 3463 1694 3529; x_wconf 74' lang='lat' dir='ltr'><strong>60th.,</strong></span> <span class='ocrx_word' id='word_1_394' title='bbox 1728 3464 1893 3533; x_wconf 87' lang='lat' dir='ltr'><strong>Ultr.,</strong></span> 
     </span>
    </p>
   </div>
   <div class='ocr_carea' id='block_1_53' title="bbox 284 3532 1897 3605">
    <p class='ocr_par' dir='ltr' id='par_1_53' title="bbox 284 3532 1897 3605">
     <span class='ocr_line' id='line_1_53' title="bbox 284 3532 1897 3605; baseline 0.002 -17"><span class='ocrx_word' id='word_1_395' title='bbox 284 3532 483 3600; x_wconf 68' lang='lat' dir='ltr'><strong>Cane,</strong></span> <span class='ocrx_word' id='word_1_396' title='bbox 515 3542 568 3588; x_wconf 87' lang='lat' dir='ltr'><strong>et</strong></span> <span class='ocrx_word' id='word_1_397' title='bbox 606 3534 729 3589; x_wconf 90' lang='lat' dir='ltr'><strong>edd.</strong></span> <span class='ocrx_word' id='word_1_398' title='bbox 779 3535 899 3591; x_wconf 82' lang='lat' dir='ltr'><strong>llas.</strong></span> <span class='ocrx_word' id='word_1_399' title='bbox 948 3532 1109 3603; x_wconf 78' lang='lat' dir='ltr'><strong>I556,</strong></span> <span class='ocrx_word' id='word_1_400' title='bbox 1139 3532 1329 3602; x_wconf 76' lang='lat' dir='ltr'><strong>Turn.,</strong></span> <span class='ocrx_word' id='word_1_401' title='bbox 1360 3536 1554 3593; x_wconf 81' lang='lat' dir='ltr'><strong>&#39;l&#39;lmm.</strong></span> <span class='ocrx_word' id='word_1_402' title='bbox 1582 3545 1635 3590; x_wconf 91' lang='lat' dir='ltr'><strong>et</strong></span> <span class='ocrx_word' id='word_1_403' title='bbox 1664 3532 1897 3605; x_wconf 81' lang='lat' dir='ltr'><strong>sequen-</strong></span> 
     </span>
    </p>
   </div>
   <div class='ocr_carea' id='block_1_54' title="bbox 286 3605 1892 3676">
    <p class='ocr_par' dir='ltr' id='par_1_54' title="bbox 286 3605 1892 3676">
     <span class='ocr_line' id='line_1_54' title="bbox 286 3605 1892 3676; baseline 0.005 -20"><span class='ocrx_word' id='word_1_404' title='bbox 286 3614 398 3676; x_wconf 64' lang='lat' dir='ltr'><strong>tes,</strong></span> <span class='ocrx_word' id='word_1_405' title='bbox 428 3605 714 3675; x_wconf 85' lang='lat' dir='ltr'><strong>repentino,</strong></span> <span class='ocrx_word' id='word_1_406' title='bbox 744 3608 913 3663; x_wconf 82' lang='lat' dir='ltr'><strong>vocali</strong></span> <span class='ocrx_word' id='word_1_407' title='bbox 939 3619 1146 3676; x_wconf 82' lang='lat' dir='ltr'><strong>quarta.</strong></span> <span class='ocrx_word' id='word_1_408' title='bbox 1179 3608 1325 3663; x_wconf 83' lang='lat' dir='ltr'><strong>Vnce</strong></span> <span class='ocrx_word' id='word_1_409' title='bbox 1357 3607 1525 3663; x_wconf 82' lang='lat' dir='ltr'><strong>Plauti</strong></span> <span class='ocrx_word' id='word_1_410' title='bbox 1552 3607 1752 3668; x_wconf 84' lang='lat' dir='ltr'><strong>Pseud.</strong></span> <span class='ocrx_word' id='word_1_411' title='bbox 1771 3623 1807 3670; x_wconf 86' lang='grc' dir='ltr'>ι,</span> <span class='ocrx_word' id='word_1_412' title='bbox 1840 3609 1892 3664; x_wconf 83' lang='lat' dir='ltr'><strong>I:</strong></span> 
     </span>
    </p>
   </div>
   <div class='ocr_carea' id='block_1_55' title="bbox 287 3674 1896 3750">
    <p class='ocr_par' dir='ltr' id='par_1_55' title="bbox 287 3674 1896 3750">
     <span class='ocr_line' id='line_1_55' title="bbox 287 3674 1896 3750; baseline 0.004 -22"><span class='ocrx_word' id='word_1_413' title='bbox 287 3674 524 3750; x_wconf 52' lang='lat' dir='ltr'><strong>fiepente</strong></span> <span class='ocrx_word' id='word_1_414' title='bbox 567 3689 772 3750; x_wconf 67' lang='lat' dir='ltr'><strong>exortus</strong></span> <span class='ocrx_word' id='word_1_415' title='bbox 820 3674 965 3745; x_wconf 66' lang='lat' dir='ltr'><strong>sum,</strong></span> <span class='ocrx_word' id='word_1_416' title='bbox 1000 3681 1264 3750; x_wconf 85' lang='lat' dir='ltr'><strong>repentino</strong></span> <span class='ocrx_word' id='word_1_417' title='bbox 1314 3680 1520 3745; x_wconf 81' lang='lat' dir='ltr'><strong>occidi;</strong></span> <span class='ocrx_word' id='word_1_418' title='bbox 1568 3688 1622 3735; x_wconf 87' lang='lat' dir='ltr'><strong>et</strong></span> <span class='ocrx_word' id='word_1_419' title='bbox 1650 3678 1763 3735; x_wconf 84' lang='lat' dir='ltr'><strong>Cic.</strong></span> <span class='ocrx_word' id='word_1_420' title='bbox 1798 3694 1896 3750; x_wconf 88' lang='lat' dir='ltr'><strong>pro</strong></span> 
     </span>
    </p>
   </div>
   <div class='ocr_carea' id='block_1_56' title="bbox 285 3746 1480 3820">
    <p class='ocr_par' dir='ltr' id='par_1_56' title="bbox 285 3746 1480 3820">
     <span class='ocr_line' id='line_1_56' title="bbox 285 3746 1480 3820; baseline 0.004 -21"><span class='ocrx_word' id='word_1_421' title='bbox 285 3746 533 3820; x_wconf 61' lang='lat' dir='ltr'><strong>Quintia.</strong></span> <span class='ocrx_word' id='word_1_422' title='bbox 558 3762 609 3820; x_wconf 82' lang='lat' dir='ltr'><strong>c.</strong></span> <span class='ocrx_word' id='word_1_423' title='bbox 640 3748 695 3815; x_wconf 79' lang='grc' dir='ltr'>ι,</span> <span class='ocrx_word' id='word_1_424' title='bbox 722 3759 769 3805; x_wconf 88' lang='lat' dir='ltr'><strong>et</strong></span> <span class='ocrx_word' id='word_1_425' title='bbox 798 3750 1014 3804; x_wconf 73' lang='lat' dir='ltr'><strong>moritur</strong></span> <span class='ocrx_word' id='word_1_426' title='bbox 1035 3746 1317 3820; x_wconf 81' lang='lat' dir='ltr'><strong>repentino.</strong></span> <span class='ocrx_word' id='word_1_427' title='bbox 1348 3751 1480 3807; x_wconf 78' lang='lat' dir='ltr'><strong>BUN.</strong></span> 
     </span>
    </p>
   </div>
   <div class='ocr_carea' id='block_1_57' title="bbox 364 3815 1897 3893">
    <p class='ocr_par' dir='ltr' id='par_1_57' title="bbox 364 3815 1897 3893">
     <span class='ocr_line' id='line_1_57' title="bbox 364 3815 1897 3893; baseline 0.005 -21"><span class='ocrx_word' id='word_1_428' title='bbox 364 3815 603 3893; x_wconf 59' lang='lat' dir='ltr'><strong>Decreta</strong></span> <span class='ocrx_word' id='word_1_429' title='bbox 630 3822 888 3879; x_wconf 66' lang='lat' dir='ltr'><strong>cecidisse.</strong></span> <span class='ocrx_word' id='word_1_430' title='bbox 925 3825 1048 3878; x_wconf 71' lang='lat' dir='ltr'><strong>limo</strong></span> <span class='ocrx_word' id='word_1_431' title='bbox 1094 3815 1307 3880; x_wconf 76' lang='lat' dir='ltr'><strong>abunde</strong></span> <span class='ocrx_word' id='word_1_432' title='bbox 1334 3822 1604 3879; x_wconf 85' lang='lat' dir='ltr'><strong>illustrant</strong></span> <span class='ocrx_word' id='word_1_433' title='bbox 1629 3822 1897 3893; x_wconf 86' lang='lat' dir='ltr'><strong>interpre-</strong></span> 
     </span>
    </p>
   </div>
   <div class='ocr_carea' id='block_1_58' title="bbox 286 3889 1893 3965">
    <p class='ocr_par' dir='ltr' id='par_1_58' title="bbox 286 3889 1893 3965">
     <span class='ocr_line' id='line_1_58' title="bbox 286 3889 1893 3965; baseline 0.004 -18"><span class='ocrx_word' id='word_1_434' title='bbox 286 3889 479 3965; x_wconf 78' lang='lat' dir='ltr'><strong>tes_a_d</strong></span> <span class='ocrx_word' id='word_1_435' title='bbox 504 3889 729 3965; x_wconf 59' lang='lat' dir='ltr'><strong>Minue,</strong></span> <span class='ocrx_word' id='word_1_436' title='bbox 761 3910 812 3950; x_wconf 93' lang='lat' dir='ltr'><strong>c.</strong></span> <span class='ocrx_word' id='word_1_437' title='bbox 842 3893 931 3949; x_wconf 75' lang='grc'><strong>22.</strong></span> <span class='ocrx_word' id='word_1_438' title='bbox 964 3894 1167 3951; x_wconf 87' lang='lat' dir='ltr'><strong>Savaro</strong></span> <span class='ocrx_word' id='word_1_439' title='bbox 1205 3895 1271 3949; x_wconf 86' lang='lat' dir='ltr'><strong>ad</strong></span> <span class='ocrx_word' id='word_1_440' title='bbox 1320 3894 1508 3951; x_wconf 83' lang='lat' dir='ltr'><strong>Sidon.</strong></span> <span class='ocrx_word' id='word_1_441' title='bbox 1563 3910 1635 3959; x_wconf 83' lang='lat' dir='ltr'><strong>vt.</strong></span> <span class='ocrx_word' id='word_1_442' title='bbox 1662 3910 1750 3965; x_wconf 85' lang='lat' dir='ltr'><strong>ep.</strong></span> <span class='ocrx_word' id='word_1_443' title='bbox 1774 3889 1893 3963; x_wconf 53' lang='lat'><strong>&#39;10,</strong></span> 
     </span>
    </p>
   </div>
   <div class='ocr_carea' id='block_1_59' title="bbox 286 3961 1561 4037">
    <p class='ocr_par' dir='ltr' id='par_1_59' title="bbox 286 3961 1561 4037">
     <span class='ocr_line' id='line_1_59' title="bbox 286 3961 1561 4037; baseline 0.005 -22"><span class='ocrx_word' id='word_1_444' title='bbox 286 3977 345 4033; x_wconf 90' lang='lat' dir='ltr'><strong>p.</strong></span> <span class='ocrx_word' id='word_1_445' title='bbox 376 3961 487 4037; x_wconf 67' lang='grc' dir='ltr'><strong>ζιἹὸ</strong></span> <span class='ocrx_word' id='word_1_446' title='bbox 520 3980 537 4037; x_wconf 59' lang='grc' dir='ltr'><strong>;Δ</strong></span> <span class='ocrx_word' id='word_1_447' title='bbox 570 3961 721 4019; x_wconf 84' lang='lat' dir='ltr'><strong>Velut</strong></span> <span class='ocrx_word' id='word_1_448' title='bbox 747 3965 865 4034; x_wconf 89' lang='lat' dir='ltr'><strong>polo</strong></span> <span class='ocrx_word' id='word_1_449' title='bbox 892 3965 1037 4036; x_wconf 85' lang='lat' dir='ltr'><strong>lapsa</strong></span> <span class='ocrx_word' id='word_1_450' title='bbox 1064 3966 1396 4037; x_wconf 77' lang='lat' dir='ltr'><strong>reputabitur.</strong></span> <span class='ocrx_word' id='word_1_451' title='bbox 1430 3967 1561 4023; x_wconf 81' lang='lat' dir='ltr'><strong>BUN.</strong></span> 
     </span>
    </p>
   </div>
   <div class='ocr_carea' id='block_1_60' title="bbox 364 4031 1898 4106">
    <p class='ocr_par' dir='ltr' id='par_1_60' title="bbox 364 4031 1898 4106">
     <span class='ocr_line' id='line_1_60' title="bbox 364 4031 1898 4106; baseline 0.005 -20"><span class='ocrx_word' id='word_1_452' title='bbox 364 4031 569 4106; x_wconf 82' lang='lat' dir='ltr'><strong>Ignotis</strong></span> <span class='ocrx_word' id='word_1_453' title='bbox 590 4031 882 4103; x_wconf 82' lang='lat' dir='ltr'><strong>parentibus</strong></span> <span class='ocrx_word' id='word_1_454' title='bbox 912 4031 1078 4105; x_wconf 74' lang='lat' dir='ltr'><strong>natos,</strong></span> <span class='ocrx_word' id='word_1_455' title='bbox 1105 4031 1254 4093; x_wconf 78' lang='lat' dir='ltr'><strong>teme</strong></span> <span class='ocrx_word' id='word_1_456' title='bbox 1276 4039 1410 4106; x_wconf 78' lang='lat' dir='ltr'><strong>ﬁlios</strong></span> <span class='ocrx_word' id='word_1_457' title='bbox 1437 4040 1772 4092; x_wconf 76' lang='lat' dir='ltr'><strong>nominemus.</strong></span> <span class='ocrx_word' id='word_1_458' title='bbox 1803 4037 1898 4093; x_wconf 82' lang='lat' dir='ltr'><strong>Sic</strong></span> 
     </span>
    </p>
   </div>
   <div class='ocr_carea' id='block_1_61' title="bbox 287 4105 1896 4179">
    <p class='ocr_par' dir='ltr' id='par_1_61' title="bbox 287 4105 1896 4179">
     <span class='ocr_line' id='line_1_61' title="bbox 287 4105 1896 4179; baseline 0.003 -21"><span class='ocrx_word' id='word_1_459' title='bbox 287 4105 458 4179; x_wconf 68' lang='lat' dir='ltr'><strong>etiam</strong></span> <span class='ocrx_word' id='word_1_460' title='bbox 512 4105 858 4179; x_wconf 85' lang='lat' dir='ltr'><strong>&#39;I‘_ertullian.,</strong></span> <span class='ocrx_word' id='word_1_461' title='bbox 893 4110 1052 4178; x_wconf 86' lang='lat' dir='ltr'><strong>Apol.</strong></span> <span class='ocrx_word' id='word_1_462' title='bbox 1104 4105 1315 4175; x_wconf 86' lang='lat' dir='ltr'><strong>auctor,</strong></span> <span class='ocrx_word' id='word_1_463' title='bbox 1350 4110 1384 4163; x_wconf 92' lang='grc' dir='ltr'><strong>Ι.</strong></span> <span class='ocrx_word' id='word_1_464' title='bbox 1433 4111 1502 4165; x_wconf 93' lang='lat' dir='ltr'><strong>de</strong></span> <span class='ocrx_word' id='word_1_465' title='bbox 1525 4110 1661 4179; x_wconf 87' lang='lat' dir='ltr'><strong>orig.</strong></span> <span class='ocrx_word' id='word_1_466' title='bbox 1719 4111 1896 4179; x_wconf 75' lang='lat' dir='ltr'><strong>gentis</strong></span> 
     </span>
    </p>
   </div>
   <div class='ocr_carea' id='block_1_62' title="bbox 289 4175 1891 4236">
    <p class='ocr_par' dir='ltr' id='par_1_62' title="bbox 289 4175 1891 4236">
     <span class='ocr_line' id='line_1_62' title="bbox 289 4175 1891 4236; baseline 0.001 -4"><span class='ocrx_word' id='word_1_467' title='bbox 289 4176 457 4232; x_wconf 77' lang='lat' dir='ltr'><strong>Rom.</strong></span> <span class='ocrx_word' id='word_1_468' title='bbox 486 4195 499 4232; x_wconf 89' lang='lat'><strong><em>:</em></strong></span> <span class='ocrx_word' id='word_1_469' title='bbox 535 4175 743 4234; x_wconf 83' lang='lat' dir='ltr'><strong>Primus</strong></span> <span class='ocrx_word' id='word_1_470' title='bbox 770 4181 823 4234; x_wconf 85' lang='lat' dir='ltr'><strong>in</strong></span> <span class='ocrx_word' id='word_1_471' title='bbox 864 4175 1073 4235; x_wconf 43' lang='lat' dir='ltr'><strong>Ita—liam</strong></span> <span class='ocrx_word' id='word_1_472' title='bbox 1101 4182 1293 4236; x_wconf 82' lang='lat' dir='ltr'><strong>uenisse</strong></span> <span class='ocrx_word' id='word_1_473' title='bbox 1336 4182 1562 4235; x_wconf 83' lang='lat' dir='ltr'><strong>creditur</strong></span> <span class='ocrx_word' id='word_1_474' title='bbox 1614 4175 1891 4235; x_wconf 77' lang='lat' dir='ltr'><strong>Saturnus.</strong></span> 
     </span>
    </p>
   </div>
   <div class='ocr_carea' id='block_1_63' title="bbox 287 4247 1897 4322">
    <p class='ocr_par' dir='ltr' id='par_1_63' title="bbox 287 4247 1897 4322">
     <span class='ocr_line' id='line_1_63' title="bbox 287 4247 1897 4322; baseline 0.001 -19"><span class='ocrx_word' id='word_1_475' title='bbox 287 4247 464 4303; x_wconf 81' lang='lat' dir='ltr'><strong>Tanta</strong></span> <span class='ocrx_word' id='word_1_476' title='bbox 509 4257 678 4304; x_wconf 87' lang='lat' dir='ltr'><strong>autem</strong></span> <span class='ocrx_word' id='word_1_477' title='bbox 721 4254 1043 4322; x_wconf 86' lang='lat' dir='ltr'><strong>antiquorum</strong></span> <span class='ocrx_word' id='word_1_478' title='bbox 1074 4254 1334 4307; x_wconf 80' lang='lat' dir='ltr'><strong>hominum</strong></span> <span class='ocrx_word' id='word_1_479' title='bbox 1374 4252 1697 4322; x_wconf 73' lang='lat' dir='ltr'><strong>simplicitas,</strong></span> <span class='ocrx_word' id='word_1_480' title='bbox 1722 4261 1775 4305; x_wconf 85' lang='lat' dir='ltr'><strong>ut</strong></span> <span class='ocrx_word' id='word_1_481' title='bbox 1802 4252 1897 4306; x_wconf 91' lang='lat' dir='ltr'><strong>ad-</strong></span> 
     </span>
    </p>
   </div>
   <div class='ocr_carea' id='block_1_64' title="bbox 286 4322 1897 4395">
    <p class='ocr_par' dir='ltr' id='par_1_64' title="bbox 286 4322 1897 4395">
     <span class='ocr_line' id='line_1_64' title="bbox 286 4322 1897 4395; baseline 0.001 -19"><span class='ocrx_word' id='word_1_482' title='bbox 286 4337 467 4395; x_wconf 70' lang='lat' dir='ltr'><strong>venas,</strong></span> <span class='ocrx_word' id='word_1_483' title='bbox 500 4322 639 4388; x_wconf 86' lang='lat' dir='ltr'><strong>quod</strong></span> <span class='ocrx_word' id='word_1_484' title='bbox 668 4339 843 4395; x_wconf 82' lang='lat' dir='ltr'><strong>eorum</strong></span> <span class='ocrx_word' id='word_1_485' title='bbox 874 4326 1117 4395; x_wconf 81' lang='lat' dir='ltr'><strong>uriginem</strong></span> <span class='ocrx_word' id='word_1_486' title='bbox 1164 4324 1489 4394; x_wconf 83' lang='lat' dir='ltr'><strong>ignorabant,</strong></span> <span class='ocrx_word' id='word_1_487' title='bbox 1524 4326 1650 4378; x_wconf 76' lang='lat' dir='ltr'><strong>caelo</strong></span> <span class='ocrx_word' id='word_1_488' title='bbox 1684 4334 1729 4377; x_wconf 87' lang='lat' dir='ltr'><strong>et</strong></span> <span class='ocrx_word' id='word_1_489' title='bbox 1760 4334 1897 4378; x_wconf 86' lang='lat' dir='ltr'><strong>terra</strong></span> 
     </span>
    </p>
   </div>
   <div class='ocr_carea' id='block_1_65' title="bbox 285 4393 1892 4468">
    <p class='ocr_par' dir='ltr' id='par_1_65' title="bbox 285 4393 1892 4468">
     <span class='ocr_line' id='line_1_65' title="bbox 285 4393 1892 4468; baseline 0.002 -23"><span class='ocrx_word' id='word_1_490' title='bbox 285 4394 457 4468; x_wconf 79' lang='lat' dir='ltr'><strong>e_dit_os</strong></span> <span class='ocrx_word' id='word_1_491' title='bbox 483 4410 585 4468; x_wconf 79' lang='lat' dir='ltr'><strong>non</strong></span> <span class='ocrx_word' id='word_1_492' title='bbox 598 4393 774 4468; x_wconf 80' lang='lat' dir='ltr'><strong>solum</strong></span> <span class='ocrx_word' id='word_1_493' title='bbox 791 4397 890 4464; x_wconf 84' lang='lat' dir='ltr'><strong>ipsi</strong></span> <span class='ocrx_word' id='word_1_494' title='bbox 916 4393 1201 4468; x_wconf 71' lang='lat' dir='ltr'><strong>crederent,</strong></span> <span class='ocrx_word' id='word_1_495' title='bbox 1217 4396 1304 4468; x_wconf 83' lang='lat' dir='ltr'><strong>sed</strong></span> <span class='ocrx_word' id='word_1_496' title='bbox 1320 4396 1534 4466; x_wconf 82' lang='lat' dir='ltr'><strong>posteris</strong></span> <span class='ocrx_word' id='word_1_497' title='bbox 1551 4396 1892 4468; x_wconf 71' lang='lat' dir='ltr'><strong>affirmarent.</strong></span> 
     </span>
    </p>
   </div>
   <div class='ocr_carea' id='block_1_66' title="bbox 289 4464 1887 4537">
    <p class='ocr_par' dir='ltr' id='par_1_66' title="bbox 289 4464 1887 4537">
     <span class='ocr_line' id='line_1_66' title="bbox 289 4464 1887 4537; baseline 0.001 -18"><span class='ocrx_word' id='word_1_498' title='bbox 289 4464 498 4519; x_wconf 83' lang='lat' dir='ltr'><strong>Eadem</strong></span> <span class='ocrx_word' id='word_1_499' title='bbox 534 4465 713 4537; x_wconf 68' lang='lat' dir='ltr'><strong>liabet</strong></span> <span class='ocrx_word' id='word_1_500' title='bbox 750 4465 1003 4522; x_wconf 85' lang='lat' dir='ltr'><strong>Aurelius</strong></span> <span class='ocrx_word' id='word_1_501' title='bbox 1035 4467 1217 4522; x_wconf 85' lang='lat' dir='ltr'><strong>Victor</strong></span> <span class='ocrx_word' id='word_1_502' title='bbox 1241 4464 1545 4537; x_wconf 37' lang='lat' dir='ltr'><strong>dc&#39;originc</strong></span> <span class='ocrx_word' id='word_1_503' title='bbox 1567 4464 1742 4537; x_wconf 80' lang='lat' dir='ltr'><strong>gentis</strong></span> <span class='ocrx_word' id='word_1_504' title='bbox 1780 4466 1887 4522; x_wconf 83' lang='lat' dir='ltr'><strong>Ro-</strong></span> 
     </span>
    </p>
   </div>
   <div class='ocr_carea' id='block_1_67' title="bbox 290 4533 1887 4597">
    <p class='ocr_par' dir='ltr' id='par_1_67' title="bbox 290 4533 1887 4597">
     <span class='ocr_line' id='line_1_67' title="bbox 290 4533 1887 4597; baseline 0.003 -8"><span class='ocrx_word' id='word_1_505' title='bbox 290 4551 490 4590; x_wconf 78' lang='lat' dir='ltr'><strong>mamn.</strong></span> <span class='ocrx_word' id='word_1_506' title='bbox 521 4533 715 4591; x_wconf 87' lang='lat' dir='ltr'><strong>Omnia</strong></span> <span class='ocrx_word' id='word_1_507' title='bbox 742 4539 884 4594; x_wconf 89' lang='lat' dir='ltr'><strong>enim</strong></span> <span class='ocrx_word' id='word_1_508' title='bbox 916 4556 945 4594; x_wconf 93' lang='lat' dir='ltr'><strong>e</strong></span> <span class='ocrx_word' id='word_1_509' title='bbox 973 4539 1112 4594; x_wconf 62' lang='lat' dir='ltr'><strong>caelo</strong></span> <span class='ocrx_word' id='word_1_510' title='bbox 1154 4549 1207 4594; x_wconf 91' lang='lat' dir='ltr'><strong>et</strong></span> <span class='ocrx_word' id='word_1_511' title='bbox 1247 4539 1380 4593; x_wconf 89' lang='lat' dir='ltr'><strong>mari</strong></span> <span class='ocrx_word' id='word_1_512' title='bbox 1411 4533 1528 4593; x_wconf 75' lang='lat' dir='ltr'><strong>orta</strong></span> <span class='ocrx_word' id='word_1_513' title='bbox 1569 4533 1887 4597; x_wconf 69' lang='lat' dir='ltr'><strong>credebant.</strong></span> 
     </span>
    </p>
   </div>
   <div class='ocr_carea' id='block_1_68' title="bbox 286 4606 1895 4681">
    <p class='ocr_par' dir='ltr' id='par_1_68' title="bbox 286 4606 1895 4681">
     <span class='ocr_line' id='line_1_68' title="bbox 286 4606 1895 4681; baseline 0.003 -19"><span class='ocrx_word' id='word_1_514' title='bbox 286 4606 704 4681; x_wconf 4' lang='lat' dir='ltr'><strong>Itapignotorum</strong></span> <span class='ocrx_word' id='word_1_515' title='bbox 734 4611 885 4681; x_wconf 82' lang='lat' dir='ltr'><strong>origo</strong></span> <span class='ocrx_word' id='word_1_516' title='bbox 929 4611 993 4664; x_wconf 92' lang='lat' dir='ltr'><strong>ad</strong></span> <span class='ocrx_word' id='word_1_517' title='bbox 1024 4611 1225 4666; x_wconf 86' lang='lat' dir='ltr'><strong>coelum</strong></span> <span class='ocrx_word' id='word_1_518' title='bbox 1246 4651 1261 4675; x_wconf 91' lang='lat'><strong>,</strong></span> <span class='ocrx_word' id='word_1_519' title='bbox 1308 4619 1399 4664; x_wconf 89' lang='lat' dir='ltr'><strong>aut</strong></span> <span class='ocrx_word' id='word_1_520' title='bbox 1430 4624 1578 4665; x_wconf 89' lang='lat' dir='ltr'><strong>mare</strong></span> <span class='ocrx_word' id='word_1_521' title='bbox 1618 4611 1807 4675; x_wconf 89' lang='lat' dir='ltr'><strong>relata,</strong></span> <span class='ocrx_word' id='word_1_522' title='bbox 1835 4621 1895 4667; x_wconf 93' lang='lat' dir='ltr'><strong>ut</strong></span> 
     </span>
    </p>
   </div>
   <div class='ocr_carea' id='block_1_69' title="bbox 282 4679 1890 4752">
    <p class='ocr_par' dir='ltr' id='par_1_69' title="bbox 282 4679 1890 4752">
     <span class='ocr_line' id='line_1_69' title="bbox 282 4679 1890 4752; baseline 0.002 -17"><span class='ocrx_word' id='word_1_523' title='bbox 282 4679 456 4752; x_wconf 68' lang='lat' dir='ltr'><strong>ccli,</strong></span> <span class='ocrx_word' id='word_1_524' title='bbox 507 4690 602 4734; x_wconf 91' lang='lat' dir='ltr'><strong>aut</strong></span> <span class='ocrx_word' id='word_1_525' title='bbox 642 4679 875 4751; x_wconf 82' lang='lat' dir='ltr'><strong>Neptuni</strong></span> <span class='ocrx_word' id='word_1_526' title='bbox 899 4682 1387 4738; x_wconf 87' lang='lat' dir='ltr'><strong>liliicrederentur.</strong></span> <span class='ocrx_word' id='word_1_527' title='bbox 1421 4682 1575 4737; x_wconf 89' lang='lat' dir='ltr'><strong>Serv.</strong></span> <span class='ocrx_word' id='word_1_528' title='bbox 1615 4683 1666 4736; x_wconf 90' lang='lat' dir='ltr'><strong>in</strong></span> <span class='ocrx_word' id='word_1_529' title='bbox 1695 4682 1890 4752; x_wconf 81' lang='lat' dir='ltr'><strong>Virgil.</strong></span> 
     </span>
    </p>
   </div>
   <div class='ocr_carea' id='block_1_70' title="bbox 285 4750 1891 4823">
    <p class='ocr_par' dir='ltr' id='par_1_70' title="bbox 285 4750 1891 4823">
     <span class='ocr_line' id='line_1_70' title="bbox 285 4750 1891 4823; baseline 0.001 -17"><span class='ocrx_word' id='word_1_530' title='bbox 285 4750 582 4823; x_wconf 78' lang='lat' dir='ltr'><strong>Scholiast.</strong></span> <span class='ocrx_word' id='word_1_531' title='bbox 612 4752 907 4823; x_wconf 85' lang='lat' dir='ltr'><strong>Apollonii,</strong></span> <span class='ocrx_word' id='word_1_532' title='bbox 938 4766 1277 4809; x_wconf 89' lang='lat' dir='ltr'><strong>monstrosos</strong></span> <span class='ocrx_word' id='word_1_533' title='bbox 1310 4762 1472 4808; x_wconf 73' lang='lat' dir='ltr'><strong>terra:</strong></span> <span class='ocrx_word' id='word_1_534' title='bbox 1515 4752 1676 4819; x_wconf 86' lang='lat' dir='ltr'><strong>filios,</strong></span> <span class='ocrx_word' id='word_1_535' title='bbox 1708 4750 1891 4809; x_wconf 84' lang='lat' dir='ltr'><strong>trucu-</strong></span> 
     </span>
    </p>
   </div>
   <div class='ocr_carea' id='block_1_71' title="bbox 286 4821 1890 4896">
    <p class='ocr_par' dir='ltr' id='par_1_71' title="bbox 286 4821 1890 4896">
     <span class='ocr_line' id='line_1_71' title="bbox 286 4821 1890 4896; baseline 0.001 -19"><span class='ocrx_word' id='word_1_536' title='bbox 286 4823 474 4896; x_wconf 76' lang='lat' dir='ltr'><strong>l_entos</strong></span> <span class='ocrx_word' id='word_1_537' title='bbox 518 4821 751 4896; x_wconf 83' lang='lat' dir='ltr'><strong>Neptuni</strong></span> <span class='ocrx_word' id='word_1_538' title='bbox 804 4821 1016 4880; x_wconf 82' lang='lat' dir='ltr'><strong>habitus</strong></span> <span class='ocrx_word' id='word_1_539' title='bbox 1059 4826 1270 4882; x_wconf 88' lang='lat' dir='ltr'><strong>scribit.</strong></span> <span class='ocrx_word' id='word_1_540' title='bbox 1306 4825 1454 4881; x_wconf 67' lang='lat' dir='ltr'><strong>Naev.</strong></span> <span class='ocrx_word' id='word_1_541' title='bbox 1503 4824 1647 4896; x_wconf 88' lang='lat' dir='ltr'><strong>apud</strong></span> <span class='ocrx_word' id='word_1_542' title='bbox 1695 4825 1890 4892; x_wconf 85' lang='lat' dir='ltr'><strong>Prisc.,</strong></span> 
     </span>
    </p>
   </div>
   <div class='ocr_carea' id='block_1_72' title="bbox 285 4891 1894 5022">
    <p class='ocr_par' dir='ltr' id='par_1_72' title="bbox 285 4891 1894 5022">
     <span class='ocr_line' id='line_1_72' title="bbox 285 4891 1894 5022; baseline 0.004 -75"><span class='ocrx_word' id='word_1_543' title='bbox 285 4891 506 4977; x_wconf 51' lang='lat' dir='ltr'><strong>{Titanes</strong></span> <span class='ocrx_word' id='word_1_544' title='bbox 534 4895 633 4964; x_wconf 69' lang='lat' dir='ltr'><strong>[itii</strong></span> <span class='ocrx_word' id='word_1_545' title='bbox 668 4906 837 4951; x_wconf 70' lang='lat' dir='ltr'><strong>terrae.</strong></span> <span class='ocrx_word' id='word_1_546' title='bbox 884 4896 955 4953; x_wconf 90' lang='lat' dir='ltr'><strong>Et</strong></span> <span class='ocrx_word' id='word_1_547' title='bbox 991 4897 1238 5022; x_wconf 64' lang='lat' dir='ltr'><strong>Orpheus</strong></span> <span class='ocrx_word' id='word_1_548' title='bbox 1267 4898 1320 4953; x_wconf 91' lang='lat' dir='ltr'><strong>in</strong></span> <span class='ocrx_word' id='word_1_549' title='bbox 1375 4891 1813 4978; x_wconf 57' lang='lat' dir='ltr'><strong>Ilymfnhseuris</strong></span> <span class='ocrx_word' id='word_1_550' title='bbox 1839 4891 1894 4954; x_wconf 88' lang='lat' dir='ltr'><strong>et</strong></span> 
     </span>
     <span class='ocr_line' id='line_1_73' title="bbox 285 4967 1888 5022; baseline 0.001 -1"><span class='ocrx_word' id='word_1_551' title='bbox 285 4975 495 5022; x_wconf 72' lang='lat' dir='ltr'><strong>renotus</strong></span> <span class='ocrx_word' id='word_1_552' title='bbox 537 4967 849 5022; x_wconf 88' lang='lat' dir='ltr'><strong>narentihns</strong></span> <span class='ocrx_word' id='word_1_553' title='bbox 899 4970 1024 5022; x_wconf 92' lang='lat' dir='ltr'><strong>orti.</strong></span> <span class='ocrx_word' id='word_1_554' title='bbox 1092 4969 1213 5022; x_wconf 88' lang='lat' dir='ltr'><strong>dem</strong></span> <span class='ocrx_word' id='word_1_555' title='bbox 1258 4967 1560 5022; x_wconf 73' lang='lat' dir='ltr'><strong>Ilhudtaino</strong></span> <span class='ocrx_word' id='word_1_556' title='bbox 1606 4967 1888 5022; x_wconf 87' lang='lat' dir='ltr'><strong>Antiuuar.</strong></span> 
     </span>
    </p>
   </div>
   <div class='ocr_carea' id='block_1_73' title="bbox 285 4965 1888 5039">
    <p class='ocr_par' dir='ltr' id='par_1_73' title="bbox 285 4965 1888 5039">
     <span class='ocr_line' id='line_1_74' title="bbox 285 4965 1888 5039; baseline 0.002 -19"><span class='ocrx_word' id='word_1_557' title='bbox 285 4965 495 5039; x_wconf 76' lang='lat' dir='ltr'><strong>ignotis</strong></span> <span class='ocrx_word' id='word_1_558' title='bbox 537 4967 849 5036; x_wconf 86' lang='lat' dir='ltr'><strong>parentibus</strong></span> <span class='ocrx_word' id='word_1_559' title='bbox 899 4970 1024 5024; x_wconf 90' lang='lat' dir='ltr'><strong>orti.</strong></span> <span class='ocrx_word' id='word_1_560' title='bbox 1066 4965 1213 5025; x_wconf 89' lang='lat' dir='ltr'><strong>Idem</strong></span> <span class='ocrx_word' id='word_1_561' title='bbox 1258 4965 1560 5039; x_wconf 65' lang='lat' dir='ltr'><strong>llhodi&#39;gino</strong></span> <span class='ocrx_word' id='word_1_562' title='bbox 1606 4967 1888 5037; x_wconf 85' lang='lat' dir='ltr'><strong>Antiquar.</strong></span> 
     </span>
    </p>
   </div>
   <div class='ocr_carea' id='block_1_74' title="bbox 288 5037 1888 5166">
    <p class='ocr_par' dir='ltr' id='par_1_74' title="bbox 288 5037 1888 5166">
     <span class='ocr_line' id='line_1_75' title="bbox 288 5037 1888 5166; baseline 0.003 -73"><span class='ocrx_word' id='word_1_563' title='bbox 288 5037 544 5106; x_wconf 83' lang='lat' dir='ltr'><strong>Iection.,</strong></span> <span class='ocrx_word' id='word_1_564' title='bbox 568 5039 605 5094; x_wconf 82' lang='grc' dir='ltr'><strong>Ι.</strong></span> <span class='ocrx_word' id='word_1_565' title='bbox 636 5055 694 5107; x_wconf 83' lang='grc' dir='ltr'>ιι,</span> <span class='ocrx_word' id='word_1_566' title='bbox 716 5054 767 5096; x_wconf 89' lang='lat' dir='ltr'><strong>c.</strong></span> <span class='ocrx_word' id='word_1_567' title='bbox 793 5040 884 5109; x_wconf 75' lang='lat'><strong>28,</strong></span> <span class='ocrx_word' id='word_1_568' title='bbox 914 5055 976 5097; x_wconf 85' lang='lat' dir='ltr'><strong>ac</strong></span> <span class='ocrx_word' id='word_1_569' title='bbox 996 5040 1260 5098; x_wconf 82' lang='lat' dir='ltr'><strong>Politiano</strong></span> <span class='ocrx_word' id='word_1_570' title='bbox 1286 5040 1342 5096; x_wconf 87' lang='lat' dir='ltr'><strong>in</strong></span> <span class='ocrx_word' id='word_1_571' title='bbox 1368 5037 1692 5166; x_wconf 38' lang='lat' dir='ltr'><strong>Misgsllanq</strong></span> <span class='ocrx_word' id='word_1_572' title='bbox 1721 5056 1770 5094; x_wconf 90' lang='lat' dir='ltr'><strong>c.</strong></span> <span class='ocrx_word' id='word_1_573' title='bbox 1801 5040 1888 5099; x_wconf 89' lang='grc'><strong>18.</strong></span> 
     </span>
     <span class='ocr_line' id='line_1_76' title="bbox 1534 5126 1752 5166; baseline -0.009 0"><span class='ocrx_word' id='word_1_574' title='bbox 1534 5126 1752 5166; x_wconf 77' lang='lat' dir='ltr'><strong>ouwen.</strong></span> 
     </span>
    </p>
   </div>
   <div class='ocr_carea' id='block_1_75' title="bbox 1534 5126 1752 5171">
    <p class='ocr_par' dir='ltr' id='par_1_75' title="bbox 1534 5126 1752 5171">
     <span class='ocr_line' id='line_1_77' title="bbox 1534 5126 1752 5171; baseline -0.018 -4"><span class='ocrx_word' id='word_1_575' title='bbox 1534 5126 1752 5171; x_wconf 70' lang='lat' dir='ltr'><strong>OUWEB.</strong></span> 
     </span>
    </p>
   </div>
   <div class='ocr_carea' id='block_1_76' title="bbox 367 5178 1896 5254">
    <p class='ocr_par' dir='ltr' id='par_1_76' title="bbox 367 5178 1896 5254">
     <span class='ocr_line' id='line_1_78' title="bbox 367 5178 1896 5254; baseline 0.004 -20"><span class='ocrx_word' id='word_1_576' title='bbox 367 5178 511 5254; x_wconf 69' lang='lat' dir='ltr'><strong>Caelo</strong></span> <span class='ocrx_word' id='word_1_577' title='bbox 556 5190 800 5254; x_wconf 64' lang='lat' dir='ltr'><strong>terraeque</strong></span> <span class='ocrx_word' id='word_1_578' title='bbox 843 5183 1109 5240; x_wconf 85' lang='lat' dir='ltr'><strong>indidisse.</strong></span> <span class='ocrx_word' id='word_1_579' title='bbox 1166 5182 1422 5240; x_wconf 82' lang='lat' dir='ltr'><strong>Confusin</strong></span> <span class='ocrx_word' id='word_1_580' title='bbox 1465 5184 1590 5240; x_wconf 84' lang='lat' dir='ltr'><strong>inde</strong></span> <span class='ocrx_word' id='word_1_581' title='bbox 1647 5193 1763 5238; x_wconf 87' lang='lat' dir='ltr'><strong>orta</strong></span> <span class='ocrx_word' id='word_1_582' title='bbox 1813 5193 1896 5240; x_wconf 88' lang='lat' dir='ltr'><strong>est</strong></span> 
     </span>
    </p>
   </div>
   <div class='ocr_carea' id='block_1_77' title="bbox 291 5253 1893 5333">
    <p class='ocr_par' dir='ltr' id='par_1_77' title="bbox 291 5253 1893 5333">
     <span class='ocr_line' id='line_1_79' title="bbox 291 5253 1893 5333; baseline 0.002 -27"><span class='ocrx_word' id='word_1_583' title='bbox 291 5253 437 5322; x_wconf 89' lang='lat' dir='ltr'><strong>apud</strong></span> <span class='ocrx_word' id='word_1_584' title='bbox 490 5253 732 5333; x_wconf 78' lang='lat' dir='ltr'><strong>Latinos,</strong></span> <span class='ocrx_word' id='word_1_585' title='bbox 782 5255 922 5325; x_wconf 87' lang='lat' dir='ltr'><strong>quod</strong></span> <span class='ocrx_word' id='word_1_586' title='bbox 968 5259 1179 5333; x_wconf 64' lang='grc' dir='ltr'><strong>ᾳύρανος</strong></span> <span class='ocrx_word' id='word_1_587' title='bbox 1213 5265 1267 5310; x_wconf 92' lang='lat' dir='ltr'><strong>et</strong></span> <span class='ocrx_word' id='word_1_588' title='bbox 1291 5259 1479 5333; x_wconf 73' lang='grc' dir='ltr'><strong>τιταίᾳ,</strong></span> <span class='ocrx_word' id='word_1_589' title='bbox 1512 5271 1631 5325; x_wconf 73' lang='grc' dir='ltr'><strong>(ιυτο</strong></span> <span class='ocrx_word' id='word_1_590' title='bbox 1664 5256 1893 5333; x_wconf 65' lang='lat' dir='ltr'><strong>nomina</strong></span> 
     </span>
    </p>
   </div>
   <div class='ocr_carea' id='block_1_78' title="bbox 297 5326 1892 5399">
    <p class='ocr_par' dir='ltr' id='par_1_78' title="bbox 297 5326 1892 5399">
     <span class='ocr_line' id='line_1_80' title="bbox 297 5326 1892 5399; baseline 0.004 -21"><span class='ocrx_word' id='word_1_591' title='bbox 297 5326 670 5399; x_wconf 79' lang='lat' dir='ltr'><strong>patronymica</strong></span> <span class='ocrx_word' id='word_1_592' title='bbox 699 5366 729 5399; x_wconf 16' lang='grc' dir='ltr'><strong>,Α</strong></span> <span class='ocrx_word' id='word_1_593' title='bbox 762 5326 1156 5385; x_wconf 76' lang='lat' dir='ltr'><strong>transtulerunt</strong></span> <span class='ocrx_word' id='word_1_594' title='bbox 1186 5343 1280 5397; x_wconf 85' lang='lat' dir='ltr'><strong>per</strong></span> <span class='ocrx_word' id='word_1_595' title='bbox 1310 5330 1525 5385; x_wconf 81' lang='lat' dir='ltr'><strong>numina</strong></span> <span class='ocrx_word' id='word_1_596' title='bbox 1568 5327 1752 5385; x_wconf 87' lang='lat' dir='ltr'><strong>realia.</strong></span> <span class='ocrx_word' id='word_1_597' title='bbox 1786 5328 1892 5384; x_wconf 89' lang='lat' dir='ltr'><strong>Sed</strong></span> 
     </span>
    </p>
   </div>
   <div class='ocr_carea' id='block_1_79' title="bbox 298 5395 1896 5523">
    <p class='ocr_par' dir='ltr' id='par_1_79' title="bbox 298 5395 1896 5523">
     <span class='ocr_line' id='line_1_81' title="bbox 298 5395 1896 5523; baseline 0.005 -74"><span class='ocrx_word' id='word_1_598' title='bbox 298 5395 459 5523; x_wconf 61' lang='lat'><strong>{113010</strong></span> <span class='ocrx_word' id='word_1_599' title='bbox 486 5395 609 5466; x_wconf 78' lang='lat' dir='ltr'><strong>post</strong></span> <span class='ocrx_word' id='word_1_600' title='bbox 635 5400 686 5454; x_wconf 89' lang='lat' dir='ltr'><strong>in</strong></span> <span class='ocrx_word' id='word_1_601' title='bbox 718 5397 821 5454; x_wconf 87' lang='lat' dir='ltr'><strong>huc</strong></span> <span class='ocrx_word' id='word_1_602' title='bbox 853 5399 972 5481; x_wconf 76' lang='lat' dir='ltr'><strong>ipso</strong></span> <span class='ocrx_word' id='word_1_603' title='bbox 1006 5395 1409 5473; x_wconf 25' lang='lat' dir='ltr'><strong>capite—aliquid</strong></span> <span class='ocrx_word' id='word_1_604' title='bbox 1440 5399 1799 5457; x_wconf 80' lang='lat' dir='ltr'><strong>verosimilius</strong></span> <span class='ocrx_word' id='word_1_605' title='bbox 1826 5400 1896 5457; x_wconf 85' lang='lat' dir='ltr'><strong>de</strong></span> 
     </span>
     <span class='ocr_line' id='line_1_82' title="bbox 350 5469 1035 5523; baseline 0.001 -1"><span class='ocrx_word' id='word_1_606' title='bbox 350 5483 484 5523; x_wconf 89' lang='lat' dir='ltr'><strong>rano</strong></span> <span class='ocrx_word' id='word_1_607' title='bbox 512 5471 677 5523; x_wconf 87' lang='lat' dir='ltr'><strong>refert</strong></span> <span class='ocrx_word' id='word_1_608' title='bbox 705 5469 1035 5523; x_wconf 78' lang='lat' dir='ltr'><strong>Lactantius.</strong></span> 
     </span>
    </p>
   </div>
   <div class='ocr_carea' id='block_1_80' title="bbox 350 5469 1035 5527">
    <p class='ocr_par' dir='ltr' id='par_1_80' title="bbox 350 5469 1035 5527">
     <span class='ocr_line' id='line_1_83' title="bbox 350 5469 1035 5527; baseline 0.007 -5"><span class='ocrx_word' id='word_1_609' title='bbox 350 5483 484 5524; x_wconf 87' lang='lat' dir='ltr'><strong>rano</strong></span> <span class='ocrx_word' id='word_1_610' title='bbox 512 5471 677 5524; x_wconf 88' lang='lat' dir='ltr'><strong>refert</strong></span> <span class='ocrx_word' id='word_1_611' title='bbox 705 5469 1035 5527; x_wconf 86' lang='lat' dir='ltr'><strong>Lactantius.</strong></span> 
     </span>
    </p>
   </div>
   <div class='ocr_carea' id='block_1_81' title="bbox 370 5540 1894 5613">
    <p class='ocr_par' dir='ltr' id='par_1_81' title="bbox 370 5540 1894 5613">
     <span class='ocr_line' id='line_1_84' title="bbox 370 5540 1894 5613; baseline 0.003 -19"><span class='ocrx_word' id='word_1_612' title='bbox 370 5540 616 5595; x_wconf 79' lang='lat' dir='ltr'><strong>Atlantis.</strong></span> <span class='ocrx_word' id='word_1_613' title='bbox 644 5540 694 5595; x_wconf 92' lang='lat' dir='ltr'><strong>Is</strong></span> <span class='ocrx_word' id='word_1_614' title='bbox 717 5540 815 5613; x_wconf 88' lang='lat' dir='ltr'><strong>luit</strong></span> <span class='ocrx_word' id='word_1_615' title='bbox 841 5557 935 5597; x_wconf 84' lang='lat' dir='ltr'><strong>rex</strong></span> <span class='ocrx_word' id='word_1_616' title='bbox 961 5541 1314 5608; x_wconf 66' lang='lat' dir='ltr'><strong>Mauritaniae,</strong></span> <span class='ocrx_word' id='word_1_617' title='bbox 1347 5542 1437 5613; x_wconf 88' lang='lat' dir='ltr'><strong>qui</strong></span> <span class='ocrx_word' id='word_1_618' title='bbox 1470 5542 1522 5597; x_wconf 91' lang='lat' dir='ltr'><strong>in</strong></span> <span class='ocrx_word' id='word_1_619' title='bbox 1552 5550 1790 5598; x_wconf 89' lang='lat' dir='ltr'><strong>montem</strong></span> <span class='ocrx_word' id='word_1_620' title='bbox 1812 5545 1894 5599; x_wconf 91' lang='lat' dir='ltr'><strong>sui</strong></span> 
     </span>
    </p>
   </div>
   <div class='ocr_carea' id='block_1_82' title="bbox 295 5611 1895 5685">
    <p class='ocr_par' dir='ltr' id='par_1_82' title="bbox 295 5611 1895 5685">
     <span class='ocr_line' id='line_1_85' title="bbox 295 5611 1895 5685; baseline 0.001 -15"><span class='ocrx_word' id='word_1_621' title='bbox 295 5613 560 5685; x_wconf 72' lang='lat' dir='ltr'><strong>nominis</strong></span> <span class='ocrx_word' id='word_1_622' title='bbox 587 5611 1008 5685; x_wconf 80' lang='lat' dir='ltr'><strong>transformatus</strong></span> <span class='ocrx_word' id='word_1_623' title='bbox 1045 5615 1281 5680; x_wconf 90' lang='lat' dir='ltr'><strong>dicitur;</strong></span> <span class='ocrx_word' id='word_1_624' title='bbox 1311 5611 1464 5685; x_wconf 82' lang='lat' dir='ltr'><strong>cujus</strong></span> <span class='ocrx_word' id='word_1_625' title='bbox 1494 5614 1725 5670; x_wconf 86' lang='lat' dir='ltr'><strong>fabulam</strong></span> <span class='ocrx_word' id='word_1_626' title='bbox 1774 5615 1895 5672; x_wconf 88' lang='lat' dir='ltr'><strong>vide</strong></span> 
     </span>
    </p>
   </div>
   <div class='ocr_carea' id='block_1_83' title="bbox 295 5682 1265 5758">
    <p class='ocr_par' dir='ltr' id='par_1_83' title="bbox 295 5682 1265 5758">
     <span class='ocr_line' id='line_1_86' title="bbox 295 5682 1265 5758; baseline -0.004 -15"><span class='ocrx_word' id='word_1_627' title='bbox 295 5684 443 5758; x_wconf 80' lang='lat' dir='ltr'><strong>apud</strong></span> <span class='ocrx_word' id='word_1_628' title='bbox 463 5682 736 5758; x_wconf 66' lang='lat' dir='ltr'><strong>Oyidium,</strong></span> <span class='ocrx_word' id='word_1_629' title='bbox 770 5685 807 5739; x_wconf 92' lang='lat' dir='ltr'><strong>l.</strong></span> <span class='ocrx_word' id='word_1_630' title='bbox 833 5700 888 5740; x_wconf 85' lang='lat' dir='ltr'><strong>tv</strong></span> <span class='ocrx_word' id='word_1_631' title='bbox 909 5685 1265 5758; x_wconf 79' lang='lat' dir='ltr'><strong>Metamorph.</strong></span> 
     </span>
    </p>
   </div>
   <div class='ocr_carea' id='block_1_84' title="bbox 376 5754 1896 5829">
    <p class='ocr_par' dir='ltr' id='par_1_84' title="bbox 376 5754 1896 5829">
     <span class='ocr_line' id='line_1_87' title="bbox 376 5754 1896 5829; baseline 0.003 -18"><span class='ocrx_word' id='word_1_632' title='bbox 376 5755 583 5811; x_wconf 82' lang='lat' dir='ltr'><strong>Inachi.</strong></span> <span class='ocrx_word' id='word_1_633' title='bbox 616 5754 665 5811; x_wconf 89' lang='lat' dir='ltr'><strong>Is</strong></span> <span class='ocrx_word' id='word_1_634' title='bbox 688 5758 890 5829; x_wconf 70' lang='lat' dir='ltr'><strong>primus</strong></span> <span class='ocrx_word' id='word_1_635' title='bbox 912 5757 1011 5813; x_wconf 85' lang='lat' dir='ltr'><strong>fuit</strong></span> <span class='ocrx_word' id='word_1_636' title='bbox 1037 5774 1129 5814; x_wconf 88' lang='lat' dir='ltr'><strong>rex</strong></span> <span class='ocrx_word' id='word_1_637' title='bbox 1158 5754 1498 5829; x_wconf 75' lang='lat' dir='ltr'><strong>Argivorum,</strong></span> <span class='ocrx_word' id='word_1_638' title='bbox 1521 5758 1733 5815; x_wconf 88' lang='lat' dir='ltr'><strong>decimo</strong></span> <span class='ocrx_word' id='word_1_639' title='bbox 1752 5774 1896 5816; x_wconf 87' lang='lat' dir='ltr'><strong>nono</strong></span> 
     </span>
    </p>
   </div>
   <div class='ocr_carea' id='block_1_85' title="bbox 303 5828 1893 5898">
    <p class='ocr_par' dir='ltr' id='par_1_85' title="bbox 303 5828 1893 5898">
     <span class='ocr_line' id='line_1_88' title="bbox 303 5828 1893 5898; baseline 0.002 -14"><span class='ocrx_word' id='word_1_640' title='bbox 303 5837 432 5884; x_wconf 79' lang='lat' dir='ltr'><strong>ante</strong></span> <span class='ocrx_word' id='word_1_641' title='bbox 455 5841 623 5883; x_wconf 59' lang='lat' dir='ltr'><strong>atram</strong></span> <span class='ocrx_word' id='word_1_642' title='bbox 647 5828 951 5898; x_wconf 80' lang='lat' dir='ltr'><strong>vulgarem,</strong></span> <span class='ocrx_word' id='word_1_643' title='bbox 981 5838 1040 5886; x_wconf 94' lang='lat' dir='ltr'><strong>ut</strong></span> <span class='ocrx_word' id='word_1_644' title='bbox 1060 5828 1321 5897; x_wconf 83' lang='lat' dir='ltr'><strong>creditur,</strong></span> <span class='ocrx_word' id='word_1_645' title='bbox 1356 5831 1574 5887; x_wconf 66' lang='lat' dir='ltr'><strong>saeculo.</strong></span> <span class='ocrx_word' id='word_1_646' title='bbox 1602 5830 1652 5888; x_wconf 92' lang='lat' dir='ltr'><strong>Is</strong></span> <span class='ocrx_word' id='word_1_647' title='bbox 1681 5838 1798 5889; x_wconf 86' lang='lat' dir='ltr'><strong>erat</strong></span> <span class='ocrx_word' id='word_1_648' title='bbox 1826 5846 1893 5889; x_wconf 73' lang='lat' dir='ltr'><strong>es</strong></span> 
     </span>
    </p>
   </div>
   <div class='ocr_carea' id='block_1_86' title="bbox 1916 4505 1973 4567">
    <p class='ocr_par' dir='ltr' id='par_1_86' title="bbox 1916 4505 1973 4567">
     <span class='ocr_line' id='line_1_89' title="bbox 1916 4505 1973 4567; baseline 0 0"><span class='ocrx_word' id='word_1_649' title='bbox 1916 4505 1973 4567; x_wconf 89' lang='lat' dir='ltr'><strong>D</strong></span> 
     </span>
    </p>
   </div>
   <div class='ocr_carea' id='block_1_87' title="bbox 2009 2291 3616 2367">
    <p class='ocr_par' dir='ltr' id='par_1_87' title="bbox 2009 2291 3616 2367">
     <span class='ocr_line' id='line_1_90' title="bbox 2009 2291 3616 2367; baseline 0.005 -20"><span class='ocrx_word' id='word_1_650' title='bbox 2009 2305 2208 2367; x_wconf 82' lang='lat' dir='ltr'><strong>genere</strong></span> <span class='ocrx_word' id='word_1_651' title='bbox 2234 2291 2573 2362; x_wconf 82' lang='lat' dir='ltr'><strong>Titanorum,</strong></span> <span class='ocrx_word' id='word_1_652' title='bbox 2603 2300 2661 2367; x_wconf 81' lang='lat' dir='ltr'><strong>et</strong></span> <span class='ocrx_word' id='word_1_653' title='bbox 2680 2364 2690 2367; x_wconf 17' lang='lat'><strong>4</strong></span> <span class='ocrx_word' id='word_1_654' title='bbox 2711 2293 2930 2367; x_wconf 80' lang='lat' dir='ltr'><strong>Saturni</strong></span> <span class='ocrx_word' id='word_1_655' title='bbox 2949 2306 3025 2367; x_wconf 80' lang='lat' dir='ltr'><strong>ac</strong></span> <span class='ocrx_word' id='word_1_656' title='bbox 3046 2293 3202 2367; x_wconf 51' lang='lat' dir='ltr'><strong>iovis</strong></span> <span class='ocrx_word' id='word_1_657' title='bbox 3226 2305 3511 2367; x_wconf 82' lang='lat' dir='ltr'><strong>cognatus.</strong></span> <span class='ocrx_word' id='word_1_658' title='bbox 3531 2297 3616 2355; x_wconf 82' lang='lat' dir='ltr'><strong>Di-</strong></span> 
     </span>
    </p>
   </div>
   <div class='ocr_carea' id='block_1_88' title="bbox 2010 2364 3613 2437">
    <p class='ocr_par' dir='ltr' id='par_1_88' title="bbox 2010 2364 3613 2437">
     <span class='ocr_line' id='line_1_91' title="bbox 2010 2364 3613 2437; baseline 0.004 -19"><span class='ocrx_word' id='word_1_659' title='bbox 2010 2365 2151 2419; x_wconf 90' lang='lat' dir='ltr'><strong>citur</strong></span> <span class='ocrx_word' id='word_1_660' title='bbox 2180 2379 2379 2421; x_wconf 88' lang='lat' dir='ltr'><strong>nomen</strong></span> <span class='ocrx_word' id='word_1_661' title='bbox 2406 2381 2563 2421; x_wconf 90' lang='lat' dir='ltr'><strong>suum</strong></span> <span class='ocrx_word' id='word_1_662' title='bbox 2588 2364 2806 2437; x_wconf 86' lang='lat' dir='ltr'><strong>dedisse</strong></span> <span class='ocrx_word' id='word_1_663' title='bbox 2829 2365 2999 2422; x_wconf 89' lang='lat' dir='ltr'><strong>ﬂuvio</strong></span> <span class='ocrx_word' id='word_1_664' title='bbox 3042 2364 3389 2437; x_wconf 73' lang='lat' dir='ltr'><strong>Peloponesi,</strong></span> <span class='ocrx_word' id='word_1_665' title='bbox 3418 2370 3507 2430; x_wconf 86' lang='lat' dir='ltr'><strong>vel</strong></span> <span class='ocrx_word' id='word_1_666' title='bbox 3555 2372 3613 2429; x_wconf 88' lang='lat' dir='ltr'><strong>in</strong></span> 
     </span>
    </p>
   </div>
   <div class='ocr_carea' id='block_1_89' title="bbox 2010 2435 3186 2509">
    <p class='ocr_par' dir='ltr' id='par_1_89' title="bbox 2010 2435 3186 2509">
     <span class='ocr_line' id='line_1_92' title="bbox 2010 2435 3186 2509; baseline 0 -18"><span class='ocrx_word' id='word_1_667' title='bbox 2010 2450 2158 2509; x_wconf 91' lang='lat' dir='ltr'><strong>eum_</strong></span> <span class='ocrx_word' id='word_1_668' title='bbox 2169 2437 2378 2493; x_wconf 88' lang='lat' dir='ltr'><strong>artibus</strong></span> <span class='ocrx_word' id='word_1_669' title='bbox 2397 2437 2571 2509; x_wconf 54' lang='lat' dir='ltr'><strong>lovis</strong></span> <span class='ocrx_word' id='word_1_670' title='bbox 2578 2435 2745 2509; x_wconf 86' lang='lat' dir='ltr'><strong>fuisse</strong></span> <span class='ocrx_word' id='word_1_671' title='bbox 2767 2435 3186 2509; x_wconf 68' lang='lat' dir='ltr'><strong>praecipitatum.</strong></span> 
     </span>
    </p>
   </div>
   <div class='ocr_carea' id='block_1_90' title="bbox 2082 2505 3610 2581">
    <p class='ocr_par' dir='ltr' id='par_1_90' title="bbox 2082 2505 3610 2581">
     <span class='ocr_line' id='line_1_93' title="bbox 2082 2505 3610 2581; baseline 0.005 -20"><span class='ocrx_word' id='word_1_672' title='bbox 2082 2505 2330 2581; x_wconf 62' lang='lat' dir='ltr'><strong>Egeram.</strong></span> <span class='ocrx_word' id='word_1_673' title='bbox 2374 2509 2458 2564; x_wconf 90' lang='lat' dir='ltr'><strong>Ab</strong></span> <span class='ocrx_word' id='word_1_674' title='bbox 2507 2507 2678 2580; x_wconf 67' lang='lat' dir='ltr'><strong>Egeo</strong></span> <span class='ocrx_word' id='word_1_675' title='bbox 2695 2505 2903 2581; x_wconf 80' lang='lat' dir='ltr'><strong>Thesei</strong></span> <span class='ocrx_word' id='word_1_676' title='bbox 2936 2505 3130 2579; x_wconf 50' lang='lat' dir='ltr'><strong>&#39;patre,</strong></span> <span class='ocrx_word' id='word_1_677' title='bbox 3162 2508 3255 2581; x_wconf 89' lang='lat' dir='ltr'><strong>qui</strong></span> <span class='ocrx_word' id='word_1_678' title='bbox 3283 2510 3354 2565; x_wconf 89' lang='lat' dir='ltr'><strong>ob</strong></span> <span class='ocrx_word' id='word_1_679' title='bbox 3380 2521 3610 2568; x_wconf 88' lang='lat' dir='ltr'><strong>mortem</strong></span> 
     </span>
    </p>
   </div>
   <div class='ocr_carea' id='block_1_91' title="bbox 2012 2577 3608 2653">
    <p class='ocr_par' dir='ltr' id='par_1_91' title="bbox 2012 2577 3608 2653">
     <span class='ocr_line' id='line_1_94' title="bbox 2012 2577 3608 2653; baseline 0.005 -21"><span class='ocrx_word' id='word_1_680' title='bbox 2012 2577 2285 2653; x_wconf 65' lang='lat' dir='ltr'><strong>liliilalso</strong></span> <span class='ocrx_word' id='word_1_681' title='bbox 2328 2581 2430 2635; x_wconf 91' lang='lat' dir='ltr'><strong>sibi</strong></span> <span class='ocrx_word' id='word_1_682' title='bbox 2480 2577 2878 2653; x_wconf 33' lang='lat' dir='ltr'><strong>aniifutitiatain,</strong></span> <span class='ocrx_word' id='word_1_683' title='bbox 2910 2577 2969 2653; x_wconf 83' lang='lat' dir='ltr'><strong>se</strong></span> <span class='ocrx_word' id='word_1_684' title='bbox 2999 2581 3051 2635; x_wconf 91' lang='lat' dir='ltr'><strong>in</strong></span> <span class='ocrx_word' id='word_1_685' title='bbox 3082 2577 3231 2653; x_wconf 81' lang='lat' dir='ltr'><strong>mare</strong></span> <span class='ocrx_word' id='word_1_686' title='bbox 3277 2583 3608 2653; x_wconf 66' lang='lat' dir='ltr'><strong>praecipitem</strong></span> 
     </span>
    </p>
   </div>
   <div class='ocr_carea' id='block_1_92' title="bbox 2008 2649 3609 2725">
    <p class='ocr_par' dir='ltr' id='par_1_92' title="bbox 2008 2649 3609 2725">
     <span class='ocr_line' id='line_1_95' title="bbox 2008 2649 3609 2725; baseline 0.004 -21"><span class='ocrx_word' id='word_1_687' title='bbox 2008 2649 2204 2725; x_wconf 85' lang='lat' dir='ltr'><strong>dedlt_:</strong></span> <span class='ocrx_word' id='word_1_688' title='bbox 2239 2652 2338 2725; x_wconf 72' lang='lat' dir='ltr'><strong>hoc</strong></span> <span class='ocrx_word' id='word_1_689' title='bbox 2353 2652 2549 2725; x_wconf 74' lang='lat' dir='ltr'><strong>evenit</strong></span> <span class='ocrx_word' id='word_1_690' title='bbox 2570 2652 2782 2708; x_wconf 85' lang='lat' dir='ltr'><strong>decimo</strong></span> <span class='ocrx_word' id='word_1_691' title='bbox 2813 2652 2973 2725; x_wconf 85' lang='lat' dir='ltr'><strong>tertio</strong></span> <span class='ocrx_word' id='word_1_692' title='bbox 3001 2661 3125 2707; x_wconf 86' lang='lat' dir='ltr'><strong>ante</strong></span> <span class='ocrx_word' id='word_1_693' title='bbox 3145 2649 3419 2725; x_wconf 82' lang='lat' dir='ltr'><strong>vulgarem</strong></span> <span class='ocrx_word' id='word_1_694' title='bbox 3443 2649 3609 2711; x_wconf 75' lang='lat' dir='ltr'><strong>ieram</strong></span> 
     </span>
    </p>
   </div>
   <div class='ocr_carea' id='block_1_93' title="bbox 2008 2721 2995 2793">
    <p class='ocr_par' dir='ltr' id='par_1_93' title="bbox 2008 2721 2995 2793">
     <span class='ocr_line' id='line_1_96' title="bbox 2008 2721 2995 2793; baseline 0.001 -17"><span class='ocrx_word' id='word_1_695' title='bbox 2008 2721 2231 2793; x_wconf 67' lang='lat' dir='ltr'><strong>saeculo.</strong></span> <span class='ocrx_word' id='word_1_696' title='bbox 2266 2723 2401 2779; x_wconf 86' lang='lat' dir='ltr'><strong>Vide</strong></span> <span class='ocrx_word' id='word_1_697' title='bbox 2422 2722 2667 2780; x_wconf 86' lang='lat' dir='ltr'><strong>Solinum</strong></span> <span class='ocrx_word' id='word_1_698' title='bbox 2696 2725 2875 2793; x_wconf 90' lang='lat' dir='ltr'><strong>capite</strong></span> <span class='ocrx_word' id='word_1_699' title='bbox 2906 2723 2995 2777; x_wconf 81' lang='lat' dir='ltr'><strong>l5.</strong></span> 
     </span>
    </p>
   </div>
   <div class='ocr_carea' id='block_1_94' title="bbox 2078 2791 3614 2864">
    <p class='ocr_par' dir='ltr' id='par_1_94' title="bbox 2078 2791 3614 2864">
     <span class='ocr_line' id='line_1_97' title="bbox 2078 2791 3614 2864; baseline 0.005 -19"><span class='ocrx_word' id='word_1_700' title='bbox 2078 2791 2327 2849; x_wconf 81' lang='lat' dir='ltr'><strong>Icarium.</strong></span> <span class='ocrx_word' id='word_1_701' title='bbox 2372 2795 2456 2851; x_wconf 89' lang='lat' dir='ltr'><strong>Ab</strong></span> <span class='ocrx_word' id='word_1_702' title='bbox 2486 2796 2635 2851; x_wconf 88' lang='lat' dir='ltr'><strong>Icaro</strong></span> <span class='ocrx_word' id='word_1_703' title='bbox 2683 2791 2881 2850; x_wconf 59' lang='lat' dir='ltr'><strong>Daedali</strong></span> <span class='ocrx_word' id='word_1_704' title='bbox 2926 2793 3060 2861; x_wconf 80' lang='lat' dir='ltr'><strong>lilio,</strong></span> <span class='ocrx_word' id='word_1_705' title='bbox 3094 2793 3248 2864; x_wconf 88' lang='lat' dir='ltr'><strong>cujus</strong></span> <span class='ocrx_word' id='word_1_706' title='bbox 3278 2792 3510 2850; x_wconf 81' lang='lat' dir='ltr'><strong>fabulam</strong></span> <span class='ocrx_word' id='word_1_707' title='bbox 3531 2796 3614 2853; x_wconf 78' lang='lat' dir='ltr'><strong>vi-</strong></span> 
     </span>
    </p>
   </div>
   <div class='ocr_carea' id='block_1_95' title="bbox 2005 2862 3607 2938">
    <p class='ocr_par' dir='ltr' id='par_1_95' title="bbox 2005 2862 3607 2938">
     <span class='ocr_line' id='line_1_98' title="bbox 2005 2862 3607 2938; baseline 0.002 -19"><span class='ocrx_word' id='word_1_708' title='bbox 2005 2862 2137 2938; x_wconf 74' lang='lat' dir='ltr'><strong>deas</strong></span> <span class='ocrx_word' id='word_1_709' title='bbox 2182 2866 2326 2938; x_wconf 92' lang='lat' dir='ltr'><strong>apud</strong></span> <span class='ocrx_word' id='word_1_710' title='bbox 2372 2868 2623 2925; x_wconf 85' lang='lat' dir='ltr'><strong>Ovidium</strong></span> <span class='ocrx_word' id='word_1_711' title='bbox 2671 2867 2810 2925; x_wconf 90' lang='lat' dir='ltr'><strong>libro</strong></span> <span class='ocrx_word' id='word_1_712' title='bbox 2838 2881 2954 2938; x_wconf 77' lang='lat' dir='ltr'><strong>vni,</strong></span> <span class='ocrx_word' id='word_1_713' title='bbox 2984 2862 3340 2936; x_wconf 83' lang='lat' dir='ltr'><strong>Metamorph.</strong></span> <span class='ocrx_word' id='word_1_714' title='bbox 3368 2867 3607 2934; x_wconf 82' lang='lat' dir='ltr'><strong>Solinus,</strong></span> 
     </span>
    </p>
   </div>
   <div class='ocr_carea' id='block_1_96' title="bbox 2004 2934 3611 3006">
    <p class='ocr_par' dir='ltr' id='par_1_96' title="bbox 2004 2934 3611 3006">
     <span class='ocr_line' id='line_1_99' title="bbox 2004 2934 3611 3006; baseline 0.004 -14"><span class='ocrx_word' id='word_1_715' title='bbox 2004 2934 2305 2995; x_wconf 81' lang='lat' dir='ltr'><strong>Varronem</strong></span> <span class='ocrx_word' id='word_1_716' title='bbox 2334 2948 2576 3006; x_wconf 89' lang='lat' dir='ltr'><strong>secutus,</strong></span> <span class='ocrx_word' id='word_1_717' title='bbox 2604 2939 2789 3006; x_wconf 84' lang='lat' dir='ltr'><strong>refert,</strong></span> <span class='ocrx_word' id='word_1_718' title='bbox 2835 2934 3044 2994; x_wconf 84' lang='lat' dir='ltr'><strong>Icarum</strong></span> <span class='ocrx_word' id='word_1_719' title='bbox 3072 2934 3386 2993; x_wconf 85' lang='lat' dir='ltr'><strong>Cretensem</strong></span> <span class='ocrx_word' id='word_1_720' title='bbox 3420 2938 3473 2994; x_wconf 92' lang='lat' dir='ltr'><strong>in</strong></span> <span class='ocrx_word' id='word_1_721' title='bbox 3504 2938 3611 2999; x_wconf 84' lang='lat' dir='ltr'><strong>hoc</strong></span> 
     </span>
    </p>
   </div>
   <div class='ocr_carea' id='block_1_97' title="bbox 2003 3007 3609 3082">
    <p class='ocr_par' dir='ltr' id='par_1_97' title="bbox 2003 3007 3609 3082">
     <span class='ocr_line' id='line_1_100' title="bbox 2003 3007 3609 3082; baseline 0.002 -15"><span class='ocrx_word' id='word_1_722' title='bbox 2003 3022 2156 3082; x_wconf 68' lang='lat' dir='ltr'><strong>mare</strong></span> <span class='ocrx_word' id='word_1_723' title='bbox 2184 3009 2463 3080; x_wconf 83' lang='lat' dir='ltr'><strong>naufragio</strong></span> <span class='ocrx_word' id='word_1_724' title='bbox 2508 3011 2755 3082; x_wconf 85' lang='lat' dir='ltr'><strong>periisse.</strong></span> <span class='ocrx_word' id='word_1_725' title='bbox 2785 3018 2840 3065; x_wconf 93' lang='lat' dir='ltr'><strong>et</strong></span> <span class='ocrx_word' id='word_1_726' title='bbox 2864 3008 2932 3067; x_wconf 90' lang='lat' dir='ltr'><strong>de</strong></span> <span class='ocrx_word' id='word_1_727' title='bbox 2960 3011 3109 3082; x_wconf 85' lang='lat' dir='ltr'><strong>exitu</strong></span> <span class='ocrx_word' id='word_1_728' title='bbox 3152 3007 3385 3082; x_wconf 84' lang='lat' dir='ltr'><strong>hominis</strong></span> <span class='ocrx_word' id='word_1_729' title='bbox 3407 3024 3609 3071; x_wconf 86' lang='lat' dir='ltr'><strong>nomen</strong></span> 
     </span>
    </p>
   </div>
   <div class='ocr_carea' id='block_1_98' title="bbox 2002 3078 3612 3153">
    <p class='ocr_par' dir='ltr' id='par_1_98' title="bbox 2002 3078 3612 3153">
     <span class='ocr_line' id='line_1_101' title="bbox 2002 3078 3612 3153; baseline 0.002 -18"><span class='ocrx_word' id='word_1_730' title='bbox 2002 3078 2125 3153; x_wconf 84' lang='lat' dir='ltr'><strong>loco</strong></span> <span class='ocrx_word' id='word_1_731' title='bbox 2172 3078 2481 3153; x_wconf 68' lang='lat' dir='ltr'><strong>impositum</strong></span> <span class='ocrx_word' id='word_1_732' title='bbox 2508 3078 2740 3146; x_wconf 48' lang='lat' dir='ltr'><strong>’fuisse;</strong></span> <span class='ocrx_word' id='word_1_733' title='bbox 2772 3090 2933 3153; x_wconf 78' lang='lat' dir='ltr'><strong>atque</strong></span> <span class='ocrx_word' id='word_1_734' title='bbox 2956 3082 3025 3153; x_wconf 80' lang='lat' dir='ltr'><strong>ita</strong></span> <span class='ocrx_word' id='word_1_735' title='bbox 3048 3080 3286 3153; x_wconf 84' lang='lat' dir='ltr'><strong>historia</strong></span> <span class='ocrx_word' id='word_1_736' title='bbox 3314 3079 3489 3153; x_wconf 89' lang='lat' dir='ltr'><strong>locum</strong></span> <span class='ocrx_word' id='word_1_737' title='bbox 3530 3081 3612 3139; x_wconf 39' lang='lat' dir='ltr'><strong>fas</strong></span> 
     </span>
    </p>
   </div>
   <div class='ocr_carea' id='block_1_99' title="bbox 2004 3150 3604 3213">
    <p class='ocr_par' dir='ltr' id='par_1_99' title="bbox 2004 3150 3604 3213">
     <span class='ocr_line' id='line_1_102' title="bbox 2004 3150 3604 3213; baseline 0.004 -7"><span class='ocrx_word' id='word_1_738' title='bbox 2004 3150 2144 3209; x_wconf 68' lang='lat' dir='ltr'><strong>bula:</strong></span> <span class='ocrx_word' id='word_1_739' title='bbox 2181 3150 2374 3209; x_wconf 77' lang='lat' dir='ltr'><strong>dedit:</strong></span> <span class='ocrx_word' id='word_1_740' title='bbox 2404 3163 2459 3208; x_wconf 84' lang='lat' dir='ltr'><strong>at</strong></span> <span class='ocrx_word' id='word_1_741' title='bbox 2500 3168 2642 3208; x_wconf 90' lang='lat' dir='ltr'><strong>nunc</strong></span> <span class='ocrx_word' id='word_1_742' title='bbox 2685 3169 2750 3209; x_wconf 83' lang='lat' dir='ltr'><strong>ex</strong></span> <span class='ocrx_word' id='word_1_743' title='bbox 2777 3150 2956 3208; x_wconf 81' lang='lat' dir='ltr'><strong>fabula</strong></span> <span class='ocrx_word' id='word_1_744' title='bbox 3004 3151 3286 3209; x_wconf 89' lang='lat' dir='ltr'><strong>historiam</strong></span> <span class='ocrx_word' id='word_1_745' title='bbox 3332 3152 3604 3213; x_wconf 88' lang='lat' dir='ltr'><strong>deducere</strong></span> 
     </span>
    </p>
   </div>
   <div class='ocr_carea' id='block_1_100' title="bbox 2000 3221 3049 3295">
    <p class='ocr_par' dir='ltr' id='par_1_100' title="bbox 2000 3221 3049 3295">
     <span class='ocr_line' id='line_1_103' title="bbox 2000 3221 3049 3295; baseline 0.002 -17"><span class='ocrx_word' id='word_1_746' title='bbox 2000 3225 2266 3294; x_wconf 84' lang='lat' dir='ltr'><strong>cogimur.</strong></span> <span class='ocrx_word' id='word_1_747' title='bbox 2314 3224 2450 3281; x_wconf 85' lang='lat' dir='ltr'><strong>Vide</strong></span> <span class='ocrx_word' id='word_1_748' title='bbox 2480 3223 2725 3281; x_wconf 90' lang='lat' dir='ltr'><strong>Solinum</strong></span> <span class='ocrx_word' id='word_1_749' title='bbox 2757 3222 2932 3295; x_wconf 90' lang='lat' dir='ltr'><strong>capite</strong></span> <span class='ocrx_word' id='word_1_750' title='bbox 2955 3221 3049 3280; x_wconf 77' lang='lat' dir='ltr'><strong>2t.</strong></span> 
     </span>
    </p>
   </div>
   <div class='ocr_carea' id='block_1_101' title="bbox 2074 3316 3603 3389">
    <p class='ocr_par' dir='ltr' id='par_1_101' title="bbox 2074 3316 3603 3389">
     <span class='ocr_line' id='line_1_104' title="bbox 2074 3316 3603 3389; baseline 0.002 -16"><span class='ocrx_word' id='word_1_751' title='bbox 2074 3316 2539 3389; x_wconf 80' lang='lat' dir='ltr'><strong>Hellesponticum.</strong></span> <span class='ocrx_word' id='word_1_752' title='bbox 2574 3319 2699 3375; x_wconf 79' lang='lat' dir='ltr'><strong>Mss.</strong></span> <span class='ocrx_word' id='word_1_753' title='bbox 2734 3318 2801 3374; x_wconf 87' lang='lat' dir='ltr'><strong>I8</strong></span> <span class='ocrx_word' id='word_1_754' title='bbox 2852 3333 2974 3389; x_wconf 88' lang='lat' dir='ltr'><strong>cum</strong></span> <span class='ocrx_word' id='word_1_755' title='bbox 3022 3316 3194 3389; x_wconf 87' lang='lat' dir='ltr'><strong>editis</strong></span> <span class='ocrx_word' id='word_1_756' title='bbox 3246 3316 3403 3389; x_wconf 83' lang='lat' dir='ltr'><strong>Rom.</strong></span> <span class='ocrx_word' id='word_1_757' title='bbox 3440 3318 3603 3387; x_wconf 77' lang='lat' dir='ltr'><strong>H70,</strong></span> 
     </span>
    </p>
   </div>
   <div class='ocr_carea' id='block_1_102' title="bbox 1998 3388 3607 3461">
    <p class='ocr_par' dir='ltr' id='par_1_102' title="bbox 1998 3388 3607 3461">
     <span class='ocr_line' id='line_1_105' title="bbox 1998 3388 3607 3461; baseline 0.001 -13"><span class='ocrx_word' id='word_1_758' title='bbox 1998 3388 2268 3448; x_wconf 86' lang='lat' dir='ltr'><strong>Soubron.</strong></span> <span class='ocrx_word' id='word_1_759' title='bbox 2294 3402 2349 3446; x_wconf 91' lang='lat' dir='ltr'><strong>et</strong></span> <span class='ocrx_word' id='word_1_760' title='bbox 2393 3390 2622 3448; x_wconf 88' lang='lat' dir='ltr'><strong>Tornes.</strong></span> <span class='ocrx_word' id='word_1_761' title='bbox 2657 3390 2858 3446; x_wconf 89' lang='lat' dir='ltr'><strong>habent</strong></span> <span class='ocrx_word' id='word_1_762' title='bbox 2904 3388 3314 3461; x_wconf 76' lang='lat' dir='ltr'><strong>Hellespontum.</strong></span> <span class='ocrx_word' id='word_1_763' title='bbox 3350 3388 3607 3449; x_wconf 83' lang='lat' dir='ltr'><strong>Fortasse</strong></span> 
     </span>
    </p>
   </div>
   <div class='ocr_carea' id='block_1_103' title="bbox 2000 3458 3602 3532">
    <p class='ocr_par' dir='ltr' id='par_1_103' title="bbox 2000 3458 3602 3532">
     <span class='ocr_line' id='line_1_106' title="bbox 2000 3458 3602 3532; baseline 0 -15"><span class='ocrx_word' id='word_1_764' title='bbox 2000 3462 2285 3532; x_wconf 87' lang='lat' dir='ltr'><strong>legendum</strong></span> <span class='ocrx_word' id='word_1_765' title='bbox 2336 3462 2766 3532; x_wconf 79' lang='lat' dir='ltr'><strong>Hellespontium,</strong></span> <span class='ocrx_word' id='word_1_766' title='bbox 2801 3474 2858 3517; x_wconf 89' lang='lat' dir='ltr'><strong>ut</strong></span> <span class='ocrx_word' id='word_1_767' title='bbox 2882 3475 3044 3532; x_wconf 80' lang='lat' dir='ltr'><strong>supra</strong></span> <span class='ocrx_word' id='word_1_768' title='bbox 3083 3458 3505 3529; x_wconf 62' lang='lat' dir='ltr'><strong>&#39;llellespontiam</strong></span> <span class='ocrx_word' id='word_1_769' title='bbox 3533 3462 3602 3520; x_wconf 87' lang='lat' dir='ltr'><strong>ad</strong></span> 
     </span>
    </p>
   </div>
   <div class='ocr_carea' id='block_1_104' title="bbox 1999 3531 3603 3605">
    <p class='ocr_par' dir='ltr' id='par_1_104' title="bbox 1999 3531 3603 3605">
     <span class='ocr_line' id='line_1_107' title="bbox 1999 3531 3603 3605; baseline -0.004 -18"><span class='ocrx_word' id='word_1_770' title='bbox 1999 3531 2128 3588; x_wconf 23' lang='lat' dir='ltr'><strong>c.7ti.</strong></span> <span class='ocrx_word' id='word_1_771' title='bbox 2163 3531 2614 3605; x_wconf 84' lang='lat' dir='ltr'><strong>Hellesponticum</strong></span> <span class='ocrx_word' id='word_1_772' title='bbox 2657 3549 2804 3589; x_wconf 90' lang='lat' dir='ltr'><strong>mare</strong></span> <span class='ocrx_word' id='word_1_773' title='bbox 2832 3573 2848 3598; x_wconf 91' lang='lat'><strong>,</strong></span> <span class='ocrx_word' id='word_1_774' title='bbox 2897 3531 3446 3605; x_wconf 81' lang='lat' dir='ltr'><strong>vel_Ilellespnn_tus,</strong></span> <span class='ocrx_word' id='word_1_775' title='bbox 3490 3533 3603 3588; x_wconf 69' lang='lat' dir='ltr'><strong>fre.</strong></span> 
     </span>
    </p>
   </div>
   <div class='ocr_carea' id='block_1_105' title="bbox 2000 3602 3597 3676">
    <p class='ocr_par' dir='ltr' id='par_1_105' title="bbox 2000 3602 3597 3676">
     <span class='ocr_line' id='line_1_108' title="bbox 2000 3602 3597 3676; baseline -0.003 -17"><span class='ocrx_word' id='word_1_776' title='bbox 2000 3613 2113 3676; x_wconf 87' lang='lat' dir='ltr'><strong>tum</strong></span> <span class='ocrx_word' id='word_1_777' title='bbox 2142 3614 2227 3676; x_wconf 76' lang='lat' dir='ltr'><strong>est</strong></span> <span class='ocrx_word' id='word_1_778' title='bbox 2280 3602 2563 3676; x_wconf 82' lang='lat' dir='ltr'><strong>angustum</strong></span> <span class='ocrx_word' id='word_1_779' title='bbox 2600 3606 2742 3660; x_wconf 91' lang='lat' dir='ltr'><strong>inter</strong></span> <span class='ocrx_word' id='word_1_780' title='bbox 2780 3618 2931 3661; x_wconf 88' lang='lat' dir='ltr'><strong>mare</strong></span> <span class='ocrx_word' id='word_1_781' title='bbox 2977 3602 3206 3673; x_wconf 67' lang='lat' dir='ltr'><strong>Egenm</strong></span> <span class='ocrx_word' id='word_1_782' title='bbox 3237 3612 3290 3676; x_wconf 85' lang='lat' dir='ltr'><strong>et</strong></span> <span class='ocrx_word' id='word_1_783' title='bbox 3313 3602 3597 3676; x_wconf 81' lang='lat' dir='ltr'><strong>Proponti.</strong></span> 
     </span>
    </p>
   </div>
   <div class='ocr_carea' id='block_1_106' title="bbox 1999 3674 3600 3747">
    <p class='ocr_par' dir='ltr' id='par_1_106' title="bbox 1999 3674 3600 3747">
     <span class='ocr_line' id='line_1_109' title="bbox 1999 3674 3600 3747; baseline -0.001 -15"><span class='ocrx_word' id='word_1_784' title='bbox 1999 3675 2148 3744; x_wconf 91' lang='lat' dir='ltr'><strong>dem,</strong></span> <span class='ocrx_word' id='word_1_785' title='bbox 2177 3674 2376 3731; x_wconf 55' lang='lat' dir='ltr'><strong>Asiani</strong></span> <span class='ocrx_word' id='word_1_786' title='bbox 2404 3677 2474 3732; x_wconf 90' lang='lat' dir='ltr'><strong>ab</strong></span> <span class='ocrx_word' id='word_1_787' title='bbox 2500 3676 2713 3747; x_wconf 88' lang='lat' dir='ltr'><strong>Europa</strong></span> <span class='ocrx_word' id='word_1_788' title='bbox 2743 3685 2949 3746; x_wconf 79' lang='lat' dir='ltr'><strong>septem</strong></span> <span class='ocrx_word' id='word_1_789' title='bbox 3002 3691 3108 3730; x_wconf 89' lang='lat' dir='ltr'><strong>nun</strong></span> <span class='ocrx_word' id='word_1_790' title='bbox 3133 3674 3368 3744; x_wconf 86' lang='lat' dir='ltr'><strong>amplius</strong></span> <span class='ocrx_word' id='word_1_791' title='bbox 3392 3674 3600 3731; x_wconf 86' lang='lat' dir='ltr'><strong>stadio-</strong></span> 
     </span>
    </p>
   </div>
   <div class='ocr_carea' id='block_1_107' title="bbox 2001 3746 3600 3805">
    <p class='ocr_par' dir='ltr' id='par_1_107' title="bbox 2001 3746 3600 3805">
     <span class='ocr_line' id='line_1_110' title="bbox 2001 3746 3600 3805; baseline -0.003 0"><span class='ocrx_word' id='word_1_792' title='bbox 2001 3764 2120 3805; x_wconf 85' lang='lat' dir='ltr'><strong>rum</strong></span> <span class='ocrx_word' id='word_1_793' title='bbox 2174 3749 2457 3803; x_wconf 90' lang='lat' dir='ltr'><strong>intervallo</strong></span> <span class='ocrx_word' id='word_1_794' title='bbox 2524 3746 2910 3805; x_wconf 84' lang='lat' dir='ltr'><strong>disterminans</strong></span> <span class='ocrx_word' id='word_1_795' title='bbox 2942 3765 2956 3803; x_wconf 91' lang='lat'><strong>:</strong></span> <span class='ocrx_word' id='word_1_796' title='bbox 2991 3761 3186 3801; x_wconf 84' lang='lat' dir='ltr'><strong>nomen</strong></span> <span class='ocrx_word' id='word_1_797' title='bbox 3254 3746 3482 3801; x_wconf 88' lang='lat' dir='ltr'><strong>sortitur</strong></span> <span class='ocrx_word' id='word_1_798' title='bbox 3530 3748 3600 3805; x_wconf 85' lang='lat' dir='ltr'><strong>ah</strong></span> 
     </span>
    </p>
   </div>
   <div class='ocr_carea' id='block_1_108' title="bbox 2001 3813 3600 3889">
    <p class='ocr_par' dir='ltr' id='par_1_108' title="bbox 2001 3813 3600 3889">
     <span class='ocr_line' id='line_1_111' title="bbox 2001 3813 3600 3889; baseline 0 -15"><span class='ocrx_word' id='word_1_799' title='bbox 2001 3819 2174 3884; x_wconf 82' lang='lat' dir='ltr'><strong>Helle.</strong></span> <span class='ocrx_word' id='word_1_800' title='bbox 2205 3820 2539 3874; x_wconf 86' lang='lat' dir='ltr'><strong>Athamantis</strong></span> <span class='ocrx_word' id='word_1_801' title='bbox 2585 3820 2711 3885; x_wconf 85' lang='lat' dir='ltr'><strong>tilia,</strong></span> <span class='ocrx_word' id='word_1_802' title='bbox 2744 3819 2830 3875; x_wconf 91' lang='lat' dir='ltr'><strong>vel</strong></span> <span class='ocrx_word' id='word_1_803' title='bbox 2859 3819 2928 3873; x_wconf 89' lang='lat' dir='ltr'><strong>ab</strong></span> <span class='ocrx_word' id='word_1_804' title='bbox 2968 3816 3146 3878; x_wconf 70' lang='grc' dir='ltr'><strong>’Ἕλλην</strong></span> <span class='ocrx_word' id='word_1_805' title='bbox 3175 3816 3317 3873; x_wconf 88' lang='lat' dir='ltr'><strong>unde</strong></span> <span class='ocrx_word' id='word_1_806' title='bbox 3343 3813 3600 3889; x_wconf 73' lang='grc' dir='ltr'><strong>Ἕλληνες,</strong></span> 
     </span>
    </p>
   </div>
   <div class='ocr_carea' id='block_1_109' title="bbox 2000 3890 3070 3962">
    <p class='ocr_par' dir='ltr' id='par_1_109' title="bbox 2000 3890 3070 3962">
     <span class='ocr_line' id='line_1_112' title="bbox 2000 3890 3070 3962; baseline 0.004 -21"><span class='ocrx_word' id='word_1_807' title='bbox 2000 3906 2120 3962; x_wconf 67' lang='lat' dir='ltr'><strong>quae</strong></span> <span class='ocrx_word' id='word_1_808' title='bbox 2162 3892 2261 3945; x_wconf 86' lang='lat' dir='ltr'><strong>fuit</strong></span> <span class='ocrx_word' id='word_1_809' title='bbox 2294 3908 2395 3945; x_wconf 91' lang='lat' dir='ltr'><strong>una</strong></span> <span class='ocrx_word' id='word_1_810' title='bbox 2426 3890 2740 3947; x_wconf 68' lang='lat' dir='ltr'><strong>Graecorum</strong></span> <span class='ocrx_word' id='word_1_811' title='bbox 2760 3891 3070 3962; x_wconf 87' lang='lat' dir='ltr'><strong>appellatio.</strong></span> 
     </span>
    </p>
   </div>
   <div class='ocr_carea' id='block_1_110' title="bbox 2071 3960 2991 4028">
    <p class='ocr_par' dir='ltr' id='par_1_110' title="bbox 2071 3960 2991 4028">
     <span class='ocr_line' id='line_1_113' title="bbox 2071 3960 2991 4028; baseline 0 -13"><span class='ocrx_word' id='word_1_812' title='bbox 2071 3960 2373 4017; x_wconf 84' lang='lat' dir='ltr'><strong>Aventinus.</strong></span> <span class='ocrx_word' id='word_1_813' title='bbox 2411 3962 2542 4018; x_wconf 84' lang='lat' dir='ltr'><strong>Vide</strong></span> <span class='ocrx_word' id='word_1_814' title='bbox 2574 3962 2681 4018; x_wconf 87' lang='lat' dir='ltr'><strong>Tit.</strong></span> <span class='ocrx_word' id='word_1_815' title='bbox 2711 3960 2855 4028; x_wconf 44' lang='lat' dir='ltr'><strong>Livi,</strong></span> <span class='ocrx_word' id='word_1_816' title='bbox 2886 3962 2921 4015; x_wconf 92' lang='lat' dir='ltr'><strong>l.</strong></span> <span class='ocrx_word' id='word_1_817' title='bbox 2952 3977 2991 4017; x_wconf 85' lang='grc' dir='ltr'>ι.</span> 
     </span>
    </p>
   </div>
   <div class='ocr_carea' id='block_1_111' title="bbox 2076 4031 3603 4105">
    <p class='ocr_par' dir='ltr' id='par_1_111' title="bbox 2076 4031 3603 4105">
     <span class='ocr_line' id='line_1_114' title="bbox 2076 4031 3603 4105; baseline 0.003 -18"><span class='ocrx_word' id='word_1_818' title='bbox 2076 4033 2361 4089; x_wconf 84' lang='lat' dir='ltr'><strong>Tiberinus.</strong></span> <span class='ocrx_word' id='word_1_819' title='bbox 2390 4033 2664 4105; x_wconf 87' lang='lat' dir='ltr'><strong>Vulgatior</strong></span> <span class='ocrx_word' id='word_1_820' title='bbox 2713 4037 2851 4089; x_wconf 84' lang='lat' dir='ltr'><strong>fama</strong></span> <span class='ocrx_word' id='word_1_821' title='bbox 2900 4043 2984 4089; x_wconf 91' lang='lat' dir='ltr'><strong>est</strong></span> <span class='ocrx_word' id='word_1_822' title='bbox 3027 4031 3340 4088; x_wconf 84' lang='lat' dir='ltr'><strong>Tiberinum</strong></span> <span class='ocrx_word' id='word_1_823' title='bbox 3367 4074 3381 4100; x_wconf 91' lang='lat'><strong>,</strong></span> <span class='ocrx_word' id='word_1_824' title='bbox 3411 4032 3603 4104; x_wconf 86' lang='lat' dir='ltr'><strong>Capeti</strong></span> 
     </span>
    </p>
   </div>
   <div class='ocr_carea' id='block_1_112' title="bbox 2001 4105 3603 4175">
    <p class='ocr_par' dir='ltr' id='par_1_112' title="bbox 2001 4105 3603 4175">
     <span class='ocr_line' id='line_1_115' title="bbox 2001 4105 3603 4175; baseline 0.001 -16"><span class='ocrx_word' id='word_1_825' title='bbox 2001 4105 2193 4172; x_wconf 86' lang='lat' dir='ltr'><strong>lilium,</strong></span> <span class='ocrx_word' id='word_1_826' title='bbox 2224 4107 2491 4160; x_wconf 88' lang='lat' dir='ltr'><strong>decimum</strong></span> <span class='ocrx_word' id='word_1_827' title='bbox 2540 4106 2874 4163; x_wconf 84' lang='lat' dir='ltr'><strong>Albanorum</strong></span> <span class='ocrx_word' id='word_1_828' title='bbox 2912 4120 3113 4175; x_wconf 72' lang='lat' dir='ltr'><strong>regem,</strong></span> <span class='ocrx_word' id='word_1_829' title='bbox 3146 4105 3407 4173; x_wconf 86' lang='lat' dir='ltr'><strong>insignem</strong></span> <span class='ocrx_word' id='word_1_830' title='bbox 3439 4106 3603 4160; x_wconf 66' lang='lat' dir='ltr'><strong>latro.</strong></span> 
     </span>
    </p>
   </div>
   <div class='ocr_carea' id='block_1_113' title="bbox 2002 4176 3600 4247">
    <p class='ocr_par' dir='ltr' id='par_1_113' title="bbox 2002 4176 3600 4247">
     <span class='ocr_line' id='line_1_116' title="bbox 2002 4176 3600 4247; baseline 0.002 -17"><span class='ocrx_word' id='word_1_831' title='bbox 2002 4192 2150 4241; x_wconf 89' lang='lat' dir='ltr'><strong>nem,</strong></span> <span class='ocrx_word' id='word_1_832' title='bbox 2180 4192 2303 4232; x_wconf 91' lang='lat' dir='ltr'><strong>cum</strong></span> <span class='ocrx_word' id='word_1_833' title='bbox 2331 4179 2383 4232; x_wconf 92' lang='lat' dir='ltr'><strong>in</strong></span> <span class='ocrx_word' id='word_1_834' title='bbox 2414 4177 2638 4247; x_wconf 87' lang='lat' dir='ltr'><strong>trajectu</strong></span> <span class='ocrx_word' id='word_1_835' title='bbox 2676 4176 2888 4235; x_wconf 87' lang='lat' dir='ltr'><strong>Tiberis</strong></span> <span class='ocrx_word' id='word_1_836' title='bbox 2913 4177 3369 4247; x_wconf 88' lang='lat' dir='ltr'><strong>submergerctur,</strong></span> <span class='ocrx_word' id='word_1_837' title='bbox 3402 4192 3600 4234; x_wconf 88' lang='lat' dir='ltr'><strong>nomen</strong></span> 
     </span>
    </p>
   </div>
   <div class='ocr_carea' id='block_1_114' title="bbox 1999 4247 3302 4319">
    <p class='ocr_par' dir='ltr' id='par_1_114' title="bbox 1999 4247 3302 4319">
     <span class='ocr_line' id='line_1_117' title="bbox 1999 4247 3302 4319; baseline -0.001 -16"><span class='ocrx_word' id='word_1_838' title='bbox 1999 4247 2216 4304; x_wconf 83' lang='lat' dir='ltr'><strong>dedisse</strong></span> <span class='ocrx_word' id='word_1_839' title='bbox 2244 4248 2428 4314; x_wconf 87' lang='lat' dir='ltr'><strong>ﬂuvio,</strong></span> <span class='ocrx_word' id='word_1_840' title='bbox 2457 4250 2546 4319; x_wconf 92' lang='lat' dir='ltr'><strong>qui</strong></span> <span class='ocrx_word' id='word_1_841' title='bbox 2584 4249 2733 4318; x_wconf 89' lang='lat' dir='ltr'><strong>prius</strong></span> <span class='ocrx_word' id='word_1_842' title='bbox 2780 4248 2972 4304; x_wconf 82' lang='lat' dir='ltr'><strong>Albula</strong></span> <span class='ocrx_word' id='word_1_843' title='bbox 3000 4247 3302 4303; x_wconf 89' lang='lat' dir='ltr'><strong>dicebatur.</strong></span> 
     </span>
    </p>
   </div>
   <div class='ocr_carea' id='block_1_115' title="bbox 2076 4319 3602 4392">
    <p class='ocr_par' dir='ltr' id='par_1_115' title="bbox 2076 4319 3602 4392">
     <span class='ocr_line' id='line_1_118' title="bbox 2076 4319 3602 4392; baseline 0.002 -20"><span class='ocrx_word' id='word_1_844' title='bbox 2076 4320 2175 4386; x_wconf 84' lang='lat' dir='ltr'><strong>Qui</strong></span> <span class='ocrx_word' id='word_1_845' title='bbox 2208 4336 2350 4392; x_wconf 87' lang='lat' dir='ltr'><strong>reges</strong></span> <span class='ocrx_word' id='word_1_846' title='bbox 2393 4328 2674 4392; x_wconf 79' lang='lat' dir='ltr'><strong>genuerunt</strong></span> <span class='ocrx_word' id='word_1_847' title='bbox 2718 4321 3134 4392; x_wconf 66' lang='lat' dir='ltr'><strong>potentissimos.</strong></span> <span class='ocrx_word' id='word_1_848' title='bbox 3160 4319 3392 4392; x_wconf 73' lang='lat' dir='ltr'><strong>Reimm.</strong></span> <span class='ocrx_word' id='word_1_849' title='bbox 3451 4321 3602 4375; x_wconf 83' lang='lat' dir='ltr'><strong>attri-</strong></span> 
     </span>
    </p>
   </div>
   <div class='ocr_carea' id='block_1_116' title="bbox 2000 4391 3596 4464">
    <p class='ocr_par' dir='ltr' id='par_1_116' title="bbox 2000 4391 3596 4464">
     <span class='ocr_line' id='line_1_119' title="bbox 2000 4391 3596 4464; baseline 0.002 -19"><span class='ocrx_word' id='word_1_850' title='bbox 2000 4391 2123 4464; x_wconf 84' lang='lat' dir='ltr'><strong>buta</strong></span> <span class='ocrx_word' id='word_1_851' title='bbox 2166 4400 2351 4456; x_wconf 87' lang='lat' dir='ltr'><strong>essent,</strong></span> <span class='ocrx_word' id='word_1_852' title='bbox 2381 4391 2507 4463; x_wconf 82' lang='lat' dir='ltr'><strong>quos</strong></span> <span class='ocrx_word' id='word_1_853' title='bbox 2554 4391 2904 4464; x_wconf 32' lang='lat' dir='ltr'><strong>reges’fuisse</strong></span> <span class='ocrx_word' id='word_1_854' title='bbox 2945 4391 3321 4464; x_wconf 86' lang='lat' dir='ltr'><strong>potentissimos</strong></span> <span class='ocrx_word' id='word_1_855' title='bbox 3359 4391 3596 4463; x_wconf 86' lang='lat' dir='ltr'><strong>legimus,</strong></span> 
     </span>
    </p>
   </div>
   <div class='ocr_carea' id='block_1_117' title="bbox 2000 4463 3153 4535">
    <p class='ocr_par' dir='ltr' id='par_1_117' title="bbox 2000 4463 3153 4535">
     <span class='ocr_line' id='line_1_120' title="bbox 2000 4463 3153 4535; baseline -0.002 -18"><span class='ocrx_word' id='word_1_856' title='bbox 2000 4463 2254 4535; x_wconf 54' lang='lat' dir='ltr'><strong>quireges</strong></span> <span class='ocrx_word' id='word_1_857' title='bbox 2282 4471 2560 4535; x_wconf 83' lang='lat' dir='ltr'><strong>genuerunt</strong></span> <span class='ocrx_word' id='word_1_858' title='bbox 2588 4463 2984 4535; x_wconf 78' lang='lat' dir='ltr'><strong>potentissimas.</strong></span> <span class='ocrx_word' id='word_1_859' title='bbox 3020 4463 3153 4535; x_wconf 78' lang='lat' dir='ltr'><strong>Btm.</strong></span> 
     </span>
    </p>
   </div>
   <div class='ocr_carea' id='block_1_118' title="bbox 2073 4533 3415 4607">
    <p class='ocr_par' dir='ltr' id='par_1_118' title="bbox 2073 4533 3415 4607">
     <span class='ocr_line' id='line_1_121' title="bbox 2073 4533 3415 4607; baseline 0.001 -20"><span class='ocrx_word' id='word_1_860' title='bbox 2073 4533 2446 4607; x_wconf 61' lang='lat' dir='ltr'><strong>Trismegistus.</strong></span> <span class='ocrx_word' id='word_1_861' title='bbox 2472 4536 2643 4607; x_wconf 79' lang='lat' dir='ltr'><strong>Quem</strong></span> <span class='ocrx_word' id='word_1_862' title='bbox 2667 4533 2787 4590; x_wconf 89' lang='lat' dir='ltr'><strong>vide</strong></span> <span class='ocrx_word' id='word_1_863' title='bbox 2820 4535 2872 4607; x_wconf 89' lang='lat' dir='ltr'><strong>in</strong></span> <span class='ocrx_word' id='word_1_864' title='bbox 2901 4534 3213 4600; x_wconf 87' lang='lat' dir='ltr'><strong>Pimandro,</strong></span> <span class='ocrx_word' id='word_1_865' title='bbox 3246 4547 3295 4589; x_wconf 91' lang='lat' dir='ltr'><strong>c.</strong></span> <span class='ocrx_word' id='word_1_866' title='bbox 3327 4535 3415 4607; x_wconf 70' lang='grc'><strong>10.</strong></span> 
     </span>
    </p>
   </div>
   <div class='ocr_carea' id='block_1_119' title="bbox 2071 4604 3598 4679">
    <p class='ocr_par' dir='ltr' id='par_1_119' title="bbox 2071 4604 3598 4679">
     <span class='ocr_line' id='line_1_122' title="bbox 2071 4604 3598 4679; baseline 0.001 -18"><span class='ocrx_word' id='word_1_867' title='bbox 2071 4607 2155 4679; x_wconf 73' lang='lat' dir='ltr'><strong>Sit</strong></span> <span class='ocrx_word' id='word_1_868' title='bbox 2208 4604 2304 4679; x_wconf 67' lang='lat' dir='ltr'><strong>lio}:</strong></span> <span class='ocrx_word' id='word_1_869' title='bbox 2345 4611 2559 4679; x_wconf 61' lang='lat' dir='ltr'><strong>factum.</strong></span> <span class='ocrx_word' id='word_1_870' title='bbox 2589 4606 2681 4679; x_wconf 70' lang='lat' dir='ltr'><strong>Sic</strong></span> <span class='ocrx_word' id='word_1_871' title='bbox 2710 4606 3044 4679; x_wconf 68' lang='lat' dir='ltr'><strong>restituimns</strong></span> <span class='ocrx_word' id='word_1_872' title='bbox 3074 4621 3143 4662; x_wconf 88' lang='lat' dir='ltr'><strong>ex</strong></span> <span class='ocrx_word' id='word_1_873' title='bbox 3168 4619 3298 4679; x_wconf 72' lang='lat' dir='ltr'><strong>mss.</strong></span> <span class='ocrx_word' id='word_1_874' title='bbox 3330 4605 3533 4679; x_wconf 59' lang='lat' dir='ltr'><strong>Regiis,</strong></span> <span class='ocrx_word' id='word_1_875' title='bbox 3562 4604 3598 4662; x_wconf 86' lang='lat'><strong>6</strong></span> 
     </span>
    </p>
   </div>
   <div class='ocr_carea' id='block_1_120' title="bbox 1996 4675 3603 4749">
    <p class='ocr_par' dir='ltr' id='par_1_120' title="bbox 1996 4675 3603 4749">
     <span class='ocr_line' id='line_1_123' title="bbox 1996 4675 3603 4749; baseline 0.002 -16"><span class='ocrx_word' id='word_1_876' title='bbox 1996 4675 2176 4745; x_wconf 90' lang='lat' dir='ltr'><strong>Colb.,</strong></span> <span class='ocrx_word' id='word_1_877' title='bbox 2208 4675 2382 4749; x_wconf 74' lang='lat' dir='ltr'><strong>Lips.,</strong></span> <span class='ocrx_word' id='word_1_878' title='bbox 2415 4676 2562 4747; x_wconf 89' lang='lat' dir='ltr'><strong>Em.,</strong></span> <span class='ocrx_word' id='word_1_879' title='bbox 2609 4676 2793 4744; x_wconf 75' lang='lat' dir='ltr'><strong>60th.,</strong></span> <span class='ocrx_word' id='word_1_880' title='bbox 2825 4678 2861 4733; x_wconf 73' lang='grc'><strong>2</strong></span> <span class='ocrx_word' id='word_1_881' title='bbox 2891 4676 3148 4746; x_wconf 86' lang='lat' dir='ltr'><strong>Clarom.,</strong></span> <span class='ocrx_word' id='word_1_882' title='bbox 3181 4677 3217 4730; x_wconf 76' lang='lat'>2</span> <span class='ocrx_word' id='word_1_883' title='bbox 3246 4675 3603 4749; x_wconf 55' lang='lat' dir='ltr'><strong>BrunfEtle-</strong></span> 
     </span>
    </p>
   </div>
   <div class='ocr_carea' id='block_1_121' title="bbox 1997 4748 3598 4819">
    <p class='ocr_par' dir='ltr' id='par_1_121' title="bbox 1997 4748 3598 4819">
     <span class='ocr_line' id='line_1_124' title="bbox 1997 4748 3598 4819; baseline 0.002 -16"><span class='ocrx_word' id='word_1_884' title='bbox 1997 4751 2105 4805; x_wconf 90' lang='lat' dir='ltr'><strong>ctio</strong></span> <span class='ocrx_word' id='word_1_885' title='bbox 2150 4760 2330 4806; x_wconf 85' lang='lat' dir='ltr'><strong>nostra</strong></span> <span class='ocrx_word' id='word_1_886' title='bbox 2379 4751 2729 4805; x_wconf 86' lang='lat' dir='ltr'><strong>confirmatur</strong></span> <span class='ocrx_word' id='word_1_887' title='bbox 2760 4766 2825 4806; x_wconf 81' lang='lat' dir='ltr'><strong>ex</strong></span> <span class='ocrx_word' id='word_1_888' title='bbox 2877 4765 3003 4805; x_wconf 84' lang='lat' dir='ltr'><strong>mox</strong></span> <span class='ocrx_word' id='word_1_889' title='bbox 3046 4750 3439 4819; x_wconf 88' lang='lat' dir='ltr'><strong>sequentibus:</strong></span> <span class='ocrx_word' id='word_1_890' title='bbox 3473 4748 3598 4807; x_wconf 83' lang='lat' dir='ltr'><strong>Non</strong></span> 
     </span>
    </p>
   </div>
   <div class='ocr_carea' id='block_1_122' title="bbox 1998 4819 3595 4946">
    <p class='ocr_par' dir='ltr' id='par_1_122' title="bbox 1998 4819 3595 4946">
     <span class='ocr_line' id='line_1_125' title="bbox 1998 4819 3595 4946; baseline 0.003 -73"><span class='ocrx_word' id='word_1_891' title='bbox 1998 4823 2413 4946; x_wconf 49' lang='lat' dir='ltr'><strong>inimitiaturnus</strong></span> <span class='ocrx_word' id='word_1_892' title='bbox 2436 4836 2560 4888; x_wconf 80' lang='lat' dir='ltr'><strong>HOC,</strong></span> <span class='ocrx_word' id='word_1_893' title='bbox 2594 4822 2684 4876; x_wconf 88' lang='lat' dir='ltr'><strong>sed</strong></span> <span class='ocrx_word' id='word_1_894' title='bbox 2712 4819 2922 4893; x_wconf 83' lang='lat' dir='ltr'><strong>Jupiter</strong></span> <span class='ocrx_word' id='word_1_895' title='bbox 2948 4835 3124 4876; x_wconf 77' lang='lat' dir='ltr'><strong>FECIT.</strong></span> <span class='ocrx_word' id='word_1_896' title='bbox 3167 4819 3417 4893; x_wconf 88' lang='lat' dir='ltr'><strong>Plerique</strong></span> <span class='ocrx_word' id='word_1_897' title='bbox 3440 4821 3595 4889; x_wconf 86' lang='lat' dir='ltr'><strong>editi,</strong></span> 
     </span>
     <span class='ocr_line' id='line_1_126' title="bbox 2015 4902 2326 4946; baseline 0 0"><span class='ocrx_word' id='word_1_898' title='bbox 2015 4908 2095 4946; x_wconf 78' lang='lat' dir='ltr'><strong>ioc</strong></span> <span class='ocrx_word' id='word_1_899' title='bbox 2151 4902 2326 4946; x_wconf 79' lang='lat' dir='ltr'><strong>totum.</strong></span> 
     </span>
    </p>
   </div>
   <div class='ocr_carea' id='block_1_123' title="bbox 1997 4893 2326 4947">
    <p class='ocr_par' dir='ltr' id='par_1_123' title="bbox 1997 4893 2326 4947">
     <span class='ocr_line' id='line_1_127' title="bbox 1997 4893 2326 4947; baseline 0 0"><span class='ocrx_word' id='word_1_900' title='bbox 1997 4894 2095 4947; x_wconf 79' lang='lat' dir='ltr'><strong>hoc</strong></span> <span class='ocrx_word' id='word_1_901' title='bbox 2114 4893 2326 4947; x_wconf 83' lang='lat' dir='ltr'><strong>dictum.</strong></span> 
     </span>
    </p>
   </div>
   <div class='ocr_carea' id='block_1_124' title="bbox 2070 4962 3378 5037">
    <p class='ocr_par' dir='ltr' id='par_1_124' title="bbox 2070 4962 3378 5037">
     <span class='ocr_line' id='line_1_128' title="bbox 2070 4962 3378 5037; baseline 0 -19"><span class='ocrx_word' id='word_1_902' title='bbox 2070 4962 2289 5037; x_wconf 69' lang='lat' dir='ltr'><strong>Ennius.</strong></span> <span class='ocrx_word' id='word_1_903' title='bbox 2318 4963 2486 5037; x_wconf 78' lang='lat' dir='ltr'><strong>Cuius</strong></span> <span class='ocrx_word' id='word_1_904' title='bbox 2512 4974 2718 5021; x_wconf 89' lang='lat' dir='ltr'><strong>tantum</strong></span> <span class='ocrx_word' id='word_1_905' title='bbox 2743 4971 3033 5037; x_wconf 81' lang='lat' dir='ltr'><strong>supersunt</strong></span> <span class='ocrx_word' id='word_1_906' title='bbox 3058 4964 3378 5037; x_wconf 87' lang='lat' dir='ltr'><strong>fragmenta.</strong></span> 
     </span>
    </p>
   </div>
   <div class='ocr_carea' id='block_1_125' title="bbox 2073 5034 3599 5094">
    <p class='ocr_par' dir='ltr' id='par_1_125' title="bbox 2073 5034 3599 5094">
     <span class='ocr_line' id='line_1_129' title="bbox 2073 5034 3599 5094; baseline 0.004 -6"><span class='ocrx_word' id='word_1_907' title='bbox 2073 5034 2189 5089; x_wconf 83' lang='lat' dir='ltr'><strong>Pan</strong></span> <span class='ocrx_word' id='word_1_908' title='bbox 2214 5053 2329 5091; x_wconf 87' lang='lat' dir='ltr'><strong>eum</strong></span> <span class='ocrx_word' id='word_1_909' title='bbox 2355 5034 2557 5091; x_wconf 80' lang='lat' dir='ltr'><strong>deducit</strong></span> <span class='ocrx_word' id='word_1_910' title='bbox 2578 5038 2633 5092; x_wconf 87' lang='lat' dir='ltr'><strong>in</strong></span> <span class='ocrx_word' id='word_1_911' title='bbox 2674 5046 2915 5091; x_wconf 87' lang='lat' dir='ltr'><strong>montem.</strong></span> <span class='ocrx_word' id='word_1_912' title='bbox 2956 5035 3131 5091; x_wconf 91' lang='lat' dir='ltr'><strong>Locus</strong></span> <span class='ocrx_word' id='word_1_913' title='bbox 3156 5046 3242 5092; x_wconf 91' lang='lat' dir='ltr'><strong>est</strong></span> <span class='ocrx_word' id='word_1_914' title='bbox 3270 5036 3599 5094; x_wconf 72' lang='lat' dir='ltr'><strong>obscurissi~</strong></span> 
     </span>
    </p>
   </div>
   <div class='ocr_carea' id='block_1_126' title="bbox 1998 5106 3600 5175">
    <p class='ocr_par' dir='ltr' id='par_1_126' title="bbox 1998 5106 3600 5175">
     <span class='ocr_line' id='line_1_130' title="bbox 1998 5106 3600 5175; baseline 0.003 -14"><span class='ocrx_word' id='word_1_915' title='bbox 1998 5122 2141 5175; x_wconf 91' lang='lat' dir='ltr'><strong>mus,</strong></span> <span class='ocrx_word' id='word_1_916' title='bbox 2170 5119 2223 5163; x_wconf 90' lang='lat' dir='ltr'><strong>et</strong></span> <span class='ocrx_word' id='word_1_917' title='bbox 2270 5110 2401 5164; x_wconf 86' lang='lat' dir='ltr'><strong>mira</strong></span> <span class='ocrx_word' id='word_1_918' title='bbox 2429 5118 2539 5164; x_wconf 90' lang='lat' dir='ltr'><strong>tum</strong></span> <span class='ocrx_word' id='word_1_919' title='bbox 2587 5123 2721 5164; x_wconf 91' lang='lat' dir='ltr'><strong>mss.</strong></span> <span class='ocrx_word' id='word_1_920' title='bbox 2756 5117 2868 5164; x_wconf 93' lang='lat' dir='ltr'><strong>tum</strong></span> <span class='ocrx_word' id='word_1_921' title='bbox 2914 5106 3180 5164; x_wconf 87' lang='lat' dir='ltr'><strong>editorum</strong></span> <span class='ocrx_word' id='word_1_922' title='bbox 3234 5108 3490 5164; x_wconf 87' lang='lat' dir='ltr'><strong>varietas.</strong></span> <span class='ocrx_word' id='word_1_923' title='bbox 3517 5110 3600 5167; x_wconf 84' lang='lat' dir='ltr'><strong>Ex</strong></span> 
     </span>
    </p>
   </div>
   <div class='ocr_carea' id='block_1_127' title="bbox 2000 5178 3595 5251">
    <p class='ocr_par' dir='ltr' id='par_1_127' title="bbox 2000 5178 3595 5251">
     <span class='ocr_line' id='line_1_131' title="bbox 2000 5178 3595 5251; baseline 0.003 -19"><span class='ocrx_word' id='word_1_924' title='bbox 2000 5178 2082 5234; x_wconf 90' lang='lat' dir='ltr'><strong>his</strong></span> <span class='ocrx_word' id='word_1_925' title='bbox 2115 5183 2251 5234; x_wconf 88' lang='lat' dir='ltr'><strong>hanc</strong></span> <span class='ocrx_word' id='word_1_926' title='bbox 2271 5180 2406 5251; x_wconf 89' lang='lat' dir='ltr'><strong>elegi</strong></span> <span class='ocrx_word' id='word_1_927' title='bbox 2439 5179 2749 5249; x_wconf 86' lang='lat' dir='ltr'><strong>lectionem,</strong></span> <span class='ocrx_word' id='word_1_928' title='bbox 2774 5188 2961 5251; x_wconf 88' lang='lat' dir='ltr'><strong>utpote</strong></span> <span class='ocrx_word' id='word_1_929' title='bbox 2990 5178 3321 5234; x_wconf 90' lang='lat' dir='ltr'><strong>eruditorum</strong></span> <span class='ocrx_word' id='word_1_930' title='bbox 3353 5179 3595 5237; x_wconf 90' lang='lat' dir='ltr'><strong>virorum</strong></span> 
     </span>
    </p>
   </div>
   <div class='ocr_carea' id='block_1_128' title="bbox 1998 5251 3599 5323">
    <p class='ocr_par' dir='ltr' id='par_1_128' title="bbox 1998 5251 3599 5323">
     <span class='ocr_line' id='line_1_132' title="bbox 1998 5251 3599 5323; baseline 0.003 -18"><span class='ocrx_word' id='word_1_931' title='bbox 1998 5251 2244 5323; x_wconf 89' lang='lat' dir='ltr'><strong>consilio,</strong></span> <span class='ocrx_word' id='word_1_932' title='bbox 2288 5251 2589 5323; x_wconf 89' lang='lat' dir='ltr'><strong>majorique</strong></span> <span class='ocrx_word' id='word_1_933' title='bbox 2615 5266 2747 5306; x_wconf 91' lang='lat' dir='ltr'><strong>mss.</strong></span> <span class='ocrx_word' id='word_1_934' title='bbox 2771 5260 2826 5306; x_wconf 90' lang='lat' dir='ltr'><strong>et</strong></span> <span class='ocrx_word' id='word_1_935' title='bbox 2853 5251 3117 5305; x_wconf 87' lang='lat' dir='ltr'><strong>editorum</strong></span> <span class='ocrx_word' id='word_1_936' title='bbox 3163 5266 3390 5307; x_wconf 91' lang='lat' dir='ltr'><strong>numero</strong></span> <span class='ocrx_word' id='word_1_937' title='bbox 3418 5267 3481 5307; x_wconf 91' lang='lat' dir='ltr'><strong>ac</strong></span> <span class='ocrx_word' id='word_1_938' title='bbox 3502 5268 3599 5310; x_wconf 89' lang='lat' dir='ltr'><strong>au-</strong></span> 
     </span>
    </p>
   </div>
   <div class='ocr_carea' id='block_1_129' title="bbox 1998 5322 3597 5395">
    <p class='ocr_par' dir='ltr' id='par_1_129' title="bbox 1998 5322 3597 5395">
     <span class='ocr_line' id='line_1_133' title="bbox 1998 5322 3597 5395; baseline 0.003 -18"><span class='ocrx_word' id='word_1_939' title='bbox 1998 5322 2275 5395; x_wconf 18' lang='lat' dir='ltr'><strong>ctoritate;</strong></span> <span class='ocrx_word' id='word_1_940' title='bbox 2300 5322 2605 5395; x_wconf 69' lang='lat' dir='ltr'><strong>probatam,</strong></span> <span class='ocrx_word' id='word_1_941' title='bbox 2654 5337 2848 5395; x_wconf 82' lang='lat' dir='ltr'><strong>nempe</strong></span> <span class='ocrx_word' id='word_1_942' title='bbox 2896 5322 3354 5395; x_wconf 9' lang='lat' dir='ltr'><strong>mgss.multo_rum</strong></span> <span class='ocrx_word' id='word_1_943' title='bbox 3382 5323 3597 5381; x_wconf 80' lang='lat' dir='ltr'><strong>Vatica-</strong></span> 
     </span>
    </p>
   </div>
   <div class='ocr_carea' id='block_1_130' title="bbox 1999 5392 3594 5467">
    <p class='ocr_par' dir='ltr' id='par_1_130' title="bbox 1999 5392 3594 5467">
     <span class='ocr_line' id='line_1_134' title="bbox 1999 5392 3594 5467; baseline 0.003 -20"><span class='ocrx_word' id='word_1_944' title='bbox 1999 5407 2215 5467; x_wconf 77' lang='lat' dir='ltr'><strong>norum,</strong></span> <span class='ocrx_word' id='word_1_945' title='bbox 2250 5392 2549 5467; x_wconf 35' lang='lat' dir='ltr'><strong>2’Bonon_.,</strong></span> <span class='ocrx_word' id='word_1_946' title='bbox 2581 5392 2618 5447; x_wconf 74' lang='grc'>2</span> <span class='ocrx_word' id='word_1_947' title='bbox 2660 5392 2818 5467; x_wconf 37' lang='lat' dir='ltr'><strong>Regi,</strong></span> <span class='ocrx_word' id='word_1_948' title='bbox 2876 5393 3184 5467; x_wconf 84' lang='lat' dir='ltr'><strong>I__Sorbon.,</strong></span> <span class='ocrx_word' id='word_1_949' title='bbox 3217 5393 3393 5465; x_wconf 64' lang='lat' dir='ltr'><strong>Lips,</strong></span> <span class='ocrx_word' id='word_1_950' title='bbox 3416 5395 3594 5467; x_wconf 15' lang='lat' dir='ltr'><strong>iTax.,</strong></span> 
     </span>
    </p>
   </div>
   <div class='ocr_carea' id='block_1_131' title="bbox 2000 5464 3601 5536">
    <p class='ocr_par' dir='ltr' id='par_1_131' title="bbox 2000 5464 3601 5536">
     <span class='ocr_line' id='line_1_135' title="bbox 2000 5464 3601 5536; baseline 0.003 -18"><span class='ocrx_word' id='word_1_951' title='bbox 2000 5464 2429 5536; x_wconf 83' lang='lat' dir='ltr'><strong>Pal.,Cantabr.,</strong></span> <span class='ocrx_word' id='word_1_952' title='bbox 2453 5464 2680 5529; x_wconf 88' lang='lat' dir='ltr'><strong>Christ.,</strong></span> <span class='ocrx_word' id='word_1_953' title='bbox 2710 5464 3082 5536; x_wconf 77' lang='lat' dir='ltr'><strong>Edit.,Venet.</strong></span> <span class='ocrx_word' id='word_1_954' title='bbox 3113 5464 3601 5536; x_wconf 77' lang='lat' dir='ltr'><strong>M90,Soubron.,</strong></span> 
     </span>
    </p>
   </div>
   <div class='ocr_carea' id='block_1_132' title="bbox 1998 5533 3601 5604">
    <p class='ocr_par' dir='ltr' id='par_1_132' title="bbox 1998 5533 3601 5604">
     <span class='ocr_line' id='line_1_136' title="bbox 1998 5533 3601 5604; baseline 0.002 -12"><span class='ocrx_word' id='word_1_955' title='bbox 1998 5535 2229 5592; x_wconf 88' lang='lat' dir='ltr'><strong>Tornes.</strong></span> <span class='ocrx_word' id='word_1_956' title='bbox 2273 5538 2435 5604; x_wconf 82' lang='lat' dir='ltr'><strong>I579,</strong></span> <span class='ocrx_word' id='word_1_957' title='bbox 2487 5536 2692 5593; x_wconf 86' lang='lat' dir='ltr'><strong>Genev.</strong></span> <span class='ocrx_word' id='word_1_958' title='bbox 2718 5535 2880 5604; x_wconf 77' lang='grc'><strong>1615,</strong></span> <span class='ocrx_word' id='word_1_959' title='bbox 2923 5546 2979 5591; x_wconf 93' lang='lat' dir='ltr'><strong>et</strong></span> <span class='ocrx_word' id='word_1_960' title='bbox 3015 5533 3269 5603; x_wconf 62' lang='lat' dir='ltr'><strong>Isaaanaa;</strong></span> <span class='ocrx_word' id='word_1_961' title='bbox 3298 5533 3601 5595; x_wconf 79' lang='lat' dir='ltr'><strong>faventibus</strong></span> 
     </span>
    </p>
   </div>
   <div class='ocr_carea' id='block_1_133' title="bbox 1999 5607 3599 5681">
    <p class='ocr_par' dir='ltr' id='par_1_133' title="bbox 1999 5607 3599 5681">
     <span class='ocr_line' id='line_1_137' title="bbox 1999 5607 3599 5681; baseline 0.002 -18"><span class='ocrx_word' id='word_1_962' title='bbox 1999 5623 2213 5681; x_wconf 83' lang='lat' dir='ltr'><strong>quoque</strong></span> <span class='ocrx_word' id='word_1_963' title='bbox 2243 5609 2363 5681; x_wconf 69' lang='lat' dir='ltr'><strong>aliis</strong></span> <span class='ocrx_word' id='word_1_964' title='bbox 2386 5610 2415 5663; x_wconf 91' lang='lat'><strong>7</strong></span> <span class='ocrx_word' id='word_1_965' title='bbox 2445 5608 2576 5681; x_wconf 76' lang='lat' dir='ltr'><strong>Reg.</strong></span> <span class='ocrx_word' id='word_1_966' title='bbox 2606 5611 2906 5681; x_wconf 70' lang='lat' dir='ltr'><strong>interquos</strong></span> <span class='ocrx_word' id='word_1_967' title='bbox 2933 5618 3016 5663; x_wconf 87' lang='lat' dir='ltr'><strong>est</strong></span> <span class='ocrx_word' id='word_1_968' title='bbox 3040 5609 3275 5680; x_wconf 81' lang='lat' dir='ltr'><strong>Optimus</strong></span> <span class='ocrx_word' id='word_1_969' title='bbox 3303 5607 3599 5680; x_wconf 86' lang='lat' dir='ltr'><strong>Puteanus,</strong></span> 
     </span>
    </p>
   </div>
   <div class='ocr_carea' id='block_1_134' title="bbox 2000 5677 3601 5748">
    <p class='ocr_par' dir='ltr' id='par_1_134' title="bbox 2000 5677 3601 5748">
     <span class='ocr_line' id='line_1_138' title="bbox 2000 5677 3601 5748; baseline 0.001 -13"><span class='ocrx_word' id='word_1_970' title='bbox 2000 5677 2035 5735; x_wconf 71' lang='grc'><strong>4</strong></span> <span class='ocrx_word' id='word_1_971' title='bbox 2061 5677 2241 5746; x_wconf 68' lang='lat' dir='ltr'><strong>Colb.,</strong></span> <span class='ocrx_word' id='word_1_972' title='bbox 2291 5679 2435 5745; x_wconf 89' lang='lat' dir='ltr'><strong>Gat.,</strong></span> <span class='ocrx_word' id='word_1_973' title='bbox 2488 5677 2703 5748; x_wconf 27' lang='lat' dir='ltr'><strong>M’arm.,</strong></span> <span class='ocrx_word' id='word_1_974' title='bbox 2738 5679 2764 5733; x_wconf 91' lang='grc'><strong>1</strong></span> <span class='ocrx_word' id='word_1_975' title='bbox 2789 5677 3092 5747; x_wconf 42' lang='lat' dir='ltr'><strong>Clarum,</strong></span> <span class='ocrx_word' id='word_1_976' title='bbox 3120 5681 3312 5742; x_wconf 86' lang='lat' dir='ltr'><strong>Brun..</strong></span> <span class='ocrx_word' id='word_1_977' title='bbox 3350 5690 3406 5736; x_wconf 88' lang='lat' dir='ltr'><strong>et</strong></span> <span class='ocrx_word' id='word_1_978' title='bbox 3444 5677 3601 5745; x_wconf 61' lang='lat' dir='ltr'><strong>edittL</strong></span> 
     </span>
    </p>
   </div>
   <div class='ocr_carea' id='block_1_135' title="bbox 2002 5750 3614 5822">
    <p class='ocr_par' dir='ltr' id='par_1_135' title="bbox 2002 5750 3614 5822">
     <span class='ocr_line' id='line_1_139' title="bbox 2002 5750 3614 5822; baseline 0.001 -16"><span class='ocrx_word' id='word_1_979' title='bbox 2002 5750 2162 5806; x_wconf 87' lang='lat' dir='ltr'><strong>Rom.</strong></span> <span class='ocrx_word' id='word_1_980' title='bbox 2197 5751 2360 5820; x_wconf 69' lang='grc'><strong>1468,</strong></span> <span class='ocrx_word' id='word_1_981' title='bbox 2392 5752 2557 5818; x_wconf 78' lang='lat' dir='ltr'><strong>M70,</strong></span> <span class='ocrx_word' id='word_1_982' title='bbox 2587 5766 2653 5807; x_wconf 90' lang='lat' dir='ltr'><strong>ac</strong></span> <span class='ocrx_word' id='word_1_983' title='bbox 2680 5751 2905 5819; x_wconf 82' lang='lat' dir='ltr'><strong>Cellar.,</strong></span> <span class='ocrx_word' id='word_1_984' title='bbox 2965 5751 3239 5821; x_wconf 84' lang='lat' dir='ltr'><strong>inquibus</strong></span> <span class='ocrx_word' id='word_1_985' title='bbox 3267 5753 3462 5822; x_wconf 86' lang='lat' dir='ltr'><strong>legitur</strong></span> <span class='ocrx_word' id='word_1_986' title='bbox 3502 5752 3614 5807; x_wconf 85' lang='lat' dir='ltr'><strong>Pa-</strong></span> 
     </span>
    </p>
   </div>
   <div class='ocr_carea' id='block_1_136' title="bbox 2003 5822 3623 5896">
    <p class='ocr_par' dir='ltr' id='par_1_136' title="bbox 2003 5822 3623 5896">
     <span class='ocr_line' id='line_1_140' title="bbox 2003 5822 3623 5896; baseline 0.001 -17"><span class='ocrx_word' id='word_1_987' title='bbox 2003 5839 2153 5879; x_wconf 73' lang='lat' dir='ltr'><strong>nsam</strong></span> <span class='ocrx_word' id='word_1_988' title='bbox 2182 5838 2202 5890; x_wconf 84' lang='lat'><strong><em>;</em></strong></span> <span class='ocrx_word' id='word_1_989' title='bbox 2230 5824 2358 5883; x_wconf 84' lang='lat' dir='ltr'><strong>item</strong></span> <span class='ocrx_word' id='word_1_990' title='bbox 2388 5838 2523 5883; x_wconf 83' lang='lat' dir='ltr'><strong>mss.</strong></span> <span class='ocrx_word' id='word_1_991' title='bbox 2551 5822 2874 5895; x_wconf 75' lang='lat' dir='ltr'><strong>quibusdam</strong></span> <span class='ocrx_word' id='word_1_992' title='bbox 2896 5822 3170 5883; x_wconf 82' lang='lat' dir='ltr'><strong>Vaticanis</strong></span> <span class='ocrx_word' id='word_1_993' title='bbox 3190 5833 3246 5881; x_wconf 79' lang='lat' dir='ltr'><strong>et</strong></span> <span class='ocrx_word' id='word_1_994' title='bbox 3265 5823 3400 5881; x_wconf 88' lang='lat' dir='ltr'><strong>Pen.</strong></span> <span class='ocrx_word' id='word_1_995' title='bbox 3424 5823 3623 5896; x_wconf 84' lang='lat' dir='ltr'><strong>quibus</strong></span> 
     </span>
    </p>
   </div>
  </div>
