3986 6358
503 300 610 361 187

1609 296 1794 365 FIRI.
1828 299 2095 365 MGTAN

2238 299 2439 361 DIVIN.
2481 299 2726 362 INSTIT.
3672 311 3761 369 188

504 416 594 491 qui
626 430 748 473 eum
779 416 928 490 regni
978 413 1322 489 possessione
1363 412 1614 488 privavit.
1669 414 1815 477 idem
1864 428 2105 479 sororem
2133 413 2188 479 Α
2211 429 2333 473 eum
2360 413 2696 489 Corybantes
2733 414 2996 488 cymbalis
3026 414 3369 477 fefellerunt?
3400 419 3659 483 Postremo
3678 441 3761 487 cur

502 526 657 573 suam
685 512 912 580 Rheam,
954 524 1113 583 quam
1166 509 1333 573 latine
1359 508 1528 582 Opem
1580 509 1830 579 dicimus.
1858 526 1981 574 cum
2007 509 2103 569 ba-

501 604 659 665 beret
686 620 939 673 uxorem,
970 619 1234 676 responso
1282 604 1483 665 vetitus
1509 619 1630 661 esse
1655 604 1872 671 dicitur,
1924 620 2104 665 mares

502 698 702 759 liberos
727 697 991 766 educare;
1023 696 1169 770 quod
1196 696 1434 759 futurum
1462 707 1628 766 esset,
1655 708 1713 755 ut
1731 713 1760 752 a
1787 697 1898 753 lilio
1927 697 2099 767 pelle-

500 802 681 851 retur:
708 807 867 863 quam
898 806 1013 849 rem
1030 799 1299 860 metuens,
1317 801 1473 849 natos
1492 790 1595 849 sibi
1623 791 1762 849 lilios
1785 806 1893 855 non
1919 791 2103 863 utique

500 884 795 949 devorabat
821 886 904 958 (ut
929 885 1108 945 ferunt
1130 885 1345 959 fabulae)
1363 886 1461 945 sed
1483 887 1744 955 necabat;
1768 886 2097 960 quamquam

497 980 755 1051 scriptum
787 980 860 1039 sit
880 980 932 1037 in
964 979 1199 1039 Historia
1231 995 1382 1037 sacra
1430 981 1641 1053 (scilicet
1674 982 1855 1054 Ennii)
1905 980 2098 1039 Satur-

497 1089 647 1143 num,
676 1082 731 1131 et
758 1073 951 1146 Opem,
994 1084 1330 1147 casterosque
1352 1084 1480 1133 tunc
1507 1076 1755 1133 homines
1805 1076 2097 1135 humanam

497 1182 716 1227 carnem
746 1169 937 1225 solitos
958 1168 1188 1227 esitare:
1219 1184 1406 1225 verum
1431 1171 1663 1241 primum
1704 1169 1915 1238 Jovem,
1948 1170 2098 1243 leges

497 1261 807 1323 hominibus
828 1277 1118 1334 moresque
1143 1262 1493 1330 condentem,
1528 1263 1707 1323 edicto
1754 1264 2097 1334 prohibuisse

495 1370 565 1418 ne
595 1354 783 1413 liceret
809 1368 879 1411 eo
903 1355 1026 1412 cibo
1054 1355 1220 1412 vesci.
1249 1354 1407 1424 Quod
1434 1356 1479 1412 si
1511 1371 1698 1412 verum
1729 1367 1834 1424 est,
1858 1373 1977 1427 quae
2005 1372 2099 1427 po-

498 1456 604 1505 test
630 1447 683 1503 in
710 1462 777 1504 eo
801 1445 1360 1520 fuissejustitla?8ed
1409 1448 1593 1506 ﬁctum
1646 1466 1777 1506 sane
1821 1461 2093 1522 putemus,

497 1539 790 1603 Saturnum
814 1540 953 1603 tilias
981 1541 1295 1612 devorasse,
1331 1543 1494 1600 modo
1522 1559 1686 1615 quum
1719 1545 1896 1616 aliqua
1926 1546 2095 1601 ratio-

495 1649 594 1695 ne:
627 1650 753 1693 num
782 1634 1004 1703 idcirco,
1052 1635 1198 1708 quod
1238 1636 1315 1693 ait
1356 1636 1551 1709 vulgus
1596 1637 1903 1695 comedisse
1952 1637 2095 1694 filios

495 1743 625 1785 suos
650 1743 776 1785 eum
806 1730 897 1801 qui
946 1729 1220 1799 extulerit,
1275 1731 1678 1803 sepulturaeque
1720 1732 2095 1789 mandaverit?

2207 507 2393 567 extitit
2417 508 2595 579 aliqua
2624 508 2706 565 vis
2736 507 2929 579 major.
2976 523 3097 580 qum
3128 507 3272 567 illius
3303 509 3533 567 vinceret
3555 523 3763 582 potesta-

2206 601 2352 657 tem?
2380 599 2643 657 Nimirum
2672 615 2839 657 senex
2883 616 2913 656 a
2951 600 3153 673 juvene
3199 601 3357 661 facile
3402 604 3565 661 victus
3590 618 3682 675 est,
3709 625 3763 668 ac

2207 698 2471 769 spoliatus
2492 698 2739 770 imperio.
2770 698 2932 769 Fugit
2967 699 3147 770 igitur,
3181 708 3237 755 et
3261 698 3314 755 in
3342 699 3540 757 Italiam
3578 706 3763 777 navigio

2200 793 2366 857 venit,
2394 806 2514 849 cum
2534 792 2905 871 errassetdiu;
2926 792 3065 848 sicut
3082 792 3338 865 expulsus
3352 791 3563 851 Ovidius
3582 796 3631 852 in
3651 796 3763 856 Fas-

2202 892 2383 943 torum
2413 885 2569 941 libris
2596 884 2752 956 (libro
2780 883 2970 959 primo)
2996 885 3194 943 relert:

2294 1022 2449 1088 Causa
2473 1024 2596 1075 ratis
2616 1031 2862 1088 superest.
2878 1022 3140 1088 _T_buscut_n
3164 1027 3275 1088 rate
3302 1022 3438 1073 venit
3459 1022 3515 1073 ad
3537 1035 3712 1076 amnem

2389 1087 2521 1139 Ante
2546 1085 2808 1151 pererrato
2835 1085 3022 1136 falcifer
3042 1086 3166 1137 orbe
3191 1085 3346 1136 Deus.

2200 1215 2356 1272 Hunc
2380 1225 2653 1271 errantem
2684 1224 2847 1285 atque
2902 1214 3116 1285 inopem
3161 1213 3328 1269 Janus
3373 1214 3595 1284 excepit.
3623 1212 3764 1285 Cujus

2200 1308 2276 1363 rei
2309 1313 2619 1378 argumenta
2634 1314 2761 1363 sunt
2788 1306 2989 1361 nummi
3008 1314 3246 1368 veteres,
3279 1306 3331 1360 in
3349 1303 3536 1377 quibus
3561 1315 3759 1362 estcum

2199 1399 2396 1470 duplici
2427 1401 2602 1455 fronte
2628 1399 2814 1465 Janus,
2844 1408 2898 1455 et
2938 1400 2989 1453 in
3018 1398 3185 1454 altera
3231 1407 3384 1471 parte
3434 1398 3606 1464 navis;
3643 1399 3764 1456 sicut

2199 1491 2341 1549 idem
2365 1504 2521 1564 poeta
2547 1491 2783 1562 (ibidem)
2821 1491 3088 1563 subjecit:

2385 1625 2449 1683 At
2484 1625 2612 1681 bona
2634 1626 2897 1688 posteritas
2920 1626 3128 1689 puppim
3146 1621 3376 1689 formavit
3400 1626 3452 1676 in
3478 1637 3596 1686 tere,

2447 1686 2669 1754 Hospitis
2691 1686 2956 1739 adventum
2983 1686 3249 1738 testiﬁcata
3278 1687 3380 1737 dei.

493 1821 603 1892 Ops
620 1831 801 1879 autem
822 1838 945 1879 cum
972 1822 1161 1880 Jovem
1191 1824 1505 1896 peperisset,
1525 1823 2089 1890 subtraxitinfantem,
2122 1826 2173 1889 Β
2271 1820 2472 1877 Omnes
2505 1832 2637 1889 ergo
2684 1831 2792 1873 non
2842 1825 3049 1872 tantum
3094 1822 3291 1886 poetae,
3328 1813 3423 1871 sed
3456 1814 3766 1871 historiarum

492 1931 726 1988 eumque
756 1917 1102 1975 nutriendum
1133 1916 1318 1974 furtim
1340 1919 1489 1975 misit
1514 1919 1568 1976 in
1597 1919 1833 1976 Cretam.
1855 1918 2092 1976 Rursum

493 2008 911 2080 imprudentiam
963 2011 1357 2083 reprehendam
1403 2027 1625 2071 necesse
1664 2024 1767 2070 est.
1798 2012 1906 2068 Cur
1950 2012 2092 2068 enim

492 2117 814 2174 responsum
847 2104 916 2161 ab
943 2104 1052 2161 alio
1079 2106 1258 2176 potius
1281 2105 1526 2176 accepit?
1551 2104 1659 2162 Cur
1687 2107 1738 2161 in
1768 2105 1909 2163 caelo
1932 2121 2092 2162 cons-

490 2196 703 2267 titutus,
743 2212 865 2270 quis
905 2198 1233 2271 gerebantur
1260 2199 1314 2256 in
1355 2206 1520 2268 terra,
1565 2215 1672 2257 non
1701 2198 1952 2257 videbat?
1984 2196 2096 2258 Cur

2199 1930 2413 1986 quoque
2442 1928 2504 1968 ac
2555 1927 2735 1971 rerum
2786 1911 3128 1984 antiquarum
3160 1908 3477 1985 scriptores,
3522 1896 3766 1969 hominem

2199 2007 2364 2064 fuisse
2391 2005 2752 2070 consentiunt,
2776 2003 2866 2072 qui
2911 2016 3000 2058 res
3022 2001 3138 2069 ejus
3164 2001 3216 2055 in
3248 1998 3399 2055 Italia
3446 2008 3618 2070 gestas
3666 2013 3763 2054 me-

2197 2100 2383 2158 moriae
2408 2096 2777 2171 prodiderunt:
2801 2095 2998 2161 Grteci,
3031 2094 3295 2151 Diodorus
3317 2102 3373 2150 et
3398 2092 3648 2158 Thallus;
3685 2092 3773 2149 La-

2200 2198 2319 2268 tini,
2348 2195 2527 2275 Nepos
2548 2203 2603 2251 et
2646 2192 2863 2251 Cassius
2888 2201 2945 2249 et
2995 2189 3187 2246 Varro.
3246 2188 3384 2245 Nam
3430 2203 3547 2245 cum
3594 2186 3770 2261 agresti

1851 2375 2214 2436 VARIORUM
2249 2373 2481 2433 NOTAE.

565 2537 733 2594 Idem.
767 2537 894 2595 Mss.
922 2537 1035 2595 Pal.
1093 2538 1146 2606 1,
1175 2535 1356 2601 Colb..
1391 2538 1418 2593 1
1452 2536 1600 2607 Lips.
1627 2544 1685 2593 et
1731 2537 1893 2592 Brnn.
1933 2535 2087 2597 Item.

567 2611 830 2683 Responso
854 2612 1053 2667 vetitus.
1087 2609 1372 2682 Responso
1389 2609 1625 2669 Telluris
1666 2608 1875 2669 matris.
1911 2608 2093 2680 Apol-

492 2681 670 2739 lodor.
697 2698 806 2752 t,c.
839 2686 890 2740 1.
920 2680 1091 2745 (Ξειι.

568 2774 676 2831 Sed
702 2774 930 2830 necabat.
967 2776 1146 2831 Poetae
1170 2773 1562 2831 voluntomnes
1590 2773 1832 2835 liberosa
1861 2774 2096 2835 Saturno

493 2844 801 2912 devoratos,
828 2856 1024 2917 praeter
1047 2845 1398 2913 tres,Jovem,
1434 2845 1763 2917 Neptunum,
1788 2847 2094 2915 Plutonem,

493 2918 584 2987 qui
605 2918 705 2972 soli
736 2918 1058 2983 superstites
1104 2918 1289 2972 orbem
1345 2918 1657 2975 universum
1708 2919 1852 2975 inter
1877 2932 1937 2974 se
1971 2919 2100 2974 divi-

492 2999 699 3044 serunt.
751 2988 879 3045 Vide
906 2988 1195 3044 Hesiodum
1224 2990 1275 3044 in
1303 2989 1629 3060 Theogonia.

2198 2535 2329 2604 Quis
2356 2535 2518 2589 etiam
2548 2531 3083 2605 credatLaetsntium
3114 2531 3402 2604 scripsisse
3422 2533 3495 2588 vis
3521 2530 3771 2605 potentior,

2198 2603 2311 2679 qum
2327 2607 2467 2663 illius
2496 2608 2711 2679 vinceret
2738 2613 3034 2675 potestatem
3041 2603 3072 2679 _?

2270 2679 2456 2733 Janus.
2517 2674 2747 2734 Arnob.’
2782 2691 2865 2744 Ill,
2925 2691 2975 2747 p.
3032 2676 3163 2741 H7;
3218 2675 3259 2731 C
3338 2692 3385 2731 r.
3410 2717 3426 2743 ,
3484 2676 3609 2732 ldol.
3659 2674 3773 2731 Van.

2270 2767 2320 2804 ιι.
2357 2750 2408 2804 1.
2440 2750 2506 2804 4:
2531 2747 2758 2804 Tertull.
2790 2746 2946 2804 Aool.
2976 2761 3096 2804 can.
3130 2747 3225 2804 l0:
3433 2748 3526 2802 lib.
3556 2747 3698 2804 55.c.
3728 2746 3773 2804 3.

2200 2765 2320 2822 cap.
2357 2750 2408 2813 1,
2440 2750 2506 2822 gl;
2531 2747 2758 2805 Tertull.
2790 2746 2946 2822 Apol.
2976 2761 3096 2817 cap.
3130 2746 3402 2822 lQ:__Plin.
3433 2746 3774 2822 lib.»55,c._§,

2202 2816 2336 2877 sect.
2386 2821 2489 2888 15;
2549 2829 2743 2875 caetera
2775 2816 2904 2874 dant
2947 2816 3085 2873 notae
3133 2819 3197 2874 ad
3227 2819 3425 2875 Minue.
3462 2819 3570 2874 Fel.
3617 2834 3661 2873 c.
3697 2816 3773 2873 99.

2201 2892 2429 2949 Crenins
2461 2910 2512 2960 p.
2545 2908 2598 2948 ut
2626 2891 2938 2959 Animadv.,
2972 2908 3023 2961 p.
3053 2890 3144 2960 52,
3177 2893 3419 2949 tuaxime
3436 2890 3710 2947 Montfauc.
3731 2898 3764 2947 t.

2205 2982 2242 3020 ι.
2278 2966 2404 3035 Ant.
2442 2964 2598 3035 Expl.
2630 2964 2763 3018 BUN.

2275 3032 2436 3107 Cujus
2465 3032 2537 3090 rel
2579 3044 2878 3107 argumenta
2907 3042 3025 3089 sunt
3052 3034 3249 3087 nummi
3292 3044 3501 3103 veteres,
3532 3042 3631 3107 etc.
3663 3034 3771 3107 Mss.

569 3079 713 3176 {ita
733 3079 988 3176 ἐέεξτείξ.
1016 3079 1093 3176 ita
1120 3082 1378 3176 satis:
1392 3098 1459 3176 εξ
1477 3083 1924 3176 arethusa.
1960 3097 2090 3176 "1.8.5-

2207 3110 2254 3172 ι,
2278 3079 2443 3163 ἷῖῖἶῖιῖ.
2464 3079 2878 3174 transite};
2892 3079 3641 3176 ;.“.-";..;;.';;.'.;;;..';;.',;z."vias
3664 3079 3773 3161 i311}?

495 3162 552 3210 et
581 3151 703 3225 edd.
730 3152 907 3225 Betnl.
940 3162 992 3207 et
1016 3150 1103 3225 ls_._
1120 3151 1252 3208 Vide
1282 3168 1443 3225 supra
1471 3150 1590 3223 cap.
1635 3156 1722 3222 11,
1749 3154 1983 3211 similem
2010 3154 2092 3211 ιο·
2122 3150 2165 3176 “¹

494 3223 701 3298 cution.
727 3237 828 3298 ms.
868 3224 1015 3290 Em.,
1041 3222 1211 3298 Nam,
1250 3222 1409 3293 male,
1445 3222 1549 3298 pro,
1589 3243 1729 3281 num.
1754 3243 1768 3287 ;
1797 3242 1814 3281 ι
1842 3225 1989 3298 Lips.
2042 3235 2097 3285 et

494 3296 677 3365 plures
702 3294 851 3364 editi,
878 3312 1009 3351 nunc
1033 3294 1291 3351 idcirco...
1340 3294 1693 3357 mandaverit?
1719 3298 1822 3353 Alii
1869 3294 1985 3353 sine
2016 3298 2097 3357 in-

495 3368 873 3438 terrogatione.
904 3383 1034 3423 mss.
1057 3367 1109 3422 2.
1142 3368 1293 3423 Colb.
1320 3378 1375 3424 et
1396 3370 1449 3437 1,
1482 3370 1742 3436 Clarom.,
1766 3369 2093 3425 nonidcirco.

567 3463 711 3524 Num
739 3463 950 3525 idcirco.
982 3462 1218 3520 Subandi
1244 3474 1493 3534 putentur.
1520 3464 1650 3523 BUN.

574 3534 676 3604 Qui
721 3536 978 3601 extulerit,
1007 3535 1384 3607 sepulturteque
1423 3537 1759 3592 tmmdavcrit.
1803 3536 2004 3593 Venter
2041 3546 2097 3595 et

494 3622 558 3663 os
589 3608 1186 3680 per_comparationem
1211 3610 1517 3678 sepulcrum
1545 3607 1885 3680 appellantur
1911 3628 1923 3665 :
1970 3610 2097 3665 hinc

497 3679 663 3734 David
688 3677 779 3733 Ps.
814 3694 928 3744 xm,
960 3694 1011 3733 v.
1049 3685 1079 3729 ti
1102 3719 1117 3745 ,
1151 3677 1459 3747 Sepulcrum
1484 3677 1662 3749 patens
1714 3691 1787 3736 est
1817 3689 1991 3749 guttur
2009 3696 2096 3735 co—

494 3767 629 3805 rum.
663 3749 742 3804 Ad
768 3764 926 3821 quem
959 3750 1132 3821 locum
1178 3752 1406 3805 allusutn
1436 3753 1503 3805 ab
1545 3753 1742 3821 Optato
1774 3749 1902 3805 Afro
1931 3752 2024 3805 lib.
2055 3766 2094 3807 ιι

493 3824 755 3876 adversus
780 3820 993 3875 Parm.:
1024 3820 1173 3876 Unde
1190 3824 1356 3893 furori
1380 3833 1542 3877 vestro
1567 3820 1709 3876 tanta
1728 3825 1887 3893 [mnes
1919 3826 2097 3893 innata

494 3901 590 3958 est,
614 3901 668 3945 ut
694 3901 900 3964 guttura
928 3901 1090 3946 uestra
1110 3893 1342 3961 sepulcro
1365 3896 1649 3963 patentiora
1670 3892 1936 3964 [εισι-ειὶδῖ
1965 3892 2097 3948 Uni-

495 3964 678 4032 cuique
700 3964 935 4035 sepulcro
964 3964 1156 4032 sufﬁcit
1180 3980 1338 4017 unum
1379 3968 1554 4035 funus,
1583 3976 1628 4019 et
1655 3965 1953 4031 clauditur;
1976 3975 2092 4035 gut-

496 4035 598 4089 turi
622 4045 785 4109 vestro
816 4036 1067 4109 honorum
1102 4039 1283 4109 funera
1306 4038 1512 4109 minime
1538 4038 1822 4109 sufﬁciunt,
1857 4047 1903 4109 et
1927 4038 2096 4092 adhuc

496 4114 636 4177 patet
667 4106 789 4159 dum
834 4106 1034 4177 aliquos
1083 4107 1307 4176 quaeritis
1350 4106 1609 4162 devorarei
1650 4107 1824 4162 Valer.
1856 4108 1993 4163 Max.
2028 4110 2096 4166 de

493 4178 806 4242 Artemisia,
842 4179 933 4232 lib.
964 4193 1037 4244 ιν,
1058 4195 1106 4232 c.
1135 4178 1198 4243 6;
1222 4177 1538 4245 Quintilian.
1569 4179 1801 4235 Declam.
1838 4180 1934 4234 l2:
1960 4178 2093 4235 zEs-

495 4259 641 4304 tuaut
662 4249 832 4303 adhuc
860 4250 998 4304 intra
1025 4258 1201 4318 pectus
1217 4251 1454 4319 sepulcra
1481 4252 1938 4307 ventribusuostris
1968 4269 2093 4321 cog-

494 4321 851 4394 nataviscera.
884 4321 1018 4394 Quia
1044 4324 1206 4391 igitur
1251 4334 1442 4377 venter
1469 4333 1521 4377 et
1552 4336 1615 4378 os
1661 4322 1967 4393 sepulcrum
2008 4340 2097 4394 ap-

496 4393 784 4464 pellantur,
817 4392 942 4448 hinc
989 4392 1251 4448 Saturnus
1279 4395 1569 4449 devnrasse
1617 4392 1754 4449 filios
1784 4395 1959 4450 dictus
1986 4392 2088 4463 est,

494 4480 630 4538 quos
660 4465 928 4521 extulerat
954 4466 1368 4537 sopelioratqne.
1401 4464 1803 4523 Ktncmttuuus.

2201 3179 2447 3259 tarchnm
2477 3180 2530 3259 in
2575 3178 2890 3259 Ἰξῳμειῖκοίς,
2921 3176 3015 3248 qui
3043 3187 3239 3259 tamen.
3266 3178 3536 3259 rationem
3568 3191 3775 3259 nonnap-

2200 3252 2411 3322 probat,
2436 3252 2561 3322 quia
2618 3247 2676 3322 id
2700 3247 3101 3322 Saturno’gcum
3132 3250 3316 3322 multis
3347 3264 3633 3306 commune
3673 3247 3773 3322 fuit.

2201 3318 2269 3380 Ut
2290 3318 2469 3394 igitur'
2496 3321 2638 3393 quod
2672 3322 2799 3377 mihi
2831 3320 3002 3394 magis
3049 3321 3326 3394 probabile
3360 3318 3776 3394 videtur,iprofe_-

2197 3391 2335 3457 ram,
2372 3391 2734 3464 pnto'veteres
2755 3393 3001 3465 symbolo
3026 3392 3177 3465 navis
3220 3393 3370 3449 aliud
3427 3393 3693 3465 quidpiam
3721 3391 3777 3465 si-

2195 3461 3005 3537 gniﬁcasse,inempeiArcam
3058 3462 3207 3530 Noe,
3243 3482 3365 3537 _qua
3415 3480 3537 3537 cum
3564 3461 3681 3518 suis
3720 3461 3776 3537 ab

2197 3532 2492 3595 universali
2522 3532 2725 3591 diluvio
2780 3536 2876 3591 fuit
2920 3546 3184 3591 servatus.
3243 3534 3351 3591 Per
3405 3536 3598 3592 .lauum
3640 3532 3773 3589 multi

2197 3610 2512 3666 existimant
2555 3609 2801 3663 ennidem
2855 3606 3022 3662 Noatn
3088 3608 3520 3677 intelligendum,
3568 3618 3774 3677 eumque

2199 3681 2489 3737 bifrontem
2549 3680 2733 3750 pingi,
2795 3694 2862 3734 eo
2917 3678 3055 3747 quod
3108 3674 3298 3750 viderit
3347 3681 3601 3734 smculnm
3649 3674 3771 3750 quod

2197 3752 2298 3807 fuit
2345 3762 2470 3807 ante
2524 3746 2577 3806 εἰ
2646 3746 2765 3820 post
2822 3746 3103 3804 diluvium.
3171 3749 3254 3806 Ea:
3318 3746 3772 3817 Ducenium—qui

2198 3825 2379 3878 omnia
2440 3822 2601 3878 refert
2666 3822 2730 3875 ad
2780 3820 3104 3877 Noachicam
3181 3821 3463 3877 familiam.
3518 3853 3587 3864 —
3634 3820 3773 3876 Vide-

2197 3896 2271 3949 sis
2308 3896 2468 3950 etiam
2513 3892 2794 3949 Dickinson
2839 3892 2893 3946 in
2943 3890 3170 3947 diatriba
3226 3893 3292 3947 de
3338 3894 3452 3949 Noe
3495 3892 3771 3949 nominibus

2198 3966 2445 4021 ethnicis.
2474 3966 2579 4021 Sed
2622 3965 2951 4020 recentiores
2977 3980 3081 4032 ope
3110 3973 3354 4019 veterum
3391 3966 3770 4024 historicorum.

2198 4040 2382 4114 relicta
2411 4036 2743 4114 metaphora,
2778 4036 2846 4091 ad
2877 4051 2963 4114 res
2981 4051 3101 4114 quae
3132 4038 3305 4114 magis
3324 4035 3776 4114 suntvcresimiles

2197 4109 2478 4164 accedunt.
2519 4105 2576 4150 -έ
2612 4107 2672 4162 lli
2726 4108 2928 4161 nummi
2973 4105 3239 4162 dicuntur,
3272 4105 3402 4163 Jam‘
3443 4108 3603 4174 rutili,
3630 4105 3777 4173 ,ratici

2195 4179 2479 4247 Janicolte;
2501 4182 2567 4235 de
2597 4180 2790 4247 quibus
2835 4178 2956 4235 vide
3004 4178 3285 4235 Jobertum
3316 4196 3350 4236 e
3376 4180 3645 4237 Societatc
3662 4177 3772 4233 Jesu

2199 4254 2249 4306 in
2302 4252 2532 4322 eleganti
2578 4252 2715 4306 libro
2768 4249 2838 4305 de
2891 4249 3088 4305 Notitia
3150 4251 3246 4306 Rei
3302 4251 3639 4307 nummarim.
3685 4247 3777 4302 llos

2199 4339 2446 4378 nummos
2486 4331 2917 4379 commemorant
2941 4322 3148 4377 Plinius
3175 4324 3268 4378 lib.
3297 4324 3395 4390 55,
3430 4324 3673 4378 Ηιειοιιίω
3696 4332 3777 4373 ητις

2198 4405 2301 4449 tur.
2335 4410 2453 4465 cap.
2488 4397 2591 4459 l5;
2616 4393 2957 4457 Plutarchus,
3006 4395 3059 4448 in
3113 4394 3472 4463 Qnmstionib.
3504 4390 3774 4453 Romanis;

2203 4466 2521 4533 Macrobius,
2549 4466 2821 4521 Saturnal.
2846 4465 2939 4520 lib.
2968 4481 3009 4532 ι,
3044 4480 3164 4536 cap.
3196 4466 3248 4521 7.

566 4557 772 4613 Furtim
821 4558 958 4612 misit
1011 4509 1065 4612 in
1111 4509 1332 4612 Cretd‘m.
1370 4562 1559 4623 Antea,
1616 4576 1666 4614 c.
1724 4560 1806 4615 11.
1844 4560 1985 4618 idem
2011 4562 2096 4617 di-
2123 4509 2179 4572 Β
2207 4610 2240 4623 ,.
2273 4510 2657 4623 Ῑῗρνηφυῖτκῖίθ
2687 4552 2883 4623 ⁰¹¹ἶῖἶθίῗ
2907 4509 3283 4623 Ἦδᾷζβίγράίίί
3313 4538 3533 4623 “dices
3560 4536 3772 4593 Laetam

493 4639 663 4699 ctum,
706 4631 849 4703 quod
878 4628 945 4685 de
988 4628 1143 4685 Creta
1177 4630 1349 4685 insula
1392 4631 1504 4686 fere
1550 4645 1739 4758 ungues
1770 4633 2094 4707 intelligunt.

1651 4719 1951 4758 UNBHANUS.

1651 4719 1951 4761 UNBHANUS.

565 4794 895 4869 Corybantes.
929 4794 968 4851 Ii
998 4794 1404 4869 erantCybeles
1435 4796 1765 4865 sacerdotes,
1796 4799 1908 4869 qui,
1942 4813 2099 4856 sacro

497 4868 737 4941 correpti
792 4869 993 4931 lurore,
1024 4868 1269 4939 cymbala
1302 4868 1608 4939 pulsabant.
1658 4868 2097 4941 Ιιιςιηιρινῑιηιιιη,

498 4939 744 5012 ξηιιγείυε
775 4951 1133 5012 montetn,_ac
1167 4949 1349 5012 postea
1403 4940 1617 4995 Cretam
1648 4939 1974 5009 habitarunt,
2011 4942 2099 4998 ubi

496 5008 682 5082 Jovem
719 5012 975 5067 infantem
1019 5008 1288 5065 aluerunt.
1324 5011 1398 5066 De
1438 5026 1627 5069 eorum
1674 5012 1895 5067 nomine
1948 5008 2098 5082 putat

499 5081 1027 5158 piodorusSiculns,
1059 5082 1202 5158 quod
1228 5082 1356 5158 illud
1388 5083 1671 5158 habuerint
1702 5100 1731 5138 a
1764 5081 2094 5158 Corybante,

497 5151 625 5227 .lasii
654 5162 708 5207 et
728 5152 866 5209 Idea:
898 5151 1126 5227 lilio._-§-
1154 5153 1484 5227 Corybantes.
1536 5154 1697 5210 Liber
1745 5170 1782 5223 ι,
1818 5151 1944 5227 cap.
2005 5151 2095 5210 21.

500 5223 555 5277 ln
589 5239 807 5279 nummo
838 5235 998 5282 totam
1030 5223 1270 5281 fabulam
1288 5226 1457 5281 oculis
1482 5223 1919 5283 contrectandam
1952 5227 2101 5283 dedit

498 5294 762 5368 Μίιιιιιῑηιῑἒ
779 5296 868 5361 21,
893 5314 1010 5368 pag.
1034 5297 1160 5354 201.
1185 5297 1477 5368 Spnnheni.
1504 5299 1569 5353 ad
1588 5299 1795 5353 Callim.
1818 5299 1868 5353 in
1889 5297 2100 5357 Grono-

498 5367 618 5439 vius
645 5366 712 5439 ad
732 5364 1034 5439 .lovemfp.
1058 5370 1151 5434 ‘21,
1179 5364 1270 5426 ‘25.
1305 5367 1460 5423 Conf.
1490 5368 1710 5431 aniani
1738 5369 1865 5424 dial.
1900 5369 2094 5427 Vener.

498 5436 772 5512 etCupid.
798 5454 851 5508 p.
874 5436 1001 5512 206,
1056 5448 1109 5493 et
1144 5441 1211 5496 de
1265 5441 1456 5497 Saltat.
1491 5457 1541 5512 p.
1577 5441 1666 5496 78.
1719 5439 1990 5511 Langbein
2032 5442 2097 5498 ad

501 5507 1146 5595 QionXs.lL0ngiti;3ra_p.o‘t
1186 5513 1373 5595 ὕψους,
1405 5507 1539 5595 seet.
1572 5512 1675 5595 :59;
1700 5507 1872 5595 Y‘ossl
1904 5511 2094 5595 Theol.

502 5579 701 5636 Gentil.
731 5580 763 5632 Ι.
796 5595 853 5643 ιι,
876 5596 926 5634 c.
951 5580 1041 5635 55.
1067 5579 1430 5652 Montl’aucon,
1463 5587 1681 5658 Antiqu.
1716 5582 1932 5657 Expliq.
1964 5593 2073 5641 tom

502 5666 542 5707 ι.
575 5648 612 5704 f.
643 5650 768 5707 50!.
799 5666 878 5707 so.
912 5650 1043 5706 Bon.

502 5666 612 5719 1,1.
643 5666 768 5715 θυι,
799 5666 878 5721 sq.
912 5666 1043 5706 DUN.

506 5761 518 5805 ὲ
547 5743 765 5821 “Aliqua
795 5743 867 5821 vis
888 5745 1092 5821 __maior.
1119 5745 1194 5802 Ita
1222 5763 1352 5804 mss.
1403 5749 1635 5807 codices.
1684 5750 1744 5807 In
1788 5750 1946 5805 editis
1974 5756 2101 5821 post

506 5815 678 5884 aliqua
692 5816 783 5885 vis,
800 5815 1039 5873 additum
1061 5827 1142 5874 est
1165 5822 1416 5889 potentior
1430 5831 1539 5891 aut,
1552 5821 1695 5894 quod
1712 5831 1795 5881 est
1807 5815 2098 5894 glossema.

2204 4610 2331 4664 tiani
2356 4628 2367 4663 :
2397 4620 2450 4664 at
2480 4611 2732 4664 meliores
2764 4608 2885 4663 libri
2915 4609 3182 4676 Ovidiani,
3216 4611 3455 4665 servavit.

2276 4680 2648 4735 Prodiderant.
2697 4679 2867 4736 Mss.t
2915 4679 3178 4751 Colbert.,
3217 4682 3242 4736 1
3276 4683 3517 4738 Clarum.
3548 4690 3602 4738 et
3627 4677 3774 4735 Brun.

2202 4754 2539 4807 tradiderunt.

2276 4823 2542 4903 Diodgrus
2563 4834 2609 4879 et
2641 4823 2875 4903 Thgllus,
2894 4832 2998 4879 etc.
3033 4823 3271 4903 Tegull.
3287 4824 3447 4895 Apol.
3485 4826 3771 4903 Saturnum,

2203 4913 2367 4967 neque
2408 4896 2663 4949 Diodorus
2716 4894 2947 4960 Grtecus,
2975 4905 3063 4950 aut
3109 4894 3354 4965 Thallus,
3403 4914 3565 4967 neque
3592 4894 3777 4976 Cassii“

2204 4967 2440 5041 Severus,
2475 4977 2563 5022 aut
2588 4966 2854 5041 Cornelius
2880 4966 3104 5041 ANepos,
3137 4968 3283 5041 aliud
3335 4987 3494 5041 quam
3526 4972 3774 5041 hominem

2203 5040 2592 5111 provulgarunt.
2617 5039 2842 5094 Thallus
2871 5039 3148 5111 Syriacam
3174 5039 3468 5096 Historiam
3504 5040 3772 5111 diligenter

2204 5102 2471 5175 tractavit,
2499 5120 2554 5165 ut
2607 5118 2795 5167 auctor
2835 5102 2929 5166 est'
2965 5110 3252 5166 Africanus
3280 5114 3421 5182 apud
3478 5102 3774 5182 Eusc'b._d0

2202 5182 2439 5250 Przrpar.
2468 5182 2693 5253 Evang.,
2729 5183 2822 5237 lib.
2854 5198 2909 5249 x,
2937 5196 3057 5251 cap.
3089 5185 3158 5248 5;
3217 5180 3343 5240 item
3405 5184 3600 5239 Euseb.
3648 5180 3729 5234 lib.
3756 5188 3771 5229 ι

2201 5253 2531 5325 Chronic—
2547 5252 2811 5310 Diodorus
2840 5253 3074 5321 Siculus,
3107 5255 3201 5309 lib.
3233 5271 3311 5323 ιιι,
3347 5272 3469 5325 cap.
3500 5255 3588 5311 61.
3620 5252 3768 5325 Cant.

2272 5323 2511 5380 Thallus.
2564 5325 2695 5395 Cap.
2758 5325 2847 5380 25.
2895 5320 3090 5381 Minue.
3145 5326 3260 5383 Fel.
3298 5320 3370 5384 Vc.
3417 5320 3509 5384 92.
3561 5320 3766 5381 Tertull.

2200 5397 2349 5470 need
2392 5397 2509 5452 Nat.
2541 5411 2590 5451 c.
2627 5398 2715 5467 l2,
2766 5398 2964 5453 rectius
3027 5413 3186 5470 quam
3243 5398 3408 5456 Gotb.
3456 5409 3512 5455 et
3558 5398 3768 5453 Reimm.

2204 5468 2456 5523 Tltallius.
2484 5470 2612 5524 BUN.

2272 5539 2560 5614 Thallus...
2604 5538 2818 5614 Nepos,
2879 5540 3105 5614 Cassius.
3144 5542 3331 5614 Nepos
3387 5543 3443 5598 in
3497 5536 3769 5614 Chronic-0‘

2201 5627 2321 5683 rum
2349 5612 2519 5677 libris,
2546 5613 2633 5683 qui
2693 5607 2796 5667 una
2845 5628 2965 5667 cum
3003 5613 3178 5669 Thalli
3206 5607 3261 5670 εἰ
3285 5613 3457 5671 Cassii
3484 5610 3663 5670 Severi
3682 5607 3767 5662 bis

2202 5682 2354 5737 toi-iis
2380 5682 2717 5739 interierunt.
2750 5683 2977 5740 Eosdem
3012 5693 3260 5745 auctores
3298 5686 3368 5744 de
3392 5685 3604 5741 Saturni
3628 5687 3771 5748 regno

2203 5754 2443 5809 terrestri
2474 5754 2736 5813 Minucius
2759 5754 2910 5811 Felix
2930 5757 3080 5827 citat,
3102 5766 3158 5813 et
3179 5757 3542 5819 Tertullianus
3562 5752 3769 5826 ,ψωμῷ

2203 5838 2319 5884 can.
2353 5826 2441 5883 10.
2470 5824 2634 5884 Οειι..

2200 5838 2319 5897 cap.
2353 5838 2441 5883 tu.
2470 5838 2634 5884 una.
