3986 6358
237 329 339 387 189

234 446 462 523 quodam
491 460 645 505 more
660 447 714 504 in
741 447 896 505 Italia
924 449 1190 507 viveretur
1208 491 1224 516 ,

358 538 410 605 I_s
430 551 595 603 genus
611 537 848 605 indocile,
868 552 926 590 ac
946 540 1224 605 dispersum
1245 539 1493 605 montibus
1508 538 1623 592 altis

359 601 678 667 gmbpmuit;
701 601 948 667 legesque
971 601 1128 667 dedit,
1153 602 1446 667 Latiumque
1470 605 1635 657 vocari

359 665 553 735 Maluit,
578 666 658 717 his
672 665 905 731 quoniam
924 665 1147 719 latuisset
1165 672 1303 719 tutus
1319 665 1377 717 in
1386 668 1505 718 oris.

234 769 433 831 Censet
471 787 541 828 ne
568 770 767 842 aliquis
796 771 956 829 deum
978 786 1123 839 esse,
1152 771 1243 844 qui
1265 772 1454 845 pulsus
1493 781 1599 842 est,
1626 774 1719 846 qui
1749 772 1840 830 iu-

234 866 341 936 git,
369 866 461 935 qui
487 864 680 919 latuit?
700 864 870 921 Nemo
895 874 1003 922 tam
1025 866 1222 922 stultus
1250 876 1353 922 est.
1396 866 1500 936 Qui
1528 867 1674 924 enim
1706 868 1843 939 t‘ugit

235 966 327 1012 aut
353 956 511 1025 latet,
539 967 594 1013 et
620 957 728 1012 vim
760 966 815 1013 et
842 967 1074 1015 mortem
1100 959 1288 1015 timeat
1328 974 1552 1016 necesse
1598 968 1701 1016 est.
1745 959 1842 1017 Or-

234 1050 432 1122 pbeus,
460 1049 551 1121 qui
582 1050 920 1124 temporibus
941 1051 1059 1125 ejus
1076 1052 1351 1109 recentior
1376 1052 1496 1123 fuit,
1529 1064 1720 1129 aperte
1749 1055 1843 1117 Sa.-

234 1154 457 1202 turnum
479 1144 533 1201 in
558 1153 703 1203 terra
751 1152 809 1202 et
857 1145 999 1218 apud
1021 1144 1271 1203 homines
1310 1160 1567 1218 regnasse
1597 1163 1839 1207 comme-

236 1249 418 1299 morat
447 1257 463 1296 ε

425 1350 639 1402 nmo,
661 1348 726 1400 μιν
748 1343 910 1388 ἄκεσιν
934 1347 1138 1399 biﬂuvias:
1161 1349 1303 1401 Κρόνος
1323 1343 1480 1400 ἀνδρῶν,

425 1403 481 1453 ra.
503 1408 547 1452 δι
570 1413 709 1465 Κρόνου
730 1412 844 1465 τίνετ’
864 1411 975 1461 ὠτὸς
998 1406 1105 1460 ἄναξ.
1127 1413 1255 1465 μετα»
1277 1412 1433 1465 deum
1453 1413 1554 1462 ῑιδς.

230 1483 366 1543 item
397 1485 545 1543 Maro
572 1495 758 1543 noster
782 1502 797 1542 :

364 1576 567 1630 Aureus
586 1577 716 1629 hanc
732 1578 880 1630 vitam
898 1576 948 1629 in
972 1578 1123 1629 terris
1138 1577 1381 1630 Saturnus
1404 1578 1613 1643 agebat;

230 1659 307 1718 Et
328 1662 435 1719 alio
457 1661 580 1719 loco
610 1679 625 1717 :

377 1774 650 1841 Aureaque
665 1772 1053 1841 A(ut_perl_iibent)
1068 1772 1169 1841 _illo_
1181 1774 1275 1827 sub
1295 1786 1423 1841 rege
1438 1773 1600 1841 fuere:

374 1836 581 1920 Saecula
597 1851 610 1887 :
635 1836 710 1887 sic
726 1836 913 1901 placida
933 1836 1140 1904 populos
1158 1838 1210 1887 in
1225 1850 1347 1904 pace
1360 1836 1595 1903 iegebat.

228 1940 426 2014 Neque
447 1942 697 2013 superius
734 1939 869 1997 dixit
890 1941 942 1996 in
965 1941 1105 1999 ccelo
1130 1942 1304 2014 egisse
1332 1941 1519 2011 vitam,
1555 1959 1731 2017 neque
1758 1943 1841 2001 in-

213 2028 410 2092 Terius
436 2049 661 2108 superos
690 2035 741 2093 in
791 2050 926 2110 pace
956 2036 1163 2092 rexisse
1197 2053 1209 2090 :
1242 2034 1382 2095 unde
1427 2047 1652 2111 apparet
1680 2039 1838 2096 illum

229 2143 427 2202 regem
456 2126 623 2188 fuisse
654 2136 973 2201 terrenum;
1010 2128 1153 2202 quod
1202 2128 1332 2186 alibi
1367 2129 1611 2201 apertius
1656 2130 1842 2193 decla-

228 2230 371 2279 rat:

1085 2314 1245 2368 Aurea
1266 2316 1448 2369 condet

396 2380 617 2444 saecula;
641 2382 727 2444 qni
750 2392 923 2445 rursus
944 2378 1109 2445 Latio,
1134 2383 1344 2445 regnata
1368 2393 1459 2445 per
1485 2392 1600 2432 arva

398 2451 614 2501 Saturno
628 2444 891 2509 quondam.

232 2535 459 2595 Ennius
484 2533 702 2606 quidem
733 2532 786 2587 in
818 2529 1130 2589 Euhemero
1172 2545 1278 2587 non
1328 2529 1558 2601 primum
1605 2529 1738 2589 dicit
1763 2544 1850 2591 re~

227 2643 443 2703 gnasse
460 2627 774 2693 Saturnum,
799 2622 894 2680 sed
922 2622 1164 2681 Uranum
1192 2631 1421 2693 patrem.
1445 2622 1624 2692 Initio,
1648 2623 1846 2696 inquit,

231 2722 454 2794 primus
483 2721 537 2775 in
569 2719 728 2775 terris
753 2716 1040 2787 imperium
1069 2731 1340 2771 summum
1392 2714 1574 2771 leus
1614 2715 1801 2773 habuit
1827 2733 1843 2784 ;

232 2815 287 2871 is
325 2814 381 2870 id
425 2827 651 2884 regnum
677 2827 779 2866 una
803 2825 926 2866 cum
974 2808 1229 2865 fratribus
1267 2810 1379 2863 suis
1425 2808 1657 2865 instituit
1685 2818 1848 2881 atque

231 2907 477 2984 paravit.
506 2905 625 2961 Non
644 2920 835 2976 magna
861 2904 1154 2971 dissensio,
1182 2904 1450 2978 siquidem
1484 2904 1847 2962 maximorum

231 3009 529 3057 auctorum
570 2998 639 3055 de
672 2997 786 3053 ﬁlio
818 3013 882 3054 ac
911 3006 1066 3069 patre
1095 2996 1360 3054 dubitatio
1399 3006 1501 3054 est.
1533 2998 1638 3055 Sed
1667 3007 1846 3056 tamen

232 3106 539 3167 utrumque
578 3093 693 3149 fieri
724 3100 945 3167 potest:
989 3099 1048 3148 ut
1097 3099 1151 3146 et
1201 3091 1406 3162 primus
1460 3090 1673 3149 Uranus
1715 3094 1853 3151 emi-

1324 328 1529 389 LIBER
1568 328 1605 386 l.
1651 328 1739 387 DE
1777 327 2002 393 FALSA
2043 331 2436 399 RELIGIONE.

1862 454 1920 523 Α
1947 450 2166 520 habere,
2197 470 2301 513 non
2326 471 2550 529 regnum
2579 476 2595 527 ;
2620 469 2807 531 postca
2845 460 3111 521 Saturnus
3160 464 3397 536 majores
3442 463 3547 533 sibi

1937 559 2072 617 Opes
2089 552 2499 622 comparaverit,
2531 568 2595 610 ac
2620 554 2825 627 regium
2853 572 3050 616 nomen
3070 557 3340 617 asciverit.

3438 346 3541 403 190

2522 687 2752 746 CAPUT
2804 688 2944 749 XIV.

1946 797 2087 868 Quid
2110 800 2175 857 de
2198 800 2297 858 diis
2324 800 2603 859 Euhemeri
2631 814 2677 860 et
2706 802 2867 861 Ennii
2905 807 3083 863 doceat
3122 826 3271 865 sacra
3302 811 3541 869 historia.

2013 935 2167 997 Nunc
2192 939 2445 1010 quoniam
2465 940 2534 999 ab
2554 940 2636 1010 iis,
2666 958 2788 1014 qua:
2809 944 3119 1011 retulimus,
3146 948 3542 1019 aliquantulum

1942 1046 2097 1093 sacra
2143 1032 2378 1091 Historia
2407 1033 2680 1104 dissentit,
2711 1037 3021 1107 aperiamus
3040 1054 3102 1095 ea
3131 1055 3252 1111 quae
3279 1042 3425 1101 veris
3454 1043 3545 1101 lit-

1945 1127 2078 1182 teris
2100 1126 2465 1196 continentur,
2512 1144 2581 1184 ne
2625 1139 2904 1200 poetarum
2938 1132 3170 1205 ineptias
3198 1135 3251 1191 in
3285 1151 3548 1194 aceusan~

1943 1221 2029 1277 dis
2059 1221 2412 1293 religionibus
2438 1226 2591 1295 sequi
2620 1240 2683 1281 ac
2707 1225 2939 1296 probare
2961 1227 3260 1287 videamur.
3288 1229 3413 1287 Haec
3439 1230 3550 1287 En-

1945 1314 2020 1371 nii
2044 1314 2207 1375 verba
2231 1323 2356 1375 sunt
2385 1332 2398 1372 :
2434 1334 2453 1369 ι
2485 1315 2622 1375 Exin
2646 1316 2915 1378 Saturnus
2936 1335 3164 1379 uxorem
3184 1320 3335 1379 duxit
3352 1321 3546 1394 Opem.

1945 1406 2125 1479 Titan,
2154 1409 2246 1481 qui
2273 1410 2445 1480 major
2468 1419 2595 1465 natu
2626 1422 2764 1479 erat,
2796 1413 3032 1483 postulat
3061 1424 3116 1469 ut
3139 1414 3254 1485 ipse
3274 1425 3546 1487 regnaret.

1947 1498 2025 1556 lbi
2055 1499 2218 1559 Vesta
2245 1509 2417 1559 mater
2446 1518 2658 1571 eorum,
2698 1514 2753 1561 et
2778 1520 2997 1565 sorores
3029 1505 3195 1563 Ceres
3234 1516 3396 1580 atque
3416 1507 3549 1580 Ops,

1948 1593 2176 1653 suadent
2199 1593 2457 1664 Saturno,
2512 1607 2571 1653 ut
2614 1598 2681 1655 de
2712 1615 2879 1668 regno
2927 1616 3033 1659 non
3065 1605 3329 1660 concedat
3375 1602 3551 1663 fratri.

1949 1683 2026 1743 lbi
2050 1685 2229 1757 Titan,
2258 1689 2347 1761 qui
2395 1688 2533 1747 facie
2562 1690 2801 1750 deterior
2830 1704 2973 1750 esset
2997 1738 3011 1762 ,
3052 1710 3213 1765 quam
3246 1698 3552 1768 Saturnus,

1950 1775 2151 1839 idcirco
2180 1788 2237 1836 et
2264 1779 2409 1852 quod
2448 1780 2664 1839 videbat
2706 1793 2933 1845 matrem
2974 1796 3134 1858 atque
3175 1802 3394 1845 sorores
3429 1803 3557 1848 suas

1875 1856 1925 1921 Β
1950 1885 2167 1945 operam
2196 1873 2327 1933 dare
2353 1884 2412 1933 ut
2441 1875 2707 1935 Saturnus
2738 1891 3011 1951 regnaret,
3044 1856 3316 1939 concessit
3339 1885 3390 1940 ei
3422 1896 3479 1942 ut
3509 1885 3555 1945 is

1953 1976 2226 2038 regnaret.
2261 1967 2448 2042 Itaque
2471 1981 2658 2044 pactus
2688 1982 2773 2031 est
2800 1990 2921 2035 cum
2966 1975 3226 2045 Saturno,
3256 1979 3335 2035 uti
3358 1979 3403 2035 si
3425 1979 3555 2052 quid

1952 2059 2183 2121 liberum
2210 2063 2381 2121 virilis
2404 2079 2576 2125 sexus
2599 2067 2649 2124 ei
2680 2077 2867 2127 natum
2896 2082 3062 2137 esset,
3092 2088 3162 2129 ne
3186 2072 3464 2131 educarat.
3495 2073 3558 2134 ld

1954 2153 2071 2225 ejus
2100 2154 2179 2213 rei
2205 2170 2367 2215 causa
2396 2158 2540 2227 fecit,
2571 2160 2647 2219 uti
2672 2160 2740 2219 ad
2767 2177 2896 2219 suos
2923 2172 3117 2234 gnatos
3146 2180 3373 2237 regnum
3414 2167 3560 2227 rediv

1954 2255 2060 2309 ret.
2093 2249 2230 2307 Tum
2262 2251 2498 2311 Saturno
2541 2253 2685 2312 illius
2710 2257 2802 2329 qui
2848 2257 3055 2327 primus
3086 2268 3244 2317 natus
3280 2269 3386 2330 est,
3430 2276 3558 2320 eum

1956 2355 2304 2403 necaverunt.
2345 2346 2550 2406 Deinde
2599 2349 2866 2420 posterius
2887 2352 2995 2411 nati
3027 2361 3154 2409 sunt
3194 2354 3430 2425 gemini,
3460 2354 3558 2412 Juv

1953 2436 2094 2509 piter
2117 2446 2280 2509 atque
2299 2437 2458 2495 Juno.
2492 2440 2627 2497 Tum
2648 2440 2919 2499 lunonem
2949 2442 3183 2501 Saturno
3212 2444 3267 2503 in
3294 2459 3563 2517 conspec-v

1954 2540 2069 2591 tum
2102 2532 2328 2600 dedere,
2361 2544 2522 2607 atque
2548 2535 2738 2594 Jovem
2765 2538 2903 2597 clam
2932 2538 3291 2607 abscondunt,
3323 2539 3562 2611 dantque

1952 2639 2076 2681 cum
2134 2625 2310 2683 Vestae
2358 2627 2721 2698 educandum,
2780 2631 3019 2689 celantes
3057 2632 3371 2691 Saturnum.
3422 2632 3560 2691 Item

1952 2714 2257 2795 Neptunum
2287 2720 2426 2777 clam
2455 2722 2689 2778 Saturno
2716 2723 2825 2795 Ops
2849 2725 3025 2796 parit,
3071 2740 3305 2798 eumque
3339 2726 3561 2782 clancu-

1951 2811 2062 2867 lum
2092 2812 2396 2870 abscondit.
2429 2816 2509 2871 Ad
2543 2818 2795 2873 eumdem
2828 2819 3048 2875 modum
3080 2821 3240 2876 tertio
3270 2832 3425 2891 partu
3447 2821 3560 2893 Ops

1954 2906 2093 2977 parit
2134 2908 2402 2979 geminos,
2449 2909 2734 2969 Plutonem
2763 2920 2818 2970 et
2859 2911 3137 2974 Glaucum.
3181 2913 3340 2971 Pluto
3369 2914 3562 2973 Latine

1952 3009 2035 3055 est
2072 2998 2321 3071 Dispater
2349 3020 2364 3058 :
2395 3003 2485 3059 alii
2515 3003 2714 3061 Orcum
2744 3016 2959 3062 vocant.
2997 3007 3073 3061 lbi
3104 3005 3362 3063 Glaucam
3399 3007 3563 3063 tiliam

1951 3094 2183 3151 Saturno
2203 3096 2516 3164 ostendunt,
2549 3113 2612 3154 ac
2650 3099 2816 3154 tilium
2857 3099 3142 3156 Plutonem
3184 3101 3366 3157 celant
3396 3111 3562 3172 atque

232 3204 382 3248 nere
401 3188 539 3246 inter
566 3195 798 3244 czeteros
836 3184 1071 3259 potentia
1103 3183 1352 3255 coeperit,
1392 3192 1447 3241 et
1495 3185 1853 3259 principatum
1881 3178 1925 3241 C
1959 3188 2317 3249 abscondunt.
2368 3191 2570 3250 Deinde
2604 3191 2806 3251 Glauca
2855 3210 3016 3266 parva
3064 3197 3345 3253 cmoritur.
3380 3216 3400 3251 ι
3437 3196 3564 3261 lianc

1608 3323 1969 3383 VARIORUM
2000 3327 2228 3396 NOTAE.

320 3469 385 3525 Is
400 3483 580 3540 genus,
604 3462 880 3540 etc._Virg.
907 3462 1268 3540 vitt_:Eitei_d.,
1293 3461 1579 3540 δεοηιιεεε
1597 3463 1758 3540 verba
1780 3464 1856 3540 ci-

236 3531 437 3600 tantur
478 3531 639 3595 etiam
683 3537 751 3594 ab
797 3531 1102 3610 A'ugustino
1142 3534 1233 3591 lib.
1272 3549 1380 3599 vn,
1412 3533 1479 3591 de
1522 3531 1679 3591 Civit.
1724 3535 1856 3606 Dei,

236 3631 377 3673 εειι).
402 3610 496 3668 26.

312 3631 695 3753 eiiflt’jitoniam
732 3682 961 3753 latuisset
992 3686 1139 3753 tutus
1183 3681 1235 3735 in
1286 3678 1410 3733 oris.
1463 3676 1597 3753 Hinc
1639 3675 1858 3753 saturni

236 3748 478 3816 nonien'
498 3754 706 3810 deduco
734 3768 763 3808 a
795 3751 959 3807 verbo
990 3750 1206 3806 ltebraco
1234 3766 1427 3815 SATAR,
1456 3748 1623 3816 latuit,
1643 3749 1857 3809 abscon~

237 3832 365 3895 dit;
397 3827 470 3883 ita
512 3837 569 3881 ut
593 3827 856 3881 Saturnus
882 3822 1021 3895 idem
1052 3822 1122 3877 sit
1166 3837 1230 3895 ac
1258 3821 1440 3895 [ianus
1465 3862 1478 3889 ,
1521 3821 1662 3877 unde
1707 3828 1854 3883 terra

239 3891 535 3964 Saturnia,
562 3895 703 3954 dicta
726 3898 885 3952 etiam
918 3893 1144 3949 Latium.
1177 3891 1258 3949 Ea:
1283 3892 1499 3951 Vossto.

320 3974 636 4052 Πρὼτιστος,
659 3977 762 4024 etc.
794 3967 981 4023 Latine
1001 3968 1101 4032 sic,

237 4088 456 4140 Primus
476 4082 674 4150 quidem
709 4090 945 4145 regnator
969 4086 1079 4132 erat
1117 4081 1436 4131 terrestrium
1459 4078 1857 4150 Saturnus_viro-

347 4210 430 4264 Ex
444 4211 659 4261 Saturno
679 4215 845 4259 autem
862 4207 1064 4271 genitus
1080 4212 1158 4256 est
1177 4206 1285 4270 ipse
1306 4218 1403 4259 rex
1421 4218 1648 4271 magnus,
1706 4144 1857 4213 Imm,

346 4273 418 4326 Et
438 4273 540 4325 late
562 4281 734 4323 cuncta
756 4268 957 4322 intuens
969 4268 1187 4335 Jupiter.

324 4386 502 4440 Aurea
527 4381 726 4435 condet.
762 4379 841 4434 Ex
869 4379 960 4434 lib.
991 4395 1066 4447 vi,
1096 4376 1340 4447 κΕηεῑάη
1368 4376 1472 4435 795
1491 4420 1506 4446 ,
1537 4378 1627 4435 ubi
1657 4380 1863 4438 Anchi—

242 4472 345 4515 ses
377 4464 533 4527 pater
554 4452 664 4510 tilio
691 4449 881 4507 lineae
919 4449 989 4507 de
1016 4446 1258 4523 Augusto
1280 4446 1496 4506 Caesare
1536 4450 1652 4507 bare
1675 4453 1862 4510 vatici-

244 4541 443 4587 natur.

2038 3466 2294 3550 Concessit
2318 3472 2383 3550 ei.
2416 3488 2545 3531 mss.
2582 3473 2726 3550 Em,
2770 3472 2972 3533 Christ.
3006 3484 3061 3535 et
3086 3476 3174 3533 ctl.
3208 3477 3433 3548 Cellar.,
3468 3479 3560 3550 eis,

1964 3539 2173 3596 scilicet
2199 3545 2357 3601 matri
2390 3557 2444 3600 et
2472 3539 2772 3603 sororibus.

2036 3609 2364 3690 Filius._gPer
2390 3617 2715 3688 Antiptosim
2746 3635 2851 3690 pro
2866 3617 3081 3690 Filium,
3118 3629 3173 3675 ut
3204 3639 3217 3678 :
3252 3621 3553 3679 Sermonem

1962 3699 2108 3809 quem
2136 3686 2372 3813 aultlistis,
2405 3686 2603 3746 nonest
2632 3686 2804 3758 meus;
2838 3689 3023 3746 Urbem
3054 3709 3205 3763 quam
3231 3702 3419 3761 statuo,
3443 3710 3561 3751 ves-

1985 3772 2044 3812 ra
2069 3766 2161 3812 est.
2222 3772 2380 3813 smus.

1985 3772 2044 3812 ra
2069 3766 2161 3812 est.
2196 3766 2380 3815 IS.£US.

2036 3848 2293 3927 lunonem
2317 3852 2542 3927 Saturno
2566 3855 2618 3910 in
2646 3866 2967 3927 conspectum
2998 3856 3199 3913 dedere.
3231 3858 3379 3915 More
3409 3868 3561 3916 vete-

1963 3936 2107 3987 rum,
2148 3925 2488 4000 qui_prolem
2534 3926 2588 3981 in
2629 3925 2977 3999 conspectum
3025 3932 3191 4000 patris
3239 3932 3469 3994 dedere,
3504 3940 3564 3990 ut

1965 4008 2085 4072 eam
2115 3996 2401 4072 genuinam
2425 4010 2477 4053 et
2505 4000 2623 4069 ejus
2645 3996 2884 4056 sobolem
2917 3996 3038 4058 esse
3059 4013 3397 4072 agnosceret.
3426 4002 3561 4059 Cum

1966 4064 2111 4146 illam
2144 4069 2414 4146 acciperet
2439 4072 2506 4146 in
2536 4064 2800 4141 gremium
2836 4064 3191 4145 tolleretquc,
3226 4075 3436 4146 signum
3464 4075 3566 4132 fuit

1965 4138 2159 4208 agnita:
2181 4140 2406 4197 sobolis.
2439 4138 2751 4201 \VALCHIUS.

2038 4231 2605 4310 celantes_Saturrtuttt.
2631 4238 2819 4307 (30th.,
2853 4240 3094 4307 Subitam,
3120 4240 3255 4297 Ven.
3292 4240 3451 4310 1471,
3474 4256 3566 4297 se-

1967 4307 2140 4360 cunda
2171 4306 2330 4374 “78,
2357 4309 2536 4373 Rost.,
2564 4311 2785 4365 celantes
2810 4312 3061 4367 Saturno.
3082 4306 3224 4369 BUN.

2042 4376 2206 4454 Pluto
2232 4380 2391 4436 latine
2417 4390 2489 4436 est
2529 4380 2793 4451 Dispater.
2824 4384 2915 4439 Sic
2955 4383 3156 4440 habent
3184 4384 3400 4454 quidam
3428 4398 3560 4439 mss.

1970 4457 2106 4525 teste
2135 4451 2303 4525 Isaeo;
2352 4463 2405 4509 et
2431 4454 2509 4525 sic
2540 4455 2653 4523 ipse
2695 4454 2979 4525 legendum
3021 4471 3141 4511 esse
3177 4451 3380 4511 censet.
3423 4455 3563 4511 Cor-

1884 4514 1942 4585 D
1966 4522 2189 4577 rectioni
2210 4514 2407 4597 noStrzu
2429 4514 2609 4580 favent
2640 4514 2986 4597 vetristissimi
3012 4542 3144 4582 mss.
3172 4527 3568 4597 Regio-Putea-

327 4598 578 4675 Saecula;
602 4596 690 4668 qui
734 4612 912 4675 rursus
943 4592 1287 4675 Latio.__cho
1317 4595 1403 4664 qui
1421 4601 1527 4675 ,Iut
1570 4594 1709 4667 apud
1741 4594 1860 4650 Ma-
1930 4607 2120 4675 {musa
2152 4593 2533 4675 primanmanu,
2565 4607 2619 4653 et
2645 4596 2806 4675 Cane.
2843 4600 2893 4653 in
2925 4599 3118 4675 quibus
3144 4592 3561 4675 esthiispater,

246 4686 453 4731 ronem
486 4679 540 4725 et
563 4664 852 4725 in'cunctis
880 4666 1144 4722 Lactantii
1178 4679 1308 4720 mss.
1337 4664 1632 4733 codicibus,
1664 4678 1863 4736 praeter

244 4746 433 4803 Brun.
467 4752 521 4797 et
554 4741 682 4797 edit.
719 4741 772 4795 in
793 4741 987 4813 quibus
1013 4748 1247 4808 estquae.
1278 4736 1412 4792 Nam
1437 4735 1508 4791 ibi
1532 4737 1599 4793 de
1620 4735 1862 4811 Augusto

248 4820 723 4943 lo‘g’mlliiznabuit.
756 4882 847 4938 Sic
871 4880 1081 4938 restitui
1105 4894 1172 4936 ex
1195 4878 1446 4935 omnibus
1477 4896 1607 4937 mss.
1632 4896 1862 4943 quorum

247 4964 287 5021 5
324 4974 443 5016 rec.
493 4956 694 5012 habent
736 4954 957 5018 Caelius;
1013 4953 1194 5008 cuncti
1234 4966 1370 5021 pene
1412 4953 1576 5018 editi,
1632 4953 1860 5011 Uranus.

330 5032 503 5088 Sacra
532 5028 764 5082 historia.
783 5026 1002 5083 Scilicet
1020 5023 1311 5080 Eubemeri
1335 5039 1519 5095 quam,
1542 5025 1861 5095 interprets.

250 5116 345 5164 tus
376 5112 464 5159 est
491 5099 717 5155 Ennius.

331 5172 501 5231 Facie
519 5170 758 5225 deterior.
786 5168 862 5225 Ita
893 5165 1107 5225 restitui
1132 5183 1197 5224 ex
1223 5167 1478 5225 omnibus
1506 5167 1620 5225 fere
1647 5183 1778 5227 mss.
1806 5176 1867 5229 et

250 5248 314 5307 8.
347 5241 864 5315 impressis._C:ntei-i
894 5238 1082 5315 excusi
1112 5253 1235 5315 cum
1265 5254 1397 5295 mss.
1422 5238 1476 5308 ‘2,
1507 5240 1639 5315 εἴθε.
1669 5251 1866 5315 ιθοεθι

255 5322 285 5396 ς
322 5310 521 5396 Brom,
546 5313 719 5396 (acilia.
751 5316 821 5367 At
831 5313 977 5396 ίαεῇς
1013 5310 1253 5396 deterior,
1285 5322 1469 5396 recte:
1498 5310 1723 5396 Gallice,
1747 5314 1866 5396 plus

255 5391 375 5447 laid
405 5390 470 5444 de
511 5381 701 5458 eisage.
725 5414 796 5426 ——
822 5381 1004 5458 Facile
1031 5383 1278 5458 deterior.
1314 5381 1502 5458 09th.,
1522 5383 1669 5458 Lips.
1709 5381 1861 5458 tet-tu

256 5451 697 5524 iteimm.,Ven.,
729 5467 957 5527 utraque
985 5451 1674 5527 M78,_Crat.,’l‘ornes.'5,
1705 5455 1867 5518 Facie

254 5532 506 5592 deterior.
537 5527 656 5586 Non
683 5526 826 5584 male
850 5525 1126 5584 {deterius
1145 5525 1281 5587 Ven.
1308 5529 1409 5586 M7
1420 5530 1478 5658 11,3
1494 5530 1625 5658 fagi:
1652 5530 1862 5589 clarior.

1483 5618 1548 5657 un
1629 5618 1717 5658 an.

1483 5617 1717 5659 UNEIAN.

339 5676 560 5734 Sorores
581 5688 700 5728 suas
724 5686 934 5742 cperant
962 5669 1113 5742 dare.
1129 5670 1229 5742 Sic
1247 5672 1579 5730 restituimus
1602 5689 1667 5731 ex
1690 5674 1867 5733 omni-

261 5750 369 5807 bus
395 5744 511 5805 tere
532 5761 663 5801 mss.
696 5741 1031 5817 eteditian
1052 5741 1176 5799 edd.
1200 5741 1338 5817 Call.
1369 5755 1425 5801 et
1450 5743 1655 5817 Spark,
1689 5762 1860 5817 suam,

262 5838 392 5892 qua:
423 5834 529 5875 vox
550 5817 704 5892 abest
731 5831 759 5869 a
791 5816 826 5869 ‘2
853 5815 995 5892 Reg.
1014 5824 1218 5892 recent.
1240 5815 1366 5875 llaec
1392 5815 1573 5887 verba,
1598 5827 1748 5891 atque
1773 5815 1863 5878 se-

282 5884 431 5951 iores
456 5905 603 5959 suas,
629 5888 827 5955 desunt
850 5888 905 5945 in
933 5884 1020 5949 ed.
1049 5884 1268 5949 Sublac.

1966 4664 2109 4742 quod
2150 4674 2294 4742 puto_
2323 4667 2597 4742 librarium
2622 4670 2873 4739 scripisse
2916 4664 3010 4742 pro
3049 4670 3321 4742 Dispater,
3360 4664 3566 4742 quiest

1966 4736 2160 4802 Pluto;
2198 4739 2298 4812 eti
2343 4738 2580 4812 Clarum.
2624 4736 2812 4812 inquo
2856 4736 2940 4797 est
2980 4736 3231 4812 Dispiter.
3280 4743 3335 4797 lu
3378 4736 3564 4797 inultis

1916 4816 1919 4819 '
1967 4824 2098 4885 mss.
2137 4810 2268 4865 etin
2313 4811 2568 4885 omnibus
2615 4810 2735 4869 fere
2767 4812 2928 4869 editis
2966 4823 3048 4869 est
3083 4810 3390 4885 Diespiter:
3419 4812 3563 4885 quod

1965 4879 2134 4957 iovis,
2176 4896 2282 4957 non
2313 4882 2575 4949 Plutonis,
2613 4900 2910 4957 cognomen
2955 4894 3040 4940 est
3064 4925 3080 4951 ,
3133 4879 3268 4957 tesie
3296 4879 3566 4957 Macrobio

1966 4953 2240 5011 Saturnal.
2280 4970 2318 5017 ι.
2350 4970 2470 5026 cap.
2504 4958 2590 5013 15.
2631 4953 2788 5014 ΡΙίιιο
2829 4957 2994 5013 latine
3034 4966 3191 5012 sonat
3228 4955 3357 5020 Dis;
3401 4963 3458 5009 et
3485 4956 3566 5012 sic

1966 5035 2188 5082 voeatus
2209 5036 2290 5082 est
2319 5027 2537 5083 Aineid.
2572 5029 2664 5085 lib.
2694 5045 2769 5094 γι,
2802 5045 2852 5082 v.
2883 5028 3010 5095 269,
3038 5029 3086 5083 id
3115 5037 3197 5083 est
3223 5027 3380 5083 dives.
3408 5027 3566 5082 Pluto

1965 5107 2144 5174 autem
2193 5098 2274 5174 (ut
2310 5099 2680 5174 notat‘Cicero
2710 5102 2801 5156 lib.
2836 5115 2909 5167 ιι,
2955 5100 3021 5155 de
3051 5099 3171 5174 Nat.
3201 5099 3457 5174 deorum),
3480 5107 3567 5174 est

1965 5168 2212 5240 Dispater
2230 5212 2244 5234 ,
2279 5173 2431 5239 quasi
2455 5171 2605 5228 dicas
2626 5215 2639 5234 .
2670 5183 2813 5241 pater
2838 5174 2996 5235 dives,
3028 5172 3107 5225 vel
3135 5212 3149 5233 ,
3191 5168 3332 5225 Deus
3358 5168 3566 5225 diuitia-

1964 5259 2080 5297 rum
2106 5260 2118 5297 :
2153 5241 2288 5312 Quia
2316 5242 2430 5309 Dis,
2461 5253 2519 5299 ut
2541 5245 2678 5313 apud
2701 5243 2937 5307 Graecus,
2964 5243 3207 5299 πλουτῶν.
3234 5243 3437 5297 Arnob.
3468 5242 3563 5297 lib.

1966 5330 2025 5381 ιι,
2059 5315 2113 5370 in
2140 5315 2246 5370 line
2270 5334 2283 5369 :
2314 5313 2441 5370 Cum
2468 5333 2532 5372 ea:
2559 5316 2812 5386 Apollinis
2835 5315 3029 5368 monitu
3054 5316 3188 5382 patri
3215 5313 3347 5379 Diti,
3379 5331 3440 5368 ac
3465 5314 3571 5370 Sa-

1967 5395 2117 5443 turno
2143 5386 2380 5442 ltumanis
2406 5388 2656 5457 capitibus
2690 5386 3086 5457 supplicaretur.
3117 5386 3234 5454 Qua
3270 5396 3449 5457 autem
3480 5400 3570 5441 ra-

1967 5459 2113 5515 tione
2143 5458 2195 5514 in
2227 5460 2439 5515 caeteris
2466 5456 2725 5515 Lactantii
2756 5456 2887 5513 mss.
2911 5466 2968 5514 et
2995 5457 3156 5514 editis
3174 5469 3395 5513 vocatur
3418 5456 3571 5512 Dies-

1967 5530 2099 5602 piter
2124 5545 2233 5602 non
2262 5529 2440 5586 video.
2471 5530 2676 5586 Nomen
2707 5531 2852 5586 enim
2884 5530 3162 5600 DieSpitris
3190 5528 3313 5585 δονί
3338 5530 3571 5602 attribui-

1970 5597 2079 5684 tum
2104 5600 2274 5658 fuisse
2305 5602 2642 5659 notissimum
2663 5610 2778 5669 est;
2813 5612 2867 5656 at
2897 5597 3109 5659 Plutoni
3130 5617 3403 5672 nunquam
3426 5597 3572 5672 quod

1966 5688 2153 5729 selum.

2042 5743 2235 5800 Orcum
2264 5754 2464 5800 nocant.
2510 5744 2587 5801 ita
2627 5746 2936 5809 restitutum
2976 5761 3044 5805 ex
3091 5759 3223 5803 mss.
3266 5742 3573 5811 codicibus,

1968 5825 2165 5944 Icili-tute:
2181 5815 2318 5875 duos
2338 5818 2472 5890 lteg.
2497 5833 2610 5874 rec.
2640 5819 2690 5875 in
2721 5819 2936 5890 quibus,
2956 5819 3095 5877 sicut
3115 5828 3170 5875 et
3200 5818 3255 5874 in
3280 5817 3468 5887 editis,
3488 5820 3578 5873 est

2006 5902 2120 5944 icun
2152 5933 2163 5944 .

2006 5896 2163 5945 tcum.
