  <div class='ocr_page' id='page_1' title='image "/cluster/home/n/w/nwhite01/storage/ocr_20150623/6/hvd.32044015471238/101.png"; bbox 0 0 3986 6358; ppageno 0'>
   <div class='ocr_carea' id='block_1_1' title="bbox 522 347 621 409">
    <p class='ocr_par' dir='ltr' id='par_1_1' title="bbox 522 347 621 409">
     <span class='ocr_line' id='line_1_1' title="bbox 522 347 621 409; baseline 0.02 -2"><span class='ocrx_word' id='word_1_1' title='bbox 522 347 621 409; x_wconf 80' lang='grc'><strong>191</strong></span> 
     </span>
    </p>
   </div>
   <div class='ocr_carea' id='block_1_2' title="bbox 1609 319 3783 423">
    <p class='ocr_par' dir='ltr' id='par_1_2' title="bbox 1609 319 3783 423">
     <span class='ocr_line' id='line_1_2' title="bbox 1609 319 3783 423; baseline 0 -15"><span class='ocrx_word' id='word_1_2' title='bbox 1609 319 1799 409; x_wconf 75' lang='lat' dir='ltr'><strong>rtnu.</strong></span> <span class='ocrx_word' id='word_1_3' title='bbox 1839 349 2211 411; x_wconf 67' lang='lat' dir='ltr'><strong>mersura</strong></span> <span class='ocrx_word' id='word_1_4' title='bbox 2246 348 2453 408; x_wconf 78' lang='lat' dir='ltr'><strong>mvuv.</strong></span> <span class='ocrx_word' id='word_1_5' title='bbox 2494 349 2738 409; x_wconf 84' lang='lat' dir='ltr'><strong>INS&#39;I‘IT.</strong></span> <span class='ocrx_word' id='word_1_6' title='bbox 3692 362 3783 423; x_wconf 65' lang='grc' dir='ltr'><strong>ωε</strong></span> 
     </span>
    </p>
   </div>
   <div class='ocr_carea' id='block_1_3' title="bbox 520 486 3781 574">
    <p class='ocr_par' dir='ltr' id='par_1_3' title="bbox 520 486 3781 574">
     <span class='ocr_line' id='line_1_3' title="bbox 520 486 3781 574; baseline 0.004 -29"><span class='ocrx_word' id='word_1_7' title='bbox 520 486 602 562; x_wconf 91' lang='lat' dir='ltr'><strong>(ut</strong></span> <span class='ocrx_word' id='word_1_8' title='bbox 628 488 826 562; x_wconf 91' lang='lat' dir='ltr'><strong>scripta</strong></span> <span class='ocrx_word' id='word_1_9' title='bbox 858 488 1006 564; x_wconf 87' lang='lat' dir='ltr'><strong>sunt)</strong></span> <span class='ocrx_word' id='word_1_10' title='bbox 1031 488 1186 547; x_wconf 87' lang='lat' dir='ltr'><strong>Jovis</strong></span> <span class='ocrx_word' id='word_1_11' title='bbox 1216 486 1548 561; x_wconf 89' lang='lat' dir='ltr'><strong>fratrumque</strong></span> <span class='ocrx_word' id='word_1_12' title='bbox 1574 490 1692 560; x_wconf 83' lang='lat' dir='ltr'><strong>ejus</strong></span> <span class='ocrx_word' id='word_1_13' title='bbox 1721 489 1885 560; x_wconf 93' lang='lat' dir='ltr'><strong>stirps</strong></span> <span class='ocrx_word' id='word_1_14' title='bbox 1906 531 1921 556; x_wconf 89' lang='lat'><strong>,</strong></span> <span class='ocrx_word' id='word_1_15' title='bbox 1949 496 2114 561; x_wconf 89' lang='lat' dir='ltr'><strong>atque</strong></span> <span class='ocrx_word' id='word_1_16' title='bbox 2139 492 2194 554; x_wconf 79' lang='grc' dir='ltr'><strong>Α</strong></span> <span class='ocrx_word' id='word_1_17' title='bbox 2218 488 2447 558; x_wconf 84' lang='lat' dir='ltr'><strong>insidiis,</strong></span> <span class='ocrx_word' id='word_1_18' title='bbox 2486 505 2709 562; x_wconf 78' lang='lat' dir='ltr'><strong>regnum</strong></span> <span class='ocrx_word' id='word_1_19' title='bbox 2746 489 2849 546; x_wconf 87' lang='lat' dir='ltr'><strong>sibi</strong></span> <span class='ocrx_word' id='word_1_20' title='bbox 2893 489 3074 549; x_wconf 92' lang='lat' dir='ltr'><strong>denuo</strong></span> <span class='ocrx_word' id='word_1_21' title='bbox 3112 491 3434 563; x_wconf 86' lang='lat' dir='ltr'><strong>vindicasse,</strong></span> <span class='ocrx_word' id='word_1_22' title='bbox 3486 511 3548 554; x_wconf 89' lang='lat' dir='ltr'><strong>ac</strong></span> <span class='ocrx_word' id='word_1_23' title='bbox 3591 498 3781 574; x_wconf 86' lang='lat' dir='ltr'><strong>fugasse</strong></span> 
     </span>
    </p>
   </div>
   <div class='ocr_carea' id='block_1_4' title="bbox 522 582 2117 656">
    <p class='ocr_par' dir='ltr' id='par_1_4' title="bbox 522 582 2117 656">
     <span class='ocr_line' id='line_1_4' title="bbox 522 582 2117 656; baseline -0.002 -16"><span class='ocrx_word' id='word_1_24' title='bbox 522 586 774 656; x_wconf 74' lang='lat' dir='ltr'><strong>cognatio</strong></span> <span class='ocrx_word' id='word_1_25' title='bbox 800 588 853 641; x_wconf 89' lang='lat' dir='ltr'><strong>in</strong></span> <span class='ocrx_word' id='word_1_26' title='bbox 884 585 1027 640; x_wconf 91' lang='lat' dir='ltr'><strong>hunc</strong></span> <span class='ocrx_word' id='word_1_27' title='bbox 1056 583 1276 640; x_wconf 87' lang='lat' dir='ltr'><strong>modum</strong></span> <span class='ocrx_word' id='word_1_28' title='bbox 1322 584 1478 639; x_wconf 87' lang='lat' dir='ltr'><strong>nobis</strong></span> <span class='ocrx_word' id='word_1_29' title='bbox 1516 598 1581 639; x_wconf 80' lang='lat' dir='ltr'><strong>ex</strong></span> <span class='ocrx_word' id='word_1_30' title='bbox 1614 597 1768 639; x_wconf 89' lang='lat' dir='ltr'><strong>sacra</strong></span> <span class='ocrx_word' id='word_1_31' title='bbox 1818 582 2117 654; x_wconf 75' lang='lat' dir='ltr'><strong>scriptione</strong></span> 
     </span>
    </p>
   </div>
   <div class='ocr_carea' id='block_1_5' title="bbox 519 672 2118 751">
    <p class='ocr_par' dir='ltr' id='par_1_5' title="bbox 519 672 2118 751">
     <span class='ocr_line' id='line_1_5' title="bbox 519 672 2118 751; baseline -0.002 -15"><span class='ocrx_word' id='word_1_32' title='bbox 519 672 717 736; x_wconf 72' lang='lat' dir='ltr'><strong>tradita</strong></span> <span class='ocrx_word' id='word_1_33' title='bbox 742 688 844 737; x_wconf 92' lang='lat' dir='ltr'><strong>est.</strong></span> <span class='ocrx_word' id='word_1_34' title='bbox 875 679 1008 736; x_wconf 87' lang='lat' dir='ltr'><strong>Item</strong></span> <span class='ocrx_word' id='word_1_35' title='bbox 1039 679 1200 751; x_wconf 90' lang='lat' dir='ltr'><strong>paulo</strong></span> <span class='ocrx_word' id='word_1_36' title='bbox 1230 687 1353 751; x_wconf 90' lang='lat' dir='ltr'><strong>post</strong></span> <span class='ocrx_word' id='word_1_37' title='bbox 1375 679 1491 734; x_wconf 80' lang='lat' dir='ltr'><strong>haec</strong></span> <span class='ocrx_word' id='word_1_38' title='bbox 1517 677 1679 733; x_wconf 84' lang='lat' dir='ltr'><strong>infert</strong></span> <span class='ocrx_word' id='word_1_39' title='bbox 1707 696 1719 731; x_wconf 92' lang='lat'><strong>:</strong></span> <span class='ocrx_word' id='word_1_40' title='bbox 1757 697 1776 731; x_wconf 73' lang='grc' dir='ltr'>ι</span> <span class='ocrx_word' id='word_1_41' title='bbox 1801 677 2003 734; x_wconf 88' lang='lat' dir='ltr'><strong>Deinde</strong></span> <span class='ocrx_word' id='word_1_42' title='bbox 2024 676 2118 733; x_wconf 87' lang='lat' dir='ltr'><strong>Ti-</strong></span> 
     </span>
    </p>
   </div>
   <div class='ocr_carea' id='block_1_6' title="bbox 518 773 2122 847">
    <p class='ocr_par' dir='ltr' id='par_1_6' title="bbox 518 773 2122 847">
     <span class='ocr_line' id='line_1_6' title="bbox 518 773 2122 847; baseline 0 -17"><span class='ocrx_word' id='word_1_43' title='bbox 518 782 636 845; x_wconf 86' lang='lat' dir='ltr'><strong>tan,</strong></span> <span class='ocrx_word' id='word_1_44' title='bbox 659 784 942 847; x_wconf 78' lang='lat' dir='ltr'><strong>postquam</strong></span> <span class='ocrx_word' id='word_1_45' title='bbox 964 774 1183 832; x_wconf 83' lang='lat' dir='ltr'><strong>rescivit</strong></span> <span class='ocrx_word' id='word_1_46' title='bbox 1204 774 1438 832; x_wconf 81' lang='lat' dir='ltr'><strong>Saturno</strong></span> <span class='ocrx_word' id='word_1_47' title='bbox 1452 773 1595 832; x_wconf 83' lang='lat' dir='ltr'><strong>filios</strong></span> <span class='ocrx_word' id='word_1_48' title='bbox 1612 781 1942 844; x_wconf 91' lang='lat' dir='ltr'><strong>procreatos,</strong></span> <span class='ocrx_word' id='word_1_49' title='bbox 1959 781 2122 844; x_wconf 89' lang='lat' dir='ltr'><strong>atque</strong></span> 
     </span>
    </p>
   </div>
   <div class='ocr_carea' id='block_1_7' title="bbox 520 866 2121 941">
    <p class='ocr_par' dir='ltr' id='par_1_7' title="bbox 520 866 2121 941">
     <span class='ocr_line' id='line_1_7' title="bbox 520 866 2121 941; baseline -0.001 -17"><span class='ocrx_word' id='word_1_50' title='bbox 520 868 776 925; x_wconf 85' lang='lat' dir='ltr'><strong>educatos</strong></span> <span class='ocrx_word' id='word_1_51' title='bbox 815 883 935 926; x_wconf 88' lang='lat' dir='ltr'><strong>esse</strong></span> <span class='ocrx_word' id='word_1_52' title='bbox 961 869 1125 935; x_wconf 90' lang='lat' dir='ltr'><strong>clam,</strong></span> <span class='ocrx_word' id='word_1_53' title='bbox 1174 869 1385 926; x_wconf 89' lang='lat' dir='ltr'><strong>seducit</strong></span> <span class='ocrx_word' id='word_1_54' title='bbox 1433 883 1618 927; x_wconf 88' lang='lat' dir='ltr'><strong>secum</strong></span> <span class='ocrx_word' id='word_1_55' title='bbox 1662 866 1805 924; x_wconf 84' lang='lat' dir='ltr'><strong>filios</strong></span> <span class='ocrx_word' id='word_1_56' title='bbox 1859 869 2121 941; x_wconf 68' lang='lat' dir='ltr'><strong>suosqui</strong></span> 
     </span>
    </p>
   </div>
   <div class='ocr_carea' id='block_1_8' title="bbox 521 960 2123 1035">
    <p class='ocr_par' dir='ltr' id='par_1_8' title="bbox 521 960 2123 1035">
     <span class='ocr_line' id='line_1_8' title="bbox 521 960 2123 1035; baseline 0.001 -17"><span class='ocrx_word' id='word_1_57' title='bbox 521 960 700 1018; x_wconf 86' lang='lat' dir='ltr'><strong>Titani</strong></span> <span class='ocrx_word' id='word_1_58' title='bbox 730 971 1013 1030; x_wconf 81' lang='lat' dir='ltr'><strong>vocantur,</strong></span> <span class='ocrx_word' id='word_1_59' title='bbox 1046 962 1377 1035; x_wconf 80' lang='lat' dir='ltr'><strong>fratremque</strong></span> <span class='ocrx_word' id='word_1_60' title='bbox 1405 978 1562 1020; x_wconf 92' lang='lat' dir='ltr'><strong>suum</strong></span> <span class='ocrx_word' id='word_1_61' title='bbox 1602 963 1891 1019; x_wconf 81' lang='lat' dir='ltr'><strong>Saturnum</strong></span> <span class='ocrx_word' id='word_1_62' title='bbox 1916 1004 1933 1032; x_wconf 94' lang='lat'><strong>,</strong></span> <span class='ocrx_word' id='word_1_63' title='bbox 1960 972 2123 1035; x_wconf 90' lang='lat' dir='ltr'><strong>atque</strong></span> 
     </span>
    </p>
   </div>
   <div class='ocr_carea' id='block_1_9' title="bbox 518 1054 2125 1132">
    <p class='ocr_par' dir='ltr' id='par_1_9' title="bbox 518 1054 2125 1132">
     <span class='ocr_line' id='line_1_9' title="bbox 518 1054 2125 1132; baseline 0.001 -19"><span class='ocrx_word' id='word_1_64' title='bbox 518 1054 688 1128; x_wconf 89' lang='lat' dir='ltr'><strong>Opem</strong></span> <span class='ocrx_word' id='word_1_65' title='bbox 737 1057 1168 1128; x_wconf 89' lang='lat' dir='ltr'><strong>comprehendit,</strong></span> <span class='ocrx_word' id='word_1_66' title='bbox 1218 1072 1421 1132; x_wconf 89' lang='lat' dir='ltr'><strong>eosque</strong></span> <span class='ocrx_word' id='word_1_67' title='bbox 1468 1073 1626 1115; x_wconf 92' lang='lat' dir='ltr'><strong>muro</strong></span> <span class='ocrx_word' id='word_1_68' title='bbox 1679 1057 2017 1132; x_wconf 78' lang='lat' dir='ltr'><strong>circumegit,</strong></span> <span class='ocrx_word' id='word_1_69' title='bbox 2069 1067 2125 1115; x_wconf 90' lang='lat' dir='ltr'><strong>et</strong></span> 
     </span>
    </p>
   </div>
   <div class='ocr_carea' id='block_1_10' title="bbox 523 1149 1252 1222">
    <p class='ocr_par' dir='ltr' id='par_1_10' title="bbox 523 1149 1252 1222">
     <span class='ocr_line' id='line_1_10' title="bbox 523 1149 1252 1222; baseline 0 -17"><span class='ocrx_word' id='word_1_70' title='bbox 523 1149 823 1206; x_wconf 84' lang='lat' dir='ltr'><strong>custodiam</strong></span> <span class='ocrx_word' id='word_1_71' title='bbox 849 1149 933 1207; x_wconf 87' lang='lat' dir='ltr'><strong>his</strong></span> <span class='ocrx_word' id='word_1_72' title='bbox 952 1152 1195 1222; x_wconf 89' lang='lat' dir='ltr'><strong>apponit.</strong></span> <span class='ocrx_word' id='word_1_73' title='bbox 1232 1170 1252 1205; x_wconf 77' lang='grc'><strong>1</strong></span> 
     </span>
    </p>
   </div>
   <div class='ocr_carea' id='block_1_11' title="bbox 604 1244 2124 1322">
    <p class='ocr_par' dir='ltr' id='par_1_11' title="bbox 604 1244 2124 1322">
     <span class='ocr_line' id='line_1_11' title="bbox 604 1244 2124 1322; baseline 0.003 -22"><span class='ocrx_word' id='word_1_74' title='bbox 604 1244 731 1302; x_wconf 65' lang='lat' dir='ltr'><strong>Haec</strong></span> <span class='ocrx_word' id='word_1_75' title='bbox 765 1244 989 1302; x_wconf 85' lang='lat' dir='ltr'><strong>historia</strong></span> <span class='ocrx_word' id='word_1_76' title='bbox 1019 1262 1180 1318; x_wconf 89' lang='lat' dir='ltr'><strong>quam</strong></span> <span class='ocrx_word' id='word_1_77' title='bbox 1218 1261 1347 1303; x_wconf 89' lang='lat' dir='ltr'><strong>vera</strong></span> <span class='ocrx_word' id='word_1_78' title='bbox 1393 1249 1483 1315; x_wconf 90' lang='lat' dir='ltr'><strong>sit,</strong></span> <span class='ocrx_word' id='word_1_79' title='bbox 1533 1247 1695 1305; x_wconf 90' lang='lat' dir='ltr'><strong>docet</strong></span> <span class='ocrx_word' id='word_1_80' title='bbox 1735 1247 1938 1322; x_wconf 83' lang='lat' dir='ltr'><strong>Sibylla</strong></span> <span class='ocrx_word' id='word_1_81' title='bbox 1985 1249 2124 1322; x_wconf 87' lang='lat' dir='ltr'><strong>Ery-</strong></span> 
     </span>
    </p>
   </div>
   <div class='ocr_carea' id='block_1_12' title="bbox 528 1340 2126 1414">
    <p class='ocr_par' dir='ltr' id='par_1_12' title="bbox 528 1340 2126 1414">
     <span class='ocr_line' id='line_1_12' title="bbox 528 1340 2126 1414; baseline 0.002 -18"><span class='ocrx_word' id='word_1_82' title='bbox 528 1340 718 1410; x_wconf 84' lang='lat' dir='ltr'><strong>thraea,</strong></span> <span class='ocrx_word' id='word_1_83' title='bbox 749 1340 939 1397; x_wconf 87' lang='lat' dir='ltr'><strong>eadem</strong></span> <span class='ocrx_word' id='word_1_84' title='bbox 969 1340 1083 1397; x_wconf 80' lang='lat' dir='ltr'><strong>fere</strong></span> <span class='ocrx_word' id='word_1_85' title='bbox 1108 1340 1328 1408; x_wconf 91' lang='lat' dir='ltr'><strong>dicens;</strong></span> <span class='ocrx_word' id='word_1_86' title='bbox 1361 1342 1463 1398; x_wconf 89' lang='lat' dir='ltr'><strong>nisi</strong></span> <span class='ocrx_word' id='word_1_87' title='bbox 1490 1341 1633 1413; x_wconf 91' lang='lat' dir='ltr'><strong>quod</strong></span> <span class='ocrx_word' id='word_1_88' title='bbox 1659 1342 1713 1398; x_wconf 92' lang='lat' dir='ltr'><strong>in</strong></span> <span class='ocrx_word' id='word_1_89' title='bbox 1756 1343 1976 1414; x_wconf 86' lang='lat' dir='ltr'><strong>paucis,</strong></span> <span class='ocrx_word' id='word_1_90' title='bbox 2005 1358 2126 1414; x_wconf 71' lang='lat' dir='ltr'><strong>quae</strong></span> 
     </span>
    </p>
   </div>
   <div class='ocr_carea' id='block_1_13' title="bbox 526 1432 2129 1506">
    <p class='ocr_par' dir='ltr' id='par_1_13' title="bbox 526 1432 2129 1506">
     <span class='ocr_line' id='line_1_13' title="bbox 526 1432 2129 1506; baseline 0 -17"><span class='ocrx_word' id='word_1_91' title='bbox 526 1432 596 1489; x_wconf 88' lang='lat' dir='ltr'><strong>ad</strong></span> <span class='ocrx_word' id='word_1_92' title='bbox 626 1449 741 1489; x_wconf 90' lang='lat' dir='ltr'><strong>rem</strong></span> <span class='ocrx_word' id='word_1_93' title='bbox 774 1449 880 1489; x_wconf 94' lang='lat' dir='ltr'><strong>non</strong></span> <span class='ocrx_word' id='word_1_94' title='bbox 910 1435 1203 1505; x_wconf 86' lang='lat' dir='ltr'><strong>pertinent,</strong></span> <span class='ocrx_word' id='word_1_95' title='bbox 1230 1434 1519 1505; x_wconf 90' lang='lat' dir='ltr'><strong>discrepat.</strong></span> <span class='ocrx_word' id='word_1_96' title='bbox 1551 1434 1763 1506; x_wconf 82' lang='lat' dir='ltr'><strong>Jupiter</strong></span> <span class='ocrx_word' id='word_1_97' title='bbox 1783 1449 1914 1506; x_wconf 89' lang='lat' dir='ltr'><strong>ergo</strong></span> <span class='ocrx_word' id='word_1_98' title='bbox 1930 1434 2129 1491; x_wconf 88' lang='lat' dir='ltr'><strong>libera-</strong></span> 
     </span>
    </p>
   </div>
   <div class='ocr_carea' id='block_1_14' title="bbox 523 1528 2127 1600">
    <p class='ocr_par' dir='ltr' id='par_1_14' title="bbox 523 1528 2127 1600">
     <span class='ocr_line' id='line_1_14' title="bbox 523 1528 2127 1600; baseline 0.001 -17"><span class='ocrx_word' id='word_1_99' title='bbox 523 1536 612 1583; x_wconf 92' lang='lat' dir='ltr'><strong>tur</strong></span> <span class='ocrx_word' id='word_1_100' title='bbox 635 1528 834 1584; x_wconf 90' lang='lat' dir='ltr'><strong>summi</strong></span> <span class='ocrx_word' id='word_1_101' title='bbox 879 1528 1102 1585; x_wconf 89' lang='lat' dir='ltr'><strong>sceleris</strong></span> <span class='ocrx_word' id='word_1_102' title='bbox 1145 1528 1403 1595; x_wconf 85' lang='lat' dir='ltr'><strong>crimine,</strong></span> <span class='ocrx_word' id='word_1_103' title='bbox 1450 1528 1595 1599; x_wconf 92' lang='lat' dir='ltr'><strong>quod</strong></span> <span class='ocrx_word' id='word_1_104' title='bbox 1634 1536 1838 1600; x_wconf 86' lang='lat' dir='ltr'><strong>patrem</strong></span> <span class='ocrx_word' id='word_1_105' title='bbox 1885 1528 2127 1584; x_wconf 80' lang='lat' dir='ltr'><strong>vinxisse</strong></span> 
     </span>
    </p>
   </div>
   <div class='ocr_carea' id='block_1_15' title="bbox 521 1623 2126 1696">
    <p class='ocr_par' dir='ltr' id='par_1_15' title="bbox 521 1623 2126 1696">
     <span class='ocr_line' id='line_1_15' title="bbox 521 1623 2126 1696; baseline -0.001 -17"><span class='ocrx_word' id='word_1_106' title='bbox 521 1623 875 1694; x_wconf 87' lang='lat' dir='ltr'><strong>compedibus</strong></span> <span class='ocrx_word' id='word_1_107' title='bbox 900 1623 1214 1695; x_wconf 86' lang='lat' dir='ltr'><strong>perhibetur</strong></span> <span class='ocrx_word' id='word_1_108' title='bbox 1241 1643 1255 1680; x_wconf 92' lang='lat'><strong>:</strong></span> <span class='ocrx_word' id='word_1_109' title='bbox 1291 1623 1342 1680; x_wconf 91' lang='lat' dir='ltr'><strong>id</strong></span> <span class='ocrx_word' id='word_1_110' title='bbox 1364 1624 1509 1682; x_wconf 89' lang='lat' dir='ltr'><strong>enim</strong></span> <span class='ocrx_word' id='word_1_111' title='bbox 1550 1624 1709 1681; x_wconf 87' lang='lat' dir='ltr'><strong>Titan</strong></span> <span class='ocrx_word' id='word_1_112' title='bbox 1733 1635 1956 1696; x_wconf 87' lang='lat' dir='ltr'><strong>patruus</strong></span> <span class='ocrx_word' id='word_1_113' title='bbox 1996 1623 2126 1682; x_wconf 85' lang='lat' dir='ltr'><strong>fecit</strong></span> 
     </span>
    </p>
   </div>
   <div class='ocr_carea' id='block_1_16' title="bbox 521 1715 2128 1789">
    <p class='ocr_par' dir='ltr' id='par_1_16' title="bbox 521 1715 2128 1789">
     <span class='ocr_line' id='line_1_16' title="bbox 521 1715 2128 1789; baseline 0.002 -19"><span class='ocrx_word' id='word_1_114' title='bbox 521 1715 668 1787; x_wconf 89' lang='lat' dir='ltr'><strong>quod</strong></span> <span class='ocrx_word' id='word_1_115' title='bbox 712 1716 805 1772; x_wconf 89' lang='lat' dir='ltr'><strong>ille</strong></span> <span class='ocrx_word' id='word_1_116' title='bbox 848 1725 1036 1772; x_wconf 88' lang='lat' dir='ltr'><strong>contra</strong></span> <span class='ocrx_word' id='word_1_117' title='bbox 1079 1716 1380 1788; x_wconf 87' lang='lat' dir='ltr'><strong>pactionem</strong></span> <span class='ocrx_word' id='word_1_118' title='bbox 1407 1717 1603 1789; x_wconf 82' lang='lat' dir='ltr'><strong>jusque</strong></span> <span class='ocrx_word' id='word_1_119' title='bbox 1626 1716 1917 1789; x_wconf 73' lang='lat' dir='ltr'><strong>iurandum</strong></span> <span class='ocrx_word' id='word_1_120' title='bbox 1949 1732 2128 1775; x_wconf 84' lang='lat' dir='ltr'><strong>mares</strong></span> 
     </span>
    </p>
   </div>
   <div class='ocr_carea' id='block_1_17' title="bbox 520 1805 2126 1880">
    <p class='ocr_par' dir='ltr' id='par_1_17' title="bbox 520 1805 2126 1880">
     <span class='ocr_line' id='line_1_17' title="bbox 520 1805 2126 1880; baseline 0.002 -18"><span class='ocrx_word' id='word_1_121' title='bbox 520 1805 726 1863; x_wconf 89' lang='lat' dir='ltr'><strong>liberos</strong></span> <span class='ocrx_word' id='word_1_122' title='bbox 770 1808 1100 1865; x_wconf 87' lang='lat' dir='ltr'><strong>sustulisset.</strong></span> <span class='ocrx_word' id='word_1_123' title='bbox 1136 1807 1365 1880; x_wconf 83' lang='lat' dir='ltr'><strong>Reliqua</strong></span> <span class='ocrx_word' id='word_1_124' title='bbox 1405 1808 1633 1865; x_wconf 86' lang='lat' dir='ltr'><strong>historia</strong></span> <span class='ocrx_word' id='word_1_125' title='bbox 1664 1809 1745 1866; x_wconf 92' lang='lat' dir='ltr'><strong>sic</strong></span> <span class='ocrx_word' id='word_1_126' title='bbox 1779 1809 2126 1867; x_wconf 80' lang='lat' dir='ltr'><strong>contexitur:</strong></span> 
     </span>
    </p>
   </div>
   <div class='ocr_carea' id='block_1_18' title="bbox 2223 581 3780 668">
    <p class='ocr_par' dir='ltr' id='par_1_18' title="bbox 2223 581 3780 668">
     <span class='ocr_line' id='line_1_18' title="bbox 2223 581 3780 668; baseline 0.01 -29"><span class='ocrx_word' id='word_1_127' title='bbox 2223 581 2535 648; x_wconf 86' lang='lat' dir='ltr'><strong>Saturnum,</strong></span> <span class='ocrx_word' id='word_1_128' title='bbox 2567 585 2679 655; x_wconf 91' lang='lat' dir='ltr'><strong>qui,</strong></span> <span class='ocrx_word' id='word_1_129' title='bbox 2710 599 2833 641; x_wconf 91' lang='lat' dir='ltr'><strong>cum</strong></span> <span class='ocrx_word' id='word_1_130' title='bbox 2855 585 3086 657; x_wconf 73' lang='lat' dir='ltr'><strong>iactatus</strong></span> <span class='ocrx_word' id='word_1_131' title='bbox 3116 598 3263 645; x_wconf 87' lang='lat' dir='ltr'><strong>esset</strong></span> <span class='ocrx_word' id='word_1_132' title='bbox 3284 604 3379 661; x_wconf 89' lang='lat' dir='ltr'><strong>per</strong></span> <span class='ocrx_word' id='word_1_133' title='bbox 3405 605 3587 650; x_wconf 90' lang='lat' dir='ltr'><strong>omnes</strong></span> <span class='ocrx_word' id='word_1_134' title='bbox 3610 603 3780 668; x_wconf 89' lang='lat' dir='ltr'><strong>terras,</strong></span> 
     </span>
    </p>
   </div>
   <div class='ocr_carea' id='block_1_19' title="bbox 2223 676 3783 757">
    <p class='ocr_par' dir='ltr' id='par_1_19' title="bbox 2223 676 3783 757">
     <span class='ocr_line' id='line_1_19' title="bbox 2223 676 3783 757; baseline 0.01 -26"><span class='ocrx_word' id='word_1_135' title='bbox 2223 676 2668 747; x_wconf 79' lang='lat' dir='ltr'><strong>persequentibus</strong></span> <span class='ocrx_word' id='word_1_136' title='bbox 2693 680 2936 747; x_wconf 87' lang='lat' dir='ltr'><strong>armatis,</strong></span> <span class='ocrx_word' id='word_1_137' title='bbox 2960 695 3097 751; x_wconf 92' lang='lat' dir='ltr'><strong>quos</strong></span> <span class='ocrx_word' id='word_1_138' title='bbox 3116 680 3182 736; x_wconf 91' lang='lat' dir='ltr'><strong>ad</strong></span> <span class='ocrx_word' id='word_1_139' title='bbox 3204 696 3327 737; x_wconf 90' lang='lat' dir='ltr'><strong>eum</strong></span> <span class='ocrx_word' id='word_1_140' title='bbox 3349 685 3783 757; x_wconf 88' lang='lat' dir='ltr'><strong>comprehenden-</strong></span> 
     </span>
    </p>
   </div>
   <div class='ocr_carea' id='block_1_20' title="bbox 2223 766 3784 844">
    <p class='ocr_par' dir='ltr' id='par_1_20' title="bbox 2223 766 3784 844">
     <span class='ocr_line' id='line_1_20' title="bbox 2223 766 3784 844; baseline 0.01 -21"><span class='ocrx_word' id='word_1_141' title='bbox 2223 766 2349 823; x_wconf 86' lang='lat' dir='ltr'><strong>dum</strong></span> <span class='ocrx_word' id='word_1_142' title='bbox 2380 768 2464 825; x_wconf 86' lang='lat' dir='ltr'><strong>vel</strong></span> <span class='ocrx_word' id='word_1_143' title='bbox 2491 769 2790 825; x_wconf 88' lang='lat' dir='ltr'><strong>necandum</strong></span> <span class='ocrx_word' id='word_1_144' title='bbox 2820 770 3031 842; x_wconf 82' lang='lat' dir='ltr'><strong>Jupiter</strong></span> <span class='ocrx_word' id='word_1_145' title='bbox 3069 773 3325 844; x_wconf 87' lang='lat' dir='ltr'><strong>miserat,</strong></span> <span class='ocrx_word' id='word_1_146' title='bbox 3349 776 3439 832; x_wconf 83' lang='lat' dir='ltr'><strong>vix</strong></span> <span class='ocrx_word' id='word_1_147' title='bbox 3474 776 3526 834; x_wconf 91' lang='lat' dir='ltr'><strong>in</strong></span> <span class='ocrx_word' id='word_1_148' title='bbox 3551 777 3690 837; x_wconf 82' lang='lat' dir='ltr'><strong>Italia</strong></span> <span class='ocrx_word' id='word_1_149' title='bbox 3712 781 3784 839; x_wconf 85' lang='lat' dir='ltr'><strong>lo-</strong></span> 
     </span>
    </p>
   </div>
   <div class='ocr_carea' id='block_1_21' title="bbox 2224 862 3092 935">
    <p class='ocr_par' dir='ltr' id='par_1_21' title="bbox 2224 862 3092 935">
     <span class='ocr_line' id='line_1_21' title="bbox 2224 862 3092 935; baseline 0.001 -15"><span class='ocrx_word' id='word_1_150' title='bbox 2224 876 2370 929; x_wconf 89' lang='lat' dir='ltr'><strong>cum,</strong></span> <span class='ocrx_word' id='word_1_151' title='bbox 2403 862 2457 919; x_wconf 92' lang='lat' dir='ltr'><strong>in</strong></span> <span class='ocrx_word' id='word_1_152' title='bbox 2488 878 2595 935; x_wconf 88' lang='lat' dir='ltr'><strong>quo</strong></span> <span class='ocrx_word' id='word_1_153' title='bbox 2625 863 2835 933; x_wconf 89' lang='lat' dir='ltr'><strong>lateret,</strong></span> <span class='ocrx_word' id='word_1_154' title='bbox 2868 863 3092 921; x_wconf 87' lang='lat' dir='ltr'><strong>invenit.</strong></span> 
     </span>
    </p>
   </div>
   <div class='ocr_carea' id='block_1_22' title="bbox 2831 981 3214 1041">
    <p class='ocr_par' dir='ltr' id='par_1_22' title="bbox 2831 981 3214 1041">
     <span class='ocr_line' id='line_1_22' title="bbox 2831 981 3214 1041; baseline 0.008 -5"><span class='ocrx_word' id='word_1_155' title='bbox 2831 981 3058 1039; x_wconf 78' lang='lat' dir='ltr'><strong>CAPUT</strong></span> <span class='ocrx_word' id='word_1_156' title='bbox 3096 982 3214 1041; x_wconf 82' lang='lat' dir='ltr'><strong>XV.</strong></span> 
     </span>
    </p>
   </div>
   <div class='ocr_carea' id='block_1_23' title="bbox 2229 1089 3774 1172">
    <p class='ocr_par' dir='ltr' id='par_1_23' title="bbox 2229 1089 3774 1172">
     <span class='ocr_line' id='line_1_23' title="bbox 2229 1089 3774 1172; baseline 0.01 -25"><span class='ocrx_word' id='word_1_157' title='bbox 2229 1089 2522 1163; x_wconf 83' lang='lat' dir='ltr'><strong>Quomodo,</strong></span> <span class='ocrx_word' id='word_1_158' title='bbox 2534 1109 2647 1149; x_wconf 89' lang='lat' dir='ltr'><strong>cum</strong></span> <span class='ocrx_word' id='word_1_159' title='bbox 2670 1094 2859 1166; x_wconf 81' lang='lat' dir='ltr'><strong>fuerint</strong></span> <span class='ocrx_word' id='word_1_160' title='bbox 2880 1096 2957 1152; x_wconf 90' lang='lat' dir='ltr'><strong>illi</strong></span> <span class='ocrx_word' id='word_1_161' title='bbox 2978 1098 3228 1169; x_wconf 79' lang='lat' dir='ltr'><strong>homines,</strong></span> <span class='ocrx_word' id='word_1_162' title='bbox 3253 1099 3327 1155; x_wconf 87' lang='lat' dir='ltr'><strong>dii</strong></span> <span class='ocrx_word' id='word_1_163' title='bbox 3340 1098 3525 1172; x_wconf 78' lang='lat' dir='ltr'><strong>fuerint</strong></span> <span class='ocrx_word' id='word_1_164' title='bbox 3550 1104 3774 1162; x_wconf 89' lang='lat' dir='ltr'><strong>nominati</strong></span> 
     </span>
    </p>
   </div>
   <div class='ocr_carea' id='block_1_24' title="bbox 2303 1232 3790 1312">
    <p class='ocr_par' dir='ltr' id='par_1_24' title="bbox 2303 1232 3790 1312">
     <span class='ocr_line' id='line_1_24' title="bbox 2303 1232 3790 1312; baseline 0.005 -21"><span class='ocrx_word' id='word_1_165' title='bbox 2303 1232 2511 1304; x_wconf 86' lang='lat' dir='ltr'><strong>Quibus</strong></span> <span class='ocrx_word' id='word_1_166' title='bbox 2532 1250 2600 1291; x_wconf 81' lang='lat' dir='ltr'><strong>ex</strong></span> <span class='ocrx_word' id='word_1_167' title='bbox 2622 1236 2807 1304; x_wconf 89' lang='lat' dir='ltr'><strong>rebus,</strong></span> <span class='ocrx_word' id='word_1_168' title='bbox 2833 1251 2954 1292; x_wconf 90' lang='lat' dir='ltr'><strong>cum</strong></span> <span class='ocrx_word' id='word_1_169' title='bbox 2978 1246 3191 1295; x_wconf 90' lang='lat' dir='ltr'><strong>constet</strong></span> <span class='ocrx_word' id='word_1_170' title='bbox 3220 1236 3343 1294; x_wconf 91' lang='lat' dir='ltr'><strong>illos</strong></span> <span class='ocrx_word' id='word_1_171' title='bbox 3373 1237 3613 1297; x_wconf 88' lang='lat' dir='ltr'><strong>homines</strong></span> <span class='ocrx_word' id='word_1_172' title='bbox 3633 1240 3790 1312; x_wconf 84' lang='lat' dir='ltr'><strong>fuisse,</strong></span> 
     </span>
    </p>
   </div>
   <div class='ocr_carea' id='block_1_25' title="bbox 2230 1330 3796 1404">
    <p class='ocr_par' dir='ltr' id='par_1_25' title="bbox 2230 1330 3796 1404">
     <span class='ocr_line' id='line_1_25' title="bbox 2230 1330 3796 1404; baseline 0.003 -18"><span class='ocrx_word' id='word_1_173' title='bbox 2230 1344 2339 1386; x_wconf 92' lang='lat' dir='ltr'><strong>non</strong></span> <span class='ocrx_word' id='word_1_174' title='bbox 2385 1340 2466 1385; x_wconf 90' lang='lat' dir='ltr'><strong>est</strong></span> <span class='ocrx_word' id='word_1_175' title='bbox 2496 1331 2784 1386; x_wconf 88' lang='lat' dir='ltr'><strong>obscurum</strong></span> <span class='ocrx_word' id='word_1_176' title='bbox 2826 1345 2930 1402; x_wconf 89' lang='lat' dir='ltr'><strong>qua</strong></span> <span class='ocrx_word' id='word_1_177' title='bbox 2972 1330 3184 1386; x_wconf 89' lang='lat' dir='ltr'><strong>ratione</strong></span> <span class='ocrx_word' id='word_1_178' title='bbox 3220 1331 3297 1387; x_wconf 89' lang='lat' dir='ltr'><strong>dii</strong></span> <span class='ocrx_word' id='word_1_179' title='bbox 3352 1333 3610 1404; x_wconf 75' lang='lat' dir='ltr'><strong>coeperint</strong></span> <span class='ocrx_word' id='word_1_180' title='bbox 3646 1337 3796 1392; x_wconf 87' lang='lat' dir='ltr'><strong>nomi-</strong></span> 
     </span>
    </p>
   </div>
   <div class='ocr_carea' id='block_1_26' title="bbox 2230 1422 3795 1494">
    <p class='ocr_par' dir='ltr' id='par_1_26' title="bbox 2230 1422 3795 1494">
     <span class='ocr_line' id='line_1_26' title="bbox 2230 1422 3795 1494; baseline 0.004 -16"><span class='ocrx_word' id='word_1_181' title='bbox 2230 1423 2369 1478; x_wconf 90' lang='lat' dir='ltr'><strong>nari.</strong></span> <span class='ocrx_word' id='word_1_182' title='bbox 2398 1422 2457 1480; x_wconf 83' lang='lat' dir='ltr'><strong>Si</strong></span> <span class='ocrx_word' id='word_1_183' title='bbox 2482 1422 2625 1478; x_wconf 88' lang='lat' dir='ltr'><strong>enim</strong></span> <span class='ocrx_word' id='word_1_184' title='bbox 2657 1422 2787 1477; x_wconf 90' lang='lat' dir='ltr'><strong>nulli</strong></span> <span class='ocrx_word' id='word_1_185' title='bbox 2818 1438 2972 1494; x_wconf 90' lang='lat' dir='ltr'><strong>reges</strong></span> <span class='ocrx_word' id='word_1_186' title='bbox 3002 1433 3129 1480; x_wconf 89' lang='lat' dir='ltr'><strong>ante</strong></span> <span class='ocrx_word' id='word_1_187' title='bbox 3157 1423 3449 1481; x_wconf 89' lang='lat' dir='ltr'><strong>Saturnum</strong></span> <span class='ocrx_word' id='word_1_188' title='bbox 3473 1426 3559 1483; x_wconf 87' lang='lat' dir='ltr'><strong>vel</strong></span> <span class='ocrx_word' id='word_1_189' title='bbox 3583 1426 3795 1486; x_wconf 88' lang='lat' dir='ltr'><strong>Uranum</strong></span> 
     </span>
    </p>
   </div>
   <div class='ocr_carea' id='block_1_27' title="bbox 2230 1516 3795 1593">
    <p class='ocr_par' dir='ltr' id='par_1_27' title="bbox 2230 1516 3795 1593">
     <span class='ocr_line' id='line_1_27' title="bbox 2230 1516 3795 1593; baseline 0.002 -19"><span class='ocrx_word' id='word_1_190' title='bbox 2230 1518 2446 1574; x_wconf 88' lang='lat' dir='ltr'><strong>fuerunt</strong></span> <span class='ocrx_word' id='word_1_191' title='bbox 2477 1525 2695 1589; x_wconf 88' lang='lat' dir='ltr'><strong>propter</strong></span> <span class='ocrx_word' id='word_1_192' title='bbox 2739 1516 3015 1573; x_wconf 90' lang='lat' dir='ltr'><strong>hominum</strong></span> <span class='ocrx_word' id='word_1_193' title='bbox 3064 1517 3341 1575; x_wconf 86' lang='lat' dir='ltr'><strong>raritatem</strong></span> <span class='ocrx_word' id='word_1_194' title='bbox 3368 1560 3385 1587; x_wconf 96' lang='lat'><strong>,</strong></span> <span class='ocrx_word' id='word_1_195' title='bbox 3429 1520 3518 1591; x_wconf 89' lang='lat' dir='ltr'><strong>qui</strong></span> <span class='ocrx_word' id='word_1_196' title='bbox 3559 1531 3795 1593; x_wconf 80' lang='lat' dir='ltr'><strong>agrestem</strong></span> 
     </span>
    </p>
   </div>
   <div class='ocr_carea' id='block_1_28' title="bbox 2230 1612 3796 1687">
    <p class='ocr_par' dir='ltr' id='par_1_28' title="bbox 2230 1612 3796 1687">
     <span class='ocr_line' id='line_1_28' title="bbox 2230 1612 3796 1687; baseline 0.001 -18"><span class='ocrx_word' id='word_1_197' title='bbox 2230 1614 2395 1669; x_wconf 88' lang='lat' dir='ltr'><strong>vitam</strong></span> <span class='ocrx_word' id='word_1_198' title='bbox 2425 1612 2540 1669; x_wconf 90' lang='lat' dir='ltr'><strong>sine</strong></span> <span class='ocrx_word' id='word_1_199' title='bbox 2567 1612 2676 1668; x_wconf 90' lang='lat' dir='ltr'><strong>ullo</strong></span> <span class='ocrx_word' id='word_1_200' title='bbox 2691 1622 2901 1670; x_wconf 87' lang='lat' dir='ltr'><strong>rectore</strong></span> <span class='ocrx_word' id='word_1_201' title='bbox 2925 1612 3178 1669; x_wconf 87' lang='lat' dir='ltr'><strong>vivebant</strong></span> <span class='ocrx_word' id='word_1_202' title='bbox 3205 1630 3219 1668; x_wconf 89' lang='lat'><strong>:</strong></span> <span class='ocrx_word' id='word_1_203' title='bbox 3248 1628 3357 1669; x_wconf 91' lang='lat' dir='ltr'><strong>non</strong></span> <span class='ocrx_word' id='word_1_204' title='bbox 3372 1613 3673 1671; x_wconf 90' lang='lat' dir='ltr'><strong>estdubium</strong></span> <span class='ocrx_word' id='word_1_205' title='bbox 3689 1616 3796 1687; x_wconf 90' lang='lat' dir='ltr'><strong>quin</strong></span> 
     </span>
    </p>
   </div>
   <div class='ocr_carea' id='block_1_29' title="bbox 2234 1704 3799 1779">
    <p class='ocr_par' dir='ltr' id='par_1_29' title="bbox 2234 1704 3799 1779">
     <span class='ocr_line' id='line_1_29' title="bbox 2234 1704 3799 1779; baseline 0.001 -17"><span class='ocrx_word' id='word_1_206' title='bbox 2234 1707 2345 1763; x_wconf 91' lang='lat' dir='ltr'><strong>illis</strong></span> <span class='ocrx_word' id='word_1_207' title='bbox 2400 1705 2732 1777; x_wconf 83' lang='lat' dir='ltr'><strong>temporibus</strong></span> <span class='ocrx_word' id='word_1_208' title='bbox 2780 1704 3028 1762; x_wconf 87' lang='lat' dir='ltr'><strong>homines</strong></span> <span class='ocrx_word' id='word_1_209' title='bbox 3072 1720 3253 1776; x_wconf 83' lang='lat' dir='ltr'><strong>regem</strong></span> <span class='ocrx_word' id='word_1_210' title='bbox 3322 1706 3498 1778; x_wconf 88' lang='lat' dir='ltr'><strong>ipsum</strong></span> <span class='ocrx_word' id='word_1_211' title='bbox 3554 1716 3799 1779; x_wconf 83' lang='lat' dir='ltr'><strong>totamque</strong></span> 
     </span>
    </p>
   </div>
   <div class='ocr_carea' id='block_1_30' title="bbox 2231 1797 3797 1871">
    <p class='ocr_par' dir='ltr' id='par_1_30' title="bbox 2231 1797 3797 1871">
     <span class='ocr_line' id='line_1_30' title="bbox 2231 1797 3797 1871; baseline -0.001 -16"><span class='ocrx_word' id='word_1_212' title='bbox 2231 1810 2447 1871; x_wconf 90' lang='lat' dir='ltr'><strong>gentem</strong></span> <span class='ocrx_word' id='word_1_213' title='bbox 2474 1797 2700 1853; x_wconf 89' lang='lat' dir='ltr'><strong>summis</strong></span> <span class='ocrx_word' id='word_1_214' title='bbox 2736 1797 2982 1853; x_wconf 91' lang='lat' dir='ltr'><strong>laudibus</strong></span> <span class='ocrx_word' id='word_1_215' title='bbox 3021 1812 3085 1853; x_wconf 93' lang='lat' dir='ltr'><strong>ac</strong></span> <span class='ocrx_word' id='word_1_216' title='bbox 3124 1797 3277 1853; x_wconf 91' lang='lat' dir='ltr'><strong>novis</strong></span> <span class='ocrx_word' id='word_1_217' title='bbox 3302 1797 3597 1854; x_wconf 90' lang='lat' dir='ltr'><strong>honoribus</strong></span> <span class='ocrx_word' id='word_1_218' title='bbox 3617 1798 3797 1869; x_wconf 83' lang='lat' dir='ltr'><strong>jactare</strong></span> 
     </span>
    </p>
   </div>
   <div class='ocr_carea' id='block_1_31' title="bbox 520 1888 3799 1975">
    <p class='ocr_par' dir='ltr' id='par_1_31' title="bbox 520 1888 3799 1975">
     <span class='ocr_line' id='line_1_31' title="bbox 520 1888 3799 1975; baseline -0 -18"><span class='ocrx_word' id='word_1_219' title='bbox 520 1899 709 1957; x_wconf 84' lang='lat' dir='ltr'><strong>Jovem</strong></span> <span class='ocrx_word' id='word_1_220' title='bbox 738 1899 981 1957; x_wconf 91' lang='lat' dir='ltr'><strong>adultum</strong></span> <span class='ocrx_word' id='word_1_221' title='bbox 1007 1943 1023 1969; x_wconf 95' lang='lat'><strong>,</strong></span> <span class='ocrx_word' id='word_1_222' title='bbox 1055 1916 1177 1958; x_wconf 90' lang='lat' dir='ltr'><strong>cum</strong></span> <span class='ocrx_word' id='word_1_223' title='bbox 1204 1901 1446 1958; x_wconf 88' lang='lat' dir='ltr'><strong>audisset</strong></span> <span class='ocrx_word' id='word_1_224' title='bbox 1476 1910 1684 1973; x_wconf 90' lang='lat' dir='ltr'><strong>patrem</strong></span> <span class='ocrx_word' id='word_1_225' title='bbox 1714 1910 1876 1975; x_wconf 90' lang='lat' dir='ltr'><strong>atque</strong></span> <span class='ocrx_word' id='word_1_226' title='bbox 1902 1913 2128 1959; x_wconf 90' lang='lat' dir='ltr'><strong>matrem</strong></span> <span class='ocrx_word' id='word_1_227' title='bbox 2158 1907 2207 1969; x_wconf 86' lang='grc' dir='ltr'>Β</span> <span class='ocrx_word' id='word_1_228' title='bbox 2233 1890 2518 1962; x_wconf 73' lang='grc' dir='ltr'><strong>οωρθτίηῑι</strong></span> <span class='ocrx_word' id='word_1_229' title='bbox 2548 1900 2606 1946; x_wconf 76' lang='grc' dir='ltr'><strong>ιιι</strong></span> <span class='ocrx_word' id='word_1_230' title='bbox 2623 1890 2787 1947; x_wconf 59' lang='lat' dir='ltr'><strong>ﬁliam</strong></span> <span class='ocrx_word' id='word_1_231' title='bbox 2813 1888 2945 1945; x_wconf 67' lang='lat' dir='ltr'><strong>deos</strong></span> <span class='ocrx_word' id='word_1_232' title='bbox 2965 1888 3326 1961; x_wconf 66' lang='lat' dir='ltr'><strong>appellarem.</strong></span> <span class='ocrx_word' id='word_1_233' title='bbox 3352 1890 3470 1946; x_wconf 75' lang='grc' dir='ltr'><strong>είνθ</strong></span> <span class='ocrx_word' id='word_1_234' title='bbox 3499 1890 3567 1947; x_wconf 76' lang='lat' dir='ltr'><strong>0b</strong></span> <span class='ocrx_word' id='word_1_235' title='bbox 3591 1889 3799 1946; x_wconf 70' lang='lat' dir='ltr'><strong>miracu&#39;</strong></span> 
     </span>
    </p>
   </div>
   <div class='ocr_carea' id='block_1_32' title="bbox 519 1994 2120 2068">
    <p class='ocr_par' dir='ltr' id='par_1_32' title="bbox 519 1994 2120 2068">
     <span class='ocr_line' id='line_1_32' title="bbox 519 1994 2120 2068; baseline -0.001 -17"><span class='ocrx_word' id='word_1_236' title='bbox 519 1994 781 2051; x_wconf 85' lang='lat' dir='ltr'><strong>custodiis</strong></span> <span class='ocrx_word' id='word_1_237' title='bbox 809 1996 1224 2067; x_wconf 89' lang='lat' dir='ltr'><strong>circumseptos,</strong></span> <span class='ocrx_word' id='word_1_238' title='bbox 1255 2004 1420 2068; x_wconf 91' lang='lat' dir='ltr'><strong>atque</strong></span> <span class='ocrx_word' id='word_1_239' title='bbox 1470 1996 1523 2051; x_wconf 91' lang='lat' dir='ltr'><strong>in</strong></span> <span class='ocrx_word' id='word_1_240' title='bbox 1570 1996 1784 2051; x_wconf 91' lang='lat' dir='ltr'><strong>vincula</strong></span> <span class='ocrx_word' id='word_1_241' title='bbox 1823 1995 2120 2068; x_wconf 73' lang='lat' dir='ltr'><strong>coniectos,</strong></span> 
     </span>
    </p>
   </div>
   <div class='ocr_carea' id='block_1_33' title="bbox 519 2087 2123 2161">
    <p class='ocr_par' dir='ltr' id='par_1_33' title="bbox 519 2087 2123 2161">
     <span class='ocr_line' id='line_1_33' title="bbox 519 2087 2123 2161; baseline 0 -16"><span class='ocrx_word' id='word_1_242' title='bbox 519 2090 740 2146; x_wconf 84' lang='lat' dir='ltr'><strong>venisse</strong></span> <span class='ocrx_word' id='word_1_243' title='bbox 783 2103 906 2145; x_wconf 89' lang='lat' dir='ltr'><strong>cum</strong></span> <span class='ocrx_word' id='word_1_244' title='bbox 954 2104 1150 2161; x_wconf 88' lang='lat' dir='ltr'><strong>magna</strong></span> <span class='ocrx_word' id='word_1_245' title='bbox 1191 2087 1531 2146; x_wconf 90' lang='lat' dir='ltr'><strong>Cretensium</strong></span> <span class='ocrx_word' id='word_1_246' title='bbox 1568 2087 1946 2158; x_wconf 89' lang='lat' dir='ltr'><strong>multitudine,</strong></span> <span class='ocrx_word' id='word_1_247' title='bbox 1975 2088 2123 2145; x_wconf 89' lang='lat' dir='ltr'><strong>Tita-</strong></span> 
     </span>
    </p>
   </div>
   <div class='ocr_carea' id='block_1_34' title="bbox 518 2182 2123 2257">
    <p class='ocr_par' dir='ltr' id='par_1_34' title="bbox 518 2182 2123 2257">
     <span class='ocr_line' id='line_1_34' title="bbox 518 2182 2123 2257; baseline 0.001 -17"><span class='ocrx_word' id='word_1_248' title='bbox 518 2197 759 2256; x_wconf 85' lang='lat' dir='ltr'><strong>numque</strong></span> <span class='ocrx_word' id='word_1_249' title='bbox 781 2199 845 2241; x_wconf 89' lang='lat' dir='ltr'><strong>ac</strong></span> <span class='ocrx_word' id='word_1_250' title='bbox 869 2182 1008 2240; x_wconf 89' lang='lat' dir='ltr'><strong>filios</strong></span> <span class='ocrx_word' id='word_1_251' title='bbox 1027 2183 1145 2257; x_wconf 87' lang='lat' dir='ltr'><strong>ejus</strong></span> <span class='ocrx_word' id='word_1_252' title='bbox 1173 2184 1460 2257; x_wconf 87' lang='lat' dir='ltr'><strong>pugnando</strong></span> <span class='ocrx_word' id='word_1_253' title='bbox 1478 2185 1697 2252; x_wconf 89' lang='lat' dir='ltr'><strong>vicisse,</strong></span> <span class='ocrx_word' id='word_1_254' title='bbox 1724 2193 1980 2256; x_wconf 90' lang='lat' dir='ltr'><strong>parentes</strong></span> <span class='ocrx_word' id='word_1_255' title='bbox 2003 2184 2123 2241; x_wconf 87' lang='lat' dir='ltr'><strong>vin-</strong></span> 
     </span>
    </p>
   </div>
   <div class='ocr_carea' id='block_1_35' title="bbox 518 2275 2121 2348">
    <p class='ocr_par' dir='ltr' id='par_1_35' title="bbox 518 2275 2121 2348">
     <span class='ocr_line' id='line_1_35' title="bbox 518 2275 2121 2348; baseline 0 -17"><span class='ocrx_word' id='word_1_256' title='bbox 518 2276 656 2331; x_wconf 88' lang='lat' dir='ltr'><strong>culis</strong></span> <span class='ocrx_word' id='word_1_257' title='bbox 675 2276 971 2343; x_wconf 78' lang='lat' dir='ltr'><strong>exemisse,</strong></span> <span class='ocrx_word' id='word_1_258' title='bbox 1006 2276 1144 2347; x_wconf 88' lang='lat' dir='ltr'><strong>patri</strong></span> <span class='ocrx_word' id='word_1_259' title='bbox 1175 2290 1399 2347; x_wconf 90' lang='lat' dir='ltr'><strong>regnum</strong></span> <span class='ocrx_word' id='word_1_260' title='bbox 1425 2275 1751 2344; x_wconf 90' lang='lat' dir='ltr'><strong>reddidisse,</strong></span> <span class='ocrx_word' id='word_1_261' title='bbox 1775 2284 1940 2348; x_wconf 90' lang='lat' dir='ltr'><strong>atque</strong></span> <span class='ocrx_word' id='word_1_262' title='bbox 1971 2277 2042 2333; x_wconf 90' lang='lat' dir='ltr'><strong>ita</strong></span> <span class='ocrx_word' id='word_1_263' title='bbox 2065 2277 2121 2331; x_wconf 91' lang='lat' dir='ltr'><strong>in</strong></span> 
     </span>
    </p>
   </div>
   <div class='ocr_carea' id='block_1_36' title="bbox 517 2366 2119 2425">
    <p class='ocr_par' dir='ltr' id='par_1_36' title="bbox 517 2366 2119 2425">
     <span class='ocr_line' id='line_1_36' title="bbox 517 2366 2119 2425; baseline 0 -1"><span class='ocrx_word' id='word_1_264' title='bbox 517 2367 736 2424; x_wconf 86' lang='lat' dir='ltr'><strong>Cretam</strong></span> <span class='ocrx_word' id='word_1_265' title='bbox 766 2381 1044 2424; x_wconf 86' lang='lat' dir='ltr'><strong>remeasse</strong></span> <span class='ocrx_word' id='word_1_266' title='bbox 1080 2385 1093 2422; x_wconf 90' lang='lat'><strong>:</strong></span> <span class='ocrx_word' id='word_1_267' title='bbox 1145 2367 1276 2424; x_wconf 82' lang='lat' dir='ltr'><strong>Post</strong></span> <span class='ocrx_word' id='word_1_268' title='bbox 1302 2368 1421 2424; x_wconf 66' lang='lat' dir='ltr'><strong>haec</strong></span> <span class='ocrx_word' id='word_1_269' title='bbox 1449 2367 1646 2425; x_wconf 90' lang='lat' dir='ltr'><strong>deinde</strong></span> <span class='ocrx_word' id='word_1_270' title='bbox 1674 2366 1909 2425; x_wconf 91' lang='lat' dir='ltr'><strong>Saturno</strong></span> <span class='ocrx_word' id='word_1_271' title='bbox 1941 2368 2119 2425; x_wconf 91' lang='lat' dir='ltr'><strong>datam</strong></span> 
     </span>
    </p>
   </div>
   <div class='ocr_carea' id='block_1_37' title="bbox 518 2459 2121 2533">
    <p class='ocr_par' dir='ltr' id='par_1_37' title="bbox 518 2459 2121 2533">
     <span class='ocr_line' id='line_1_37' title="bbox 518 2459 2121 2533; baseline 0 -17"><span class='ocrx_word' id='word_1_272' title='bbox 518 2467 745 2524; x_wconf 84' lang='lat' dir='ltr'><strong>sortem.</strong></span> <span class='ocrx_word' id='word_1_273' title='bbox 801 2469 860 2516; x_wconf 91' lang='lat' dir='ltr'><strong>ut</strong></span> <span class='ocrx_word' id='word_1_274' title='bbox 909 2468 1128 2517; x_wconf 90' lang='lat' dir='ltr'><strong>caveret</strong></span> <span class='ocrx_word' id='word_1_275' title='bbox 1151 2475 1221 2517; x_wconf 90' lang='lat' dir='ltr'><strong>ne</strong></span> <span class='ocrx_word' id='word_1_276' title='bbox 1252 2459 1390 2517; x_wconf 87' lang='lat' dir='ltr'><strong>filius</strong></span> <span class='ocrx_word' id='word_1_277' title='bbox 1429 2476 1552 2516; x_wconf 91' lang='lat' dir='ltr'><strong>eum</strong></span> <span class='ocrx_word' id='word_1_278' title='bbox 1584 2475 1752 2533; x_wconf 88' lang='lat' dir='ltr'><strong>regno</strong></span> <span class='ocrx_word' id='word_1_279' title='bbox 1779 2460 2075 2532; x_wconf 81' lang='lat' dir='ltr'><strong>expelleret</strong></span> <span class='ocrx_word' id='word_1_280' title='bbox 2106 2478 2121 2516; x_wconf 91' lang='lat'><strong>:</strong></span> 
     </span>
    </p>
   </div>
   <div class='ocr_carea' id='block_1_38' title="bbox 516 2552 2117 2627">
    <p class='ocr_par' dir='ltr' id='par_1_38' title="bbox 516 2552 2117 2627">
     <span class='ocr_line' id='line_1_38' title="bbox 516 2552 2117 2627; baseline -0.001 -18"><span class='ocrx_word' id='word_1_281' title='bbox 516 2552 667 2610; x_wconf 87' lang='lat' dir='ltr'><strong>illum</strong></span> <span class='ocrx_word' id='word_1_282' title='bbox 693 2555 967 2611; x_wconf 68' lang='lat' dir='ltr'><strong>elevandae</strong></span> <span class='ocrx_word' id='word_1_283' title='bbox 987 2555 1150 2612; x_wconf 91' lang='lat' dir='ltr'><strong>sortis</strong></span> <span class='ocrx_word' id='word_1_284' title='bbox 1169 2564 1331 2627; x_wconf 91' lang='lat' dir='ltr'><strong>atque</strong></span> <span class='ocrx_word' id='word_1_285' title='bbox 1353 2553 1644 2627; x_wconf 73' lang='lat' dir='ltr'><strong>ed‘ugiendi</strong></span> <span class='ocrx_word' id='word_1_286' title='bbox 1676 2553 2117 2626; x_wconf 73' lang='lat' dir='ltr'><strong>periculifgratia,</strong></span> 
     </span>
    </p>
   </div>
   <div class='ocr_carea' id='block_1_39' title="bbox 517 2644 2121 2719">
    <p class='ocr_par' dir='ltr' id='par_1_39' title="bbox 517 2644 2121 2719">
     <span class='ocr_line' id='line_1_39' title="bbox 517 2644 2121 2719; baseline -0.001 -16"><span class='ocrx_word' id='word_1_287' title='bbox 517 2644 832 2706; x_wconf 88' lang='lat' dir='ltr'><strong>insidiatum</strong></span> <span class='ocrx_word' id='word_1_288' title='bbox 875 2647 1017 2719; x_wconf 87' lang='lat' dir='ltr'><strong>Jovi,</strong></span> <span class='ocrx_word' id='word_1_289' title='bbox 1050 2658 1107 2705; x_wconf 92' lang='lat' dir='ltr'><strong>ut</strong></span> <span class='ocrx_word' id='word_1_290' title='bbox 1138 2663 1263 2706; x_wconf 90' lang='lat' dir='ltr'><strong>eum</strong></span> <span class='ocrx_word' id='word_1_291' title='bbox 1299 2656 1519 2706; x_wconf 87' lang='lat' dir='ltr'><strong>necaret</strong></span> <span class='ocrx_word' id='word_1_292' title='bbox 1561 2664 1576 2703; x_wconf 90' lang='lat'><strong>:</strong></span> <span class='ocrx_word' id='word_1_293' title='bbox 1627 2646 1839 2715; x_wconf 91' lang='lat' dir='ltr'><strong>Jovem,</strong></span> <span class='ocrx_word' id='word_1_294' title='bbox 1889 2646 2121 2718; x_wconf 83' lang='lat' dir='ltr'><strong>cognitis</strong></span> 
     </span>
    </p>
   </div>
   <div class='ocr_carea' id='block_1_40' title="bbox 2232 1981 3799 2056">
    <p class='ocr_par' dir='ltr' id='par_1_40' title="bbox 2232 1981 3799 2056">
     <span class='ocr_line' id='line_1_40' title="bbox 2232 1981 3799 2056; baseline -0.002 -16"><span class='ocrx_word' id='word_1_295' title='bbox 2232 1985 2341 2041; x_wconf 93' lang='lat' dir='ltr'><strong>lum</strong></span> <span class='ocrx_word' id='word_1_296' title='bbox 2369 1982 2586 2040; x_wconf 88' lang='lat' dir='ltr'><strong>virtutis</strong></span> <span class='ocrx_word' id='word_1_297' title='bbox 2613 1982 2741 2056; x_wconf 86' lang='lat' dir='ltr'><strong>(hoc</strong></span> <span class='ocrx_word' id='word_1_298' title='bbox 2770 1997 2899 2039; x_wconf 91' lang='lat' dir='ltr'><strong>vere</strong></span> <span class='ocrx_word' id='word_1_299' title='bbox 2930 1981 3189 2053; x_wconf 88' lang='lat' dir='ltr'><strong>putabant</strong></span> <span class='ocrx_word' id='word_1_300' title='bbox 3226 1982 3391 2040; x_wconf 89' lang='lat' dir='ltr'><strong>rudes</strong></span> <span class='ocrx_word' id='word_1_301' title='bbox 3419 1982 3591 2040; x_wconf 89' lang='lat' dir='ltr'><strong>adhuc</strong></span> <span class='ocrx_word' id='word_1_302' title='bbox 3615 1991 3667 2040; x_wconf 90' lang='lat' dir='ltr'><strong>et</strong></span> <span class='ocrx_word' id='word_1_303' title='bbox 3686 1982 3799 2039; x_wconf 85' lang='lat' dir='ltr'><strong>sim-</strong></span> 
     </span>
    </p>
   </div>
   <div class='ocr_carea' id='block_1_41' title="bbox 2231 2074 3800 2153">
    <p class='ocr_par' dir='ltr' id='par_1_41' title="bbox 2231 2074 3800 2153">
     <span class='ocr_line' id='line_1_41' title="bbox 2231 2074 3800 2153; baseline -0.001 -18"><span class='ocrx_word' id='word_1_304' title='bbox 2231 2078 2442 2153; x_wconf 83' lang='lat' dir='ltr'><strong>plices),</strong></span> <span class='ocrx_word' id='word_1_305' title='bbox 2475 2079 2588 2135; x_wconf 88' lang='lat' dir='ltr'><strong>sive</strong></span> <span class='ocrx_word' id='word_1_306' title='bbox 2617 2077 2697 2151; x_wconf 90' lang='lat' dir='ltr'><strong>(ut</strong></span> <span class='ocrx_word' id='word_1_307' title='bbox 2725 2077 2842 2133; x_wconf 68' lang='lat' dir='ltr'><strong>fieri</strong></span> <span class='ocrx_word' id='word_1_308' title='bbox 2863 2074 3027 2149; x_wconf 90' lang='lat' dir='ltr'><strong>solet)</strong></span> <span class='ocrx_word' id='word_1_309' title='bbox 3066 2078 3121 2132; x_wconf 92' lang='lat' dir='ltr'><strong>in</strong></span> <span class='ocrx_word' id='word_1_310' title='bbox 3150 2076 3517 2133; x_wconf 90' lang='lat' dir='ltr'><strong>adulationem</strong></span> <span class='ocrx_word' id='word_1_311' title='bbox 3547 2076 3800 2148; x_wconf 83' lang='lat' dir='ltr'><strong>praesentis</strong></span> 
     </span>
    </p>
   </div>
   <div class='ocr_carea' id='block_1_42' title="bbox 2230 2169 3798 2246">
    <p class='ocr_par' dir='ltr' id='par_1_42' title="bbox 2230 2169 3798 2246">
     <span class='ocr_line' id='line_1_42' title="bbox 2230 2169 3798 2246; baseline -0.003 -17"><span class='ocrx_word' id='word_1_312' title='bbox 2230 2174 2503 2246; x_wconf 85' lang='lat' dir='ltr'><strong>potentiae,</strong></span> <span class='ocrx_word' id='word_1_313' title='bbox 2534 2171 2649 2229; x_wconf 91' lang='lat' dir='ltr'><strong>sive</strong></span> <span class='ocrx_word' id='word_1_314' title='bbox 2683 2171 2751 2227; x_wconf 92' lang='lat' dir='ltr'><strong>ob</strong></span> <span class='ocrx_word' id='word_1_315' title='bbox 2781 2169 3042 2228; x_wconf 79' lang='lat' dir='ltr'><strong>beneﬁcia</strong></span> <span class='ocrx_word' id='word_1_316' title='bbox 3066 2170 3263 2243; x_wconf 87' lang='lat' dir='ltr'><strong>quibus</strong></span> <span class='ocrx_word' id='word_1_317' title='bbox 3291 2181 3446 2227; x_wconf 90' lang='lat' dir='ltr'><strong>erant</strong></span> <span class='ocrx_word' id='word_1_318' title='bbox 3466 2170 3534 2226; x_wconf 89' lang='lat' dir='ltr'><strong>ad</strong></span> <span class='ocrx_word' id='word_1_319' title='bbox 3578 2170 3798 2226; x_wconf 88' lang='lat' dir='ltr'><strong>humaui-</strong></span> 
     </span>
    </p>
   </div>
   <div class='ocr_carea' id='block_1_43' title="bbox 2232 2263 3804 2337">
    <p class='ocr_par' dir='ltr' id='par_1_43' title="bbox 2232 2263 3804 2337">
     <span class='ocr_line' id='line_1_43' title="bbox 2232 2263 3804 2337; baseline -0.003 -14"><span class='ocrx_word' id='word_1_320' title='bbox 2232 2275 2394 2323; x_wconf 91' lang='lat' dir='ltr'><strong>tatem</strong></span> <span class='ocrx_word' id='word_1_321' title='bbox 2418 2265 2726 2337; x_wconf 91' lang='lat' dir='ltr'><strong>compositi.</strong></span> <span class='ocrx_word' id='word_1_322' title='bbox 2762 2263 2967 2321; x_wconf 87' lang='lat' dir='ltr'><strong>Deinde</strong></span> <span class='ocrx_word' id='word_1_323' title='bbox 2995 2264 3097 2336; x_wconf 92' lang='lat' dir='ltr'><strong>ipsi</strong></span> <span class='ocrx_word' id='word_1_324' title='bbox 3134 2279 3312 2337; x_wconf 88' lang='lat' dir='ltr'><strong>reges,</strong></span> <span class='ocrx_word' id='word_1_325' title='bbox 3344 2279 3469 2321; x_wconf 85' lang='lat' dir='ltr'><strong>cum</strong></span> <span class='ocrx_word' id='word_1_326' title='bbox 3509 2263 3651 2321; x_wconf 86' lang='lat' dir='ltr'><strong>chari</strong></span> <span class='ocrx_word' id='word_1_327' title='bbox 3691 2264 3804 2321; x_wconf 81' lang='lat' dir='ltr'><strong>fuis-</strong></span> 
     </span>
    </p>
   </div>
   <div class='ocr_carea' id='block_1_44' title="bbox 2230 2357 3804 2431">
    <p class='ocr_par' dir='ltr' id='par_1_44' title="bbox 2230 2357 3804 2431">
     <span class='ocr_line' id='line_1_44' title="bbox 2230 2357 3804 2431; baseline -0.003 -13"><span class='ocrx_word' id='word_1_328' title='bbox 2230 2369 2353 2418; x_wconf 89' lang='lat' dir='ltr'><strong>sent</strong></span> <span class='ocrx_word' id='word_1_329' title='bbox 2378 2360 2463 2429; x_wconf 90' lang='lat' dir='ltr'><strong>iis,</strong></span> <span class='ocrx_word' id='word_1_330' title='bbox 2496 2373 2726 2431; x_wconf 90' lang='lat' dir='ltr'><strong>quorum</strong></span> <span class='ocrx_word' id='word_1_331' title='bbox 2766 2358 2930 2414; x_wconf 91' lang='lat' dir='ltr'><strong>vitam</strong></span> <span class='ocrx_word' id='word_1_332' title='bbox 2979 2366 3442 2429; x_wconf 90' lang='lat' dir='ltr'><strong>composuerant,</strong></span> <span class='ocrx_word' id='word_1_333' title='bbox 3472 2373 3710 2430; x_wconf 92' lang='lat' dir='ltr'><strong>magnum</strong></span> <span class='ocrx_word' id='word_1_334' title='bbox 3737 2357 3804 2413; x_wconf 88' lang='lat' dir='ltr'><strong>sui</strong></span> 
     </span>
    </p>
   </div>
   <div class='ocr_carea' id='block_1_45' title="bbox 2229 2450 3798 2523">
    <p class='ocr_par' dir='ltr' id='par_1_45' title="bbox 2229 2450 3798 2523">
     <span class='ocr_line' id='line_1_45' title="bbox 2229 2450 3798 2523; baseline -0.005 -12"><span class='ocrx_word' id='word_1_335' title='bbox 2229 2453 2555 2511; x_wconf 87' lang='lat' dir='ltr'><strong>desiderium</strong></span> <span class='ocrx_word' id='word_1_336' title='bbox 2575 2450 2769 2507; x_wconf 92' lang='lat' dir='ltr'><strong>mortui</strong></span> <span class='ocrx_word' id='word_1_337' title='bbox 2789 2450 3140 2523; x_wconf 88' lang='lat' dir='ltr'><strong>reliquerunt.</strong></span> <span class='ocrx_word' id='word_1_338' title='bbox 3159 2450 3344 2523; x_wconf 88' lang='lat' dir='ltr'><strong>Itaque</strong></span> <span class='ocrx_word' id='word_1_339' title='bbox 3366 2450 3614 2506; x_wconf 88' lang='lat' dir='ltr'><strong>homines</strong></span> <span class='ocrx_word' id='word_1_340' title='bbox 3637 2464 3798 2505; x_wconf 91' lang='lat' dir='ltr'><strong>eorum</strong></span> 
     </span>
    </p>
   </div>
   <div class='ocr_carea' id='block_1_46' title="bbox 2228 2542 3803 2616">
    <p class='ocr_par' dir='ltr' id='par_1_46' title="bbox 2228 2542 3803 2616">
     <span class='ocr_line' id='line_1_46' title="bbox 2228 2542 3803 2616; baseline -0.005 -13"><span class='ocrx_word' id='word_1_341' title='bbox 2228 2547 2512 2603; x_wconf 89' lang='lat' dir='ltr'><strong>simulacra</strong></span> <span class='ocrx_word' id='word_1_342' title='bbox 2549 2546 2857 2607; x_wconf 78' lang='lat' dir='ltr'><strong>tinxerunt,</strong></span> <span class='ocrx_word' id='word_1_343' title='bbox 2885 2554 2947 2600; x_wconf 89' lang='lat' dir='ltr'><strong>ut</strong></span> <span class='ocrx_word' id='word_1_344' title='bbox 2986 2544 3256 2601; x_wconf 87' lang='lat' dir='ltr'><strong>haberent</strong></span> <span class='ocrx_word' id='word_1_345' title='bbox 3299 2543 3520 2616; x_wconf 88' lang='lat' dir='ltr'><strong>aliquod</strong></span> <span class='ocrx_word' id='word_1_346' title='bbox 3544 2559 3609 2601; x_wconf 79' lang='lat' dir='ltr'><strong>ex</strong></span> <span class='ocrx_word' id='word_1_347' title='bbox 3637 2542 3803 2613; x_wconf 87' lang='lat' dir='ltr'><strong>imagi-</strong></span> 
     </span>
    </p>
   </div>
   <div class='ocr_carea' id='block_1_47' title="bbox 2226 2635 3802 2715">
    <p class='ocr_par' dir='ltr' id='par_1_47' title="bbox 2226 2635 3802 2715">
     <span class='ocr_line' id='line_1_47' title="bbox 2226 2635 3802 2715; baseline -0.006 -16"><span class='ocrx_word' id='word_1_348' title='bbox 2226 2659 2353 2699; x_wconf 89' lang='lat' dir='ltr'><strong>num</strong></span> <span class='ocrx_word' id='word_1_349' title='bbox 2381 2640 2838 2715; x_wconf 85' lang='lat' dir='ltr'><strong>contemplatione</strong></span> <span class='ocrx_word' id='word_1_350' title='bbox 2868 2638 3154 2706; x_wconf 79' lang='lat' dir='ltr'><strong>solatium;</strong></span> <span class='ocrx_word' id='word_1_351' title='bbox 3188 2639 3571 2714; x_wconf 88' lang='lat' dir='ltr'><strong>progressique</strong></span> <span class='ocrx_word' id='word_1_352' title='bbox 3614 2635 3802 2710; x_wconf 81' lang='lat' dir='ltr'><strong>longius</strong></span> 
     </span>
    </p>
   </div>
   <div class='ocr_carea' id='block_1_48' title="bbox 1881 2783 2508 2843">
    <p class='ocr_par' dir='ltr' id='par_1_48' title="bbox 1881 2783 2508 2843">
     <span class='ocr_line' id='line_1_48' title="bbox 1881 2783 2508 2843; baseline -0.003 -1"><span class='ocrx_word' id='word_1_353' title='bbox 1881 2783 2248 2843; x_wconf 77' lang='lat' dir='ltr'><strong>VARIORUM</strong></span> <span class='ocrx_word' id='word_1_354' title='bbox 2279 2783 2508 2841; x_wconf 65' lang='lat' dir='ltr'><strong>NOTAE.</strong></span> 
     </span>
    </p>
   </div>
   <div class='ocr_carea' id='block_1_49' title="bbox 595 2923 2117 3000">
    <p class='ocr_par' dir='ltr' id='par_1_49' title="bbox 595 2923 2117 3000">
     <span class='ocr_line' id='line_1_49' title="bbox 595 2923 2117 3000; baseline -0.007 -12"><span class='ocrx_word' id='word_1_355' title='bbox 595 2929 665 2988; x_wconf 88' lang='lat' dir='ltr'><strong>Ut</strong></span> <span class='ocrx_word' id='word_1_356' title='bbox 692 2929 886 3000; x_wconf 85' lang='lat' dir='ltr'><strong>scripta</strong></span> <span class='ocrx_word' id='word_1_357' title='bbox 914 2940 1053 2985; x_wconf 88' lang='lat' dir='ltr'><strong>sunt.</strong></span> <span class='ocrx_word' id='word_1_358' title='bbox 1084 2929 1235 2995; x_wconf 84' lang='lat' dir='ltr'><strong>Dele.</strong></span> <span class='ocrx_word' id='word_1_359' title='bbox 1264 2927 1439 2999; x_wconf 86' lang='lat' dir='ltr'><strong>inquit</strong></span> <span class='ocrx_word' id='word_1_360' title='bbox 1464 2927 1840 3000; x_wconf 64' lang='lat' dir='ltr'><strong>Ileumannus;</strong></span> <span class='ocrx_word' id='word_1_361' title='bbox 1874 2933 1947 2980; x_wconf 91' lang='lat' dir='ltr'><strong>est</strong></span> <span class='ocrx_word' id='word_1_362' title='bbox 1976 2923 2117 3000; x_wconf 68' lang='lat' dir='ltr'><strong>glos-</strong></span> 
     </span>
    </p>
   </div>
   <div class='ocr_carea' id='block_1_50' title="bbox 516 2996 2114 3073">
    <p class='ocr_par' dir='ltr' id='par_1_50' title="bbox 516 2996 2114 3073">
     <span class='ocr_line' id='line_1_50' title="bbox 516 2996 2114 3073; baseline -0.005 -14"><span class='ocrx_word' id='word_1_363' title='bbox 516 3017 675 3059; x_wconf 91' lang='lat' dir='ltr'><strong>sema.</strong></span> <span class='ocrx_word' id='word_1_364' title='bbox 698 2996 812 3058; x_wconf 80' lang='lat' dir='ltr'><strong>[mo</strong></span> <span class='ocrx_word' id='word_1_365' title='bbox 832 3011 959 3058; x_wconf 91' lang='lat' dir='ltr'><strong>sunt</strong></span> <span class='ocrx_word' id='word_1_366' title='bbox 981 3002 1143 3058; x_wconf 88' lang='lat' dir='ltr'><strong>verba</strong></span> <span class='ocrx_word' id='word_1_367' title='bbox 1171 3001 1330 3058; x_wconf 89' lang='lat' dir='ltr'><strong>Ennii</strong></span> <span class='ocrx_word' id='word_1_368' title='bbox 1340 2996 1576 3073; x_wconf 70' lang='lat' dir='ltr'><strong>repetita</strong></span> <span class='ocrx_word' id='word_1_369' title='bbox 1595 2998 1649 3055; x_wconf 92' lang='lat' dir='ltr'><strong>in</strong></span> <span class='ocrx_word' id='word_1_370' title='bbox 1672 2998 1941 3071; x_wconf 91' lang='lat' dir='ltr'><strong>Epitome,</strong></span> <span class='ocrx_word' id='word_1_371' title='bbox 1955 2996 2004 3052; x_wconf 86' lang='lat' dir='ltr'><strong>c.</strong></span> <span class='ocrx_word' id='word_1_372' title='bbox 2022 2996 2114 3063; x_wconf 79' lang='grc'><strong>15,</strong></span> 
     </span>
    </p>
   </div>
   <div class='ocr_carea' id='block_1_51' title="bbox 519 3073 1234 3145">
    <p class='ocr_par' dir='ltr' id='par_1_51' title="bbox 519 3073 1234 3145">
     <span class='ocr_line' id='line_1_51' title="bbox 519 3073 1234 3145; baseline -0.004 -14"><span class='ocrx_word' id='word_1_373' title='bbox 519 3089 628 3131; x_wconf 91' lang='lat' dir='ltr'><strong>non</strong></span> <span class='ocrx_word' id='word_1_374' title='bbox 655 3089 784 3145; x_wconf 88' lang='lat' dir='ltr'><strong>ergo</strong></span> <span class='ocrx_word' id='word_1_375' title='bbox 814 3074 1064 3130; x_wconf 89' lang='lat' dir='ltr'><strong>delenda.</strong></span> <span class='ocrx_word' id='word_1_376' title='bbox 1097 3073 1234 3130; x_wconf 75' lang='lat' dir='ltr'><strong>Bon.</strong></span> 
     </span>
    </p>
   </div>
   <div class='ocr_carea' id='block_1_52' title="bbox 2301 2916 3800 2986">
    <p class='ocr_par' dir='ltr' id='par_1_52' title="bbox 2301 2916 3800 2986">
     <span class='ocr_line' id='line_1_52' title="bbox 2301 2916 3800 2986; baseline -0.004 -8"><span class='ocrx_word' id='word_1_377' title='bbox 2301 2922 2576 2978; x_wconf 73' lang='lat' dir='ltr'><strong>Elevanda:</strong></span> <span class='ocrx_word' id='word_1_378' title='bbox 2599 2922 2770 2977; x_wconf 79' lang='lat' dir='ltr'><strong>sortis.</strong></span> <span class='ocrx_word' id='word_1_379' title='bbox 2804 2921 2861 2978; x_wconf 87' lang='lat' dir='ltr'><strong>Id</strong></span> <span class='ocrx_word' id='word_1_380' title='bbox 2885 2931 2988 2986; x_wconf 89' lang='lat' dir='ltr'><strong>est,</strong></span> <span class='ocrx_word' id='word_1_381' title='bbox 3016 2920 3426 2979; x_wconf 65' lang='lat' dir='ltr'><strong>imminuendae.</strong></span> <span class='ocrx_word' id='word_1_382' title='bbox 3461 2918 3519 2977; x_wconf 91' lang='lat' dir='ltr'><strong>In</strong></span> <span class='ocrx_word' id='word_1_383' title='bbox 3544 2920 3570 2976; x_wconf 89' lang='lat'><strong>1</strong></span> <span class='ocrx_word' id='word_1_384' title='bbox 3599 2916 3800 2984; x_wconf 66' lang='lat' dir='ltr'><strong>Christ,</strong></span> 
     </span>
    </p>
   </div>
   <div class='ocr_carea' id='block_1_53' title="bbox 2224 2994 3236 3058">
    <p class='ocr_par' dir='ltr' id='par_1_53' title="bbox 2224 2994 3236 3058">
     <span class='ocr_line' id='line_1_53' title="bbox 2224 2994 3236 3058; baseline -0.001 -8"><span class='ocrx_word' id='word_1_385' title='bbox 2224 2995 2547 3058; x_wconf 77' lang='lat' dir='ltr'><strong>alienandw;</strong></span> <span class='ocrx_word' id='word_1_386' title='bbox 2585 2996 2610 3051; x_wconf 89' lang='lat'><strong>1</strong></span> <span class='ocrx_word' id='word_1_387' title='bbox 2640 2994 2903 3058; x_wconf 86' lang='lat' dir='ltr'><strong>Colbert.,</strong></span> <span class='ocrx_word' id='word_1_388' title='bbox 2929 2995 3236 3050; x_wconf 72' lang='lat' dir='ltr'><strong>allevandw.</strong></span> 
     </span>
    </p>
   </div>
   <div class='ocr_carea' id='block_1_54' title="bbox 2299 3061 3801 3138">
    <p class='ocr_par' dir='ltr' id='par_1_54' title="bbox 2299 3061 3801 3138">
     <span class='ocr_line' id='line_1_54' title="bbox 2299 3061 3801 3138; baseline -0.004 -18"><span class='ocrx_word' id='word_1_389' title='bbox 2299 3066 2594 3121; x_wconf 75' lang='lat' dir='ltr'><strong>Honoribus</strong></span> <span class='ocrx_word' id='word_1_390' title='bbox 2614 3069 2837 3138; x_wconf 87' lang='lat' dir='ltr'><strong>jactare.</strong></span> <span class='ocrx_word' id='word_1_391' title='bbox 2869 3067 2961 3122; x_wconf 83' lang='lat' dir='ltr'><strong>Sic</strong></span> <span class='ocrx_word' id='word_1_392' title='bbox 2999 3066 3173 3138; x_wconf 80' lang='lat' dir='ltr'><strong>Reim.</strong></span> <span class='ocrx_word' id='word_1_393' title='bbox 3220 3074 3275 3122; x_wconf 89' lang='lat' dir='ltr'><strong>et</strong></span> <span class='ocrx_word' id='word_1_394' title='bbox 3304 3065 3549 3138; x_wconf 72' lang='lat' dir='ltr'><strong>plurimi.</strong></span> <span class='ocrx_word' id='word_1_395' title='bbox 3580 3063 3648 3119; x_wconf 84' lang='lat' dir='ltr'><strong>At</strong></span> <span class='ocrx_word' id='word_1_396' title='bbox 3686 3061 3801 3138; x_wconf 56' lang='lat' dir='ltr'><strong>ch.</strong></span> 
     </span>
    </p>
   </div>
   <div class='ocr_carea' id='block_1_55' title="bbox 597 3133 3799 3217">
    <p class='ocr_par' dir='ltr' id='par_1_55' title="bbox 597 3133 3799 3217">
     <span class='ocr_line' id='line_1_55' title="bbox 597 3133 3799 3217; baseline -0.005 -18"><span class='ocrx_word' id='word_1_397' title='bbox 597 3133 746 3202; x_wconf 69' lang='lat' dir='ltr'><strong>Ilch</strong></span> <span class='ocrx_word' id='word_1_398' title='bbox 762 3146 941 3217; x_wconf 78' lang='lat' dir='ltr'><strong>infert.</strong></span> <span class='ocrx_word' id='word_1_399' title='bbox 974 3144 1081 3217; x_wconf 88' lang='lat' dir='ltr'><strong>Sic</strong></span> <span class='ocrx_word' id='word_1_400' title='bbox 1128 3144 1472 3215; x_wconf 90' lang='lat' dir='ltr'><strong>reposuimus</strong></span> <span class='ocrx_word' id='word_1_401' title='bbox 1518 3159 1601 3217; x_wconf 61' lang='lat' dir='ltr'><strong>es</strong></span> <span class='ocrx_word' id='word_1_402' title='bbox 1633 3156 1763 3217; x_wconf 89' lang='lat' dir='ltr'><strong>mss.</strong></span> <span class='ocrx_word' id='word_1_403' title='bbox 1814 3140 2111 3217; x_wconf 77' lang='lat' dir='ltr'><strong>codicibus,</strong></span> <span class='ocrx_word' id='word_1_404' title='bbox 2141 3136 2187 3200; x_wconf 88' lang='lat' dir='ltr'><strong>C</strong></span> <span class='ocrx_word' id='word_1_405' title='bbox 2226 3139 2371 3217; x_wconf 26' lang='grc' dir='ltr'><strong>ψῃ*</strong></span> <span class='ocrx_word' id='word_1_406' title='bbox 2393 3133 2833 3217; x_wconf 31' lang='lat' dir='ltr'><strong>et.liost_I‘147_6,</strong></span> <span class='ocrx_word' id='word_1_407' title='bbox 2865 3137 3137 3217; x_wconf 66' lang='lat' dir='ltr'><strong>honoribus</strong></span> <span class='ocrx_word' id='word_1_408' title='bbox 3167 3133 3419 3217; x_wconf 65' lang='lat' dir='ltr'><strong>tractare._</strong></span> <span class='ocrx_word' id='word_1_409' title='bbox 3440 3136 3666 3217; x_wconf 79' lang='lat' dir='ltr'><strong>Utraque</strong></span> <span class='ocrx_word' id='word_1_410' title='bbox 3690 3133 3799 3217; x_wconf 66' lang='lat' dir='ltr'><strong>ven.</strong></span> 
     </span>
    </p>
   </div>
   <div class='ocr_carea' id='block_1_56' title="bbox 519 3213 2110 3360">
    <p class='ocr_par' dir='ltr' id='par_1_56' title="bbox 519 3213 2110 3360">
     <span class='ocr_line' id='line_1_56' title="bbox 519 3213 2110 3360; baseline -0.004 -87"><span class='ocrx_word' id='word_1_411' title='bbox 519 3229 719 3360; x_wconf 56' lang='lat' dir='ltr'><strong>pr’aitfr</strong></span> <span class='ocrx_word' id='word_1_412' title='bbox 769 3213 906 3273; x_wconf 86' lang='lat' dir='ltr'><strong>duos</strong></span> <span class='ocrx_word' id='word_1_413' title='bbox 949 3213 1203 3275; x_wconf 65' lang='lat' dir='ltr'><strong>Colbert.</strong></span> <span class='ocrx_word' id='word_1_414' title='bbox 1240 3232 1351 3273; x_wconf 93' lang='lat' dir='ltr'><strong>rec.</strong></span> <span class='ocrx_word' id='word_1_415' title='bbox 1402 3225 1457 3272; x_wconf 90' lang='lat' dir='ltr'><strong>et</strong></span> <span class='ocrx_word' id='word_1_416' title='bbox 1501 3214 1624 3271; x_wconf 93' lang='lat' dir='ltr'><strong>edd.</strong></span> <span class='ocrx_word' id='word_1_417' title='bbox 1678 3216 1732 3269; x_wconf 90' lang='lat' dir='ltr'><strong>in</strong></span> <span class='ocrx_word' id='word_1_418' title='bbox 1776 3213 1969 3286; x_wconf 87' lang='lat' dir='ltr'><strong>quibus</strong></span> <span class='ocrx_word' id='word_1_419' title='bbox 2007 3221 2110 3283; x_wconf 89' lang='lat' dir='ltr'><strong>est,</strong></span> 
     </span>
     <span class='ocr_line' id='line_1_57' title="bbox 519 3306 696 3346; baseline -0.011 0"><span class='ocrx_word' id='word_1_420' title='bbox 519 3306 577 3346; x_wconf 96' lang='lat' dir='ltr'><strong>re</strong></span> <span class='ocrx_word' id='word_1_421' title='bbox 603 3306 656 3345; x_wconf 88' lang='lat' dir='ltr'><strong>er</strong></span> <span class='ocrx_word' id='word_1_422' title='bbox 683 3330 696 3344; x_wconf 90' lang='lat'><strong>.</strong></span> 
     </span>
    </p>
   </div>
   <div class='ocr_carea' id='block_1_57' title="bbox 519 3299 696 3346">
    <p class='ocr_par' dir='ltr' id='par_1_57' title="bbox 519 3299 696 3346">
     <span class='ocr_line' id='line_1_58' title="bbox 519 3299 696 3346; baseline -0.011 0"><span class='ocrx_word' id='word_1_423' title='bbox 519 3299 696 3346; x_wconf 82' lang='lat' dir='ltr'><strong>refert.</strong></span> 
     </span>
    </p>
   </div>
   <div class='ocr_carea' id='block_1_58' title="bbox 593 3358 2120 3434">
    <p class='ocr_par' dir='ltr' id='par_1_58' title="bbox 593 3358 2120 3434">
     <span class='ocr_line' id='line_1_59' title="bbox 593 3358 2120 3434; baseline -0.003 -18"><span class='ocrx_word' id='word_1_424' title='bbox 593 3361 798 3434; x_wconf 81' lang='lat' dir='ltr'><strong>Easque</strong></span> <span class='ocrx_word' id='word_1_425' title='bbox 844 3378 990 3418; x_wconf 84' lang='lat' dir='ltr'><strong>muro</strong></span> <span class='ocrx_word' id='word_1_426' title='bbox 1041 3361 1356 3434; x_wconf 82' lang='lat' dir='ltr'><strong>circumegit.</strong></span> <span class='ocrx_word' id='word_1_427' title='bbox 1403 3360 1495 3434; x_wconf 85' lang='lat' dir='ltr'><strong>Sic</strong></span> <span class='ocrx_word' id='word_1_428' title='bbox 1522 3358 1731 3434; x_wconf 83' lang='lat' dir='ltr'><strong>_cuncti</strong></span> <span class='ocrx_word' id='word_1_429' title='bbox 1763 3371 1954 3434; x_wconf 22' lang='lat' dir='ltr'><strong>Apene.</strong></span> <span class='ocrx_word' id='word_1_430' title='bbox 1985 3372 2120 3434; x_wconf 84' lang='lat' dir='ltr'><strong>mss.</strong></span> 
     </span>
    </p>
   </div>
   <div class='ocr_carea' id='block_1_59' title="bbox 520 3428 2124 3499">
    <p class='ocr_par' dir='ltr' id='par_1_59' title="bbox 520 3428 2124 3499">
     <span class='ocr_line' id='line_1_60' title="bbox 520 3428 2124 3499; baseline -0.004 -9"><span class='ocrx_word' id='word_1_431' title='bbox 520 3444 576 3490; x_wconf 89' lang='lat' dir='ltr'><strong>et</strong></span> <span class='ocrx_word' id='word_1_432' title='bbox 602 3428 730 3489; x_wconf 85' lang='lat' dir='ltr'><strong>editi</strong></span> <span class='ocrx_word' id='word_1_433' title='bbox 757 3448 982 3499; x_wconf 90' lang='lat' dir='ltr'><strong>omnes;</strong></span> <span class='ocrx_word' id='word_1_434' title='bbox 1014 3435 1086 3489; x_wconf 89' lang='lat' dir='ltr'><strong>ita</strong></span> <span class='ocrx_word' id='word_1_435' title='bbox 1130 3443 1189 3489; x_wconf 91' lang='lat' dir='ltr'><strong>ut</strong></span> <span class='ocrx_word' id='word_1_436' title='bbox 1227 3428 1406 3489; x_wconf 74' lang='lat' dir='ltr'><strong>nullus</strong></span> <span class='ocrx_word' id='word_1_437' title='bbox 1445 3430 1690 3487; x_wconf 90' lang='lat' dir='ltr'><strong>dubitem</strong></span> <span class='ocrx_word' id='word_1_438' title='bbox 1732 3430 1811 3484; x_wconf 90' lang='lat' dir='ltr'><strong>sic</strong></span> <span class='ocrx_word' id='word_1_439' title='bbox 1839 3428 2124 3498; x_wconf 88' lang='lat' dir='ltr'><strong>scripsisse</strong></span> 
     </span>
    </p>
   </div>
   <div class='ocr_carea' id='block_1_60' title="bbox 519 3502 2119 3576">
    <p class='ocr_par' dir='ltr' id='par_1_60' title="bbox 519 3502 2119 3576">
     <span class='ocr_line' id='line_1_61' title="bbox 519 3502 2119 3576; baseline -0.006 -14"><span class='ocrx_word' id='word_1_440' title='bbox 519 3504 857 3562; x_wconf 87' lang='lat' dir='ltr'><strong>Lactantium</strong></span> <span class='ocrx_word' id='word_1_441' title='bbox 902 3522 915 3559; x_wconf 91' lang='lat'><strong>:</strong></span> <span class='ocrx_word' id='word_1_442' title='bbox 964 3506 1125 3576; x_wconf 88' lang='lat' dir='ltr'><strong>Quasi</strong></span> <span class='ocrx_word' id='word_1_443' title='bbox 1180 3504 1368 3565; x_wconf 92' lang='lat' dir='ltr'><strong>dicas.</strong></span> <span class='ocrx_word' id='word_1_444' title='bbox 1421 3519 1569 3557; x_wconf 88' lang='lat' dir='ltr'><strong>muro</strong></span> <span class='ocrx_word' id='word_1_445' title='bbox 1613 3502 1716 3576; x_wconf 81' lang='lat' dir='ltr'><strong>egit</strong></span> <span class='ocrx_word' id='word_1_446' title='bbox 1767 3502 1980 3576; x_wconf 86' lang='lat' dir='ltr'><strong>circum_</strong></span> <span class='ocrx_word' id='word_1_447' title='bbox 2014 3516 2119 3553; x_wconf 89' lang='lat' dir='ltr'><strong>eos.</strong></span> 
     </span>
    </p>
   </div>
   <div class='ocr_carea' id='block_1_61' title="bbox 521 3572 2123 3652">
    <p class='ocr_par' dir='ltr' id='par_1_61' title="bbox 521 3572 2123 3652">
     <span class='ocr_line' id='line_1_62' title="bbox 521 3572 2123 3652; baseline -0.005 -18"><span class='ocrx_word' id='word_1_448' title='bbox 521 3576 796 3652; x_wconf 81' lang='lat' dir='ltr'><strong>Equidem</strong></span> <span class='ocrx_word' id='word_1_449' title='bbox 817 3572 1021 3652; x_wconf 80' lang='lat' dir='ltr'><strong>nullum</strong></span> <span class='ocrx_word' id='word_1_450' title='bbox 1049 3585 1324 3652; x_wconf 85' lang='lat' dir='ltr'><strong>auctorem</strong></span> <span class='ocrx_word' id='word_1_451' title='bbox 1353 3576 1577 3631; x_wconf 91' lang='lat' dir='ltr'><strong>latinum</strong></span> <span class='ocrx_word' id='word_1_452' title='bbox 1606 3572 1685 3629; x_wconf 88' lang='lat' dir='ltr'><strong>sic</strong></span> <span class='ocrx_word' id='word_1_453' title='bbox 1706 3574 1943 3652; x_wconf 81' lang='lat' dir='ltr'><strong>locutum</strong></span> <span class='ocrx_word' id='word_1_454' title='bbox 1968 3572 2123 3626; x_wconf 87' lang='lat' dir='ltr'><strong>inve-</strong></span> 
     </span>
    </p>
   </div>
   <div class='ocr_carea' id='block_1_62' title="bbox 522 3645 2124 3719">
    <p class='ocr_par' dir='ltr' id='par_1_62' title="bbox 522 3645 2124 3719">
     <span class='ocr_line' id='line_1_63' title="bbox 522 3645 2124 3719; baseline -0.005 -14"><span class='ocrx_word' id='word_1_455' title='bbox 522 3645 634 3705; x_wconf 79' lang='lat' dir='ltr'><strong>nio.</strong></span> <span class='ocrx_word' id='word_1_456' title='bbox 663 3649 891 3717; x_wconf 87' lang='lat' dir='ltr'><strong>Quidam</strong></span> <span class='ocrx_word' id='word_1_457' title='bbox 923 3651 1132 3705; x_wconf 90' lang='lat' dir='ltr'><strong>malunt</strong></span> <span class='ocrx_word' id='word_1_458' title='bbox 1163 3650 1342 3719; x_wconf 88' lang='lat' dir='ltr'><strong>legere</strong></span> <span class='ocrx_word' id='word_1_459' title='bbox 1369 3662 1593 3710; x_wconf 86' lang='lat' dir='ltr'><strong>murum,</strong></span> <span class='ocrx_word' id='word_1_460' title='bbox 1627 3654 1681 3699; x_wconf 92' lang='lat' dir='ltr'><strong>ut</strong></span> <span class='ocrx_word' id='word_1_461' title='bbox 1708 3646 1761 3699; x_wconf 93' lang='lat' dir='ltr'><strong>in</strong></span> <span class='ocrx_word' id='word_1_462' title='bbox 1794 3645 2124 3719; x_wconf 68' lang='lat' dir='ltr'><strong>unofrecen-</strong></span> 
     </span>
    </p>
   </div>
   <div class='ocr_carea' id='block_1_63' title="bbox 523 3714 2125 3791">
    <p class='ocr_par' dir='ltr' id='par_1_63' title="bbox 523 3714 2125 3791">
     <span class='ocr_line' id='line_1_64' title="bbox 523 3714 2125 3791; baseline -0.007 -15"><span class='ocrx_word' id='word_1_463' title='bbox 523 3721 669 3777; x_wconf 89' lang='lat' dir='ltr'><strong>tiore</strong></span> <span class='ocrx_word' id='word_1_464' title='bbox 688 3714 1032 3777; x_wconf 38' lang='lat' dir='ltr'><strong>&#39;Colbertino.</strong></span> <span class='ocrx_word' id='word_1_465' title='bbox 1061 3721 1145 3776; x_wconf 83' lang='lat' dir='ltr'><strong>An</strong></span> <span class='ocrx_word' id='word_1_466' title='bbox 1169 3714 1345 3775; x_wconf 68' lang='lat' dir='ltr'><strong>mavis</strong></span> <span class='ocrx_word' id='word_1_467' title='bbox 1373 3720 1548 3791; x_wconf 86' lang='lat' dir='ltr'><strong>legere</strong></span> <span class='ocrx_word' id='word_1_468' title='bbox 1596 3732 1781 3791; x_wconf 80' lang='lat' dir='ltr'><strong>eosque</strong></span> <span class='ocrx_word' id='word_1_469' title='bbox 1809 3729 1982 3768; x_wconf 85' lang='lat' dir='ltr'><strong>muros</strong></span> <span class='ocrx_word' id='word_1_470' title='bbox 2022 3714 2125 3767; x_wconf 89' lang='lat' dir='ltr'><strong>cir-</strong></span> 
     </span>
    </p>
   </div>
   <div class='ocr_carea' id='block_1_64' title="bbox 521 3788 2126 3862">
    <p class='ocr_par' dir='ltr' id='par_1_64' title="bbox 521 3788 2126 3862">
     <span class='ocr_line' id='line_1_65' title="bbox 521 3788 2126 3862; baseline -0.005 -15"><span class='ocrx_word' id='word_1_471' title='bbox 521 3796 759 3862; x_wconf 84' lang='lat' dir='ltr'><strong>cumegit,</strong></span> <span class='ocrx_word' id='word_1_472' title='bbox 814 3808 937 3849; x_wconf 92' lang='lat' dir='ltr'><strong>cum</strong></span> <span class='ocrx_word' id='word_1_473' title='bbox 991 3793 1203 3848; x_wconf 89' lang='lat' dir='ltr'><strong>duobus</strong></span> <span class='ocrx_word' id='word_1_474' title='bbox 1256 3788 1457 3862; x_wconf 73' lang='lat' dir='ltr'><strong>Regiis,</strong></span> <span class='ocrx_word' id='word_1_475' title='bbox 1509 3804 1576 3862; x_wconf 83' lang='lat' dir='ltr'><strong>ex</strong></span> <span class='ocrx_word' id='word_1_476' title='bbox 1625 3788 1819 3862; x_wconf 83' lang='lat' dir='ltr'><strong>quibus</strong></span> <span class='ocrx_word' id='word_1_477' title='bbox 1860 3800 1997 3839; x_wconf 92' lang='lat' dir='ltr'><strong>unus</strong></span> <span class='ocrx_word' id='word_1_478' title='bbox 2042 3795 2126 3862; x_wconf 83' lang='lat' dir='ltr'><strong>est</strong></span> 
     </span>
    </p>
   </div>
   <div class='ocr_carea' id='block_1_65' title="bbox 522 3857 2126 3930">
    <p class='ocr_par' dir='ltr' id='par_1_65' title="bbox 522 3857 2126 3930">
     <span class='ocr_line' id='line_1_66' title="bbox 522 3857 2126 3930; baseline -0.006 -12"><span class='ocrx_word' id='word_1_479' title='bbox 522 3857 762 3918; x_wconf 79' lang='lat' dir='ltr'><strong>omnium</strong></span> <span class='ocrx_word' id='word_1_480' title='bbox 784 3864 1218 3920; x_wconf 82' lang='lat' dir='ltr'><strong>vetustissimus?</strong></span> <span class='ocrx_word' id='word_1_481' title='bbox 1250 3857 1456 3918; x_wconf 62' lang='lat' dir='ltr'><strong>Vel&#39;hic</strong></span> <span class='ocrx_word' id='word_1_482' title='bbox 1475 3857 1771 3930; x_wconf 83' lang='lat' dir='ltr'><strong>circumegit</strong></span> <span class='ocrx_word' id='word_1_483' title='bbox 1793 3865 1877 3913; x_wconf 91' lang='lat' dir='ltr'><strong>est</strong></span> <span class='ocrx_word' id='word_1_484' title='bbox 1907 3870 2006 3926; x_wconf 90' lang='lat' dir='ltr'><strong>pro</strong></span> <span class='ocrx_word' id='word_1_485' title='bbox 2025 3857 2126 3930; x_wconf 63' lang='grc' dir='ltr'><strong>εἰν-τ</strong></span> 
     </span>
    </p>
   </div>
   <div class='ocr_carea' id='block_1_66' title="bbox 522 3926 2122 4004">
    <p class='ocr_par' dir='ltr' id='par_1_66' title="bbox 522 3926 2122 4004">
     <span class='ocr_line' id='line_1_67' title="bbox 522 3926 2122 4004; baseline -0.003 -17"><span class='ocrx_word' id='word_1_486' title='bbox 522 3934 801 4004; x_wconf 79' lang='lat' dir='ltr'><strong>cumdedil,</strong></span> <span class='ocrx_word' id='word_1_487' title='bbox 844 3936 930 3992; x_wconf 90' lang='lat' dir='ltr'><strong>vel</strong></span> <span class='ocrx_word' id='word_1_488' title='bbox 983 3935 1176 4004; x_wconf 74' lang='lat' dir='ltr'><strong>cinait,</strong></span> <span class='ocrx_word' id='word_1_489' title='bbox 1216 3947 1312 3991; x_wconf 89' lang='lat' dir='ltr'><strong>seu</strong></span> <span class='ocrx_word' id='word_1_490' title='bbox 1348 3926 1718 3998; x_wconf 57' lang='lat' dir='ltr'><strong>circumduxit,</strong></span> <span class='ocrx_word' id='word_1_491' title='bbox 1754 3938 1815 3985; x_wconf 92' lang='lat' dir='ltr'><strong>ut</strong></span> <span class='ocrx_word' id='word_1_492' title='bbox 1853 3936 1934 3985; x_wconf 90' lang='lat' dir='ltr'><strong>est</strong></span> <span class='ocrx_word' id='word_1_493' title='bbox 1980 3926 2122 3998; x_wconf 90' lang='lat' dir='ltr'><strong>apud</strong></span> 
     </span>
    </p>
   </div>
   <div class='ocr_carea' id='block_1_67' title="bbox 522 4003 840 4076">
    <p class='ocr_par' dir='ltr' id='par_1_67' title="bbox 522 4003 840 4076">
     <span class='ocr_line' id='line_1_68' title="bbox 522 4003 840 4076; baseline 0 -14"><span class='ocrx_word' id='word_1_494' title='bbox 522 4003 840 4076; x_wconf 75' lang='lat' dir='ltr'><strong>Virgilium:</strong></span> 
     </span>
    </p>
   </div>
   <div class='ocr_carea' id='block_1_68' title="bbox 643 4093 1687 4159">
    <p class='ocr_par' dir='ltr' id='par_1_68' title="bbox 643 4093 1687 4159">
     <span class='ocr_line' id='line_1_69' title="bbox 643 4093 1687 4159; baseline 0 -15"><span class='ocrx_word' id='word_1_495' title='bbox 643 4093 952 4149; x_wconf 88' lang='lat' dir='ltr'><strong>Stridentem</strong></span> <span class='ocrx_word' id='word_1_496' title='bbox 975 4096 1174 4150; x_wconf 81' lang='lat' dir='ltr'><strong>fundam</strong></span> <span class='ocrx_word' id='word_1_497' title='bbox 1196 4099 1378 4149; x_wconf 91' lang='lat' dir='ltr'><strong>circum</strong></span> <span class='ocrx_word' id='word_1_498' title='bbox 1395 4102 1541 4159; x_wconf 86' lang='lat' dir='ltr'><strong>caput</strong></span> <span class='ocrx_word' id='word_1_499' title='bbox 1562 4095 1687 4159; x_wconf 85' lang='lat' dir='ltr'><strong>egit.</strong></span> 
     </span>
    </p>
   </div>
   <div class='ocr_carea' id='block_1_69' title="bbox 519 4177 2123 4253">
    <p class='ocr_par' dir='ltr' id='par_1_69' title="bbox 519 4177 2123 4253">
     <span class='ocr_line' id='line_1_70' title="bbox 519 4177 2123 4253; baseline -0.002 -18"><span class='ocrx_word' id='word_1_500' title='bbox 519 4178 675 4253; x_wconf 85' lang='lat' dir='ltr'><strong>Quod</strong></span> <span class='ocrx_word' id='word_1_501' title='bbox 706 4184 926 4253; x_wconf 89' lang='lat' dir='ltr'><strong>propius</strong></span> <span class='ocrx_word' id='word_1_502' title='bbox 972 4192 1057 4239; x_wconf 88' lang='lat' dir='ltr'><strong>est</strong></span> <span class='ocrx_word' id='word_1_503' title='bbox 1088 4182 1368 4238; x_wconf 86' lang='lat' dir='ltr'><strong>latinitatis</strong></span> <span class='ocrx_word' id='word_1_504' title='bbox 1395 4180 1583 4242; x_wconf 90' lang='lat' dir='ltr'><strong>indoli,</strong></span> <span class='ocrx_word' id='word_1_505' title='bbox 1614 4187 1725 4253; x_wconf 82' lang='lat' dir='ltr'><strong>uta</strong></span> <span class='ocrx_word' id='word_1_506' title='bbox 1752 4177 1946 4253; x_wconf 73' lang='lat' dir='ltr'><strong>circum</strong></span> <span class='ocrx_word' id='word_1_507' title='bbox 1966 4190 2123 4253; x_wconf 79' lang='lat' dir='ltr'><strong>casus</strong></span> 
     </span>
    </p>
   </div>
   <div class='ocr_carea' id='block_1_70' title="bbox 520 4247 2123 4322">
    <p class='ocr_par' dir='ltr' id='par_1_70' title="bbox 520 4247 2123 4322">
     <span class='ocr_line' id='line_1_71' title="bbox 520 4247 2123 4322; baseline -0.002 -15"><span class='ocrx_word' id='word_1_508' title='bbox 520 4247 772 4322; x_wconf 77' lang='lat' dir='ltr'><strong>pendeat.</strong></span> <span class='ocrx_word' id='word_1_509' title='bbox 810 4247 939 4310; x_wconf 61' lang='lat' dir='ltr'><strong>&#39;Sed</strong></span> <span class='ocrx_word' id='word_1_510' title='bbox 987 4256 1212 4310; x_wconf 86' lang='lat' dir='ltr'><strong>verbum</strong></span> <span class='ocrx_word' id='word_1_511' title='bbox 1262 4253 1597 4310; x_wconf 83' lang='lat' dir='ltr'><strong>circumdedit</strong></span> <span class='ocrx_word' id='word_1_512' title='bbox 1639 4247 1903 4321; x_wconf 83' lang='lat' dir='ltr'><strong>Sparckio</strong></span> <span class='ocrx_word' id='word_1_513' title='bbox 1951 4247 2123 4320; x_wconf 84' lang='lat' dir='ltr'><strong>magis</strong></span> 
     </span>
    </p>
   </div>
   <div class='ocr_carea' id='block_1_71' title="bbox 520 4324 1288 4398">
    <p class='ocr_par' dir='ltr' id='par_1_71' title="bbox 520 4324 1288 4398">
     <span class='ocr_line' id='line_1_72' title="bbox 520 4324 1288 4398; baseline 0 -18"><span class='ocrx_word' id='word_1_514' title='bbox 520 4324 757 4398; x_wconf 70' lang='lat' dir='ltr'><strong>arridet.</strong></span> <span class='ocrx_word' id='word_1_515' title='bbox 786 4342 944 4396; x_wconf 84' lang='lat' dir='ltr'><strong>quam</strong></span> <span class='ocrx_word' id='word_1_516' title='bbox 974 4328 1288 4398; x_wconf 85' lang='lat' dir='ltr'><strong>circumegit.</strong></span> 
     </span>
    </p>
   </div>
   <div class='ocr_carea' id='block_1_72' title="bbox 592 4391 2118 4458">
    <p class='ocr_par' dir='ltr' id='par_1_72' title="bbox 592 4391 2118 4458">
     <span class='ocr_line' id='line_1_73' title="bbox 592 4391 2118 4458; baseline -0.003 -9"><span class='ocrx_word' id='word_1_517' title='bbox 592 4394 694 4451; x_wconf 83' lang='lat' dir='ltr'><strong>lis.</strong></span> <span class='ocrx_word' id='word_1_518' title='bbox 710 4391 1025 4455; x_wconf 48' lang='lat' dir='ltr'><strong>Sic&#39;correxi</strong></span> <span class='ocrx_word' id='word_1_519' title='bbox 1044 4415 1108 4454; x_wconf 83' lang='lat' dir='ltr'><strong>ex</strong></span> <span class='ocrx_word' id='word_1_520' title='bbox 1125 4391 1253 4454; x_wconf 62' lang='lat' dir='ltr'><strong>ms&#39;s.</strong></span> <span class='ocrx_word' id='word_1_521' title='bbox 1275 4398 1505 4453; x_wconf 80' lang='lat' dir='ltr'><strong>Reimm.</strong></span> <span class='ocrx_word' id='word_1_522' title='bbox 1532 4396 1650 4457; x_wconf 82' lang='lat' dir='ltr'><strong>hiis,</strong></span> <span class='ocrx_word' id='word_1_523' title='bbox 1676 4393 1727 4449; x_wconf 91' lang='lat' dir='ltr'><strong>id</strong></span> <span class='ocrx_word' id='word_1_524' title='bbox 1755 4400 1860 4458; x_wconf 84' lang='lat' dir='ltr'><strong>est,</strong></span> <span class='ocrx_word' id='word_1_525' title='bbox 1879 4392 1962 4446; x_wconf 91' lang='lat' dir='ltr'><strong>iis.</strong></span> <span class='ocrx_word' id='word_1_526' title='bbox 1987 4391 2118 4446; x_wconf 69' lang='lat' dir='ltr'><strong>Bon.</strong></span> 
     </span>
    </p>
   </div>
   <div class='ocr_carea' id='block_1_73' title="bbox 593 4462 2119 4545">
    <p class='ocr_par' dir='ltr' id='par_1_73' title="bbox 593 4462 2119 4545">
     <span class='ocr_line' id='line_1_74' title="bbox 593 4462 2119 4545; baseline -0.003 -22"><span class='ocrx_word' id='word_1_527' title='bbox 593 4465 818 4538; x_wconf 83' lang='lat' dir='ltr'><strong>Sybilla,</strong></span> <span class='ocrx_word' id='word_1_528' title='bbox 846 4479 951 4527; x_wconf 88' lang='lat' dir='ltr'><strong>etc.</strong></span> <span class='ocrx_word' id='word_1_529' title='bbox 984 4471 1260 4545; x_wconf 85' lang='lat' dir='ltr'><strong>Sybylliua</strong></span> <span class='ocrx_word' id='word_1_530' title='bbox 1285 4469 1547 4536; x_wconf 83' lang='lat' dir='ltr'><strong>carmina,</strong></span> <span class='ocrx_word' id='word_1_531' title='bbox 1583 4483 1735 4522; x_wconf 80' lang='lat' dir='ltr'><strong>serat.</strong></span> <span class='ocrx_word' id='word_1_532' title='bbox 1771 4465 1845 4520; x_wconf 71' lang='grc' dir='ltr'>ὗε</span> <span class='ocrx_word' id='word_1_533' title='bbox 1879 4462 2049 4521; x_wconf 76' lang='grc' dir='ltr'><strong>Η⁰νικα</strong></span> <span class='ocrx_word' id='word_1_534' title='bbox 2074 4462 2119 4519; x_wconf 77' lang='grc' dir='ltr'><strong>δ’</strong></span> 
     </span>
    </p>
   </div>
   <div class='ocr_carea' id='block_1_74' title="bbox 518 4538 899 4603">
    <p class='ocr_par' dir='ltr' id='par_1_74' title="bbox 518 4538 899 4603">
     <span class='ocr_line' id='line_1_75' title="bbox 518 4538 899 4603; baseline -0.008 -4"><span class='ocrx_word' id='word_1_535' title='bbox 518 4538 764 4603; x_wconf 71' lang='grc' dir='ltr'><strong>ἥκουσαν.</strong></span> <span class='ocrx_word' id='word_1_536' title='bbox 794 4550 899 4597; x_wconf 91' lang='lat' dir='ltr'><strong>etc.</strong></span> 
     </span>
    </p>
   </div>
   <div class='ocr_carea' id='block_1_75' title="bbox 592 4610 2112 4678">
    <p class='ocr_par' dir='ltr' id='par_1_75' title="bbox 592 4610 2112 4678">
     <span class='ocr_line' id='line_1_76' title="bbox 592 4610 2112 4678; baseline -0.004 -11"><span class='ocrx_word' id='word_1_537' title='bbox 592 4610 914 4670; x_wconf 86' lang='lat' dir='ltr'><strong>Sustulisset.</strong></span> <span class='ocrx_word' id='word_1_538' title='bbox 963 4614 1021 4670; x_wconf 89' lang='lat' dir='ltr'><strong>Id</strong></span> <span class='ocrx_word' id='word_1_539' title='bbox 1067 4623 1171 4678; x_wconf 91' lang='lat' dir='ltr'><strong>est,</strong></span> <span class='ocrx_word' id='word_1_540' title='bbox 1218 4629 1250 4669; x_wconf 91' lang='lat' dir='ltr'><strong>e</strong></span> <span class='ocrx_word' id='word_1_541' title='bbox 1309 4622 1451 4669; x_wconf 89' lang='lat' dir='ltr'><strong>terra</strong></span> <span class='ocrx_word' id='word_1_542' title='bbox 1500 4610 1776 4676; x_wconf 90' lang='lat' dir='ltr'><strong>sublatos,</strong></span> <span class='ocrx_word' id='word_1_543' title='bbox 1832 4615 2112 4677; x_wconf 85' lang='lat' dir='ltr'><strong>susceptos</strong></span> 
     </span>
    </p>
   </div>
   <div class='ocr_carea' id='block_1_76' title="bbox 519 4678 2110 4752">
    <p class='ocr_par' dir='ltr' id='par_1_76' title="bbox 519 4678 2110 4752">
     <span class='ocr_line' id='line_1_77' title="bbox 519 4678 2110 4752; baseline -0.003 -15"><span class='ocrx_word' id='word_1_544' title='bbox 519 4683 822 4752; x_wconf 89' lang='lat' dir='ltr'><strong>educasset,</strong></span> <span class='ocrx_word' id='word_1_545' title='bbox 872 4686 963 4740; x_wconf 90' lang='lat' dir='ltr'><strong>lib.</strong></span> <span class='ocrx_word' id='word_1_546' title='bbox 997 4702 1036 4749; x_wconf 92' lang='lat'><strong>1,</strong></span> <span class='ocrx_word' id='word_1_547' title='bbox 1088 4700 1206 4752; x_wconf 88' lang='lat' dir='ltr'><strong>cap.</strong></span> <span class='ocrx_word' id='word_1_548' title='bbox 1247 4685 1335 4741; x_wconf 86' lang='lat'><strong>16.</strong></span> <span class='ocrx_word' id='word_1_549' title='bbox 1366 4685 1522 4740; x_wconf 78' lang='lat' dir='ltr'><strong>Plura</strong></span> <span class='ocrx_word' id='word_1_550' title='bbox 1568 4683 1747 4737; x_wconf 85' lang='lat' dir='ltr'><strong>Pitisc.</strong></span> <span class='ocrx_word' id='word_1_551' title='bbox 1780 4680 1846 4734; x_wconf 92' lang='lat' dir='ltr'><strong>ad</strong></span> <span class='ocrx_word' id='word_1_552' title='bbox 1889 4680 2038 4752; x_wconf 60' lang='lat' dir='ltr'><strong>Cur}.</strong></span> <span class='ocrx_word' id='word_1_553' title='bbox 2072 4678 2110 4733; x_wconf 89' lang='grc' dir='ltr'><strong>Ι.</strong></span> 
     </span>
    </p>
   </div>
   <div class='ocr_carea' id='block_1_77' title="bbox 519 4701 2113 4826">
    <p class='ocr_par' dir='ltr' id='par_1_77' title="bbox 519 4701 2113 4826">
     <span class='ocr_line' id='line_1_78' title="bbox 519 4701 2110 4752; baseline -0.003 -15"><span class='ocrx_word' id='word_1_554' title='bbox 519 4701 822 4752; x_wconf 79' lang='lat' dir='ltr'><strong>educasset,</strong></span> <span class='ocrx_word' id='word_1_555' title='bbox 872 4701 963 4740; x_wconf 88' lang='lat' dir='ltr'><strong>nn.</strong></span> <span class='ocrx_word' id='word_1_556' title='bbox 997 4702 1036 4749; x_wconf 91' lang='lat'><strong>1,</strong></span> <span class='ocrx_word' id='word_1_557' title='bbox 1088 4701 1145 4740; x_wconf 88' lang='lat' dir='ltr'><strong>ea</strong></span> <span class='ocrx_word' id='word_1_558' title='bbox 1194 4724 1206 4737; x_wconf 94' lang='lat'><strong>.</strong></span> <span class='ocrx_word' id='word_1_559' title='bbox 1247 4701 1522 4741; x_wconf 72' lang='grc' dir='ltr'><strong>1ῠ.ὶ¹1111·3</strong></span> <span class='ocrx_word' id='word_1_560' title='bbox 1569 4701 1747 4737; x_wconf 88' lang='lat' dir='ltr'><strong>l&#39;lllsc.</strong></span> <span class='ocrx_word' id='word_1_561' title='bbox 1780 4701 1846 4734; x_wconf 89' lang='lat' dir='ltr'><strong>au</strong></span> <span class='ocrx_word' id='word_1_562' title='bbox 1889 4701 2038 4733; x_wconf 76' lang='lat' dir='ltr'><strong>um.</strong></span> <span class='ocrx_word' id='word_1_563' title='bbox 2072 4701 2110 4733; x_wconf 89' lang='grc'><strong>1.</strong></span> 
     </span>
     <span class='ocr_line' id='line_1_79' title="bbox 519 4701 2113 4826; baseline -0.005 -15"><span class='ocrx_word' id='word_1_564' title='bbox 519 4768 595 4819; x_wconf 84' lang='lat' dir='ltr'><strong>1x,</strong></span> <span class='ocrx_word' id='word_1_565' title='bbox 624 4770 744 4826; x_wconf 89' lang='lat' dir='ltr'><strong>cap.</strong></span> <span class='ocrx_word' id='word_1_566' title='bbox 784 4759 835 4824; x_wconf 90' lang='grc'><strong>1,</strong></span> <span class='ocrx_word' id='word_1_567' title='bbox 867 4756 938 4813; x_wconf 72' lang='grc'><strong>25</strong></span> <span class='ocrx_word' id='word_1_568' title='bbox 962 4768 1073 4814; x_wconf 91' lang='lat' dir='ltr'><strong>not.</strong></span> <span class='ocrx_word' id='word_1_569' title='bbox 1109 4701 1198 4812; x_wconf 52' lang='lat'><strong>5:.</strong></span> <span class='ocrx_word' id='word_1_570' title='bbox 1228 4756 1435 4815; x_wconf 88' lang='lat' dir='ltr'><strong>Schott.</strong></span> <span class='ocrx_word' id='word_1_571' title='bbox 1466 4754 1553 4810; x_wconf 90' lang='lat' dir='ltr'><strong>ad.</strong></span> <span class='ocrx_word' id='word_1_572' title='bbox 1590 4755 1782 4808; x_wconf 81' lang='lat' dir='ltr'><strong>Senec.</strong></span> <span class='ocrx_word' id='word_1_573' title='bbox 1812 4752 1860 4826; x_wconf 16' lang='lat'><strong>7|.</strong></span> <span class='ocrx_word' id='word_1_574' title='bbox 1891 4767 1942 4805; x_wconf 92' lang='lat' dir='ltr'><strong>1v</strong></span> <span class='ocrx_word' id='word_1_575' title='bbox 1970 4748 2113 4826; x_wconf 79' lang='lat' dir='ltr'><strong>Gon-</strong></span> 
     </span>
    </p>
   </div>
   <div class='ocr_carea' id='block_1_78' title="bbox 520 4820 2111 4901">
    <p class='ocr_par' dir='ltr' id='par_1_78' title="bbox 520 4820 2111 4901">
     <span class='ocr_line' id='line_1_80' title="bbox 520 4820 2111 4901; baseline -0.003 -21"><span class='ocrx_word' id='word_1_576' title='bbox 520 4820 708 4901; x_wconf 60' lang='lat' dir='ltr'><strong>trov..;</strong></span> <span class='ocrx_word' id='word_1_577' title='bbox 725 4828 795 4901; x_wconf 75' lang='lat'><strong>26</strong></span> <span class='ocrx_word' id='word_1_578' title='bbox 820 4820 872 4894; x_wconf 59' lang='grc' dir='ltr'><strong>ᾖ).</strong></span> <span class='ocrx_word' id='word_1_579' title='bbox 893 4830 1016 4885; x_wconf 76' lang='grc'><strong>515.</strong></span> <span class='ocrx_word' id='word_1_580' title='bbox 1046 4828 1227 4883; x_wconf 82' lang='lat' dir='ltr'><strong>Barth.</strong></span> <span class='ocrx_word' id='word_1_581' title='bbox 1251 4829 1314 4901; x_wconf 85' lang='lat' dir='ltr'><strong>ad</strong></span> <span class='ocrx_word' id='word_1_582' title='bbox 1340 4828 1479 4885; x_wconf 85' lang='lat' dir='ltr'><strong>Stat.</strong></span> <span class='ocrx_word' id='word_1_583' title='bbox 1502 4842 1540 4881; x_wconf 87' lang='lat'><strong>1.</strong></span> <span class='ocrx_word' id='word_1_584' title='bbox 1562 4826 1694 4882; x_wconf 90' lang='lat' dir='ltr'><strong>Silv.</strong></span> <span class='ocrx_word' id='word_1_585' title='bbox 1718 4825 1926 4901; x_wconf 34' lang='lat'><strong>114109,</strong></span> <span class='ocrx_word' id='word_1_586' title='bbox 1949 4820 2111 4901; x_wconf 40' lang='lat' dir='ltr'><strong>pl66,</strong></span> 
     </span>
    </p>
   </div>
   <div class='ocr_carea' id='block_1_79' title="bbox 518 4894 2112 4975">
    <p class='ocr_par' dir='ltr' id='par_1_79' title="bbox 518 4894 2112 4975">
     <span class='ocr_line' id='line_1_81' title="bbox 518 4894 2112 4975; baseline -0.003 -21"><span class='ocrx_word' id='word_1_587' title='bbox 518 4906 574 4954; x_wconf 83' lang='lat' dir='ltr'><strong>ct</strong></span> <span class='ocrx_word' id='word_1_588' title='bbox 600 4898 906 4975; x_wconf 54' lang='lat' dir='ltr'><strong>Bartholin.</strong></span> <span class='ocrx_word' id='word_1_589' title='bbox 939 4902 1007 4957; x_wconf 91' lang='lat' dir='ltr'><strong>dc</strong></span> <span class='ocrx_word' id='word_1_590' title='bbox 1038 4900 1329 4971; x_wconf 89' lang='lat' dir='ltr'><strong>Pucrpcrio</strong></span> <span class='ocrx_word' id='word_1_591' title='bbox 1359 4910 1706 4975; x_wconf 78' lang='lat' dir='ltr'><strong>veterum,_p.</strong></span> <span class='ocrx_word' id='word_1_592' title='bbox 1740 4895 1827 4975; x_wconf 48' lang='grc' dir='ltr'><strong>’ἵζε</strong></span> <span class='ocrx_word' id='word_1_593' title='bbox 1856 4909 1938 4963; x_wconf 90' lang='lat' dir='ltr'><strong>sq.</strong></span> <span class='ocrx_word' id='word_1_594' title='bbox 1978 4894 2112 4975; x_wconf 43' lang='lat' dir='ltr'><strong>lit-11v.</strong></span> 
     </span>
    </p>
   </div>
   <div class='ocr_carea' id='block_1_80' title="bbox 593 4964 2114 5041">
    <p class='ocr_par' dir='ltr' id='par_1_80' title="bbox 593 4964 2114 5041">
     <span class='ocr_line' id='line_1_82' title="bbox 593 4964 2114 5041; baseline -0.004 -18"><span class='ocrx_word' id='word_1_595' title='bbox 593 4972 849 5027; x_wconf 77' lang='lat' dir='ltr'><strong>Audisset.</strong></span> <span class='ocrx_word' id='word_1_596' title='bbox 885 4971 961 5029; x_wconf 89' lang='lat' dir='ltr'><strong>Ita</strong></span> <span class='ocrx_word' id='word_1_597' title='bbox 985 4986 1116 5028; x_wconf 90' lang='lat' dir='ltr'><strong>mss.</strong></span> <span class='ocrx_word' id='word_1_598' title='bbox 1144 4964 1342 5041; x_wconf 66' lang='lat' dir='ltr'><strong>praeter</strong></span> <span class='ocrx_word' id='word_1_599' title='bbox 1364 4981 1473 5026; x_wconf 89' lang='lat' dir='ltr'><strong>tres</strong></span> <span class='ocrx_word' id='word_1_600' title='bbox 1498 4985 1608 5025; x_wconf 88' lang='lat' dir='ltr'><strong>rec.</strong></span> <span class='ocrx_word' id='word_1_601' title='bbox 1638 4969 1689 5022; x_wconf 93' lang='lat' dir='ltr'><strong>in</strong></span> <span class='ocrx_word' id='word_1_602' title='bbox 1718 4967 1937 5036; x_wconf 82' lang='lat' dir='ltr'><strong>quibus,</strong></span> <span class='ocrx_word' id='word_1_603' title='bbox 1959 4964 2114 5019; x_wconf 80' lang='lat' dir='ltr'><strong>vidis-</strong></span> 
     </span>
    </p>
   </div>
   <div class='ocr_carea' id='block_1_81' title="bbox 518 5041 1232 5109">
    <p class='ocr_par' dir='ltr' id='par_1_81' title="bbox 518 5041 1232 5109">
     <span class='ocr_line' id='line_1_83' title="bbox 518 5041 1232 5109; baseline 0.004 -14"><span class='ocrx_word' id='word_1_604' title='bbox 518 5050 610 5095; x_wconf 89' lang='lat' dir='ltr'><strong>set.</strong></span> <span class='ocrx_word' id='word_1_605' title='bbox 645 5041 697 5096; x_wconf 90' lang='lat' dir='ltr'><strong>In</strong></span> <span class='ocrx_word' id='word_1_606' title='bbox 726 5043 906 5109; x_wconf 86' lang='lat' dir='ltr'><strong>editis,</strong></span> <span class='ocrx_word' id='word_1_607' title='bbox 937 5045 1232 5099; x_wconf 82' lang='lat' dir='ltr'><strong>audivisset.</strong></span> 
     </span>
    </p>
   </div>
   <div class='ocr_carea' id='block_1_82' title="bbox 591 5106 2114 5185">
    <p class='ocr_par' dir='ltr' id='par_1_82' title="bbox 591 5106 2114 5185">
     <span class='ocr_line' id='line_1_84' title="bbox 591 5106 2114 5185; baseline -0.003 -19"><span class='ocrx_word' id='word_1_608' title='bbox 591 5106 954 5185; x_wconf 84' lang='lat' dir='ltr'><strong>Titanumque.</strong></span> <span class='ocrx_word' id='word_1_609' title='bbox 983 5116 1074 5172; x_wconf 91' lang='lat' dir='ltr'><strong>Sic</strong></span> <span class='ocrx_word' id='word_1_610' title='bbox 1101 5116 1151 5170; x_wconf 90' lang='lat' dir='ltr'><strong>in</strong></span> <span class='ocrx_word' id='word_1_611' title='bbox 1174 5115 1335 5171; x_wconf 90' lang='lat' dir='ltr'><strong>editis</strong></span> <span class='ocrx_word' id='word_1_612' title='bbox 1370 5128 1435 5185; x_wconf 69' lang='lat' dir='ltr'><strong>ac</strong></span> <span class='ocrx_word' id='word_1_613' title='bbox 1473 5127 1605 5167; x_wconf 90' lang='lat' dir='ltr'><strong>mss.</strong></span> <span class='ocrx_word' id='word_1_614' title='bbox 1642 5110 1688 5166; x_wconf 91' lang='lat' dir='ltr'><strong>si</strong></span> <span class='ocrx_word' id='word_1_615' title='bbox 1733 5109 1970 5180; x_wconf 90' lang='lat' dir='ltr'><strong>quinque</strong></span> <span class='ocrx_word' id='word_1_616' title='bbox 1999 5106 2114 5162; x_wconf 88' lang='lat' dir='ltr'><strong>vul-</strong></span> 
     </span>
    </p>
   </div>
   <div class='ocr_carea' id='block_1_83' title="bbox 519 5184 2108 5261">
    <p class='ocr_par' dir='ltr' id='par_1_83' title="bbox 519 5184 2108 5261">
     <span class='ocr_line' id='line_1_85' title="bbox 519 5184 2108 5261; baseline -0.011 -19"><span class='ocrx_word' id='word_1_617' title='bbox 519 5184 963 5261; x_wconf 47' lang='lat' dir='ltr'><strong>galgsnexcipias,</strong></span> <span class='ocrx_word' id='word_1_618' title='bbox 991 5189 1041 5243; x_wconf 91' lang='lat' dir='ltr'><strong>in</strong></span> <span class='ocrx_word' id='word_1_619' title='bbox 1065 5187 1260 5261; x_wconf 81' lang='lat' dir='ltr'><strong>quibus</strong></span> <span class='ocrx_word' id='word_1_620' title='bbox 1286 5194 1371 5261; x_wconf 83' lang='lat' dir='ltr'><strong>est</strong></span> <span class='ocrx_word' id='word_1_621' title='bbox 1394 5184 1647 5261; x_wconf 73' lang='lat' dir='ltr'><strong>Titanem.</strong></span> <span class='ocrx_word' id='word_1_622' title='bbox 1931 5249 1945 5261; x_wconf 67' lang='lat'><em>_</em></span> <span class='ocrx_word' id='word_1_623' title='bbox 2020 5249 2031 5260; x_wconf 44' lang='lat'>.</span> <span class='ocrx_word' id='word_1_624' title='bbox 2097 5248 2108 5261; x_wconf 44' lang='lat'><strong>.</strong></span> 
     </span>
    </p>
   </div>
   <div class='ocr_carea' id='block_1_84' title="bbox 594 5249 2112 5326">
    <p class='ocr_par' dir='ltr' id='par_1_84' title="bbox 594 5249 2112 5326">
     <span class='ocr_line' id='line_1_86' title="bbox 594 5249 2112 5326; baseline -0.002 -19"><span class='ocrx_word' id='word_1_625' title='bbox 594 5253 760 5309; x_wconf 83' lang='lat' dir='ltr'><strong>Filios</strong></span> <span class='ocrx_word' id='word_1_626' title='bbox 786 5249 895 5321; x_wconf 72' lang='lat' dir='ltr'><strong>eius</strong></span> <span class='ocrx_word' id='word_1_627' title='bbox 918 5249 1198 5326; x_wconf 63' lang='lat' dir='ltr'><strong>pugnando</strong></span> <span class='ocrx_word' id='word_1_628' title='bbox 1222 5259 1419 5312; x_wconf 79' lang='lat' dir='ltr'><strong>vicisse.</strong></span> <span class='ocrx_word' id='word_1_629' title='bbox 1447 5256 1520 5310; x_wconf 87' lang='lat' dir='ltr'><strong>Ita</strong></span> <span class='ocrx_word' id='word_1_630' title='bbox 1551 5269 1680 5309; x_wconf 87' lang='lat' dir='ltr'><strong>mss.</strong></span> <span class='ocrx_word' id='word_1_631' title='bbox 1731 5249 2112 5326; x_wconf 84' lang='lat' dir='ltr'><strong>quamplurimi</strong></span> 
     </span>
    </p>
   </div>
   <div class='ocr_carea' id='block_1_85' title="bbox 519 5277 2112 5403">
    <p class='ocr_par' dir='ltr' id='par_1_85' title="bbox 519 5277 2112 5403">
     <span class='ocr_line' id='line_1_87' title="bbox 594 5277 2112 5326; baseline -0.002 -19"><span class='ocrx_word' id='word_1_632' title='bbox 594 5277 760 5309; x_wconf 77' lang='lat' dir='ltr'><strong>rmos</strong></span> <span class='ocrx_word' id='word_1_633' title='bbox 786 5277 895 5321; x_wconf 66' lang='lat' dir='ltr'><strong>ejus</strong></span> <span class='ocrx_word' id='word_1_634' title='bbox 918 5277 983 5326; x_wconf 80' lang='lat' dir='ltr'><strong>pit</strong></span> <span class='ocrx_word' id='word_1_635' title='bbox 1027 5277 1198 5313; x_wconf 87' lang='lat' dir='ltr'><strong>nanao</strong></span> <span class='ocrx_word' id='word_1_636' title='bbox 1222 5277 1419 5312; x_wconf 71' lang='lat' dir='ltr'><strong>mersae.</strong></span> <span class='ocrx_word' id='word_1_637' title='bbox 1447 5277 1520 5310; x_wconf 81' lang='lat'><strong>11:1</strong></span> <span class='ocrx_word' id='word_1_638' title='bbox 1551 5277 1680 5309; x_wconf 78' lang='lat' dir='ltr'><strong>lllss.</strong></span> <span class='ocrx_word' id='word_1_639' title='bbox 1731 5277 2112 5320; x_wconf 74' lang='lat' dir='ltr'><strong>tluu111p1ur11111</strong></span> 
     </span>
     <span class='ocr_line' id='line_1_88' title="bbox 519 5277 2112 5403; baseline -0.009 -17"><span class='ocrx_word' id='word_1_640' title='bbox 519 5334 575 5383; x_wconf 74' lang='lat' dir='ltr'><strong>el.</strong></span> <span class='ocrx_word' id='word_1_641' title='bbox 600 5327 789 5403; x_wconf 60' lang='lat' dir='ltr'><strong>optim.</strong></span> <span class='ocrx_word' id='word_1_642' title='bbox 819 5328 875 5383; x_wconf 86' lang='lat' dir='ltr'><strong>In</strong></span> <span class='ocrx_word' id='word_1_643' title='bbox 894 5331 945 5403; x_wconf 14' lang='lat'><strong>‘5</strong></span> <span class='ocrx_word' id='word_1_644' title='bbox 974 5277 1131 5393; x_wconf 55' lang='grc' dir='ltr'>[ἕρκη</span> <span class='ocrx_word' id='word_1_645' title='bbox 1163 5332 1186 5386; x_wconf 90' lang='grc'><strong>1</strong></span> <span class='ocrx_word' id='word_1_646' title='bbox 1215 5329 1446 5403; x_wconf 64' lang='lat' dir='ltr'><strong>Colb.et</strong></span> <span class='ocrx_word' id='word_1_647' title='bbox 1476 5328 1639 5403; x_wconf 77' lang='lat' dir='ltr'><strong>Brun.</strong></span> <span class='ocrx_word' id='word_1_648' title='bbox 1660 5368 1673 5390; x_wconf 91' lang='lat'><strong>,</strong></span> <span class='ocrx_word' id='word_1_649' title='bbox 1708 5324 1844 5393; x_wconf 84' lang='lat' dir='ltr'><strong>ﬁlios</strong></span> <span class='ocrx_word' id='word_1_650' title='bbox 1869 5323 1982 5403; x_wconf 82' lang='lat' dir='ltr'><strong>ejus</strong></span> <span class='ocrx_word' id='word_1_651' title='bbox 2013 5338 2112 5403; x_wconf 76' lang='lat' dir='ltr'><strong>pu-</strong></span> 
     </span>
    </p>
   </div>
   <div class='ocr_carea' id='block_1_86' title="bbox 518 5398 2113 5471">
    <p class='ocr_par' dir='ltr' id='par_1_86' title="bbox 518 5398 2113 5471">
     <span class='ocr_line' id='line_1_89' title="bbox 518 5398 2113 5471; baseline -0.002 -21"><span class='ocrx_word' id='word_1_652' title='bbox 518 5398 862 5471; x_wconf 10' lang='lat' dir='ltr'><strong>gnarvicisse;</strong></span> <span class='ocrx_word' id='word_1_653' title='bbox 891 5401 942 5456; x_wconf 90' lang='lat' dir='ltr'><strong>in</strong></span> <span class='ocrx_word' id='word_1_654' title='bbox 974 5403 999 5456; x_wconf 92' lang='lat'><strong>1</strong></span> <span class='ocrx_word' id='word_1_655' title='bbox 1031 5402 1297 5467; x_wconf 86' lang='lat' dir='ltr'><strong>Cnlbcrt.,</strong></span> <span class='ocrx_word' id='word_1_656' title='bbox 1328 5401 1462 5471; x_wconf 79' lang='lat' dir='ltr'><strong>ﬁlios</strong></span> <span class='ocrx_word' id='word_1_657' title='bbox 1487 5399 1597 5469; x_wconf 83' lang='lat' dir='ltr'><strong>ejus</strong></span> <span class='ocrx_word' id='word_1_658' title='bbox 1627 5398 2028 5471; x_wconf 64' lang='lat' dir='ltr'><strong>expugnavisse;</strong></span> <span class='ocrx_word' id='word_1_659' title='bbox 2059 5398 2113 5447; x_wconf 90' lang='lat' dir='ltr'><strong>in</strong></span> 
     </span>
    </p>
   </div>
   <div class='ocr_carea' id='block_1_87' title="bbox 519 5469 2108 5542">
    <p class='ocr_par' dir='ltr' id='par_1_87' title="bbox 519 5469 2108 5542">
     <span class='ocr_line' id='line_1_90' title="bbox 519 5469 2108 5542; baseline -0.001 -22"><span class='ocrx_word' id='word_1_660' title='bbox 519 5469 746 5542; x_wconf 43' lang='lat' dir='ltr'><strong>{ibt-ist”</strong></span> <span class='ocrx_word' id='word_1_661' title='bbox 772 5471 982 5526; x_wconf 70' lang='lat'><strong>2110”).</strong></span> <span class='ocrx_word' id='word_1_662' title='bbox 1007 5483 1062 5528; x_wconf 94' lang='lat' dir='ltr'><strong>et</strong></span> <span class='ocrx_word' id='word_1_663' title='bbox 1081 5474 1211 5528; x_wconf 81' lang='lat' dir='ltr'><strong>edit.</strong></span> <span class='ocrx_word' id='word_1_664' title='bbox 1235 5469 1463 5529; x_wconf 83' lang='lat' dir='ltr'><strong>Turttes.</strong></span> <span class='ocrx_word' id='word_1_665' title='bbox 1484 5470 1619 5540; x_wconf 78' lang='lat' dir='ltr'><strong>ﬁlios</strong></span> <span class='ocrx_word' id='word_1_666' title='bbox 1640 5470 1750 5542; x_wconf 84' lang='lat' dir='ltr'><strong>ejus</strong></span> <span class='ocrx_word' id='word_1_667' title='bbox 1771 5480 2108 5537; x_wconf 80' lang='lat' dir='ltr'><strong>expugnasse.</strong></span> 
     </span>
    </p>
   </div>
   <div class='ocr_carea' id='block_1_88' title="bbox 520 5538 1667 5615">
    <p class='ocr_par' dir='ltr' id='par_1_88' title="bbox 520 5538 1667 5615">
     <span class='ocr_line' id='line_1_91' title="bbox 520 5538 1667 5615; baseline -0.001 -20"><span class='ocrx_word' id='word_1_668' title='bbox 520 5538 578 5595; x_wconf 88' lang='lat' dir='ltr'><strong>In</strong></span> <span class='ocrx_word' id='word_1_669' title='bbox 605 5540 637 5615; x_wconf 64' lang='grc'><strong>1</strong></span> <span class='ocrx_word' id='word_1_670' title='bbox 670 5540 801 5615; x_wconf 76' lang='lat' dir='ltr'><strong>Reg.</strong></span> <span class='ocrx_word' id='word_1_671' title='bbox 837 5557 970 5607; x_wconf 90' lang='lat' dir='ltr'><strong>rec.,</strong></span> <span class='ocrx_word' id='word_1_672' title='bbox 1000 5545 1161 5599; x_wconf 88' lang='lat' dir='ltr'><strong>socios</strong></span> <span class='ocrx_word' id='word_1_673' title='bbox 1186 5561 1304 5599; x_wconf 85' lang='lat' dir='ltr'><strong>suos</strong></span> <span class='ocrx_word' id='word_1_674' title='bbox 1333 5538 1667 5615; x_wconf 69' lang='lat' dir='ltr'><strong>expugnasse.</strong></span> 
     </span>
    </p>
   </div>
   <div class='ocr_carea' id='block_1_89' title="bbox 593 5608 2109 5673">
    <p class='ocr_par' dir='ltr' id='par_1_89' title="bbox 593 5608 2109 5673">
     <span class='ocr_line' id='line_1_92' title="bbox 593 5608 2109 5673; baseline -0.001 -10"><span class='ocrx_word' id='word_1_675' title='bbox 593 5608 719 5664; x_wconf 84' lang='lat' dir='ltr'><strong>Post</strong></span> <span class='ocrx_word' id='word_1_676' title='bbox 748 5608 856 5665; x_wconf 57' lang='lat' dir='ltr'><strong>hinc</strong></span> <span class='ocrx_word' id='word_1_677' title='bbox 882 5614 1082 5669; x_wconf 86' lang='lat' dir='ltr'><strong>deinde.</strong></span> <span class='ocrx_word' id='word_1_678' title='bbox 1117 5608 1489 5671; x_wconf 45' lang='lat' dir='ltr'><strong>Pleonasm&#39;us:</strong></span> <span class='ocrx_word' id='word_1_679' title='bbox 1519 5613 1637 5669; x_wconf 74' lang='lat' dir='ltr'><strong>Viti.</strong></span> <span class='ocrx_word' id='word_1_680' title='bbox 1659 5618 1769 5667; x_wconf 90' lang='lat' dir='ltr'><strong>not.</strong></span> <span class='ocrx_word' id='word_1_681' title='bbox 1804 5610 1919 5673; x_wconf 84' lang='lat'><strong>1.11,</strong></span> <span class='ocrx_word' id='word_1_682' title='bbox 1943 5623 1992 5663; x_wconf 91' lang='lat' dir='ltr'><strong>c.</strong></span> <span class='ocrx_word' id='word_1_683' title='bbox 2020 5608 2109 5672; x_wconf 76' lang='grc'><strong>15,</strong></span> 
     </span>
    </p>
   </div>
   <div class='ocr_carea' id='block_1_90' title="bbox 523 5680 2115 5754">
    <p class='ocr_par' dir='ltr' id='par_1_90' title="bbox 523 5680 2115 5754">
     <span class='ocr_line' id='line_1_93' title="bbox 523 5680 2115 5754; baseline -0.001 -18"><span class='ocrx_word' id='word_1_684' title='bbox 523 5680 710 5736; x_wconf 84' lang='lat' dir='ltr'><strong>Postea</strong></span> <span class='ocrx_word' id='word_1_685' title='bbox 757 5683 958 5739; x_wconf 85' lang='lat' dir='ltr'><strong>deinde.</strong></span> <span class='ocrx_word' id='word_1_686' title='bbox 1010 5687 1047 5739; x_wconf 94' lang='lat' dir='ltr'><strong>l.</strong></span> <span class='ocrx_word' id='word_1_687' title='bbox 1098 5702 1203 5754; x_wconf 79' lang='lat' dir='ltr'><strong>v11,</strong></span> <span class='ocrx_word' id='word_1_688' title='bbox 1252 5703 1301 5743; x_wconf 89' lang='lat' dir='ltr'><strong>c.</strong></span> <span class='ocrx_word' id='word_1_689' title='bbox 1342 5688 1396 5743; x_wconf 87' lang='lat'><strong>5.</strong></span> <span class='ocrx_word' id='word_1_690' title='bbox 1461 5686 1582 5741; x_wconf 91' lang='lat' dir='ltr'><strong>Post</strong></span> <span class='ocrx_word' id='word_1_691' title='bbox 1618 5685 1836 5746; x_wconf 85' lang='lat' dir='ltr'><strong>deinde;</strong></span> <span class='ocrx_word' id='word_1_692' title='bbox 1891 5680 2115 5754; x_wconf 69' lang='lat' dir='ltr'><strong>post/uec</strong></span> 
     </span>
    </p>
   </div>
   <div class='ocr_carea' id='block_1_91' title="bbox 516 5750 2113 5826">
    <p class='ocr_par' dir='ltr' id='par_1_91' title="bbox 516 5750 2113 5826">
     <span class='ocr_line' id='line_1_94' title="bbox 516 5750 2113 5826; baseline 0 -19"><span class='ocrx_word' id='word_1_693' title='bbox 516 5753 719 5826; x_wconf 71' lang='lat' dir='ltr'><strong>deinde.</strong></span> <span class='ocrx_word' id='word_1_694' title='bbox 766 5755 844 5810; x_wconf 86' lang='lat' dir='ltr'><strong>Ex</strong></span> <span class='ocrx_word' id='word_1_695' title='bbox 893 5750 1209 5822; x_wconf 73' lang='lat' dir='ltr'><strong>Colum.111,</strong></span> <span class='ocrx_word' id='word_1_696' title='bbox 1263 5759 1331 5826; x_wconf 73' lang='grc'><strong>4,</strong></span> <span class='ocrx_word' id='word_1_697' title='bbox 1380 5758 1635 5815; x_wconf 88' lang='lat' dir='ltr'><strong>indicavit</strong></span> <span class='ocrx_word' id='word_1_698' title='bbox 1679 5750 1998 5826; x_wconf 83' lang='lat' dir='ltr'><strong>Heusinger,</strong></span> <span class='ocrx_word' id='word_1_699' title='bbox 2045 5750 2113 5807; x_wconf 86' lang='lat' dir='ltr'><strong>ad</strong></span> 
     </span>
    </p>
   </div>
   <div class='ocr_carea' id='block_1_92' title="bbox 518 5824 1660 5898">
    <p class='ocr_par' dir='ltr' id='par_1_92' title="bbox 518 5824 1660 5898">
     <span class='ocr_line' id='line_1_95' title="bbox 518 5824 1660 5898; baseline 0.008 -17"><span class='ocrx_word' id='word_1_700' title='bbox 518 5824 790 5898; x_wconf 77' lang='lat' dir='ltr'><strong>Vechner,</strong></span> <span class='ocrx_word' id='word_1_701' title='bbox 819 5842 939 5898; x_wconf 85' lang='lat' dir='ltr'><strong>pag.</strong></span> <span class='ocrx_word' id='word_1_702' title='bbox 964 5829 1087 5884; x_wconf 84' lang='lat'><strong>157.</strong></span> <span class='ocrx_word' id='word_1_703' title='bbox 1116 5831 1248 5885; x_wconf 70' lang='lat' dir='ltr'><strong>Bun.</strong></span> <span class='ocrx_word' id='word_1_704' title='bbox 1317 5824 1324 5826; x_wconf 57' lang='grc'><strong><em>“</em></strong></span> <span class='ocrx_word' id='word_1_705' title='bbox 1586 5851 1593 5857; x_wconf 89' lang='grc'><strong>·</strong></span> <span class='ocrx_word' id='word_1_706' title='bbox 1654 5884 1660 5890; x_wconf 87' lang='grc'><strong>.</strong></span> 
     </span>
    </p>
   </div>
   <div class='ocr_carea' id='block_1_93' title="bbox 584 5897 1977 5973">
    <p class='ocr_par' dir='ltr' id='par_1_93' title="bbox 584 5897 1977 5973">
     <span class='ocr_line' id='line_1_96' title="bbox 584 5897 1977 5973; baseline 0.002 -20"><span class='ocrx_word' id='word_1_707' title='bbox 584 5897 774 5955; x_wconf 71' lang='lat' dir='ltr'><strong>Sortis.</strong></span> <span class='ocrx_word' id='word_1_708' title='bbox 802 5900 1037 5959; x_wconf 77' lang='lat' dir='ltr'><strong>Uraculi.</strong></span> <span class='ocrx_word' id='word_1_709' title='bbox 1068 5900 1190 5961; x_wconf 80' lang='lat' dir='ltr'><strong>Vid.</strong></span> <span class='ocrx_word' id='word_1_710' title='bbox 1226 5908 1340 5960; x_wconf 64' lang='lat' dir='ltr'><strong>not;</strong></span> <span class='ocrx_word' id='word_1_711' title='bbox 1372 5900 1409 5960; x_wconf 90' lang='lat' dir='ltr'><strong>I.</strong></span> <span class='ocrx_word' id='word_1_712' title='bbox 1434 5914 1474 5972; x_wconf 83' lang='lat'><strong>1,</strong></span> <span class='ocrx_word' id='word_1_713' title='bbox 1498 5916 1618 5973; x_wconf 89' lang='lat' dir='ltr'><strong>cap.</strong></span> <span class='ocrx_word' id='word_1_714' title='bbox 1648 5898 1701 5959; x_wconf 81' lang='lat'><strong>6.</strong></span> <span class='ocrx_word' id='word_1_715' title='bbox 1735 5899 1867 5956; x_wconf 71' lang='lat' dir='ltr'><strong>Buri.</strong></span> <span class='ocrx_word' id='word_1_716' title='bbox 1965 5929 1977 5942; x_wconf 68' lang='grc' dir='ltr'><strong>ε</strong></span> 
     </span>
    </p>
   </div>
   <div class='ocr_carea' id='block_1_94' title="bbox 2237 3205 3805 3281">
    <p class='ocr_par' dir='ltr' id='par_1_94' title="bbox 2237 3205 3805 3281">
     <span class='ocr_line' id='line_1_97' title="bbox 2237 3205 3805 3281; baseline -0.006 -15"><span class='ocrx_word' id='word_1_717' title='bbox 2237 3211 2375 3266; x_wconf 71' lang='grc'><strong>1478</strong></span> <span class='ocrx_word' id='word_1_718' title='bbox 2397 3252 2409 3273; x_wconf 93' lang='grc'><strong>,</strong></span> <span class='ocrx_word' id='word_1_719' title='bbox 2442 3210 2716 3264; x_wconf 86' lang='lat' dir='ltr'><strong>honoribus</strong></span> <span class='ocrx_word' id='word_1_720' title='bbox 2755 3213 2931 3265; x_wconf 89' lang='lat' dir='ltr'><strong>ictare.</strong></span> <span class='ocrx_word' id='word_1_721' title='bbox 2961 3210 3243 3281; x_wconf 82' lang='lat' dir='ltr'><strong>Corrupte.</strong></span> <span class='ocrx_word' id='word_1_722' title='bbox 3275 3209 3523 3265; x_wconf 87' lang='lat' dir='ltr'><strong>lnsolens</strong></span> <span class='ocrx_word' id='word_1_723' title='bbox 3561 3205 3805 3281; x_wconf 58' lang='lat' dir='ltr'><strong>honoribus</strong></span> 
     </span>
    </p>
   </div>
   <div class='ocr_carea' id='block_1_95' title="bbox 2216 3276 3800 3353">
    <p class='ocr_par' dir='ltr' id='par_1_95' title="bbox 2216 3276 3800 3353">
     <span class='ocr_line' id='line_1_98' title="bbox 2216 3276 3800 3353; baseline -0.004 -18"><span class='ocrx_word' id='word_1_724' title='bbox 2216 3283 2419 3352; x_wconf 85' lang='lat' dir='ltr'><strong>jactare</strong></span> <span class='ocrx_word' id='word_1_725' title='bbox 2446 3282 2666 3353; x_wconf 66' lang='lat' dir='ltr'><strong>aliquem</strong></span> <span class='ocrx_word' id='word_1_726' title='bbox 2683 3297 2702 3346; x_wconf 88' lang='lat'><strong><em>;</em></strong></span> <span class='ocrx_word' id='word_1_727' title='bbox 2729 3282 2942 3353; x_wconf 86' lang='lat' dir='ltr'><strong>mallem</strong></span> <span class='ocrx_word' id='word_1_728' title='bbox 2981 3276 3257 3337; x_wconf 77' lang='lat' dir='ltr'><strong>honoribus</strong></span> <span class='ocrx_word' id='word_1_729' title='bbox 3300 3292 3549 3336; x_wconf 84' lang='lat' dir='ltr'><strong>ntactare.</strong></span> <span class='ocrx_word' id='word_1_730' title='bbox 3580 3279 3652 3334; x_wconf 89' lang='lat' dir='ltr'><strong>Ita</strong></span> <span class='ocrx_word' id='word_1_731' title='bbox 3675 3276 3800 3353; x_wconf 59' lang='lat' dir='ltr'><strong>Lact.</strong></span> 
     </span>
    </p>
   </div>
   <div class='ocr_carea' id='block_1_96' title="bbox 2223 3346 3803 3420">
    <p class='ocr_par' dir='ltr' id='par_1_96' title="bbox 2223 3346 3803 3420">
     <span class='ocr_line' id='line_1_99' title="bbox 2223 3346 3803 3420; baseline -0.004 -12"><span class='ocrx_word' id='word_1_732' title='bbox 2223 3346 2260 3409; x_wconf 79' lang='grc' dir='ltr'><strong>ἰ.</strong></span> <span class='ocrx_word' id='word_1_733' title='bbox 2293 3370 2373 3420; x_wconf 89' lang='lat' dir='ltr'><strong>v.,</strong></span> <span class='ocrx_word' id='word_1_734' title='bbox 2404 3368 2453 3407; x_wconf 90' lang='lat' dir='ltr'><strong>c.</strong></span> <span class='ocrx_word' id='word_1_735' title='bbox 2485 3346 2563 3408; x_wconf 55' lang='lat'><strong>9&#39;:</strong></span> <span class='ocrx_word' id='word_1_736' title='bbox 2597 3352 2701 3408; x_wconf 88' lang='lat' dir='ltr'><strong>Eos</strong></span> <span class='ocrx_word' id='word_1_737' title='bbox 2753 3352 2966 3408; x_wconf 80' lang='lat' dir='ltr'><strong>laudant</strong></span> <span class='ocrx_word' id='word_1_738' title='bbox 3021 3361 3066 3407; x_wconf 89' lang='lat' dir='ltr'><strong>et</strong></span> <span class='ocrx_word' id='word_1_739' title='bbox 3121 3353 3402 3408; x_wconf 87' lang='lat' dir='ltr'><strong>honoribus</strong></span> <span class='ocrx_word' id='word_1_740' title='bbox 3458 3358 3691 3407; x_wconf 84' lang='lat' dir='ltr'><strong>mactant.</strong></span> <span class='ocrx_word' id='word_1_741' title='bbox 3720 3346 3803 3403; x_wconf 84' lang='lat' dir='ltr'><strong>Ubi</strong></span> 
     </span>
    </p>
   </div>
   <div class='ocr_carea' id='block_1_97' title="bbox 2222 3424 3337 3497">
    <p class='ocr_par' dir='ltr' id='par_1_97' title="bbox 2222 3424 3337 3497">
     <span class='ocr_line' id='line_1_100' title="bbox 2222 3424 3337 3497; baseline 0.002 -20"><span class='ocrx_word' id='word_1_742' title='bbox 2222 3425 2378 3497; x_wconf 78' lang='lat' dir='ltr'><strong>plura</strong></span> <span class='ocrx_word' id='word_1_743' title='bbox 2402 3424 2529 3480; x_wconf 87' lang='lat' dir='ltr'><strong>dant</strong></span> <span class='ocrx_word' id='word_1_744' title='bbox 2557 3440 2585 3478; x_wconf 91' lang='lat' dir='ltr'><strong>a</strong></span> <span class='ocrx_word' id='word_1_745' title='bbox 2608 3440 2703 3497; x_wconf 86' lang='lat' dir='ltr'><strong>me</strong></span> <span class='ocrx_word' id='word_1_746' title='bbox 2729 3424 2876 3480; x_wconf 89' lang='lat' dir='ltr'><strong>citati</strong></span> <span class='ocrx_word' id='word_1_747' title='bbox 2904 3433 3170 3480; x_wconf 86' lang='lat' dir='ltr'><strong>auctores.</strong></span> <span class='ocrx_word' id='word_1_748' title='bbox 3198 3424 3337 3480; x_wconf 79' lang='lat' dir='ltr'><strong>Botv.</strong></span> 
     </span>
    </p>
   </div>
   <div class='ocr_carea' id='block_1_98' title="bbox 2300 3494 3801 3572">
    <p class='ocr_par' dir='ltr' id='par_1_98' title="bbox 2300 3494 3801 3572">
     <span class='ocr_line' id='line_1_101' title="bbox 2300 3494 3801 3572; baseline -0.004 -21"><span class='ocrx_word' id='word_1_749' title='bbox 2300 3494 2368 3552; x_wconf 90' lang='lat' dir='ltr'><strong>Ut</strong></span> <span class='ocrx_word' id='word_1_750' title='bbox 2397 3497 2550 3572; x_wconf 80' lang='lat' dir='ltr'><strong>etiam</strong></span> <span class='ocrx_word' id='word_1_751' title='bbox 2580 3496 2701 3551; x_wconf 88' lang='lat' dir='ltr'><strong>deos</strong></span> <span class='ocrx_word' id='word_1_752' title='bbox 2728 3497 3086 3572; x_wconf 76' lang='lat' dir='ltr'><strong>appellarent,</strong></span> <span class='ocrx_word' id='word_1_753' title='bbox 3116 3498 3221 3572; x_wconf 71' lang='lat' dir='ltr'><strong>sive</strong></span> <span class='ocrx_word' id='word_1_754' title='bbox 3241 3497 3326 3556; x_wconf 85' lang='lat' dir='ltr'><strong>ob,</strong></span> <span class='ocrx_word' id='word_1_755' title='bbox 3359 3504 3468 3552; x_wconf 91' lang='lat' dir='ltr'><strong>etc.</strong></span> <span class='ocrx_word' id='word_1_756' title='bbox 3500 3494 3658 3572; x_wconf 73' lang='lat' dir='ltr'><strong>Origo</strong></span> <span class='ocrx_word' id='word_1_757' title='bbox 3691 3505 3801 3572; x_wconf 72' lang='lat' dir='ltr'><strong>con-</strong></span> 
     </span>
    </p>
   </div>
   <div class='ocr_carea' id='block_1_99' title="bbox 2224 3563 3802 3637">
    <p class='ocr_par' dir='ltr' id='par_1_99' title="bbox 2224 3563 3802 3637">
     <span class='ocr_line' id='line_1_102' title="bbox 2224 3563 3802 3637; baseline -0.006 -13"><span class='ocrx_word' id='word_1_758' title='bbox 2224 3569 2546 3624; x_wconf 85' lang='lat' dir='ltr'><strong>secrationis</strong></span> <span class='ocrx_word' id='word_1_759' title='bbox 2600 3578 2683 3623; x_wconf 90' lang='lat' dir='ltr'><strong>est</strong></span> <span class='ocrx_word' id='word_1_760' title='bbox 2738 3563 3067 3637; x_wconf 85' lang='lat' dir='ltr'><strong>hujnsmodi.</strong></span> <span class='ocrx_word' id='word_1_761' title='bbox 3117 3567 3229 3623; x_wconf 82' lang='lat' dir='ltr'><strong>Mos</strong></span> <span class='ocrx_word' id='word_1_762' title='bbox 3268 3578 3392 3623; x_wconf 88' lang='lat' dir='ltr'><strong>erat</strong></span> <span class='ocrx_word' id='word_1_763' title='bbox 3444 3563 3802 3637; x_wconf 79' lang='lat' dir='ltr'><strong>antiquissimis</strong></span> 
     </span>
    </p>
   </div>
   <div class='ocr_carea' id='block_1_100' title="bbox 2227 3635 3801 3714">
    <p class='ocr_par' dir='ltr' id='par_1_100' title="bbox 2227 3635 3801 3714">
     <span class='ocr_line' id='line_1_103' title="bbox 2227 3635 3801 3714; baseline -0.004 -20"><span class='ocrx_word' id='word_1_764' title='bbox 2227 3641 2585 3714; x_wconf 77' lang='lat' dir='ltr'><strong>temporibus,</strong></span> <span class='ocrx_word' id='word_1_765' title='bbox 2615 3649 2671 3693; x_wconf 93' lang='lat' dir='ltr'><strong>ut</strong></span> <span class='ocrx_word' id='word_1_766' title='bbox 2696 3635 3069 3714; x_wconf 77' lang='lat' dir='ltr'><strong>conditoribus</strong></span> <span class='ocrx_word' id='word_1_767' title='bbox 3098 3639 3341 3714; x_wconf 84' lang='lat' dir='ltr'><strong>urbium,</strong></span> <span class='ocrx_word' id='word_1_768' title='bbox 3374 3650 3468 3695; x_wconf 90' lang='lat' dir='ltr'><strong>aut</strong></span> <span class='ocrx_word' id='word_1_769' title='bbox 3497 3635 3615 3693; x_wconf 84' lang='lat' dir='ltr'><strong>aliis</strong></span> <span class='ocrx_word' id='word_1_770' title='bbox 3637 3635 3701 3691; x_wconf 91' lang='lat' dir='ltr'><strong>de</strong></span> <span class='ocrx_word' id='word_1_771' title='bbox 3725 3649 3801 3714; x_wconf 61' lang='grc' dir='ltr'><strong>ρης</strong></span> 
     </span>
    </p>
   </div>
   <div class='ocr_carea' id='block_1_101' title="bbox 2225 3710 3801 3780">
    <p class='ocr_par' dir='ltr' id='par_1_101' title="bbox 2225 3710 3801 3780">
     <span class='ocr_line' id='line_1_104' title="bbox 2225 3710 3801 3780; baseline -0.005 -15"><span class='ocrx_word' id='word_1_772' title='bbox 2225 3710 2361 3766; x_wconf 83' lang='lat' dir='ltr'><strong>bliea</strong></span> <span class='ocrx_word' id='word_1_773' title='bbox 2390 3726 2449 3767; x_wconf 89' lang='lat' dir='ltr'><strong>re</strong></span> <span class='ocrx_word' id='word_1_774' title='bbox 2468 3712 2643 3766; x_wconf 88' lang='lat' dir='ltr'><strong>etvita</strong></span> <span class='ocrx_word' id='word_1_775' title='bbox 2666 3712 2939 3767; x_wconf 89' lang='lat' dir='ltr'><strong>communi</strong></span> <span class='ocrx_word' id='word_1_776' title='bbox 2962 3711 3101 3767; x_wconf 90' lang='lat' dir='ltr'><strong>bene</strong></span> <span class='ocrx_word' id='word_1_777' title='bbox 3123 3711 3352 3780; x_wconf 89' lang='lat' dir='ltr'><strong>meritis,</strong></span> <span class='ocrx_word' id='word_1_778' title='bbox 3385 3727 3413 3765; x_wconf 89' lang='lat' dir='ltr'><strong>a</strong></span> <span class='ocrx_word' id='word_1_779' title='bbox 3440 3719 3610 3766; x_wconf 90' lang='lat' dir='ltr'><strong>morte</strong></span> <span class='ocrx_word' id='word_1_780' title='bbox 3636 3710 3801 3762; x_wconf 88' lang='lat' dir='ltr'><strong>summi</strong></span> 
     </span>
    </p>
   </div>
   <div class='ocr_carea' id='block_1_102' title="bbox 2227 3780 3800 3859">
    <p class='ocr_par' dir='ltr' id='par_1_102' title="bbox 2227 3780 3800 3859">
     <span class='ocr_line' id='line_1_105' title="bbox 2227 3780 3800 3859; baseline -0.02 1"><span class='ocrx_word' id='word_1_781' title='bbox 2227 3782 2460 3859; x_wconf 57' lang='lat' dir='ltr'><strong>’POPQPQS</strong></span> <span class='ocrx_word' id='word_1_782' title='bbox 2480 3782 2929 3847; x_wconf 55' lang='lat' dir='ltr'><strong>decernerentur.</strong></span> <span class='ocrx_word' id='word_1_783' title='bbox 2957 3782 3051 3859; x_wconf 66' lang='grc' dir='ltr'>αμί</span> <span class='ocrx_word' id='word_1_784' title='bbox 3073 3785 3469 3859; x_wconf 25' lang='grc' dir='ltr'><strong>ἡρωικαὶὲτιμαὶ</strong></span> <span class='ocrx_word' id='word_1_785' title='bbox 3498 3780 3800 3859; x_wconf 74' lang='lat' dir='ltr'><strong>dicebantur.</strong></span> 
     </span>
    </p>
   </div>
   <div class='ocr_carea' id='block_1_103' title="bbox 2225 3852 3802 3929">
    <p class='ocr_par' dir='ltr' id='par_1_103' title="bbox 2225 3852 3802 3929">
     <span class='ocr_line' id='line_1_106' title="bbox 2225 3852 3802 3929; baseline -0.004 -21"><span class='ocrx_word' id='word_1_786' title='bbox 2225 3852 2477 3929; x_wconf 52' lang='lat' dir='ltr'><strong>Adulatio</strong></span> <span class='ocrx_word' id='word_1_787' title='bbox 2499 3870 2569 3929; x_wconf 76' lang='lat' dir='ltr'><strong>ac</strong></span> <span class='ocrx_word' id='word_1_788' title='bbox 2581 3865 2769 3929; x_wconf 79' lang='lat' dir='ltr'><strong>postea</strong></span> <span class='ocrx_word' id='word_1_789' title='bbox 2784 3852 3091 3929; x_wconf 87' lang='lat' dir='ltr'><strong>superstitio</strong></span> <span class='ocrx_word' id='word_1_790' title='bbox 3107 3852 3606 3929; x_wconf 61' lang='lat' dir='ltr'><strong>&#39;Osorrotljuv&#39;invenit,</strong></span> <span class='ocrx_word' id='word_1_791' title='bbox 3630 3859 3802 3929; x_wconf 41' lang='lat' dir='ltr'><strong>_etpa.u:</strong></span> 
     </span>
    </p>
   </div>
   <div class='ocr_carea' id='block_1_104' title="bbox 2228 3922 3801 3995">
    <p class='ocr_par' dir='ltr' id='par_1_104' title="bbox 2228 3922 3801 3995">
     <span class='ocr_line' id='line_1_107' title="bbox 2228 3922 3801 3995; baseline -0.004 -16"><span class='ocrx_word' id='word_1_792' title='bbox 2228 3924 2377 3979; x_wconf 90' lang='lat' dir='ltr'><strong>latim</strong></span> <span class='ocrx_word' id='word_1_793' title='bbox 2411 3941 2509 3995; x_wconf 92' lang='lat' dir='ltr'><strong>pro</strong></span> <span class='ocrx_word' id='word_1_794' title='bbox 2523 3925 2625 3981; x_wconf 90' lang='lat' dir='ltr'><strong>diis</strong></span> <span class='ocrx_word' id='word_1_795' title='bbox 2654 3922 3183 3995; x_wconf 57' lang='lat' dir='ltr'><strong>haberi&#39;cmperunt,</strong></span> <span class='ocrx_word' id='word_1_796' title='bbox 3215 3927 3415 3993; x_wconf 88' lang='lat' dir='ltr'><strong>quibus</strong></span> <span class='ocrx_word' id='word_1_797' title='bbox 3445 3934 3601 3981; x_wconf 88' lang='lat' dir='ltr'><strong>antea</strong></span> <span class='ocrx_word' id='word_1_798' title='bbox 3622 3922 3801 3995; x_wconf 78' lang='lat' dir='ltr'><strong>heroici</strong></span> 
     </span>
    </p>
   </div>
   <div class='ocr_carea' id='block_1_105' title="bbox 2225 3992 3796 4053">
    <p class='ocr_par' dir='ltr' id='par_1_105' title="bbox 2225 3992 3796 4053">
     <span class='ocr_line' id='line_1_108' title="bbox 2225 3992 3796 4053; baseline -0.005 -3"><span class='ocrx_word' id='word_1_799' title='bbox 2225 3992 2431 4051; x_wconf 85' lang='lat' dir='ltr'><strong>tantum</strong></span> <span class='ocrx_word' id='word_1_800' title='bbox 2460 3997 2695 4053; x_wconf 86' lang='lat' dir='ltr'><strong>honores</strong></span> <span class='ocrx_word' id='word_1_801' title='bbox 2722 3997 2936 4053; x_wconf 79' lang='lat' dir='ltr'><strong>fuerant</strong></span> <span class='ocrx_word' id='word_1_802' title='bbox 2960 3992 3161 4053; x_wconf 82' lang='lat' dir='ltr'><strong>decreti</strong></span> <span class='ocrx_word' id='word_1_803' title='bbox 3188 4016 3201 4052; x_wconf 89' lang='lat'><strong>:</strong></span> <span class='ocrx_word' id='word_1_804' title='bbox 3233 3992 3513 4053; x_wconf 83' lang='lat' dir='ltr'><strong>Plutarch.</strong></span> <span class='ocrx_word' id='word_1_805' title='bbox 3539 3997 3590 4051; x_wconf 90' lang='lat' dir='ltr'><strong>in</strong></span> <span class='ocrx_word' id='word_1_806' title='bbox 3617 3992 3796 4049; x_wconf 80' lang='lat' dir='ltr'><strong>Mulier.</strong></span> 
     </span>
    </p>
   </div>
   <div class='ocr_carea' id='block_1_106' title="bbox 2227 4065 3796 4138">
    <p class='ocr_par' dir='ltr' id='par_1_106' title="bbox 2227 4065 3796 4138">
     <span class='ocr_line' id='line_1_109' title="bbox 2227 4065 3796 4138; baseline 0 -15"><span class='ocrx_word' id='word_1_807' title='bbox 2227 4068 2501 4138; x_wconf 87' lang='lat' dir='ltr'><strong>praeclaris</strong></span> <span class='ocrx_word' id='word_1_808' title='bbox 2528 4069 2700 4125; x_wconf 87' lang='lat' dir='ltr'><strong>lactis.</strong></span> <span class='ocrx_word' id='word_1_809' title='bbox 2739 4068 2887 4124; x_wconf 82' lang='lat' dir='ltr'><strong>lianc</strong></span> <span class='ocrx_word' id='word_1_810' title='bbox 2930 4084 3052 4126; x_wconf 91' lang='lat' dir='ltr'><strong>esse</strong></span> <span class='ocrx_word' id='word_1_811' title='bbox 3085 4071 3513 4125; x_wconf 87' lang='lat' dir='ltr'><strong>consecrationis</strong></span> <span class='ocrx_word' id='word_1_812' title='bbox 3545 4065 3796 4138; x_wconf 75' lang='lat' dir='ltr'><strong>originem.</strong></span> 
     </span>
    </p>
   </div>
   <div class='ocr_carea' id='block_1_107' title="bbox 2225 4132 3797 4230">
    <p class='ocr_par' dir='ltr' id='par_1_107' title="bbox 2225 4132 3797 4230">
     <span class='ocr_line' id='line_1_110' title="bbox 2225 4132 3797 4230; baseline 0 0"><span class='ocrx_word' id='word_1_813' title='bbox 2225 4132 3163 4230; x_wconf 47' lang='lat' dir='ltr'><strong>mersissent:“90.1090:suae</strong></span> <span class='ocrx_word' id='word_1_814' title='bbox 3184 4132 3797 4230; x_wconf 59' lang='lat' dir='ltr'><strong>esaeaae_°uezl?“itlu</strong></span> 
     </span>
    </p>
   </div>
   <div class='ocr_carea' id='block_1_108' title="bbox 2236 4204 3799 4281">
    <p class='ocr_par' dir='ltr' id='par_1_108' title="bbox 2236 4204 3799 4281">
     <span class='ocr_line' id='line_1_111' title="bbox 2236 4204 3799 4281; baseline -0.006 -16"><span class='ocrx_word' id='word_1_815' title='bbox 2236 4204 2579 4280; x_wconf 82' lang='lat' dir='ltr'><strong>Thcodoret.,</strong></span> <span class='ocrx_word' id='word_1_816' title='bbox 2607 4211 2927 4268; x_wconf 80' lang='lat' dir='ltr'><strong>Minut.Fel.</strong></span> <span class='ocrx_word' id='word_1_817' title='bbox 2962 4204 3158 4281; x_wconf 85' lang='lat' dir='ltr'><strong>aliique</strong></span> <span class='ocrx_word' id='word_1_818' title='bbox 3195 4204 3658 4269; x_wconf 60' lang='lat' dir='ltr'><strong>diserte&#39;tradunt.</strong></span> <span class='ocrx_word' id='word_1_819' title='bbox 3688 4204 3799 4260; x_wconf 88' lang='lat' dir='ltr'><strong>Hinc</strong></span> 
     </span>
    </p>
   </div>
   <div class='ocr_carea' id='block_1_109' title="bbox 2226 4282 3799 4353">
    <p class='ocr_par' dir='ltr' id='par_1_109' title="bbox 2226 4282 3799 4353">
     <span class='ocr_line' id='line_1_112' title="bbox 2226 4282 3799 4353; baseline -0.007 -16"><span class='ocrx_word' id='word_1_820' title='bbox 2226 4282 2388 4353; x_wconf 89' lang='lat' dir='ltr'><strong>igitur</strong></span> <span class='ocrx_word' id='word_1_821' title='bbox 2419 4283 2642 4353; x_wconf 88' lang='lat' dir='ltr'><strong>phrases</strong></span> <span class='ocrx_word' id='word_1_822' title='bbox 2671 4284 2995 4339; x_wconf 88' lang='lat' dir='ltr'><strong>adulationis</strong></span> <span class='ocrx_word' id='word_1_823' title='bbox 3025 4284 3374 4353; x_wconf 73' lang='lat' dir='ltr'><strong>plenissimm,</strong></span> <span class='ocrx_word' id='word_1_824' title='bbox 3410 4285 3466 4337; x_wconf 85' lang='lat' dir='ltr'><strong>in</strong></span> <span class='ocrx_word' id='word_1_825' title='bbox 3493 4283 3695 4337; x_wconf 87' lang='lat' dir='ltr'><strong>deorum</strong></span> <span class='ocrx_word' id='word_1_826' title='bbox 3720 4290 3799 4328; x_wconf 84' lang='lat' dir='ltr'><strong>mt-</strong></span> 
     </span>
    </p>
   </div>
   <div class='ocr_carea' id='block_1_110' title="bbox 2224 4354 3798 4432">
    <p class='ocr_par' dir='ltr' id='par_1_110' title="bbox 2224 4354 3798 4432">
     <span class='ocr_line' id='line_1_113' title="bbox 2224 4354 3798 4432; baseline 0.001 -24"><span class='ocrx_word' id='word_1_827' title='bbox 2224 4370 2421 4432; x_wconf 63' lang='lat' dir='ltr'><strong>merum</strong></span> <span class='ocrx_word' id='word_1_828' title='bbox 2444 4360 2654 4432; x_wconf 74' lang='lat' dir='ltr'><strong>referre,</strong></span> <span class='ocrx_word' id='word_1_829' title='bbox 2677 4356 2732 4410; x_wconf 89' lang='lat' dir='ltr'><strong>in</strong></span> <span class='ocrx_word' id='word_1_830' title='bbox 2762 4355 2884 4432; x_wconf 74' lang='lat' dir='ltr'><strong>deos</strong></span> <span class='ocrx_word' id='word_1_831' title='bbox 2910 4356 3118 4425; x_wconf 81' lang='lat' dir='ltr'><strong>referre,</strong></span> <span class='ocrx_word' id='word_1_832' title='bbox 3143 4358 3408 4432; x_wconf 57' lang='lat' dir='ltr'><strong>arri-0620273,</strong></span> <span class='ocrx_word' id='word_1_833' title='bbox 3428 4354 3512 4409; x_wconf 90' lang='lat' dir='ltr'><strong>vel</strong></span> <span class='ocrx_word' id='word_1_834' title='bbox 3531 4354 3798 4432; x_wconf 46' lang='lat' dir='ltr'><strong>deliberauit.</strong></span> 
     </span>
    </p>
   </div>
   <div class='ocr_carea' id='block_1_111' title="bbox 2224 4424 3798 4497">
    <p class='ocr_par' dir='ltr' id='par_1_111' title="bbox 2224 4424 3798 4497">
     <span class='ocr_line' id='line_1_114' title="bbox 2224 4424 3798 4497; baseline -0.006 -17"><span class='ocrx_word' id='word_1_835' title='bbox 2224 4426 2421 4497; x_wconf 91' lang='lat' dir='ltr'><strong>quibus</strong></span> <span class='ocrx_word' id='word_1_836' title='bbox 2466 4424 2741 4483; x_wconf 86' lang='lat' dir='ltr'><strong>abundant</strong></span> <span class='ocrx_word' id='word_1_837' title='bbox 2783 4426 3034 4482; x_wconf 83' lang='lat' dir='ltr'><strong>Veterum</strong></span> <span class='ocrx_word' id='word_1_838' title='bbox 3080 4430 3301 4496; x_wconf 90' lang='lat' dir='ltr'><strong>scripta.</strong></span> <span class='ocrx_word' id='word_1_839' title='bbox 3361 4427 3477 4482; x_wconf 88' lang='lat' dir='ltr'><strong>Hac</strong></span> <span class='ocrx_word' id='word_1_840' title='bbox 3520 4424 3798 4497; x_wconf 83' lang='lat' dir='ltr'><strong>adulatione</strong></span> 
     </span>
    </p>
   </div>
   <div class='ocr_carea' id='block_1_112' title="bbox 2225 4495 3801 4568">
    <p class='ocr_par' dir='ltr' id='par_1_112' title="bbox 2225 4495 3801 4568">
     <span class='ocr_line' id='line_1_115' title="bbox 2225 4495 3801 4568; baseline -0.003 -15"><span class='ocrx_word' id='word_1_841' title='bbox 2225 4495 2464 4568; x_wconf 76' lang='lat' dir='ltr'><strong>reliquos</strong></span> <span class='ocrx_word' id='word_1_842' title='bbox 2503 4500 2759 4555; x_wconf 89' lang='lat' dir='ltr'><strong>mortales</strong></span> <span class='ocrx_word' id='word_1_843' title='bbox 2802 4514 2991 4554; x_wconf 88' lang='lat' dir='ltr'><strong>omnes</strong></span> <span class='ocrx_word' id='word_1_844' title='bbox 3017 4495 3727 4568; x_wconf 74' lang='lat' dir='ltr'><strong>superaruntAthenicuses,</strong></span> <span class='ocrx_word' id='word_1_845' title='bbox 3752 4495 3801 4541; x_wconf 81' lang='grc' dir='ltr'><strong>ιιι</strong></span> 
     </span>
    </p>
   </div>
   <div class='ocr_carea' id='block_1_113' title="bbox 2144 4542 3799 4640">
    <p class='ocr_par' dir='ltr' id='par_1_113' title="bbox 2144 4542 3799 4640">
     <span class='ocr_line' id='line_1_116' title="bbox 2144 4542 3799 4640; baseline -0.008 -13"><span class='ocrx_word' id='word_1_846' title='bbox 2144 4542 2411 4626; x_wconf 67' lang='grc' dir='ltr'><strong>Ι)ηοιιῖιη</strong></span> <span class='ocrx_word' id='word_1_847' title='bbox 2454 4570 2705 4626; x_wconf 89' lang='lat' dir='ltr'><strong>omnibus</strong></span> <span class='ocrx_word' id='word_1_848' title='bbox 2747 4571 2845 4637; x_wconf 86' lang='lat' dir='ltr'><strong>iis,</strong></span> <span class='ocrx_word' id='word_1_849' title='bbox 2888 4571 2976 4640; x_wconf 91' lang='lat' dir='ltr'><strong>qui</strong></span> <span class='ocrx_word' id='word_1_850' title='bbox 3020 4542 3258 4639; x_wconf 65' lang='lat' dir='ltr'><strong>ipsorum</strong></span> <span class='ocrx_word' id='word_1_851' title='bbox 3313 4571 3593 4626; x_wconf 85' lang='lat' dir='ltr'><strong>historiam</strong></span> <span class='ocrx_word' id='word_1_852' title='bbox 3637 4542 3799 4620; x_wconf 80' lang='lat' dir='ltr'><strong>leviter</strong></span> 
     </span>
    </p>
   </div>
   <div class='ocr_carea' id='block_1_114' title="bbox 2218 4642 3255 4714">
    <p class='ocr_par' dir='ltr' id='par_1_114' title="bbox 2218 4642 3255 4714">
     <span class='ocr_line' id='line_1_117' title="bbox 2218 4642 3255 4714; baseline -0.002 -17"><span class='ocrx_word' id='word_1_853' title='bbox 2218 4650 2423 4714; x_wconf 56' lang='lat' dir='ltr'><strong>tantum</strong></span> <span class='ocrx_word' id='word_1_854' title='bbox 2451 4642 2819 4714; x_wconf 88' lang='lat' dir='ltr'><strong>degustarunt.</strong></span> <span class='ocrx_word' id='word_1_855' title='bbox 2854 4642 3255 4714; x_wconf 64' lang='lat' dir='ltr'><strong>chnuautvus.</strong></span> 
     </span>
    </p>
   </div>
   <div class='ocr_carea' id='block_1_115' title="bbox 2295 4709 3798 4779">
    <p class='ocr_par' dir='ltr' id='par_1_115' title="bbox 2295 4709 3798 4779">
     <span class='ocr_line' id='line_1_118' title="bbox 2295 4709 3798 4779; baseline -0.005 -11"><span class='ocrx_word' id='word_1_856' title='bbox 2295 4711 2363 4768; x_wconf 89' lang='lat' dir='ltr'><strong>Ut</strong></span> <span class='ocrx_word' id='word_1_857' title='bbox 2391 4715 2503 4779; x_wconf 75' lang='lat' dir='ltr'><strong>fieri</strong></span> <span class='ocrx_word' id='word_1_858' title='bbox 2524 4709 2702 4769; x_wconf 64' lang='lat' dir='ltr'><strong>&#39;solet.</strong></span> <span class='ocrx_word' id='word_1_859' title='bbox 2735 4714 2948 4771; x_wconf 86' lang='lat' dir='ltr'><strong>Suhlac.</strong></span> <span class='ocrx_word' id='word_1_860' title='bbox 2974 4724 3029 4769; x_wconf 90' lang='lat' dir='ltr'><strong>et</strong></span> <span class='ocrx_word' id='word_1_861' title='bbox 3056 4713 3309 4779; x_wconf 82' lang='lat' dir='ltr'><strong>Rost.,ut</strong></span> <span class='ocrx_word' id='word_1_862' title='bbox 3339 4713 3492 4769; x_wconf 87' lang='lat' dir='ltr'><strong>solet.</strong></span> <span class='ocrx_word' id='word_1_863' title='bbox 3523 4709 3667 4767; x_wconf 91' lang='lat' dir='ltr'><strong>Ilaud</strong></span> <span class='ocrx_word' id='word_1_864' title='bbox 3694 4716 3798 4763; x_wconf 88' lang='lat' dir='ltr'><strong>raro</strong></span> 
     </span>
    </p>
   </div>
   <div class='ocr_carea' id='block_1_116' title="bbox 2216 4783 3793 4857">
    <p class='ocr_par' dir='ltr' id='par_1_116' title="bbox 2216 4783 3793 4857">
     <span class='ocr_line' id='line_1_119' title="bbox 2216 4783 3793 4857; baseline -0.005 -17"><span class='ocrx_word' id='word_1_865' title='bbox 2216 4784 2345 4857; x_wconf 84' lang='lat' dir='ltr'><strong>illud</strong></span> <span class='ocrx_word' id='word_1_866' title='bbox 2375 4786 2488 4853; x_wconf 81' lang='lat' dir='ltr'><strong>ﬁeri</strong></span> <span class='ocrx_word' id='word_1_867' title='bbox 2532 4785 2842 4840; x_wconf 88' lang='lat' dir='ltr'><strong>Lactantius</strong></span> <span class='ocrx_word' id='word_1_868' title='bbox 2869 4785 3065 4857; x_wconf 84' lang='lat' dir='ltr'><strong>aliique</strong></span> <span class='ocrx_word' id='word_1_869' title='bbox 3095 4786 3375 4843; x_wconf 90' lang='lat' dir='ltr'><strong>omittunt.</strong></span> <span class='ocrx_word' id='word_1_870' title='bbox 3424 4785 3582 4842; x_wconf 85' lang='lat' dir='ltr'><strong>Coni.</strong></span> <span class='ocrx_word' id='word_1_871' title='bbox 3618 4783 3653 4838; x_wconf 87' lang='grc' dir='ltr'><strong>ι.</strong></span> <span class='ocrx_word' id='word_1_872' title='bbox 3681 4797 3729 4848; x_wconf 89' lang='lat'><strong>1,</strong></span> <span class='ocrx_word' id='word_1_873' title='bbox 3753 4792 3793 4832; x_wconf 90' lang='lat' dir='ltr'><strong>c.</strong></span> 
     </span>
    </p>
   </div>
   <div class='ocr_carea' id='block_1_117' title="bbox 2218 4856 3132 4925">
    <p class='ocr_par' dir='ltr' id='par_1_117' title="bbox 2218 4856 3132 4925">
     <span class='ocr_line' id='line_1_120' title="bbox 2218 4856 3132 4925; baseline -0.002 -12"><span class='ocrx_word' id='word_1_874' title='bbox 2218 4856 2271 4922; x_wconf 88' lang='grc'><strong>6,</strong></span> <span class='ocrx_word' id='word_1_875' title='bbox 2310 4867 2447 4923; x_wconf 87' lang='lat' dir='ltr'><strong>not.;</strong></span> <span class='ocrx_word' id='word_1_876' title='bbox 2482 4857 2519 4912; x_wconf 94' lang='lat' dir='ltr'><strong>I.</strong></span> <span class='ocrx_word' id='word_1_877' title='bbox 2551 4872 2626 4924; x_wconf 83' lang='lat' dir='ltr'><strong>Vl,</strong></span> <span class='ocrx_word' id='word_1_878' title='bbox 2653 4871 2703 4912; x_wconf 82' lang='lat' dir='ltr'><strong>c.</strong></span> <span class='ocrx_word' id='word_1_879' title='bbox 2736 4859 2826 4925; x_wconf 86' lang='grc'><strong>10,</strong></span> <span class='ocrx_word' id='word_1_880' title='bbox 2857 4856 3132 4913; x_wconf 54' lang='grc' dir='ltr'><strong>ιιοῑ.⁷ΒυΝ.</strong></span> 
     </span>
    </p>
   </div>
   <div class='ocr_carea' id='block_1_118' title="bbox 2288 4936 3797 5022">
    <p class='ocr_par' dir='ltr' id='par_1_118' title="bbox 2288 4936 3797 5022">
     <span class='ocr_line' id='line_1_121' title="bbox 2288 4936 3797 5022; baseline -0.006 -20"><span class='ocrx_word' id='word_1_881' title='bbox 2288 4946 2359 5002; x_wconf 88' lang='lat' dir='ltr'><strong>In</strong></span> <span class='ocrx_word' id='word_1_882' title='bbox 2383 4948 2749 5022; x_wconf 73' lang='lat' dir='ltr'><strong>adulationem.</strong></span> <span class='ocrx_word' id='word_1_883' title='bbox 2792 4948 2925 5005; x_wconf 77' lang='lat' dir='ltr'><strong>Vide</strong></span> <span class='ocrx_word' id='word_1_884' title='bbox 2970 4950 3028 5007; x_wconf 77' lang='grc' dir='ltr'><strong>δ.</strong></span> <span class='ocrx_word' id='word_1_885' title='bbox 3073 4949 3363 5022; x_wconf 84' lang='lat' dir='ltr'><strong>AuguStiu.</strong></span> <span class='ocrx_word' id='word_1_886' title='bbox 3416 4949 3487 5008; x_wconf 89' lang='lat' dir='ltr'><strong>de</strong></span> <span class='ocrx_word' id='word_1_887' title='bbox 3520 4946 3672 5006; x_wconf 80' lang='lat' dir='ltr'><strong>Civil.</strong></span> <span class='ocrx_word' id='word_1_888' title='bbox 3716 4936 3797 4997; x_wconf 88' lang='lat' dir='ltr'><strong>Dci</strong></span> 
     </span>
    </p>
   </div>
   <div class='ocr_carea' id='block_1_119' title="bbox 2222 5018 2671 5091">
    <p class='ocr_par' dir='ltr' id='par_1_119' title="bbox 2222 5018 2671 5091">
     <span class='ocr_line' id='line_1_122' title="bbox 2222 5018 2671 5091; baseline 0 -15"><span class='ocrx_word' id='word_1_889' title='bbox 2222 5018 2318 5076; x_wconf 89' lang='lat' dir='ltr'><strong>lib.</strong></span> <span class='ocrx_word' id='word_1_890' title='bbox 2349 5035 2407 5084; x_wconf 92' lang='lat'><strong>11,</strong></span> <span class='ocrx_word' id='word_1_891' title='bbox 2431 5034 2549 5091; x_wconf 91' lang='lat' dir='ltr'><strong>cap.</strong></span> <span class='ocrx_word' id='word_1_892' title='bbox 2581 5020 2671 5076; x_wconf 87' lang='lat'><strong>15.</strong></span> 
     </span>
    </p>
   </div>
   <div class='ocr_carea' id='block_1_120' title="bbox 2291 5110 3794 5185">
    <p class='ocr_par' dir='ltr' id='par_1_120' title="bbox 2291 5110 3794 5185">
     <span class='ocr_line' id='line_1_123' title="bbox 2291 5110 3794 5185; baseline -0.005 -18"><span class='ocrx_word' id='word_1_893' title='bbox 2291 5110 2358 5167; x_wconf 90' lang='lat' dir='ltr'><strong>Ut</strong></span> <span class='ocrx_word' id='word_1_894' title='bbox 2384 5111 2622 5185; x_wconf 82' lang='lat' dir='ltr'><strong>haberent</strong></span> <span class='ocrx_word' id='word_1_895' title='bbox 2649 5112 2858 5183; x_wconf 87' lang='lat' dir='ltr'><strong>aliquod</strong></span> <span class='ocrx_word' id='word_1_896' title='bbox 2885 5129 2946 5167; x_wconf 83' lang='lat' dir='ltr'><strong>ea:</strong></span> <span class='ocrx_word' id='word_1_897' title='bbox 2971 5112 3254 5185; x_wconf 84' lang='lat' dir='ltr'><strong>imaginum</strong></span> <span class='ocrx_word' id='word_1_898' title='bbox 3281 5111 3702 5184; x_wconf 86' lang='lat' dir='ltr'><strong>contemplatione</strong></span> <span class='ocrx_word' id='word_1_899' title='bbox 3726 5120 3794 5160; x_wconf 87' lang='lat' dir='ltr'><strong>so-</strong></span> 
     </span>
    </p>
   </div>
   <div class='ocr_carea' id='block_1_121' title="bbox 2220 5181 3791 5256">
    <p class='ocr_par' dir='ltr' id='par_1_121' title="bbox 2220 5181 3791 5256">
     <span class='ocr_line' id='line_1_124' title="bbox 2220 5181 3791 5256; baseline 0 -19"><span class='ocrx_word' id='word_1_900' title='bbox 2220 5181 2419 5256; x_wconf 69' lang='lat' dir='ltr'><strong>lgtium.</strong></span> <span class='ocrx_word' id='word_1_901' title='bbox 2444 5181 2747 5255; x_wconf 80' lang='lat' dir='ltr'><strong>Cyprianus</strong></span> <span class='ocrx_word' id='word_1_902' title='bbox 2776 5185 2827 5239; x_wconf 87' lang='lat' dir='ltr'><strong>in</strong></span> <span class='ocrx_word' id='word_1_903' title='bbox 2859 5193 3014 5240; x_wconf 80' lang='lat' dir='ltr'><strong>tract.</strong></span> <span class='ocrx_word' id='word_1_904' title='bbox 3046 5181 3187 5256; x_wconf 71' lang='lat' dir='ltr'><strong>quod</strong></span> <span class='ocrx_word' id='word_1_905' title='bbox 3233 5185 3378 5240; x_wconf 82' lang='lat' dir='ltr'><strong>Idola</strong></span> <span class='ocrx_word' id='word_1_906' title='bbox 3408 5181 3495 5241; x_wconf 82' lang='lat' dir='ltr'><strong>dii</strong></span> <span class='ocrx_word' id='word_1_907' title='bbox 3514 5199 3616 5238; x_wconf 89' lang='lat' dir='ltr'><strong>non</strong></span> <span class='ocrx_word' id='word_1_908' title='bbox 3653 5185 3791 5256; x_wconf 37' lang='lat'><strong>5‘1&quot;!!!</strong></span> 
     </span>
    </p>
   </div>
   <div class='ocr_carea' id='block_1_122' title="bbox 2221 5250 3794 5328">
    <p class='ocr_par' dir='ltr' id='par_1_122' title="bbox 2221 5250 3794 5328">
     <span class='ocr_line' id='line_1_125' title="bbox 2221 5250 3794 5328; baseline -0.005 -18"><span class='ocrx_word' id='word_1_909' title='bbox 2221 5253 2363 5328; x_wconf 86' lang='lat' dir='ltr'><strong>Deos</strong></span> <span class='ocrx_word' id='word_1_910' title='bbox 2392 5250 2505 5310; x_wconf 67' lang='lat' dir='ltr'><strong>nati</strong></span> <span class='ocrx_word' id='word_1_911' title='bbox 2518 5250 2644 5321; x_wconf 81' lang='lat' dir='ltr'><strong>esse,</strong></span> <span class='ocrx_word' id='word_1_912' title='bbox 2671 5273 2796 5327; x_wconf 87' lang='lat' dir='ltr'><strong>quos</strong></span> <span class='ocrx_word' id='word_1_913' title='bbox 2816 5258 2997 5328; x_wconf 67' lang='lat' dir='ltr'><strong>vulgus</strong></span> <span class='ocrx_word' id='word_1_914' title='bbox 3025 5250 3165 5322; x_wconf 78' lang='lat' dir='ltr'><strong>colit,</strong></span> <span class='ocrx_word' id='word_1_915' title='bbox 3183 5258 3300 5312; x_wconf 85' lang='lat' dir='ltr'><strong>hinc</strong></span> <span class='ocrx_word' id='word_1_916' title='bbox 3331 5267 3512 5312; x_wconf 88' lang='lat' dir='ltr'><strong>notum</strong></span> <span class='ocrx_word' id='word_1_917' title='bbox 3539 5263 3627 5310; x_wconf 91' lang='lat' dir='ltr'><strong>est.</strong></span> <span class='ocrx_word' id='word_1_918' title='bbox 3656 5250 3794 5328; x_wconf 65' lang='lat' dir='ltr'><strong>Rege:</strong></span> 
     </span>
    </p>
   </div>
   <div class='ocr_carea' id='block_1_123' title="bbox 2217 5323 3791 5402">
    <p class='ocr_par' dir='ltr' id='par_1_123' title="bbox 2217 5323 3791 5402">
     <span class='ocr_line' id='line_1_126' title="bbox 2217 5323 3791 5402; baseline -0.003 -22"><span class='ocrx_word' id='word_1_919' title='bbox 2217 5327 2341 5380; x_wconf 87' lang='lat' dir='ltr'><strong>olim</strong></span> <span class='ocrx_word' id='word_1_920' title='bbox 2371 5331 2598 5402; x_wconf 76' lang='lat' dir='ltr'><strong>fuerunt,</strong></span> <span class='ocrx_word' id='word_1_921' title='bbox 2622 5323 2716 5402; x_wconf 79' lang='lat' dir='ltr'><strong>qui</strong></span> <span class='ocrx_word' id='word_1_922' title='bbox 2742 5328 2803 5402; x_wconf 83' lang='lat' dir='ltr'><strong>ob</strong></span> <span class='ocrx_word' id='word_1_923' title='bbox 2832 5323 3052 5399; x_wconf 69' lang='lat' dir='ltr'><strong>regalem</strong></span> <span class='ocrx_word' id='word_1_924' title='bbox 3082 5330 3384 5402; x_wconf 73' lang='lat' dir='ltr'><strong>memoriam</strong></span> <span class='ocrx_word' id='word_1_925' title='bbox 3409 5323 3791 5402; x_wconf 70' lang='lat' dir='ltr'><strong>coliupudsuot</strong></span> 
     </span>
    </p>
   </div>
   <div class='ocr_carea' id='block_1_124' title="bbox 2220 5398 3788 5469">
    <p class='ocr_par' dir='ltr' id='par_1_124' title="bbox 2220 5398 3788 5469">
     <span class='ocr_line' id='line_1_127' title="bbox 2220 5398 3788 5469; baseline -0.007 -16"><span class='ocrx_word' id='word_1_926' title='bbox 2220 5398 2541 5467; x_wconf 81' lang='lat' dir='ltr'><strong>postmodum</strong></span> <span class='ocrx_word' id='word_1_927' title='bbox 2563 5401 2717 5455; x_wconf 91' lang='lat' dir='ltr'><strong>etiam</strong></span> <span class='ocrx_word' id='word_1_928' title='bbox 2740 5400 2794 5452; x_wconf 84' lang='lat' dir='ltr'><strong>in</strong></span> <span class='ocrx_word' id='word_1_929' title='bbox 2818 5398 2978 5453; x_wconf 87' lang='lat' dir='ltr'><strong>morte</strong></span> <span class='ocrx_word' id='word_1_930' title='bbox 2997 5412 3275 5469; x_wconf 72' lang='lat' dir='ltr'><strong>creperum.</strong></span> <span class='ocrx_word' id='word_1_931' title='bbox 3309 5399 3444 5455; x_wconf 86' lang='lat' dir='ltr'><strong>Inde</strong></span> <span class='ocrx_word' id='word_1_932' title='bbox 3460 5400 3563 5455; x_wconf 85' lang='lat' dir='ltr'><strong>illis</strong></span> <span class='ocrx_word' id='word_1_933' title='bbox 3584 5398 3788 5469; x_wconf 70' lang='lat' dir='ltr'><strong>instituta</strong></span> 
     </span>
    </p>
   </div>
   <div class='ocr_carea' id='block_1_125' title="bbox 2218 5461 3790 5542">
    <p class='ocr_par' dir='ltr' id='par_1_125' title="bbox 2218 5461 3790 5542">
     <span class='ocr_line' id='line_1_128' title="bbox 2218 5461 3790 5542; baseline -0.005 -20"><span class='ocrx_word' id='word_1_934' title='bbox 2218 5461 2440 5542; x_wconf 70' lang='lat' dir='ltr'><strong>templa;</strong></span> <span class='ocrx_word' id='word_1_935' title='bbox 2467 5471 2588 5525; x_wconf 85' lang='lat' dir='ltr'><strong>inde</strong></span> <span class='ocrx_word' id='word_1_936' title='bbox 2611 5470 2680 5525; x_wconf 86' lang='lat' dir='ltr'><strong>ad</strong></span> <span class='ocrx_word' id='word_1_937' title='bbox 2706 5461 3084 5541; x_wconf 62' lang='lat' dir='ltr'><strong>defunctorum</strong></span> <span class='ocrx_word' id='word_1_938' title='bbox 3108 5473 3277 5526; x_wconf 83' lang='lat' dir='ltr'><strong>vultus</strong></span> <span class='ocrx_word' id='word_1_939' title='bbox 3304 5489 3398 5541; x_wconf 86' lang='lat' dir='ltr'><strong>per</strong></span> <span class='ocrx_word' id='word_1_940' title='bbox 3424 5471 3688 5542; x_wconf 86' lang='lat' dir='ltr'><strong>imaginem</strong></span> <span class='ocrx_word' id='word_1_941' title='bbox 3700 5461 3790 5542; x_wconf 69' lang='lat' dir='ltr'><strong>de-</strong></span> 
     </span>
    </p>
   </div>
   <div class='ocr_carea' id='block_1_126' title="bbox 2219 5535 3789 5612">
    <p class='ocr_par' dir='ltr' id='par_1_126' title="bbox 2219 5535 3789 5612">
     <span class='ocr_line' id='line_1_129' title="bbox 2219 5535 3789 5612; baseline -0.005 -18"><span class='ocrx_word' id='word_1_942' title='bbox 2219 5535 2471 5609; x_wconf 64' lang='lat' dir='ltr'><strong>tineitdos,</strong></span> <span class='ocrx_word' id='word_1_943' title='bbox 2500 5560 2743 5612; x_wconf 70' lang='lat' dir='ltr'><strong>expressa</strong></span> <span class='ocrx_word' id='word_1_944' title='bbox 2766 5535 3043 5597; x_wconf 80' lang='lat' dir='ltr'><strong>simulacra</strong></span> <span class='ocrx_word' id='word_1_945' title='bbox 3071 5559 3089 5597; x_wconf 91' lang='lat'><strong><em>:</em></strong></span> <span class='ocrx_word' id='word_1_946' title='bbox 3116 5560 3235 5596; x_wconf 86' lang='lat' dir='ltr'><strong>nam</strong></span> <span class='ocrx_word' id='word_1_947' title='bbox 3261 5535 3315 5598; x_wconf 71' lang='lat' dir='ltr'><strong>ei</strong></span> <span class='ocrx_word' id='word_1_948' title='bbox 3337 5535 3663 5612; x_wconf 71' lang='lat' dir='ltr'><strong>inmolabant</strong></span> <span class='ocrx_word' id='word_1_949' title='bbox 3690 5535 3789 5588; x_wconf 83' lang='lat' dir='ltr'><strong>hos-</strong></span> 
     </span>
    </p>
   </div>
   <div class='ocr_carea' id='block_1_127' title="bbox 2218 5610 3791 5690">
    <p class='ocr_par' dir='ltr' id='par_1_127' title="bbox 2218 5610 3791 5690">
     <span class='ocr_line' id='line_1_130' title="bbox 2218 5610 3791 5690; baseline -0.001 -25"><span class='ocrx_word' id='word_1_950' title='bbox 2218 5613 2336 5690; x_wconf 78' lang='lat' dir='ltr'><strong>tias,</strong></span> <span class='ocrx_word' id='word_1_951' title='bbox 2360 5624 2407 5668; x_wconf 91' lang='lat' dir='ltr'><strong>et</strong></span> <span class='ocrx_word' id='word_1_952' title='bbox 2435 5615 2541 5668; x_wconf 87' lang='lat' dir='ltr'><strong>dies</strong></span> <span class='ocrx_word' id='word_1_953' title='bbox 2568 5610 2721 5687; x_wconf 72' lang='lat' dir='ltr'><strong>festos</strong></span> <span class='ocrx_word' id='word_1_954' title='bbox 2751 5613 2921 5667; x_wconf 85' lang='lat' dir='ltr'><strong>dando</strong></span> <span class='ocrx_word' id='word_1_955' title='bbox 2951 5614 3142 5668; x_wconf 87' lang='lat' dir='ltr'><strong>honore</strong></span> <span class='ocrx_word' id='word_1_956' title='bbox 3164 5614 3529 5690; x_wconf 70' lang='lat' dir='ltr'><strong>celebrabant;</strong></span> <span class='ocrx_word' id='word_1_957' title='bbox 3555 5610 3668 5690; x_wconf 75' lang='lat' dir='ltr'><strong>inde</strong></span> <span class='ocrx_word' id='word_1_958' title='bbox 3692 5620 3791 5690; x_wconf 52' lang='lat' dir='ltr'><strong>p08:</strong></span> 
     </span>
    </p>
   </div>
   <div class='ocr_carea' id='block_1_128' title="bbox 2218 5682 3791 5757">
    <p class='ocr_par' dir='ltr' id='par_1_128' title="bbox 2218 5682 3791 5757">
     <span class='ocr_line' id='line_1_131' title="bbox 2218 5682 3791 5757; baseline -0.008 -18"><span class='ocrx_word' id='word_1_959' title='bbox 2218 5686 2337 5757; x_wconf 81' lang='lat' dir='ltr'><strong>leris</strong></span> <span class='ocrx_word' id='word_1_960' title='bbox 2377 5689 2514 5757; x_wconf 74' lang='lat' dir='ltr'><strong>facta</strong></span> <span class='ocrx_word' id='word_1_961' title='bbox 2558 5682 2673 5740; x_wconf 78' lang='lat' dir='ltr'><strong>sunt</strong></span> <span class='ocrx_word' id='word_1_962' title='bbox 2721 5702 2867 5739; x_wconf 86' lang='lat' dir='ltr'><strong>sacra</strong></span> <span class='ocrx_word' id='word_1_963' title='bbox 2892 5727 2906 5750; x_wconf 94' lang='lat'><strong>,</strong></span> <span class='ocrx_word' id='word_1_964' title='bbox 2955 5702 3069 5757; x_wconf 77' lang='lat' dir='ltr'><strong>qua:</strong></span> <span class='ocrx_word' id='word_1_965' title='bbox 3094 5682 3273 5757; x_wconf 75' lang='lat' dir='ltr'><strong>primis</strong></span> <span class='ocrx_word' id='word_1_966' title='bbox 3317 5696 3582 5753; x_wconf 86' lang='lat' dir='ltr'><strong>assumpta</strong></span> <span class='ocrx_word' id='word_1_967' title='bbox 3609 5682 3791 5757; x_wconf 69' lang='lat' dir='ltr'><strong>fuerant</strong></span> 
     </span>
    </p>
   </div>
   <div class='ocr_carea' id='block_1_129' title="bbox 2217 5744 3791 5832">
    <p class='ocr_par' dir='ltr' id='par_1_129' title="bbox 2217 5744 3791 5832">
     <span class='ocr_line' id='line_1_132' title="bbox 2217 5744 3791 5832; baseline -0.003 -21"><span class='ocrx_word' id='word_1_968' title='bbox 2217 5744 2422 5832; x_wconf 62' lang='lat' dir='ltr'><strong>solatia.</strong></span> <span class='ocrx_word' id='word_1_969' title='bbox 2447 5756 2551 5832; x_wconf 76' lang='lat' dir='ltr'><strong>Sic</strong></span> <span class='ocrx_word' id='word_1_970' title='bbox 2567 5759 2731 5832; x_wconf 71' lang='lat' dir='ltr'><strong>etiam</strong></span> <span class='ocrx_word' id='word_1_971' title='bbox 2759 5744 2905 5826; x_wconf 84' lang='lat' dir='ltr'><strong>apud</strong></span> <span class='ocrx_word' id='word_1_972' title='bbox 2916 5744 3180 5832; x_wconf 68' lang='lat' dir='ltr'><strong>profanos</strong></span> <span class='ocrx_word' id='word_1_973' title='bbox 3210 5744 3719 5832; x_wconf 41' lang='lat' dir='ltr'><strong>auctores.&quot;Ser&#39;t&#39;ius</strong></span> <span class='ocrx_word' id='word_1_974' title='bbox 3734 5744 3791 5829; x_wconf 57' lang='lat' dir='ltr'><strong>ad</strong></span> 
     </span>
    </p>
   </div>
   <div class='ocr_carea' id='block_1_130' title="bbox 2220 5826 3788 5902">
    <p class='ocr_par' dir='ltr' id='par_1_130' title="bbox 2220 5826 3788 5902">
     <span class='ocr_line' id='line_1_133' title="bbox 2220 5826 3788 5902; baseline -0.001 -19"><span class='ocrx_word' id='word_1_975' title='bbox 2220 5841 2237 5902; x_wconf 79' lang='lat'><strong>1</strong></span> <span class='ocrx_word' id='word_1_976' title='bbox 2278 5826 2471 5902; x_wconf 86' lang='lat' dir='ltr'><strong>Georg.</strong></span> <span class='ocrx_word' id='word_1_977' title='bbox 2520 5828 2589 5884; x_wconf 92' lang='lat' dir='ltr'><strong>de</strong></span> <span class='ocrx_word' id='word_1_978' title='bbox 2619 5828 2875 5902; x_wconf 64' lang='lat' dir='ltr'><strong>Svlvano.</strong></span> <span class='ocrx_word' id='word_1_979' title='bbox 2907 5827 3105 5902; x_wconf 87' lang='lat' dir='ltr'><strong>Sencc.</strong></span> <span class='ocrx_word' id='word_1_980' title='bbox 3134 5830 3429 5902; x_wconf 21' lang='lat' dir='ltr'><strong>cpist._440</strong></span> <span class='ocrx_word' id='word_1_981' title='bbox 3464 5829 3532 5885; x_wconf 90' lang='lat' dir='ltr'><strong>de</strong></span> <span class='ocrx_word' id='word_1_982' title='bbox 3568 5826 3788 5902; x_wconf 60' lang='lat' dir='ltr'><strong>imagini;</strong></span> 
     </span>
    </p>
   </div>
   <div class='ocr_carea' id='block_1_131' title="bbox 2218 5886 3786 5971">
    <p class='ocr_par' dir='ltr' id='par_1_131' title="bbox 2218 5886 3786 5971">
     <span class='ocr_line' id='line_1_134' title="bbox 2218 5886 3786 5971; baseline -0.007 -13"><span class='ocrx_word' id='word_1_983' title='bbox 2218 5897 2318 5957; x_wconf 79' lang='lat' dir='ltr'><strong>blis</strong></span> <span class='ocrx_word' id='word_1_984' title='bbox 2336 5886 2594 5971; x_wconf 72' lang='lat' dir='ltr'><strong>loquens:</strong></span> <span class='ocrx_word' id='word_1_985' title='bbox 2629 5886 3013 5958; x_wconf 47' lang='lat' dir='ltr'><strong>(&quot;Desiderium</strong></span> <span class='ocrx_word' id='word_1_986' title='bbox 3039 5886 3299 5961; x_wconf 74' lang='lat' dir='ltr'><strong>absentiae</strong></span> <span class='ocrx_word' id='word_1_987' title='bbox 3325 5899 3466 5958; x_wconf 85' lang='lat' dir='ltr'><strong>falso</strong></span> <span class='ocrx_word' id='word_1_988' title='bbox 3485 5896 3640 5969; x_wconf 81' lang='lat' dir='ltr'><strong>atque</strong></span> <span class='ocrx_word' id='word_1_989' title='bbox 3665 5886 3786 5951; x_wconf 63' lang='lat' dir='ltr'><strong>inani</strong></span> 
     </span>
    </p>
   </div>
  </div>
