3986 6358
175 305 265 361 903

1235 297 1438 355 LIBER
1478 297 1521 353 1.
1554 296 1642 354 DE
1685 297 1905 374 FALSA
1949 300 2338 372 BELIGIONE.

3332 303 3438 376 eos

177 419 315 474 rebus
352 415 482 471 bene
519 419 676 483 atque
703 410 908 467 utiliter
934 411 1166 468 inventis
1197 420 1364 468 tracta
1394 414 1531 470 ratio
1562 412 1630 470 sit
1662 415 1727 470 ad
1760 421 1806 481 Α
1836 433 1930 473 nes
1959 417 2119 474 fuisse
2148 419 2288 485 illos,
2319 419 2407 492 qui
2431 418 2502 474 dii
2527 426 2803 490 putantur,
2825 425 2879 475 et
2902 433 3091 476 eorum
3118 421 3436 478 memoriam

175 509 532 569 commentitios
558 521 622 560 ac
653 505 807 560 fictos
857 505 1023 560 deos?
1063 521 1183 576 qua:
1228 522 1315 562 res
1355 507 1536 576 genuit
1576 507 1739 562 falsas

175 605 422 675 opiuiOnes
445 642 459 666 ,
487 613 805 669 erroresque
837 597 1177 654 turbulentos
1202 640 1216 664 ,
1247 608 1300 655 et
1327 600 1740 669 superstitiones

174 712 289 768 pene
316 697 496 752 aniles.
523 695 590 750 Et
613 695 801 750 formae
831 695 973 750 enim
1003 694 1224 751 deorum
1250 695 1426 764 nobis,
1452 706 1505 751 et
1526 705 1736 763 aetates,

171 800 215 844 et
250 789 486 851 vestitus,
514 799 847 858 ornatusque
872 789 982 842 noti
1009 798 1133 842 sunt
1163 807 1176 843 :
1205 803 1404 859 genera
1437 798 1698 859 praeterea
1720 831 1736 857 ,

168 882 410 952 conjugia,
440 883 789 953 cognationes
822 895 1034 947 omnes,
1064 881 1353 953 omniaque
1395 882 1636 938 traducta
1671 883 1739 938 ad

168 977 542 1032 similitudinem
592 976 975 1030 imbecillitatis
1019 977 1285 1031 humanm.
1319 976 1456 1046 Quid
1505 977 1736 1047 planius,

166 1069 274 1140 quid
317 1069 489 1124 verius
533 1068 636 1123 dici
671 1068 886 1138 potest?
917 1066 1175 1122 Romanae
1207 1067 1564 1138 philosophiae
1597 1069 1745 1139 prin-

167 1177 288 1232 ceps,
322 1172 372 1218 et
397 1163 732 1232 amplissimo
762 1161 1068 1218 sacerdotio
1099 1161 1378 1232 praeditus.
1412 1162 1739 1218 commenti-

167 1255 251 1308 tios
293 1268 352 1309 ac
380 1253 534 1309 ﬁctos
559 1253 691 1309 deos
730 1255 938 1324 arguit;
987 1269 1217 1324 quorum
1258 1251 1432 1309 cultus
1473 1252 1739 1325 supersri-

166 1351 315 1403 tiones
344 1363 476 1417 pene
503 1348 680 1403 aniles
706 1362 826 1404 esse
871 1355 1101 1404 testatur
1130 1365 1144 1404 :
1173 1347 1321 1403 falsis
1368 1348 1739 1420 opinionibus,

164 1441 518 1510 erroribusque
572 1442 893 1497 turbulentis
952 1441 1257 1514 implicatos
1313 1457 1434 1498 esse
1495 1443 1742 1500 homines

163 1535 395 1604 queritur.
426 1533 563 1589 Nam
595 1543 736 1590 totus
767 1535 904 1591 liber
934 1536 1128 1591 tertius
1168 1535 1235 1590 de
1271 1534 1471 1591 Natura
1517 1536 1742 1592 deorum

165 1641 329 1681 omnes
353 1626 598 1682 funditus
622 1629 912 1699 religiones
939 1629 1134 1684 evertit
1158 1643 1222 1683 ac
1247 1629 1412 1684 delet.
1446 1628 1583 1698 Quid
1615 1643 1744 1700 ergo

162 1734 184 1772 a
208 1720 347 1774 nobis
369 1731 686 1790 expectatur
715 1722 980 1792 amplius?
999 1721 1134 1777 Num
1155 1722 1462 1794 eloquentia
1485 1738 1742 1794 superare

1841 521 1960 584 post
2004 523 2231 569 mortem
2273 499 2642 571 consecratam
2688 529 2830 572 esse.
2871 513 2999 571 Ideo
3043 515 3205 586 etiam
3253 524 3439 572 mtates

1840 607 2068 662 diversae
2099 616 2242 673 sunt,
2267 618 2320 663 et
2349 616 2510 664 certa:
2540 608 2800 678 imagines
2831 607 3185 682 singulorum,
3212 607 3354 679 quod
3382 608 3436 662 in

1841 718 1905 758 eo
1935 701 2136 769 habitu,
2163 710 2217 757 et
2241 711 2400 758 aetate
2424 702 2710 757 simulacra
2733 716 2917 768 eorum
2942 703 3272 776 conﬁgurata
3290 709 3437 772 sunt,

1841 794 1895 851 in
1925 811 2029 866 qua
2059 811 2327 874 quemque
2357 811 2502 860 mors
2526 794 2900 870 deprehendit.

1912 975 2352 1042 Consideremus,
2384 976 2428 1030 si
2456 974 2652 1046 placet,
2678 990 2946 1032 aerumnas
2972 976 3264 1034 infelicium
3306 978 3440 1034 deo-

1843 1084 1983 1125 rum.
2015 1069 2112 1125 lsis
2137 1069 2302 1124 ﬁlium
2333 1069 2592 1139 perdidit;
2625 1067 2788 1126 Ceres
2806 1070 3240 1141 ﬁliam;expulsa
3268 1080 3324 1128 et
3346 1088 3444 1143 per

1843 1165 2029 1218 orbem
2076 1173 2236 1218 terra:
2279 1163 2503 1233 jactata,
2548 1162 2750 1220 Latona
2799 1165 2890 1219 vix
2935 1163 3164 1220 insulam
3220 1181 3442 1236 parvam

1846 1255 2084 1330 (Delon),
2120 1257 2174 1312 in
2223 1272 2326 1327 qua
2375 1265 2621 1330 pareret,
2675 1257 2898 1314 invenit.
2949 1257 3119 1315 Deum
3170 1270 3346 1315 mater
3390 1269 3447 1315 et

1843 1349 2042 1406 amavit
2092 1349 2386 1406 formosum
2441 1349 2874 1418 adolescentem,
2922 1360 2975 1406 et
3025 1351 3275 1407 eumdem
3320 1367 3444 1407 cum

1847 1443 2036 1514 pellice
2083 1442 2480 1514 deprehensum
2539 1445 2772 1500 exsectis
2833 1442 3076 1499 virilibus
3132 1444 3444 1501 semivirum

1845 1536 2110 1600 reddidit;
2144 1547 2198 1592 et
2224 1537 2346 1592 ideo
2377 1553 2519 1593 nunc
2560 1553 2712 1594 sacra
2754 1537 2871 1611 ejus
2897 1555 2926 1593 a
2952 1539 3121 1596 Gallis
3147 1539 3446 1596 sacerdoti-

1844 1629 1944 1686 bus
1988 1630 2349 1687 celebrantur.
2393 1630 2537 1688 Juno
2585 1631 2810 1702 pellices
2850 1633 3117 1690 acerrime
3164 1644 3449 1704 persecuta.

1845 1733 1948 1791 est,
1983 1726 2106 1794 quia
2147 1739 2336 1794 parere
2371 1723 2485 1794 ipsa
2529 1739 2634 1779 non
2672 1725 2844 1796 potuit
2883 1738 2951 1782 ex
2995 1724 3178 1782 fratre.
3213 1727 3447 1784 Insulam

160 1826 420 1882 possumus
438 1812 801 1871 Ciceronem?
828 1815 1049 1872 minime
1076 1815 1128 1871 id
1157 1816 1408 1887 quidem;
1432 1816 1525 1872 sed
1547 1817 1740 1872 ﬁducia
1770 1822 1818 1883 B
1847 1814 2069 1872 Samum
2099 1816 2289 1872 scribit
2320 1815 2492 1871 Varro
2534 1817 2681 1887 prius
2710 1817 3058 1874 Parthenium
3092 1821 3443 1890 nominatam,

159 1908 221 1962 illi
255 1910 417 1964 defuit
458 1910 732 1982 ignoranti
776 1912 1082 1978 veritatem,
1115 1910 1259 1981 quod
1287 1911 1400 1981 ipse
1425 1910 1744 1982 simpliciter
1842 1909 1985 1981 quod
2016 1909 2086 1966 ibi
2114 1909 2254 1965 Juno
2275 1909 2595 1978 adoleverit,
2629 1909 2811 1982 ibique
2842 1913 3004 1967 etiam
3033 1911 3151 1968 «ιονί
3183 1914 3444 1984 nupserit.

161 2008 203 2062 in
227 2009 402 2064 eodem
432 2025 604 2080 opere
629 2011 938 2065 conﬁtetur.
972 2012 1061 2064 Ait
1087 2010 1230 2064 enim
1260 2007 1469 2064 facilius
1492 2025 1552 2064 se
1585 2023 1743 2079 posse
1841 2005 2026 2079 Itaque
2070 2007 2466 2062 nobilissimum
2497 2015 2551 2062 et
2573 2007 3011 2078 antiquissimum
3040 2011 3300 2080 templum
3329 2010 3448 2080 ejus

159 2102 344 2170 dicere,
393 2103 527 2175 quid
571 2120 676 2162 non
715 2105 814 2172 sit,
848 2120 1008 2175 quam
1035 2105 1165 2175 quid
1197 2106 1302 2172 sit;
1337 2105 1439 2170 hoc
1465 2116 1571 2173 est,
1607 2104 1741 2166 falsa

157 2210 206 2250 se
226 2196 541 2270 intelligere,
581 2214 706 2255 vera
737 2200 972 2256 nescire.
997 2198 1217 2256 Clarum
1249 2210 1335 2257 est
1371 2201 1532 2273 igitur
1564 2201 1740 2256 homi-

1845 2112 1929 2162 est
1973 2100 2159 2167 Santi,
2187 2111 2241 2158 et
2270 2100 2619 2162 simulacrum
2663 2102 2718 2158 in
2756 2101 2941 2164 habitu
2968 2103 3219 2166 nubentis
3247 2103 3452 2176 ﬁgura-

1847 2203 1979 2260 tum,
2012 2203 2067 2250 et
2093 2208 2243 2249 sacra
2273 2193 2393 2265 ejus
2413 2194 2784 2254 anniversaria
2813 2194 3125 2266 nuptiarum
3154 2197 3262 2252 ritu
3300 2198 3453 2254 celo-

1463 2336 1828 2398 VARIORUM
1855 2333 2083 2392 NOTAE.

217 2474 342 2530 Pene
370 2477 557 2534 aniles.
593 2475 691 2532 llic
719 2485 771 2534 et
817 2475 952 2532 infra
997 2491 1280 2547 perperam
1325 2477 1470 2547 Lips.
1511 2476 1568 2542 ἢ,
1611 2492 1738 2543 pene

157 2546 274 2620 cites.
302 2547 418 2603 Vid.
455 2557 663 2620 praeter
685 2546 1026 2612 Ciceronem,
1058 2549 1201 2619 Epit.
1229 2546 1536 2620 Taur.cap.
1560 2549 1653 2614 2‘2,
1680 2558 1736 2604 et

156 2618 409 2690 Augustin.
445 2619 608 2674 Civit.
644 2619 757 2680 Dei.
783 2620 876 2674 lib.
907 2636 981 2686 tv,
1009 2618 1127 2690 cap.
1159 2622 1248 2679 ‘50.
1282 2618 1560 2680 Bumasti.

215 2689 666 2765 Formtedeorum.
713 2689 1092 2765 Unusquisque
1118 2709 1304 2747 eorum
1338 2705 1521 2748 notam
1548 2709 1735 2765 quam.

157 2758 257 2815 dam
281 2763 525 2825 habebit,
543 2763 697 2832 cujus
719 2777 821 2832 ope
842 2758 1263 2833 dignoscehatur
1284 2765 1439 2828 olim,
1461 2781 1524 2818 ac
1544 2758 1735 2820 etiam-

157 2848 264 2886 num
307 2834 642 2905 dignoscitur
670 2835 723 2890 in
757 2838 1120 2894 monumentis
1155 2837 1410 2906 antiquis.
1446 2836 1555 2898 Has
1580 2847 1735 2893 notas

157 2919 338 2978 quaeras
367 2907 508 2974 apud
539 2909 978 2978 mytlmgraphos.

215 2976 528 3054 Sacerdotio.
561 2976 783 3054 Scilicet
807 2976 1100 3054 auguratu;
1125 2987 1357 3054 utsupra
1378 2995 1426 3054 c.
1458 2981 1544 3054 15,
1568 2997 1736 3054 augu-

157 3047 246 3101 rale
274 3050 442 3103 habuit
469 3051 834 3105 sacerdotium.
862 3047 924 3096 -ῖ-
956 3047 1278 3106 Sacerdotio.
1308 3051 1476 3120 Cujus
1504 3047 1736 3117 dignita-

158 3127 245 3194 tern
270 3121 378 3192 ipse
401 3122 598 3176 Cicero
626 3122 885 3177 describit
912 3123 1000 3177 lib.
1034 3140 1070 3178 ll
1102 3123 1253 3194 Leg.,
1278 3139 1397 3190 cap.
1427 3123 1512 3179 l2.
1540 3124 1674 3181 Bun.

214 3192 398 3265 Arguit.
434 3194 532 3250 Sic
580 3196 923 3262 reposuimus
966 3211 1031 3252 ex
1079 3192 1210 3250 mss.
1247 3195 1446 3265 Regiis,
1480 3198 1512 3252 4
1554 3197 1735 3264 Colb.,

154 3259 318 3320 Caucl.
343 3263 378 3317 2
419 3265 592 3320 Brun.
622 3259 676 3320 et
704 3266 863 3321 editis
890 3266 1057 3322 Torn.
1101 3276 1156 3322 et
1193 3259 1405 3323 Walch.
1434 3259 1512 3324 'ln
1555 3259 1739 3330 multis

156 3342 243 3396 est,
274 3337 556 3408 redarguit.

213 3425 351 3502 Liber
377 3429 581 3502 tertius.
609 3428 761 3483 Cotta
792 3429 1033 3502 Pontifex
1067 3431 1117 3484 in
1145 3446 1214 3486 eo
1239 3431 1377 3486 libro
1408 3431 1661 3502 loquitur.

213 3497 289 3552 Ait
322 3501 452 3555 enim
499 3501 729 3565 facilius.
775 3501 950 3558 Credo
987 3505 1292 3570 reapexisse
1330 3503 1394 3556 ad
1422 3497 1537 3559 Cic.
1572 3521 1586 3558 ι
1615 3505 1734 3559 Nat.

153 3567 439 3646 deor.,cap.
469 3572 570 3633 ‘31.
598 3574 691 3646 litt.
721 3572 903 3646 :Quid
929 3591 1030 3646 non
1056 3567 1121 3646 sit
1140 3576 1312 3641 cilius,
1335 3592 1488 3646 quant
1508 3577 1633 3640 quid
1653 3582 1738 3642 sil,

154 3641 462 3707 dixerim;ret
491 3646 552 3698 in
581 3645 811 3714 princip.
848 3645 978 3700 ibid.
1006 3664 1020 3700 :
1058 3645 1188 3699 Milli
1216 3664 1316 3700 non
1347 3641 1463 3700 tam
1500 3649 1653 3716 facile
1686 3641 1740 3703 in

155 3726 344 3768 mentem
385 3717 594 3789 uenire_
611 3717 770 3789 solet,
799 3734 954 3787 quare
996 3733 1166 3771 uerunt
1207 3719 1270 3771 sit
1312 3719 1510 3789 aliquid
1534 3760 1548 3784 ,
1587 3736 1741 3789 quant

153 3800 287 3859 quare
313 3789 525 3858 falsum.
557 3786 714 3844 C0nl'.
735 3786 850 3844 Cic.
879 3805 912 3842 ιι
941 3789 1059 3843 Nat.
1083 3789 1235 3844 deor.
1265 3786 1426 3858 cap.'t
1446 3831 1461 3859 ,
1493 3802 1548 3846 et
1583 3786 1736 3846 Lact.

154 3853 323 3931 lib._n,'
341 3875 460 3930 Cap.
491 3859 554 3916 ὅ.
587 3860 659 3915 De
682 3859 789 3926 ira,
811 3875 931 3931 cap.
968 3861 1053 3915 Η.
1080 3853 1358 3924 Bunslsu.

212 3928 279 3984 Se
298 3928 460 4004 posse.
494 3931 735 3986 lteinnn.
759 3928 904 4001 posse
925 3948 996 4000 sc,
1015 3943 1170 4004 grato
1191 3934 1440 3989 Ciceroni
1466 3945 1520 3990 et
1550 3944 1742 3992 nostro

152 4013 287 4053 SOIIO.
317 4003 604 4058 Bunsnan.

153 4141 179 4195 Γ
222 4071 343 4130 Vera
391 4077 614 4136 nescire.
657 4075 730 4130 ita
780 4074 894 4131 Cic.
936 4075 1050 4133 tde
1092 4076 1294 4133 Natura
1339 4077 1566 4134 deorum
1595 4081 1738 4136 circa

169 4159 314 4195 lan.

169 4159 314 4200 lan.

211 4214 364 4290 Certis
392 4219 651 4287 imagines
680 4219 1019 4290 singulorum.
1049 4219 1125 4274 Ita
1157 4222 1491 4278 restituimus
1511 4238 1576 4276 ex
1602 4222 1743 4276 anti~

151 4288 256 4354 qnis
283 4306 413 4350 mss.
442 4301 500 4348 et
525 4291 738 4346 cunctis
765 4288 902 4360 pene
927 4292 1108 4346 editis.
1138 4293 1196 4347 ln
1233 4294 1508 4348 nonnullis
1555 4309 1744 4350 recen-

152 4361 359 4414 tioribus
390 4373 478 4418 est
506 4373 664 4417 certe.

214 4432 507 4488 Simulacra
561 4451 755 4488 eorum.
809 4435 898 4490 Sic
947 4437 1162 4504 reposui
1215 4451 1283 4490 ex
1331 4437 1580 4493 omnibus
1633 4437 1743 4494 fere

151 4515 266 4583 mss.
297 4516 349 4559 et
374 4508 408 4562 ’5
437 4506 623 4561 editis.
655 4505 710 4560 In
741 4507 952 4583 caeteris
975 4507 1272 4583 impreSsis,
1295 4519 1347 4563 et
1371 4509 1407 4583 8_
1431 4525 1590 4563 manu
1616 4525 1742 4564 exa-
1771 4523 1820 4583 υ

151 4575 270 4656 rutis
296 4592 406 4632 rec.
441 4594 544 4649 pro
573 4594 745 4632 eorum
781 4588 862 4634 est
886 4575 1228 4648 singulorum,
1267 4580 1410 4650 quod
1449 4597 1570 4635 mox
1601 4595 1741 4652 prte-

152 4656 566 4791 iestiiii/igurata.
589 4721 735 4776 Lact.
757 4722 850 4777 lib.
882 4737 980 4786 vn,
1010 4738 1130 4791 cap.
1160 4723 1216 4776 4.
1243 4722 1351 4778 Hac
1379 4722 1550 4778 forma
1581 4724 1742 4778 etiam

495 4795 712 4860 Anima,
741 4809 861 4866 cap.
892 4785 982 4860 3i;
1011 4785 1474 4860 Gell.,Noct.Att.
1499 4811 1596 4862 ιιι,
1617 4811 1666 4850 c.
1691 4795 1740 4850 i.

217 4905 516 5008 ξίοῖἶῗξξιο.
551 4935 783 5004 Quintus
810 4937 960 4992 Curt.
989 4937 1084 4991 lib.
1117 4953 1244 5006 vnt,
1271 4953 1392 5008 cap.
1426 4941 1482 5003 4,
1513 4939 1599 4994 lt.

154 5003 513 5145 hullgis:
541 5003 783 5080 perdidit.
814 5009 1034 5066 Osirim.
1053 5008 1190 5065 Vide
1216 5003 1404 5080 postea
1435 5012 1502 5066 ad
1534 5027 1654 5083 cap.
1673 5011 1742 5067 21

217 5121 593 5228 Ciminii-tiam.
633 5152 1035 5228 Proserpinam.
1068 5152 1204 5208 Vide
1249 5154 1468 5210 ibidem.
1523 5156 1597 5209 De
1640 5169 1746 5228 qua

156 5219 384 5276 videatur
408 5219 470 5278 iet
497 5219 846 5279 Claudianus;

219 5291 378 5347 Deum
425 5306 612 5350 mater.
663 5295 876 5350 Possem
926 5313 1212 5368 exponere,
1261 5297 1432 5368 inquit
1479 5296 1749 5351 Arnobius

157 5359 337 5440 lib._tv,
374 5367 529 5440 cujus
555 5370 933 5423 matrimonium
964 5359 1152 5439 magna
1183 5359 1600 5434 mater-tenuerit,
1625 5371 1750 5440 quid

157 5437 274 5499 spei,
295 5440 419 5506 quid
435 5437 722 5509 uoluptatis
749 5442 978 5509 specioso
1001 5437 1068 5496 αὗ
1096 5442 1268 5496 Attide
1291 5443 1595 5505 conceperit,
1617 5437 1745 5510 etc.,

159 5519 305 5574 quem
334 5511 482 5565 vide.
514 5510 745 5584 chatur
770 5515 933 5567 etiam
956 5511 1179 5568 Ovidius
1210 5513 1303 5568 lib.
1338 5529 1388 5568 tv
1418 5513 1701 5568 Fastorum
1730 5528 1745 5566 :

272 5621 422 5693 Cujus
447 5634 560 5693 erat
577 5630 775 5690 species
796 5629 847 5677 in
864 5640 961 5692 qua
983 5634 1244 5692 materque
1270 5633 1512 5693 paterque

273 5685 516 5751 cognosci
539 5685 754 5752 possent.

226 5787 534 5869 Formosum
561 5796 946 5869 adolescentem.
981 5797 1121 5869 Atyn
1149 5795 1466 5868 Phrygium,
1497 5813 1656 5869 quem
1686 5812 1750 5853 ea

165 5863 364 5920 amabat
385 5867 452 5922 iis
482 5868 894 5939 conditionibus,
929 5885 996 5928 ne
1024 5863 1203 5926 aiieno
1222 5863 1493 5928 frueretur
1517 5863 1706 5927 amore
1731 5886 1745 5926 :

1842 2471 2156 2540 complexus
2195 2470 2284 2543 ille
2325 2468 2677 2543 Sangaridem
2728 2469 3066 2542 Nympham;
3097 2471 3167 2528 de
3191 2488 3295 2543 qua
3319 2489 3446 2531 cum

1845 2543 1960 2609 ipsa
2008 2542 2326 2610 sumpsisset
2374 2541 3081 2612 supplicium,adolescens
3126 2541 3226 2600 sibi
3274 2546 3450 2602 virilia

1843 2614 2168 2684 amputavit.
2196 2613 2330 2668 Rem
2356 2622 2532 2668 tamen
2563 2613 2722 2681 paulo
2743 2614 2904 2669 aliter
2929 2625 3151 2670 narrant
3176 2618 3450 2674 Arnobius

1844 2687 1939 2740 lib.
1971 2702 2026 2752 ν,
2063 2685 2326 2740 Diodorus
2357 2685 2526 2739 Sicul.
2555 2685 2649 2738 lib.
2678 2702 2749 2749 tv,
2786 2686 3124 2742 Herodianus
3149 2689 3244 2744 lib.
3276 2706 3314 2755 t,
3339 2690 3451 2745 Lu-

1843 2759 2044 2832 cian‘usr
2065 2758 2114 2810 in
2130 2757 2373 2832 _Di_al_ogo
2395 2755 2624 2812 Veneris
2639 2766 2696 2832 et
2722 2756 3002 2832 Cupidinis
3021 2800 3035 2821 ,
3065 2759 3129 2832 ὃ.
3158 2763 3448 2832 Augustin.

1841 2829 1909 2885 de
1934 2828 2094 2884 Civit.
2130 2826 2243 2890 Dei.
2272 2829 2365 2882 lib.
2396 2844 2466 2888 vt.
2493 2843 2612 2898 cap.
2639 2829 2691 2896 7,
2722 2840 2777 2886 et
2796 2831 2906 2894 alii,
2927 2845 3064 2900 quos
3083 2826 3450 2890 videé—For-

1843 2918 2060 3028 mosnn‘t3
2077 2901 2470 2958 adolescentem.
2501 2900 2640 2972 Atyn
2680 2901 2751 2956 de
2780 2917 2886 2971 quo
2913 2910 3064 2958 extat
3090 2901 3287 2960 Catulli
3323 2921 3451 2962 car-

1843 2990 1990 3028 men.
2065 2989 2183 3028 ειι..

1843 2990 1990 3029 men.
2019 2989 2183 3028 ιιειι..

1916 3045 2083 3118 Sacra
2111 3046 2222 3118 ejus
2249 3061 2279 3098 a
2305 3041 2472 3098 Gallis
2497 3043 2865 3118 sacerdotibus,
2894 3053 2997 3100 etc.
3024 3046 3355 3118 Augustinus
3379 3049 3449 3105 de

1763 3125 1808 3192 α
1842 3115 1999 3173 Civit.
2037 3115 2250 3192 Dei’lib.
2272 3132 2333 3192 _t,_
2356 3131 2477 3186 cap.
2508 3116 2540 3170 7
2567 3134 2588 3192 :_
2613 3115 2787 3192 Sacra,
2808 3127 2928 3172 sunt
2955 3115 3135 3174 matrii
3164 3119 3334 3192 deum.
3367 3121 3452 3176 ubi

1842 3191 1953 3244 Alis
1983 3190 2194 3259 pulcher
2213 3189 2510 3242 adolescens
2538 3190 2600 3242 ab
2629 3205 2689 3242 ea
2714 3189 2962 3256 dilectus,
2995 3200 3042 3244 et
3067 3191 3303 3247 muliebri
3338 3194 3450 3248 zelo

1839 3260 2112 3317 abscissus.
2147 3262 2300 3315 etiam
2329 3259 2592 3314 hominum
2619 3261 2979 3332 abscissorum,
3004 3279 3132 3332 quos
3155 3262 3334 3319 Gallos
3362 3280 3446 3318 υοσ

1839 3344 1976 3394 ειιηι.
2001 3332 2301 3400 infelicitate
2326 3332 2645 3398 deploratur.
2663 3331 2890 3387 Videndi
2919 3331 3190 3388 LuCianus
3209 3335 3261 3389 in
3285 3336 3450 3392 Deor.

1840 3404 1965 3460 dial.
1990 3405 2050 3461 Ol
2078 3402 2391 3482 Κορύϐαντες
2415 3400 2982 3482 3i,‘etc._Corybantum
3013 3405 3147 3460 alius
3170 3423 3321 3461 suum
3342 3409 3454 3476 ipse

1841 3493 2020 3547 penem
2046 3474 2162 3530 ense
2190 3476 2410 3549 desecal,
2443 3477 2576 3528 alius
2601 3474 2814 3529 dimissa
2842 3493 2984 3549 coma
3008 3493 3099 3546 per
3127 3488 3322 3536 montes
3347 3474 3455 3549 fere

1841 3558 1923 3601 tur
1949 3550 2192 3612 insanus,
2219 3547 2353 3601 alius
2395 3562 2554 3619 cornu
2597 3549 2766 3619 canit,
2797 3547 2933 3602 alius
2975 3559 3222 3619 tympano
3267 3547 3448 3619 tonat,

1841 3619 1974 3674 alius
1998 3619 2229 3692 cymbala
2259 3619 2455 3692 strepit.
2503 3616 2728 3692 Breviter
2765 3621 2932 3692 omnis
2970 3616 3302 3692 uindequaque
3345 3618 3450 3676 ldo:

1843 3688 2087 3746 tumultus
2112 3701 2264 3761 atque
2283 3688 2500 3761 insaniae
2523 3690 2676 3757 plena
2700 3699 2793 3743 est.
2822 3691 3017 3746 Sextus
3044 3688 3300 3747 Aurelius
3322 3692 3448 3748 Vic-

1842 3769 1928 3815 tor
1956 3766 2010 3816 in
2037 3759 2317 3829 lleliogab.
2354 3777 2367 3813 :
2410 3759 2659 3815 Vestalem
2681 3763 2930 3832 uirginem
2949 3764 3098 3832 quasi
3124 3765 3448 3820 matrimonio

1833 3834 2056 3904 jungens
2084 3850 2196 3906 suo,
2228 3833 2562 3906 abscissisque
2589 3834 2914 3906 genitalibus,
2954 3833 3160 3906 Magaw
3201 3853 3255 3891 se
3294 3837 3451 3892 matri

1842 3901 2078 3959 sacravit.
2110 3904 2375 3959 Firmicus
2406 3901 2626 3958 Astron.
2664 3904 2755 3959 lib.
2788 3922 2862 3972 tv,
2888 3921 3005 3973 cap.
3029 3901 3122 3969 2'9,
3154 3907 3246 3972 at,
3273 3919 3328 3963 et
3351 3909 3444 3963 lib.

1843 3991 1882 4043 ι,
1916 3992 2033 4046 cap.
2060 3977 2093 4031 6
2123 3995 2137 4031 :
2172 3975 2494 4050 Arcltigallos
2536 3975 2709 4050 faciet,
2752 3978 2839 4048 qui
2877 3979 3050 4032 virilia
3083 3978 3178 4034 sibi
3224 3981 3450 4050 propriis

1844 4059 2104 4117 amputent
2138 4049 2388 4102 manibus.
2421 4048 2625 4102 Arnob.
2667 4050 2866 4120 passim
2897 4067 2991 4104 eos
3018 4048 3253 4120 appellat
3280 4048 3450 4106 θωνα-

1845 4131 1942 4192 tos,
1992 4122 2258 4181 abscissos,
2306 4122 2586 4192 semiuiros,
2628 4119 2987 4192 e/fwminatos.
3021 4119 3363 4192 Lampridius
3394 4124 3448 4180 in

1847 4191 2148 4260 HeliOgab.,
2181 4193 2491 4263 liieronym.
2521 4190 2613 4253 lib.
2635 4207 2672 4252 I,
2698 4191 2960 4249 inOseam
2981 4209 3100 4263 cap.
3127 4190 3177 4254 κί’,
3203 4193 3450 4252 Valerius

1848 4263 2105 4335 Flaccus,
2138 4263 2227 4320 lib.
2259 4280 2327 4319 vtt
2358 4267 2651 4335 Argonaut.
2683 4263 2816 4319 Vide
2841 4265 3005 4322 etiam
3049 4265 3311 4335 insignem
3343 4267 3447 4322 hac

1845 4334 1914 4390 de
1941 4352 1998 4390 re
2026 4337 2231 4402 locum,
2279 4333 2680 4409 apudLLucian.
2712 4336 2780 4409 de
2816 4337 2918 4391 Dea
2953 4337 3130 4409 Syria.
3162 4333 3270 4393 Sed
3319 4339 3446 4406 quia

1846 4409 2108 4476 prolixior
2135 4417 2248 4470 est,
2277 4422 2382 4462 non
2421 4407 2691 4464 describo.
2726 4407 2904 4468 Locus
2932 4407 3120 4476 incipit
3146 4427 3160 4465 :
3189 4411 3367 4468 Γάλλοι
3391 4410 3451 4470 δᾶ

1845 4481 2032 4547 πολλοὶ,
2079 4490 2183 4534 etc.
2222 4479 2303 4533 Ex
2343 4478 2728 4536 Ecuenuonsr.
2776 4509 2847 4520 ——
2875 4479 3171 4547 Bctuleius,
3217 4482 3447 4540 Vossius

1847 4551 2044 4620 aliique
2067 4560 2250 4617 putant
2269 4566 2298 4603 a
2318 4550 2538 4607 ﬂumine
2561 4551 2716 4608 Gallo
2737 4550 2916 4608 Gallos
2943 4553 3144 4610 vocari.
3168 4552 3261 4611 Sic
3285 4555 3449 4612 etiam

1847 4622 2000 4678 Ovid.
2039 4623 2181 4678 Fast.
2212 4623 2302 4678 ltb.
2333 4639 2405 4677 tv.

1920 4693 2158 4749 Pellices.
2195 4694 2475 4757 Latonam,
2500 4693 2575 4761 lo,
2609 4694 2900 4764 Europam,
2931 4695 3150 4752 Danaen
3203 4707 3258 4754 et
3282 4697 3442 4755 alias.

1924 4765 2006 4821 Ea:
2028 4771 2206 4839 fratre.
2237 4767 2360 4820 Mss.
2389 4766 2424 4819 2
2443 4765 2680 4839 Colbert.
2713 4776 2768 4839 et
2793 4767 2816 4821 l
2842 4767 3032 4834 Brun.,
3061 4785 3126 4823 ea:
3142 4777 3308 4838 patre.
3333 4769 3449 4825 ble-

1850 4838 1952 4893 Iius
1993 4837 2153 4908 igitur
2173 4855 2236 4893 ea:
2265 4841 2444 4910 fratre,
2465 4837 2516 4893 id
2543 4847 2710 4894 estex
2729 4838 2884 4906 love,
2901 4841 3056 4910 cujus
3076 4837 3193 4896 erat
3212 4849 3270 4898 et
3285 4856 3448 4902 soror

1849 4920 1902 4965 et
1929 4911 2147 4980 conjux,
2171 4911 2320 4981 juxta
2353 4909 2651 4974 Virgilium.

1923 4981 2204 5037 Samum...
2253 4981 2416 5039 Juno.
2440 4981 2559 5037 Lib.
2607 4998 2653 5048 t,
2697 4996 2816 5052 cap.
2849 4985 2936 5040 15.
2967 4981 3162 5039 Strabo
3190 4982 3278 5040 ed.
3309 4999 3439 5042 nov.

1851 5053 1945 5109 lib.
1979 5071 2088 5121 xtv,
2119 5054 2211 5109 fol.
2243 5054 2365 5108 657.
2398 5055 2470 5109 De
2501 5054 2616 5124 ejus
2645 5055 2846 5124 templo
2872 5066 2920 5110 et
2956 5056 3125 5110 sacris
3154 5055 3356 5112 Savaro
3374 5055 3448 5114 ad

1849 5126 2034 5182 Sidon.
2083 5126 2313 5197 Apollini.
2356 5141 2526 5180 carm.
2574 5126 2626 5192 9,
2656 5141 2776 5196 pag.
2826 5125 2948 5181 ηε.
2978 5125 3119 5181 Add.
3151 5128 3447 5194 Spanhem.

1851 5199 1917 5253 ad
1947 5199 2161 5253 Callitn.
2198 5198 2345 5254 Dian.
2382 5213 2432 5250 ν.
2464 5197 2589 5258 9:28.
2624 5214 2744 5267 pag.
2771 5197 2900 5260 285,
2941 5207 2996 5253 et
3032 5197 3100 5252 ad
3149 5199 3358 5267 Delum,
3392 5217 3446 5257 ν.

1849 5271 1949 5334 48,
2003 5272 2070 5324 de
2119 5270 2278 5324 Samo
2336 5268 2617 5323 Parthenio
2665 5268 2843 5334 dicta,
2889 5284 3012 5339 pag.
3071 5270 3345 5340 558-560,
3392 5281 3453 5329 et

1853 5342 2126 5398 Muncker.
2160 5342 2226 5396 ad
2252 5342 2470 5412 llygin..
2501 5339 2641 5412 Fab.
2662 5341 2748 5405 M,
2781 5355 2900 5411 pag.
2930 5343 3020 5396 41.
3056 5340 3337 5399 Bonum.

1926 5413 2115 5468 Scribit
2139 5411 2324 5470 Varro.
2348 5413 2420 5470 De
2439 5428 2545 5483 quo
2564 5411 2683 5468 vide
2697 5412 2754 5469 Β.
2785 5412 3172 5484 Augustinum,
3199 5415 3268 5472 de
3287 5413 3450 5473 Civit.

1856 5484 1968 5553 Dei,
1998 5486 2090 5540 lib.
2126 5503 2195 5550 vt,
2227 5501 2346 5556 cap.
2373 5486 2426 5539 7.

1925 5579 2282 5635 Parthenium.
2330 5577 2672 5634 Partheniam
2717 5579 3046 5636 nominatam
3078 5596 3203 5639 esse
3231 5598 3261 5638 a
3289 5583 3454 5639 fluvio

1855 5653 2162 5719 Parthenio,
2194 5662 2250 5707 ut
2279 5651 2466 5708 scribit
2489 5649 2703 5706 Strabo.
2735 5652 2841 5710 Sed
2874 5652 3000 5709 inde
3025 5655 3236 5712 diversa
3259 5656 3448 5712 sortita

1853 5733 1937 5781 est
1963 5726 2199 5779 nomina.

1927 5797 2091 5852 Sacra
2129 5796 2238 5866 ejus
2276 5796 2621 5852 anniversaria
2662 5798 2956 5868 nuptiarum
2981 5799 3086 5854 ritu
3111 5800 3450 5858 celebrantur.

1854 5868 1924 5926 Ut
1965 5869 2103 5925 bene
2127 5870 2230 5925 hoc
2254 5869 2599 5940 intelligatur,
2630 5871 2908 5928 sciendum
2940 5871 3211 5942 quomodo
3241 5871 3446 5942 nuptis
