3986 6358
173 319 265 382 209

1236 319 1443 378 LIBER
1481 318 1523 377 I.
1567 318 1657 376 DE
1696 318 1922 380 FALSA
1946 320 2340 387 RELIGIONE.

3323 329 3432 395 210

170 435 378 510 crepidis
400 434 1089 507 commendavit?evidens,
1114 446 1175 494 ut
1195 438 1414 510 opinor,
1432 438 1725 507 incestum,
1751 439 1808 503 Α
1832 440 2055 499 laudent
2074 444 2238 502 etiam
2267 446 2592 519 gloriantur,
2623 458 2716 508 aut
2740 451 2959 510 virtutis
2985 454 3184 527 gratia,
3209 463 3270 512 ut
3295 455 3435 513 Her-

170 530 292 604 quod
317 530 458 587 nullo
483 531 644 588 modo
682 532 857 604 possit
884 533 1143 589 colorari.
1188 533 1376 590 Altera
1418 548 1540 589 cum
1586 547 1726 603 pene

168 632 430 678 amatorem
460 637 612 679 suum
636 623 985 695 perdidisset,
1018 624 1246 696 quierat
1266 623 1509 681 Turbatis
1536 629 1727 682 distra-

167 725 260 771 ctus
276 714 425 786 equis,
453 716 959 785 praestantissimum
992 716 1264 772 medicum
1292 717 1605 789 Asclepium
1626 732 1725 774 cu-

168 809 503 880 randojuveni
523 809 835 878 advocavit;
868 826 1102 883 eumque
1118 821 1364 868 sanatum
1397 829 1410 866 :

775 927 997 979 Secretis
1018 928 1146 980 alma
1164 927 1388 979 recondit

240 987 463 1055 §edibus,_
482 992 535 1055 et
552 990 778 1055 nymphae
793 990 1034 1055 Egeriae,
1042 993 1335 1055 nemorique
1359 989 1556 1055 relegat
1574 1004 1586 1040 :

239 1049 369 1115 ξυιυς
383 1039 466 1101 ub't
484 1051 535 1101 in
556 1039 692 1102 sua;
715 1039 1104 1115 Italis"ignot5itis
1121 1039 1280 1103 aevum

240 1113 487 1175 Exigeret,
515 1127 763 1179 versoque
786 1116 871 1166 ubi
895 1113 1096 1167 nomine
1118 1116 1321 1167 Virbius
1339 1121 1492 1167 esset.

162 1216 279 1285 Quid
302 1216 399 1273 sibi
421 1217 536 1273 vult
557 1217 677 1275 hinc
698 1228 806 1275 tam
820 1220 1077 1292 diligens,
1105 1231 1214 1278 tam
1227 1221 1460 1279 sollicita
1478 1222 1727 1280 curatio?

161 1312 267 1383 quid
297 1321 515 1369 secretze
555 1313 751 1369 sedes?
799 1314 931 1385 quid
973 1315 1235 1386 relegatio
1262 1316 1351 1372 vel
1384 1325 1494 1372 tam
1520 1317 1684 1389 longe
1705 1362 1721 1387 ,

162 1403 232 1459 vel
250 1403 310 1458 ad
330 1403 637 1475 mulierem,
659 1407 744 1463 vel
765 1408 819 1463 in
843 1408 1233 1466 solitudinem?
1254 1409 1382 1481 quid
1401 1409 1601 1468 deinde
1622 1426 1725 1467 no-

162 1498 297 1554 minis
336 1501 729 1557 commutatio?
780 1502 1101 1573 Postremo,
1144 1505 1273 1577 quid
1304 1520 1572 1577 equorum
1618 1516 1725 1563 tam

160 1589 378 1659 pertinax
404 1590 785 1649 abominatio?
838 1594 968 1666 quid
1019 1595 1331 1666 signiﬁcant
1361 1596 1479 1653 haec
1505 1598 1686 1653 omnia
1704 1638 1723 1666 ,

159 1684 242 1739 nisi
269 1686 654 1743 conscientiam
685 1689 892 1760 stupri,
940 1698 994 1746 et
1022 1704 1269 1747 amorem
1301 1691 1526 1747 minime
1554 1692 1724 1764 virgi-

157 1779 356 1834 nalem?
404 1779 536 1836 Erat
590 1782 749 1853 plane
786 1798 884 1840 cur
929 1792 1136 1840 tantum
1177 1784 1421 1842 laborem
1479 1801 1578 1858 pro
1618 1795 1725 1843 tam

157 1871 273 1928 ﬁdeli
300 1872 495 1943 juvene
522 1876 871 1948 susciperet,
918 1877 1011 1950 qui
1041 1878 1248 1935 amanti
1288 1892 1540 1937 novercae
1565 1878 1726 1937 obse-
1754 1872 1803 1934 B

160 1964 314 2034 quium
340 1976 683 2039 pernegarat.

713 2080 943 2140 CAPUT
968 2081 1155 2140 XVIII.

155 2191 218 2248 De
240 2194 438 2251 deorum
481 2200 868 2254 consecratione
897 2209 1110 2271 propter
1153 2198 1345 2255 collata
1386 2198 1444 2254 in
1491 2198 1725 2255 homines

777 2292 1042 2364 beneﬁcia.

210 2401 309 2460 lloc
333 2403 452 2462 loco
472 2405 763 2462 refellendi
787 2415 916 2463 sunt
939 2406 1104 2463 etiam
1132 2406 1192 2473 ii,
1225 2405 1319 2478 qui
1362 2405 1498 2463 deos
1524 2421 1595 2463 ex
1623 2405 1724 2463 ho-

154 2497 359 2558 minibus
378 2515 501 2559 esse
521 2502 724 2571 factos,
749 2517 858 2559 non
891 2509 1101 2558 tantum
1128 2499 1386 2569 fatentur,
1416 2500 1515 2559 sed
1545 2510 1603 2557 ut
1630 2515 1729 2558 eos

1834 533 2040 604 culem;
2073 545 2168 592 aut
2189 554 2473 597 munerum
2493 584 2506 608 ,
2539 551 2596 598 ut
2622 544 2878 602 Cererem
2910 562 2975 604 ac
2998 547 3290 614 Liberum;
3336 555 3434 605 aut

1834 627 2030 682 artium
2077 638 2448 700 repertarum,
2496 643 2554 689 ut
2580 634 2956 709 jEsculapium
3005 654 3070 695 ac
3107 640 3429 697 Minervam.

1833 719 1961 776 Hzec
1989 737 2116 779 vero
2137 740 2298 795 quam
2321 727 2501 798 inepta
2530 730 2660 795 sint,
2684 746 2953 803 quamque
2979 747 3089 789 non
3115 733 3277 805 digna
3305 747 3433 804 pro-

1832 826 1958 888 pter
1980 833 2096 889 quae
2111 818 2357 878 homines
2380 823 2691 895 inexpiabili
2721 840 2781 881 se
2802 826 3010 883 scelere
3030 827 3429 897 contaminent,

1832 910 2124 984 hostesque
2142 914 2252 971 Deo
2275 931 2404 973 vero
2425 915 2576 986 ﬁant,
2601 934 2708 989 quo
2729 928 3067 991 contempto,
3092 931 3432 977 mortuorum

1833 1020 1988 1061 sacra
2013 1008 2338 1079 suscipiunt,
2363 1025 2428 1066 ex
2457 1010 2687 1082 singulis
2710 1012 2875 1069 rebus
2903 1013 3210 1069 ostendam.
3244 1013 3431 1070 Virtu-

1833 1106 1944 1153 tem
1965 1112 2087 1156 esse
2112 1098 2318 1169 dicunt,
2350 1118 2469 1173 quae
2491 1104 2767 1160 hominem
2796 1105 2947 1161 tollat
2974 1106 3026 1161 in
3055 1106 3252 1163 coelum
3283 1125 3297 1162 :
3322 1122 3432 1163 non

1834 1190 1979 1245 illam
1999 1228 2013 1253 ,
2042 1190 2111 1247 de
2132 1207 2234 1263 qua
2262 1194 2571 1267 philosophi
2590 1196 2901 1265 disserunt,
2924 1214 3044 1270 qua:
3068 1201 3242 1270 posita
3270 1210 3356 1256 est
3374 1200 3434 1257 in

1833 1282 1991 1339 bonis
2011 1286 2214 1355 animi;
2245 1289 2340 1343 sed
2372 1288 2510 1346 hanc
2539 1290 2905 1361 corporalem,
2939 1306 3060 1363 qua:
3088 1292 3288 1348 dicitur
3314 1293 3429 1349 for-

1833 1377 2006 1433 titudo
2057 1396 2070 1433 :
2112 1394 2233 1451 quae
2270 1381 2525 1452 quoniam
2575 1384 2847 1454 praecipua
2895 1384 2948 1438 in
3007 1383 3241 1441 Ilercule
3292 1386 3431 1455 fuit,

1832 1471 2299 1530 immortalitatem
2339 1475 2607 1532 meruisse
2641 1475 2903 1532 creditur.
2943 1475 3076 1546 Quis
3122 1485 3231 1533 tam
3268 1478 3433 1535 stulte

1831 1567 2047 1635 ineptus
2073 1576 2179 1632 est,
2208 1575 2267 1623 ut
2293 1568 2540 1638 corporis
2566 1569 2711 1625 vires
2745 1569 2985 1626 divinum
3012 1570 3098 1627 vel
3129 1571 3296 1627 etiam
3326 1572 3431 1628 hu-

1832 1672 2053 1713 manum
2086 1658 2288 1716 bonum
2315 1659 2556 1731 iudicet;
2588 1677 2712 1717 cum
2740 1662 2850 1717 sint
2870 1671 2927 1719 et
2951 1662 3189 1735 majores
3211 1662 3435 1734 pecudi-

1829 1749 1933 1807 bus
1958 1750 2235 1807 attributze
2257 1794 2273 1820 ,
2305 1762 2362 1810 et
2405 1768 2517 1808 uno
2546 1753 2737 1809 morbo
2776 1768 2922 1825 saepe
2960 1753 3301 1826 frangantur,
3348 1755 3440 1812 vel

1831 1845 1946 1917 ipsa
1977 1854 2258 1901 senectute
2300 1846 2613 1903 minuantur
2640 1856 2695 1904 et
2724 1849 3021 1906 corruant?
3067 1849 3254 1921 Itaque
3283 1848 3433 1906 idem

1830 1936 1944 2005 ille,
1976 1952 2099 1993 cum
2126 1937 2423 1995 deformari
2470 1940 2741 1997 ulceribus
2771 1950 2921 1996 toros
2960 1956 3092 1998 suos
3137 1953 3432 2013 cerneret,

1829 2046 1933 2087 nec
1977 2033 2155 2087 sanari
2202 2047 2263 2089 se
2292 2034 2496 2103 voluit,
2545 2049 2648 2091 nec
2690 2049 2876 2091 senem
2928 2034 3070 2100 ﬁeri,
3114 2051 3185 2093 ne
3216 2036 3436 2108 quando

1829 2126 2013 2197 seipso
2042 2126 2221 2182 minor
2261 2136 2355 2183 aut
2382 2128 2679 2185 deformior
2718 2128 3013 2185 videretur.
3052 2128 3205 2185 Hunc
3232 2145 3265 2187 e
3294 2145 3427 2202 rogo

1829 2235 1937 2292 quo
1966 2220 2144 2276 vivum
2162 2236 2221 2278 se
2243 2222 2358 2293 ipse
2386 2222 2785 2291 combusserat,
2816 2223 3131 2280 ascendisse
3147 2224 3201 2281 in
3226 2224 3432 2282 ctelum

1828 2321 2154 2384 putaverunt
2194 2332 2208 2370 :
2239 2328 2411 2385 eaque
2462 2314 2610 2387 ipsa,
2649 2331 2770 2387 quae
2814 2316 3135 2373 stultissime
3174 2316 3429 2373 admirati

1828 2414 1975 2472 sunt,
2006 2406 2309 2463 simulacris
2328 2416 2384 2463 et
2411 2408 2733 2478 imaginibus
2758 2423 3017 2480 expressa
3034 2417 3092 2466 et
3106 2417 3428 2466 consecrata

1829 2508 2149 2572 posuerunt,
2178 2508 2236 2555 ut
2260 2500 2315 2556 in
2344 2510 2668 2574 perpetuum
2708 2503 2963 2561 vanitatis
3013 2517 3203 2561 eorum
3252 2502 3429 2560 moni-

1445 2637 1809 2698 VARIORUM
1845 2636 2082 2695 NOTAE.

156 2777 432 2848 Pandrose,
464 2782 861 2837 commendavit.
894 2779 1142 2836 Totidem
1189 2779 1371 2836 verbis
1403 2779 1723 2851 Fulgentius

156 2851 416 2924 Hytholog.
443 2854 539 2909 lib.
565 2868 630 2921 ιι,
660 2855 765 2910 nisi
801 2853 945 2923 quod
969 2852 1216 2909 Pandora
1248 2853 1373 2924 ipsi,
1418 2867 1539 2924 quae
1582 2851 1726 2908 Pan-

158 2922 326 2979 drosus
344 2922 463 2979 aliis
491 2922 839 2991 dicitur,ete.
871 2924 1163 2981 Msunsws.

215 2992 603 3051 Commendaoit.
656 2996 987 3067 Eleganter,
1035 3011 1135 3065 pro
1185 2996 1459 3065 deposuit,
1498 2996 1634 3060 sive,
1668 3008 1727 3049 ut

159 3065 348 3156 [ινςὲοη
381 3067 487 3123 Mt-
548 3065 859 3156 ίςξὲιάιέειέε
888 3070 942 3123 in
966 3067 1719 3156 clm!“.§9'V?"_d,'PtP-.§P‘tl-
1751 3092 1797 3156 c

156 3139 379 3211 apolog”
422 3155 552 3211 pag.
596 3139 720 3201 508,
762 3141 958 3195 Aliena:
996 3140 1241 3194 custodia:
1266 3139 1722 3211 commendatam.

156 3206 437 3282 Paulo'post
464 3206 595 3282 pag.
629 3212 755 3278 509,
782 3213 1038 3282 explicat,
1071 3211 1363 3281 deponere;
1403 3209 1726 3266 etGrzevius

156 3279 209 3333 ad
233 3279 397 3337 Cicer.
428 3279 536 3354 pro
550 3279 833 3346 Cluentio,
857 3279 985 3353 cap.
1018 3282 1086 3337 l2
1114 3279 1320 3354 {Spem
1361 3282 1413 3336 in
1444 3283 1558 3335 alvo
1585 3298 1728 3336 com-

158 3353 475 3409 mendatam'a
494 3356 614 3410 viro
647 3356 953 3409 continebat.
1001 3354 1074 3409 De
1109 3353 1410 3409 differentia
1437 3354 1724 3408 verborum

157 3427 478 3495 commendare
492 3434 557 3482 et
576 3427 847 3495 deponere,
870 3426 1094 3483 consule
1110 3426 1403 3481 Burmann.
1420 3424 1487 3479 ad
1508 3425 1721 3480 thdr.

159 3509 190 3558 ι,
217 3494 313 3569 tab.
342 3499 463 3566 175,
490 3515 559 3569 ρ.
586 3494 676 3554 15.
711 3499 846 3553 Βιιιι.

215 3566 717 3625 ΙησεειιιηιίΝριιινο
742 3583 964 3639 genere,
997 3576 1055 3623 ut
1080 3568 1279 3624 Minue.
1306 3566 1420 3623 Fel.
1450 3582 1579 3622 χχιιι
1601 3608 1613 3630 .
1643 3568 1679 3624 5
1708 3585 1723 3623 :

161 3635 384 3695 Incestum
409 3659 574 3710 penes
600 3658 686 3696 vos
710 3635 845 3710 δῶρα
866 3640 1280 3709 deprehenditur,
1316 3655 1513 3709 semper
1535 3639 1727 3694 admit-

161 3712 300 3776 titur;
343 3713 465 3768 add.
528 3713 693 3769 infra.
732 3712 889 3768 Conf.
939 3712 1086 3766 Lact.
1129 3714 1164 3764 l.
1212 3727 1279 3775 Vl,
1338 3726 1458 3779 cap.
1501 3710 1593 3775 20,
1626 3710 1726 3764 ln-

159 3794 273 3856 testa
313 3783 424 3839 Liv.
456 3801 495 3840 ιι
525 3804 542 3839 :
581 3783 648 3840 Ut
666 3782 1036 3856 virgoVestalis
1057 3784 1302 3856 damnata
1327 3782 1520 3837 incesti
1550 3798 1728 3853 pwnas

161 3853 359 3920 dederit;
386 3857 511 3911 add.
549 3856 690 3911 Plin.
720 3853 811 3910 liv.
841 3872 918 3920 tv,
948 3856 1105 3925 epist.
1140 3854 1225 3907 11.
1255 3854 1528 3909 ΒυΝειιΑΝ.

217 3926 397 3983 Altera.
441 3929 671 3987 Scilicet
699 3929 883 3983 Diana.
913 3924 1223 3982 Lactantius
1248 3926 1461 3981 videtur
1502 3924 1728 3980 menda-

160 3997 217 4051 cii
257 4016 476 4069 arguere
522 4002 923 4065 narrationem,
967 4009 1020 4053 et
1077 3997 1384 4068 signiﬁcare
1427 3997 1726 4069 periculum

163 4070 301 4141 modo
324 4068 537 4139 mortis,
574 4088 679 4125 non
705 4076 874 4141 ipsam
906 4078 1132 4125 mortem
1164 4083 1381 4139 passum
1414 4069 1581 4123 fuisse
1603 4068 1731 4137 Hip-

163 4140 397 4211 polytum.
432 4144 568 4199 Ideo
605 4140 767 4198 etiam
798 4142 1050 4205 curando,
1085 4142 1164 4195 ait
1190 4158 1293 4194 non
1324 4142 1378 4194 in
1403 4141 1555 4194 vitam
1594 4155 1733 4193 revo-

163 4216 325 4290 cando.
361 4218 485 4271 llaec
512 4216 682 4286 igitur
711 4230 812 4290 vos
837 4224 892 4268 et
909 4214 1175 4290 sententia
1201 4229 1288 4290 me
1309 4213 1731 4290 cogitspernere

165 4286 365 4351 quodin
397 4282 561 4342 mss.—
599 4296 700 4351 est,
754 4287 923 4355 plane.
957 4284 1230 4356 Hippolyti
1276 4284 1556 4339 historiam
1606 4282 1732 4337 vide

163 4357 284 4423 apud
319 4360 501 4423 Ovid,
538 4358 634 4412 lib.
667 4374 742 4413 xu
767 4358 1118 4423 Metamorph.

226 4426 470 4501 Turbatis.
505 4431 569 4486 Id
593 4446 660 4484 ex
694 4430 865 4501 Virga,
896 4444 969 4484 vn
997 4426 1242 4501 Eneid.,
1276 4442 1346 4501 v._
1362 4426 1488 4483 774.

1829 2781 2041 2835 niosam
2072 2790 2286 2835 vocant.

1901 2850 2152 2925 Homines
2182 2851 2494 2925 inexpiabili
2539 2870 2647 2910 sese
2670 2854 2861 2911 scelere
2895 2855 3260 2912 contaminent.
3318 2857 3429 2915 Res

1828 2924 2022 2978 eadem
2044 2924 2274 2997 recidet,
2308 2924 2350 2979 Si
2379 2926 2619 2997 corrigas
2637 2945 2650 2981 :
2667 2927 2896 2983 homines
2910 2929 3212 2997 inexpiabili
3235 2929 3425 2984 scelere

1828 2996 2273 3073 contaminentur;
2318 3006 2375 3050 ut
2416 2996 2622 3073 l_ib._’v,_
2659 3014 2781 3073 cap.
2813 3001 2865 3065 1,
2897 2996 3197 3073 inexpiabili
3238 3000 3428 3056 scelere

1829 3066 2172 3139 contaminari
2196 3079 2346 3138 atque
2367 3069 2641 3139 adstringi.
2669 3066 2948 3126 Bassum.

1902 3136 2201 3210 Dissertml.
2251 3136 2347 3194 Est
2375 3156 2441 3195 ex
2470 3136 2602 3210 mss.
2632 3142 3010 3197 vetustissimis
3045 3143 3070 3197 1
3121 3142 3357 3210 Bonon.,
3389 3142 3427 3199 5

1829 3209 1986 3279 Heg.,
2020 3210 2047 3265 1
2078 3207 2260 3281 Colb.,
2285 3210 2459 3281 Lips.,
2489 3210 2525 3265 2
2553 3209 2816 3277 Clarom.,
2850 3213 2997 3279 Em.,
3024 3214 3059 3268 2
3088 3213 3251 3268 Brun.
3276 3207 3427 3269 aliis-

1827 3296 1964 3356 que,
1995 3281 2178 3356 et_ed.
2208 3280 2282 3337 Is.
2324 3280 2388 3356 ac
2411 3281 2614 3356 Cellar.
2650 3283 2707 3338 In
2756 3298 2890 3339 mss.
2921 3285 2947 3339 1
2985 3286 3145 3356 Reg.,
3178 3286 3213 3341 5
3240 3285 3424 3354 Colb.,

1827 3351 2017 3410 Cauc..
2048 3351 2172 3407 Jun.
2203 3364 2256 3408 et
2299 3354 2482 3417 editis,
2514 3354 2772 3409 dixerunt.

1909 3421 2000 3477 Vel
2029 3424 2141 3498 ipsa
2154 3435 2407 3479 senectute
2428 3426 2826 3481 minuantur.At
2844 3425 3232 3498 iuquibusdam
3259 3443 3417 3498 mss.,

1827 3505 2079 3549 senectute
2103 3496 2216 3562 ipsa
2238 3497 2554 3564 minuantur,
2578 3498 2646 3550 ad
2667 3496 2945 3552 extremum
2972 3508 3133 3553 morte
3153 3496 3427 3555 terminen-

1830 3574 1912 3619 tur
1940 3575 1986 3619 et
2012 3577 2274 3641 corruant.
2302 3567 2455 3635 Quod
2486 3583 2582 3623 cur
2609 3569 2870 3625 Lactantii
2900 3584 3021 3641 esse
3050 3584 3264 3641 negem,
3293 3586 3425 3626 cau-

1829 3652 1944 3692 sam
1976 3637 2303 3711 nonuvideo,
2336 3641 2634 3711 praesertim
2660 3654 2782 3695 cum
2812 3637 3173 3710 reprehendat
3214 3642 3427 3711 opinio-

1829 3724 1978 3773 nem,
2012 3709 2215 3764 viribus
2241 3710 2485 3780 corporis
2509 3711 2792 3767 Herculem
2816 3709 3080 3767 meruisse
3109 3709 3429 3768 immortali-

1830 3789 2033 3855 tatem;
2075 3794 2206 3855 ergo
2242 3782 2381 3837 bene
2430 3784 2596 3852 ipsius
2640 3783 2831 3839 mortis
2854 3784 2944 3852 jus
2971 3783 3292 3841 adhibetur:
3332 3786 3426 3855 qui
3507 3809 3521 3820 -

1829 3852 1985 3926 enim
1999 3867 2093 3926 per
2106 3852 2461 3926 hocpariatur
2479 3855 2876 3921 immortalitas,
2894 3857 2943 3909 in
2957 3855 3102 3924 quod
3122 3864 3324 3910 tantum
3333 3852 3425 3926 jus

1833 3923 2029 3993 morti?
2086 3925 2228 3993 quod
2281 3936 2448 3979 totum
2497 3936 2668 3982 morte
2712 3927 2914 3981 ﬁnitur.
2968 3923 3291 3983 Gnonovws.
3336 3923 3425 3968 ⁷-

1832 3991 1887 4047 In
1956 3991 2116 4049 haue
2150 3995 2522 4063 additionem,
2577 3999 2645 4052 ad
2695 4009 2976 4053 extremum
3035 4008 3194 4052 utorte
3234 3999 3425 4052 termi—

1830 4076 2036 4140 nentur,
2092 4066 2169 4121 sic
2219 4066 2381 4140 habet
2429 4068 2953 4124 Bunemannusz—
2988 4088 3007 4122 ι
3037 4069 3195 4133 Haec,
3250 4069 3426 4140 inquit

1831 4136 2029 4205 quippe
2078 4152 2148 4191 ex
2188 4140 2306 4193 solo
2352 4138 2609 4195 Gronovii
2666 4141 2882 4206 codice,
2934 4140 3255 4196 Heumanno
3306 4136 3426 4195 sus-

1834 4218 1983 4281 pecta
2014 4208 2247 4265 diversis
2292 4212 2432 4281 typis
2463 4212 2818 4281 imprimenda
2849 4213 3068 4278 curavi;
3098 4228 3217 4280 qua:
3244 4220 3424 4268 tamen

1832 4278 2139 4353 gronovins
2178 4278 2327 4353 satis
2348 4278 2488 4337 bene
2531 4278 2728 4347 tuetur,
2771 4299 2930 4353 quem
2956 4284 3072 4353 lege
3106 4278 3157 4337 in
3194 4283 3325 4337 Obs.
3370 4286 3424 4339 in

1833 4350 1988 4424 Eccl.
2023 4367 2144 4419 cap.
2176 4352 2265 4416 17,
2302 4368 2424 4424 pag.
2461 4354 2581 4409 182.
2613 4350 3111 4410 CcrteLactantius
3134 4364 3279 4424 amat
3306 4370 3430 4410 ver—

1834 4420 1957 4475 bum
1989 4425 2283 4498 terminare.
2311 4420 2429 4498 Lib.
2456 4441 2535 4491 Ill,
2567 4441 2686 4497 cap.
2718 4426 2814 4479 l2:
2842 4425 2968 4490 Qua:
2998 4423 3149 4498 (vita)
3172 4442 3286 4479 cum
3311 4443 3427 4483 cor-

243 4498 549 4570 Asclepium.
620 4489 817 4557 Recte”
841 4489 1149 4555 Lactantius
1203 4489 1271 4570 in
1306 4498 1496 4554 Graeca
1552 4495 1728 4553 fabula
1756 4493 1811 4554 D
1837 4509 1962 4570 pore
1982 4496 2303 4549 terminatur.
2335 4489 2491 4570 Cunl.
2522 4489 2556 4551 1.
2588 4489 2823 4570 νιί,ειιρ.
2856 4489 2943 4551 15.
2966 4516 3002 4570 ν»

166 4568 447 4644 Qrzcculttm
479 4588 683 4630 nomen
711 4572 1003 4644 Asclepium
1031 4569 1365 4644 datimedicio
1384 4612 1413 4644 ,_
1433 4569 1585 4644 juxta
1608 4584 1733 4644 _an-

168 4641 404 4710 tiquiores
425 4656 481 4701 cl
513 4644 772 4700 meliores
801 4639 1037 4707 codices,
1064 4645 1098 4697 4
1126 4643 1286 4713 Reg,
1314 4643 1349 4695 2
1376 4639 1527 4713 Call).
1551 4682 1567 4708 ,
1598 4639 1734 4695 Gro-

168 4727 300 4785 ngn,
320 4716 478 4785 Nav.,
502 4717 654 4779 Gat.,
688 4716 956 4782 Μαι-ιιιηὲ
979 4716 1167 4778 Brun.,
1199 4712 1253 4768 et
1277 4713 1364 4769 ed.
1392 4712 1593 4785 cellar.
1627 4726 1734 4766 non

168 4780 537 4856 Esculapiuin,
570 4799 629 4845 ut
659 4789 710 4843 in
739 4780 1126 4844 recentioribus
1152 4800 1283 4840 mss.
1317 4794 1372 4840 et
1391 4784 1570 4839 editis.

229 4858 457 4929 Secretis.
498 4862 679 4918 Locus
707 4876 771 4916 ex
800 4859 990 4915 eodem
1024 4858 1225 4929 Virgilii
1258 4857 1419 4912 libro.

230 4927 352 5007 Tant
366 4934 553 5007 longe.
582 4933 654 5007 l_ta
674 4933 1012 5007 reposuimus
1042 4927 1266 5007 extuss.
1297 4937 1352 4984 et
1379 4927 1576 4996 editis,
1604 4941 1740 4997 prac-

171 5001 423 5076 ter‘Gall.,
445 5000 666 5076 spark,
692 5006 744 5059 in
765 5004 959 5076 quibus
980 5010 1067 5076 est
1085 5012 1199 5076 tum
1214 5000 1387 5076 longa.

232 5073 429 5132 Amanti
454 5070 702 5133 novercae.
722 5070 986 5139 Phaedrae,
1007 5072 1203 5128 Thesei
1234 5070 1407 5136 uxori,
1436 5072 1520 5126 cui
1543 5070 1742 5140 Hippo-

172 5140 430 5213 lytitatnm
452 5152 506 5204 in
539 5148 732 5203 fabulis
760 5147 1076 5217 imputatur.
1106 5144 1235 5198 Vide
1264 5144 1442 5217 Ovidii
1474 5145 1634 5212 epist.
1665 5143 1699 5196 4
1724 5182 1739 5208 ,

172 5229 277 5290 qua:
304 5220 460 5290 hujus
483 5219 729 5275 Phaedra:
750 5214 918 5274 est-ad
941 5217 1305 5288 Hippolytum.
1330 5214 1496 5290 Casu.

237 5284 567 5364 Pernegaral.
599 5291 691 5347 Sic
720 5284 1157 5364 restituimusei
1206 5301 1337 5342 mss.
1370 5284 1647 5364 codicibus
1690 5293 1745 5339 ct

174 5360 289 5414 edit.
332 5359 566 5419 Tdrnes.
598 5364 654 5417 In
699 5364 721 5417 1
768 5362 1006 5417 Clarom.
1042 5359 1354 5431 denegarat;
1401 5359 1452 5413 in
1494 5359 1661 5413 5rcc.
1691 5365 1747 5409 ct

177 5431 397 5505 pluribus
422 5437 539 5500 ed.,
567 5443 882 5505 pernegaret.

242 5502 348 5559 Hoc
365 5508 478 5561 loco
506 5500 792 5575 refellendi.
824 5505 897 5559 Ita
931 5502 1126 5574 passim
1173 5502 1316 5574 loqui
1339 5502 1477 5558 solet
1520 5500 1748 5575 Lactan-

178 5574 300 5647 tius;
320 5588 373 5632 et
392 5580 473 5634 sic
501 5573 699 5632 habent
724 5593 881 5642 mss.,
902 5573 1100 5647 praeter
1118 5575 1153 5630 2
1174 5576 1304 5645 lleg.
1337 5573 1669 5629 recentiores
1695 5583 1749 5627 et

180 5646 298 5718 edit.
318 5650 370 5703 in
397 5649 592 5718 quibus
615 5660 728 5716 est,
762 5648 871 5703 Hoc
897 5646 948 5702 in
976 5649 1109 5701 loco.

243 5715 471 5776 Cererem
511 5736 571 5775 ac
612 5715 870 5775 Liberum.
912 5721 1002 5777 Sic
1040 5717 1294 5789 Virgilius
1335 5716 1503 5773 libros
1539 5715 1751 5773 orditur

182 5784 748 5870 GepygicorumLLiber
763 5805 810 5870 et
833 5794 970 5870 alma
998 5784 1163 5847 Ceres:
1360 5858 1396 5870 Α
1438 5860 1450 5870 .
1472 5858 1508 5870 υ
1600 5859 1613 5870 .

250 5858 547 5919 Minervam.
566 5865 734 5931 Quam
762 5864 1014 5921 Horatius
1029 5875 1332 5933 operosam,
1355 5858 1577 5917 Ovidius
1599 5859 1747 5929 inge-

1912 4563 2023 4620 Nec
2049 4572 2228 4620 sanari
2244 4584 2297 4621 se
2322 4569 2501 4634 voluit,
2525 4578 2631 4624 etc.
2656 4563 2841 4624 Codex
2866 4569 3121 4639 antiquus
3150 4566 3285 4623 Bon.
3332 4570 3427 4623 lia-

1838 4635 1955 4709 bet,
1987 4653 2076 4691 nec
2091 4654 2273 4692 sanum
2297 4655 2351 4692 se
2376 4640 2532 4695 voluit
2553 4681 2566 4703 ,
2600 4656 2692 4694 nec
2731 4656 2899 4693 senem
2931 4635 3086 4707 ﬁeri;
3122 4641 3265 4709 quod
3296 4641 3427 4697 mihi

1839 4708 2121 4779 probatur,
2176 4710 2300 4777 quia
2347 4710 2434 4763 illa
2466 4712 2766 4766 similitudo
2793 4711 3119 4774 dictionum,
3146 4708 3352 4766 sanum
3381 4722 3429 4766 et

1840 4796 2008 4835 senem
2046 4781 2215 4835 efﬁcit
2253 4780 2538 4851 quamdam
2578 4784 2839 4837 orationis
2866 4790 3221 4838 venustatem.
3276 4783 3432 4840 Alter

1840 4854 2012 4907 codex
2040 4852 2172 4908 Bon.
2205 4870 2217 4906 :
2252 4856 2363 4906 Nec
2391 4855 2565 4908 sanari
2584 4871 2639 4909 se
2666 4856 2845 4919 uoluit,
2876 4870 2939 4908 ne
2964 4870 3118 4908 aenea:
3136 4861 3224 4905 aut
3253 4856 3428 4923 defor-

1843 4925 1975 4977 mior
1999 4924 2272 4978 rideretur.
2297 4925 2427 4992 Qua:
2458 4928 2620 4980 etiam
2646 4929 2822 4980 oratio
2855 4942 2960 4980 non
2989 4937 3070 4979 est
3103 4926 3300 4992 inepta,
3336 4940 3432 4981 ne-

1843 5011 1949 5061 que
1978 4998 2297 5051 inconcinna
2325 5014 2341 5058 ;
2383 4999 2476 5052 sed
2504 5000 2628 5066 quia
2678 4998 2895 5053 lectioni
2928 4997 3156 5066 vulgatae
3195 5010 3317 5063 qua:
3344 5006 3432 5052 est

1843 5068 1914 5122 '50
1941 5083 2072 5122 mss.
2102 5079 2155 5123 et
2200 5070 2440 5123 omnium
2488 5070 2621 5124 edit.
2656 5072 2891 5139 optimus
2935 5077 3019 5124 est
3044 5080 3237 5123 sensus
3258 5107 3275 5133 ,
3307 5082 3428 5123 eam

1844 5141 2181 5195 retiuuimus.
2204 5140 2259 5195 Id
2284 5156 2348 5195 ex
2388 5156 2675 5196 TBOMASIO.

1921 5212 2106 5277 Seipso
2136 5214 2323 5266 minor.
2359 5211 2414 5266 In
2443 5215 2664 5268 senibus
2701 5212 2845 5267 enim
2891 5225 3011 5266 ossa
3062 5220 3426 5280 macerantur,

1845 5292 1899 5340 ct
1922 5299 2047 5337 caro
2074 5286 2271 5338 caloris
2292 5284 2583 5338 acrimonia
2617 5284 2858 5339 tabescit.
2894 5282 3111 5337 annn
3134 5284 3356 5340 Lmnsu.

1923 5355 1969 5409 Ε
1993 5372 2137 5422 rogo.
2165 5356 2239 5409 lta
2267 5356 2602 5423 reposuimus
2625 5372 2691 5410 ex
2726 5368 2855 5408 mss.
2889 5354 3332 5423 llegio-Puteano
3354 5397 3369 5421 ,
3397 5355 3432 5410 2

1849 5426 2027 5488 Colb.,
2063 5428 2196 5483 Ultr.
2231 5435 2286 5481 et
2311 5426 2399 5479 ctl.
2433 5426 2605 5480 Paris.
2632 5425 2793 5491 1525,
2823 5424 2889 5479 ad
2922 5425 2972 5479 id
3000 5428 3435 5494 conspirantibus

1850 5499 1885 5553 5
1906 5498 2086 5564 Colb.,
2110 5499 2299 5558 .1ιιιι.,1
2324 5496 2560 5551 Claram.
2586 5508 2640 5552 et
2659 5498 2787 5552 edit.
2822 5496 2975 5551 Rom.
3010 5497 3171 5563 1468,
3204 5498 3362 5563 1470,
3382 5507 3437 5553 et

1852 5570 2044 5639 Egnat.
2073 5572 2123 5623 in
2155 5572 2347 5637 quibus
2369 5578 2450 5623 est
2474 5586 2592 5639 ergo
2616 5586 2711 5637 pro
2735 5584 2919 5637 erogo.
2951 5568 3006 5623 In
3036 5585 3165 5624 mss.
3191 5568 3381 5631 Cauc.,
3403 5572 3437 5624 ’ὅ

1852 5643 2013 5711 Reg,
2046 5642 2068 5695 1
2098 5642 2327 5705 Bonon.,
2370 5640 2528 5707 Pcn.,
2565 5642 2590 5695 1
2626 5640 2803 5707 Colb.,
2856 5642 2882 5696 1
2915 5639 3149 5695 Claram.
3199 5650 3252 5696 et
3278 5640 3439 5696 editis

1854 5716 2038 5769 multis
2058 5728 2167 5767 rec.
2193 5728 2223 5764 a
2243 5729 2385 5780 rogo.

1931 5785 2000 5839 Se
2019 5785 2127 5846 ipse
2156 5787 2515 5838 combusserat.
2548 5784 3029 5856 Manuscriptorum
3048 5794 3151 5852 est;
3175 5800 3230 5841 se
3253 5784 3446 5855 ipsum,

1858 5856 2126 5913 editorum
2161 5857 2542 5912 recentiorum.
2568 5920 2574 5928 ,
