3986 6358
212 288 301 353 91⁸1

1226 284 1433 345 LIBER
1472 284 1512 341 1.
1553 283 1643 342 DE
1680 280 1904 341 FALSA
1945 282 2333 343 RELIGIONE.

3364 274 3475 339 118

208 401 1196 476 Livius,Larentln:eessesimulacrum,
1216 402 1509 475 etquidem
1524 416 1632 459 non
1644 416 1765 458 cor—
1791 402 1847 465 Α
1870 401 2121 458 animalis
2151 402 2395 475 effigiem
2443 408 2769 474 posuerunt,
2801 397 2958 473 cujus
2997 413 3195 457 nomen
3226 398 3474 472 gerebat.

207 503 458 578 poris,sed
477 496 1770 563 mentisacmortim.FuitenimFanstuliuxor,et
1869 494 2054 566 Itaque
2098 503 2158 551 ut
2204 496 2283 551 illi
2330 495 2721 551 monimentum
2766 508 2833 550 ex
2863 494 3104 562 nomine,
3151 494 3231 551 sic
3276 492 3365 549 isti
3406 507 3475 549 ex

208 605 400 669 propter
417 592 609 665 vulgati
631 592 876 663 corporis
895 591 1318 661 vilitatem-lupa
1339 590 1482 646 inter
1501 597 1765 658 pastores,

206 688 250 745 id
278 697 379 753 est,
404 684 652 742 meretrix
690 692 994 755 nuncupata
1025 692 1141 748 est;
1176 682 1319 739 unde
1353 682 1517 739 etiam
1547 681 1770 753 lupanar

204 780 397 835 dicitur.
420 776 739 849 Exemplum
770 777 978 833 scilicet
1010 775 1422 833 Atheniensium
1459 776 1515 831 in
1539 791 1601 831 ea
1639 774 1770 847 ligu-

201 872 349 928 randa
372 870 596 926 Romani
626 870 797 927 secuti
827 879 987 938 sunt;
1011 870 1153 942 apud
1181 885 1318 941 quos
1340 870 1599 926 meretrix
1626 884 1774 942 qua:-

200 965 306 1020 dam
336 964 548 1020 nomine
592 964 805 1033 Leaena,
836 978 959 1019 cum
991 974 1278 1038 tyrannum
1306 962 1626 1029 occidisset,
1650 963 1774 1034 quia

200 1056 333 1113 nefas
353 1064 466 1113 erat
483 1055 829 1113 simulacrum
854 1057 1108 1114 constitui
1144 1057 1448 1114 meretricis
1468 1056 1521 1111 in
1541 1055 1765 1126 templo,

1872 588 2214 660 professione
2242 588 2504 645 fecerunt.
2538 588 2705 660 Hujus
2732 588 2936 644 nomini
2958 588 3118 644 etiam
3140 587 3259 643 dies
3303 585 3476 643 festus

1872 680 2080 737 dicatus
2096 692 2210 748 est,
2240 692 2296 738 et
2324 681 2686 738 Larentinalia
2730 682 3042 739 constituta.
3071 680 3182 738 Nec
3222 680 3362 738 hanc
3387 695 3476 737 so-

1873 774 1978 830 lam
2004 775 2232 831 Romani
2260 777 2601 833 meretricem
2632 778 2839 842 colunt,
2862 775 2958 833 sed
2987 775 3206 831 Faulam
3228 791 3467 848 quoque,

1874 884 2033 941 quam
2066 869 2314 926 Herculis
2354 878 2592 926 scortum
2641 869 2806 925 fuisse
2838 869 3062 926 Verrius
3098 868 3307 926 scribit.
3353 868 3473 925 lam

1876 971 2073 1033 quanta
2132 963 2234 1018 ista
2278 963 2652 1018 immortalitas
2694 960 2930 1032 putanda
2965 969 3051 1017 est
3095 976 3257 1033 quam
3309 961 3476 1016 etiam

1876 1053 2191 1112 meretrices
2218 1057 2613 1128 assequuntur?
2642 1054 2826 1124 Flora,
2859 1069 2981 1112 cum
3003 1069 3224 1127 magnas
3250 1068 3383 1127 opes
3408 1069 3478 1111 ex

1504 1191 1868 1251 VARIORUM
1896 1191 2128 1250 NOTAE.

672 1316 748 1367 Tu
771 1316 991 1368 criminis
1013 1322 1185 1367 auctor

389 1379 614 1432 Nutritus
633 1380 776 1441 duro,
796 1379 1026 1443 Romule,
1049 1380 1177 1430 lacte
1203 1378 1349 1443 lupae.
1410 1382 1419 1389 ’

199 1487 794 1613 iusseram—Doctus.
818 1486 1159 1544 Boxhornius
1176 1487 1228 1542 in
1250 1488 1455 1557 Quaest.
1479 1486 1639 1542 Rom.
1669 1485 1773 1543 hoc

214 1573 357 1613 lClllm
387 1570 553 1613 nutat.

214 1570 357 1616 ictum
386 1570 553 1631 putat.

1880 1313 2119 1388 tituimus
2164 1328 2253 1388 ex;
2280 1314 2669 1388 antiquissimis
2697 1324 2753 1371 et
2801 1314 3021 1382 optimis
3062 1330 3194 1388 mss.
3244 1316 3277 1371 7
3311 1314 3469 1388 Reg.,

1877 1384 1914 1439 2
1942 1385 2175 1453 Bonon.,
2227 1386 2262 1441 4
2291 1384 2444 1457 Colb.
2478 1386 2706 1457 aliisque
2735 1388 3008 1453 undecim,
3040 1398 3093 1443 et
3125 1387 3283 1444 editis
3313 1384 3473 1444 Roin.

1880 1458 2043 1522 1470,
2077 1458 2237 1523 1474,
2262 1467 2319 1513 et
2343 1456 2539 1513 Cellar.
2570 1456 2627 1513 In
2655 1460 2679 1514 1
2706 1458 2886 1526 Colb.,
2914 1476 3006 1514 nec
3025 1476 3139 1514 eam
3177 1461 3371 1527 solam;
3421 1460 3475 1515 in

1879 1529 1908 1585 1
1954 1529 2062 1601 alio
2099 1528 2393 1593 Colb.,nec
2439 1530 2592 1584 etiam
2630 1530 2835 1585 solam:
2881 1537 3034 1585 etiam
3077 1531 3333 1587 mendose
3379 1546 3478 1601 pro

1877 1599 2100 1675 eamrln
2150 1615 2280 1675 mss.
2331 1602 2358 1657 1
2411 1601 2546 1672 Reg.
2580 1611 2633 1656 et
2679 1601 2807 1657 Jun.
2838 1614 2892 1659 et
2938 1603 3209 1674 plerisque
3250 1599 3479 1675 vulgatis

254 1673 434 1753 Auctor
473 1683 547 1753 e_s_t
589 1672 787 1753 Liuius.
814 1671 937 1753 Lib.
968 1687 1023 1739 ι,
1063 1686 1118 1753 9:
1164 1672 1220 1738 4,
1253 1679 1477 1753 primo};
1493 1684 1654 1741 quem
1695 1669 1773 1753 _de

1888 1684 1992 1753 est,
2011 1672 2144 1753 hanc
2171 1672 2357 1753 solum.

196 1743 457 1801 Laurentia
487 1744 789 1800 Macrobius
813 1744 1031 1800 Saturn.
1062 1742 1157 1798 lib.
1187 1759 1227 1810 ι,
1260 1756 1381 1812 cap.
1413 1742 1500 1807 10,
1521 1742 1773 1798 consula-

197 1827 286 1871 tur.
311 1816 411 1871 Alii
454 1818 702 1871 scribunt
750 1815 1013 1871 Larentia.
1058 1814 1190 1871 Vide
1232 1812 1471 1870 Gronov.
1510 1812 1579 1869 ad
1624 1813 1679 1869 d.
1730 1815 1765 1869 1.

197 1885 514 1942 Livii.CeLi..

196 1888 334 1943 Livii.
352 1888 514 1943 CELL.

255 1957 554 2013 Larentina.
575 1957 666 2015 Sic
691 1957 1027 2015 restituimus
1054 1971 1121 2012 ex
1138 1955 1443 2012 veterrimis
1472 1964 1526 2012 et
1554 1955 1773 2025 optimis

194 2045 309 2087 mss.
337 2031 372 2086 2
411 2030 649 2096 Bonon.,
679 2031 714 2085 5
739 2030 894 2096 Reg.,
924 2028 960 2082 2
989 2027 1142 2084 Colb.
1164 2070 1178 2091 .
1210 2027 1370 2093 Tax.,
1404 2029 1557 2090 Pen.,
1592 2030 1614 2083 1
1651 2027 1774 2083 Cla-

195 2046 309 2087 mss.
337 2046 372 2086 2
412 2046 649 2096 nouom,
679 2046 714 2085 ο
739 2046 783 2085 ιιι
859 2070 894 2093 .,
924 2046 960 2082 z
989 2046 1142 2084 μου).
1164 2070 1178 2091 .
1212 2046 1370 2093 1ax.,
1404 2046 1557 2090 rem,
1592 2046 1614 2083 1
1651 2046 1773 2083 una.

195 2118 314 2156 rom.
328 2117 356 2155 a
369 2102 606 2158 secunda
622 2046 853 2169 manufg
866 2101 1032 2155 Brun.
1049 2109 1103 2155 et
1118 2100 1248 2155 edit.
1267 2099 1336 2169 Is.
1350 2142 1364 2163 ,
1392 2100 1773 2154 accedentibus

195 2187 309 2244 mss.
331 2173 771 2244 Regio-Puteano
792 2168 851 2230 et
869 2173 904 2227 5
922 2172 1224 2244 aliis_Reg.,
1253 2173 1285 2226 4
1310 2168 1573 2236 Colbert.,
1596 2172 1622 2226 1
1647 2171 1776 2226 Sor-

196 2243 330 2312 bon.,
358 2242 503 2312 Gat.,
538 2244 756 2310 Marm.,
783 2245 976 2311 Cauc.,
1019 2242 1181 2309 Ultr.’,
1214 2245 1237 2298 1
1289 2244 1528 2298 Claram.
1578 2252 1634 2297 et
1676 2244 1770 2296 alt.

196 2316 408 2371 Claram.
431 2332 461 2371 a
497 2319 673 2386 prima
706 2332 886 2384 manu,
914 2316 967 2370 in
1000 2316 1193 2385 quibus
1218 2322 1302 2386 est
1334 2313 1377 2367 Τ
1377 2314 1657 2377 arentinw;
1684 2314 1771 2369 ed.

198 2386 336 2441 Rom.
369 2384 529 2454 1168,
558 2386 869 2443 Jarantinw.
900 2384 1087 2444 Sedet
1106 2386 1241 2441 infra
1268 2384 1620 2439 Larentinalia
1655 2402 1777 2440 con-

197 2458 373 2524 stiluta,
404 2461 484 2516 sic
507 2459 655 2515 dicta
683 2476 714 2515 a
749 2459 1050 2514 Larentina.
1082 2457 1193 2513 Nec
1234 2459 1391 2513 aliter
1415 2456 1776 2512 Tertullianus

198 2530 401 2602 Apolog.
446 2545 570 2601 cap.
597 2532 688 2587 25.
715 2531 772 2587 In
817 2547 946 2587 mss.
976 2544 1088 2602 rec.
1129 2528 1166 2583 2
1204 2528 1375 2602 Reg",
1402 2527 1575 2602 Vict.,
1609 2527 1773 2602 Nam,

197 2599 426 2671 (animo,
459 2599 615 2671 Ein.,
644 2612 699 2659 et
735 2602 893 2659 editis
925 2602 1013 2669 12,
1042 2600 1335 2661 Larentia;
1364 2600 1415 2655 in
1455 2599 1587 2655 edit.
1626 2600 1770 2655 Crat.

197 2671 526 2743 etGymnic.,
548 2671 881 2739 Lnurentite;
906 2675 956 2729 in
996 2675 1021 2729 1
1052 2672 1166 2741 Reg
1198 2714 1212 2738 ,
1243 2671 1521 2726 Tarentina.
1543 2671 1778 2726 Lauren-

200 2743 310 2816 tina;
331 2761 524 2801 nomen
570 2757 657 2801 est
691 2748 831 2816 apud
855 2745 1064 2801 Livium
1091 2744 1299 2799 Decade
1326 2760 1365 2806 ι,
1399 2757 1519 2812 cap.
1546 2747 1599 2816 4.

265 2814 465 2889 Vulgati
500 2811 755 2890 corporis.
785 2817 845 2873 ld
884 2830 988 2886 est,
1027 2816 1295 2890 prostituti
1343 2811 1607 2890 corporis.
1642 2811 1777 2869 Vide

198 2895 295 2959 not.
324 2886 479 2956 supra
508 2889 580 2944 ad
597 2886 725 2959 'cap.
761 2890 848 2944 17.
880 2890 937 2944 In
967 2886 1097 2944 is.
1123 2888 1145 2942 1
1176 2886 1307 2957 Reg.
1333 2902 1363 2940 a
1397 2888 1563 2959 prima
1593 2900 1775 2951 manu,

196 2956 336 3033 liam,
362 2960 525 3026 Vict.,
560 2963 585 3017 1
624 2956 776 3016 Culb.
826 2961 1159 3033 vulgatiorem
1188 2956 1415 3033 corporis
1444 2958 1779 3033 uilitatemrf

206 3028 393 3101 Vulgati
419 3034 660 3101 corporis
704 3027 967 3087 vilitatem.
1000 3032 1240 3086 Pessime
1271 3029 1405 3085 Ven.
1438 3028 1613 3101 M95:
1651 3027 1776 3101 Vul-

194 3078 544 3159 ἑαῖιῗιῖὸὶιᾶἷιῦ
554 3078 1087 3165 ἶνὲἱᾶαῐέἱιῖξὲ⁷ιὶῦἰθὶτῖζ
1105 3078 1262 3155 iiiis}.
1276 3078 1296 3165 ,’
1318 3078 1495 3163 ita;
1509 3078 1531 3153 ἱ
1541 3078 1665 3166 iit,
1687 3078 1772 3166 "Is,
1806 3078 1853 3144 C

195 3171 269 3241 93,
298 3174 458 3241 Picr.,
494 3176 726 3244 Parrh.,
760 3176 931 3232 Paris.
964 3194 979 3230 ;
1009 3174 1199 3245 vulgati
1228 3173 1446 3297 ηοἪηὶς
1473 3172 1734 3225 vilitatem.

1365 3259 1595 3297 ussuan.

1365 3259 1595 3299 UNEIAN.

254 3315 413 3389 Lupa.
432 3317 510 3375 Ita
542 3318 733 3376 Cicero
765 3320 819 3376 in
852 3317 1163 3391 Philippicis
1181 3317 1398 3373 Antonii
1429 3324 1604 3370 scorta
1627 3314 1780 3386 lupas

194 3402 349 3444 vocat.

255 3458 317 3514 Id
341 3471 432 3528 est,
464 3463 736 3518 meretrix.
772 3464 896 3519 llmc
935 3461 1119 3517 delent
1150 3460 1287 3515 Ven.
1312 3459 1444 3515 M71
1478 3468 1532 3513 ct
1559 3457 1777 3514 Snblac.

194 3540 358 3588 etnon
391 3535 561 3590 habet
589 3535 773 3591 Livius
801 3552 840 3601 ι,
873 3550 923 3589 c.
965 3537 1020 3589 4.
1050 3533 1280 3588 Possunt
1304 3532 1514 3586 abesse.
1549 3530 1679 3585 Bon.

256 3603 511 3678 [inponam
556 3606 632 3662 De
655 3622 763 3678 quo
792 3605 966 3661 adhuc
987 3605 1143 3669 infra,
1173 3604 1263 3658 lib.
1296 3616 1521 3678 vt,_cap_.

258 3672 568 3749 Exemplum
596 3672 787 3734 scilicet
815 3678 1216 3749 Atheniensium.
1243 3674 1397 3749 Apud
1426 3672 1785 3749 Athenienses

196 3745 567 3805 vetitnm'erat
595 3750 969 3806 meretricibus
1000 3747 1207 3818 ingredi
1238 3748 1456 3815 templa,
1487 3752 1549 3818 ιιι
1573 3745 1785 3798 videtur

197 3820 320 3887 apud
363 3821 787 3878 Demosthenem
828 3831 1015 3876 contra
1046 3815 1456 3877 Androtionem.
1487 3815 1782 3871 BARTHIUS.

258 3889 457 3966 Leana.
486 3894 649 3966 Apud
666 3893 1036 3966 Thucydidem
1055 3893 1149 3947 lib.
1176 3906 1248 3966 vi,
1275 3891 1488 3966 legitur,
1514 3886 1786 3966 quomodo

197 3959 837 4033 Hipparchus,Pisistrati
866 3965 1029 4030 filius,
1064 3979 1162 4032 per
1191 3961 1541 4033 Harmodium
1569 3971 1622 4013 ct
1642 3962 1788 4033 Aris-

197 4031 473 4102 togitonem
507 4038 676 4093 fuerit
705 4037 1037 4091 interfectus.
1068 4031 1273 4103 Quibus
1316 4032 1611 4103 Pausanias
1638 4031 1789 4103 adji-

197 4104 279 4179 cit,
308 4106 560 4177 Hippiam
582 4123 704 4163 eum
736 4108 1022 4179 llipparclii
1052 4102 1233 4161 fratris
1255 4119 1441 4179 necem
1468 4102 1651 4157 ulcisci
1677 4102 1789 4156 vcl-

197 4175 295 4238 let,
348 4175 636 4236 mulierem
682 4175 898 4235 nomine
951 4178 1197 4233 Lemuam
1258 4176 1325 4230 ad
1380 4191 1566 4231 necem
1623 4189 1790 4243 usque

197 4251 553 4322 excruciasse,
597 4268 756 4322 quam
806 4259 1029 4307 noverat
1078 4257 1316 4304 scortum
1348 4263 1485 4322 esse
1527 4245 1780 4316 Aristogi-

197 4320 424 4378 tunis.lu
477 4319 638 4392 cujus
687 4324 762 4378 rei
815 4330 1222 4380 monumentum
1272 4319 1633 4375 AthenicnSes
1670 4326 1792 4386 post

197 4393 478 4466 extinctum
516 4396 783 4451 Pisistrati
825 4410 1014 4466 genus,
1046 4393 1115 4448 ob
1140 4393 1409 4466 cruciatus
1450 4402 1587 4466 quos
1633 4402 1788 4457 passa

1954 1743 2061 1815 Sed
2087 1741 2312 1797 Faulam
2359 1759 2573 1815 quoque,
2608 1755 2713 1801 etc.
2761 1745 2992 1802 Doctiss.
3027 1745 3249 1802 Vossius
3289 1745 3477 1802 existi-

1878 1823 1990 1869 mat
2016 1814 2354 1887 Iiactantium
2386 1815 2562 1884 prisco
2589 1832 2739 1873 more
2780 1817 3064 1887 scripsisse
3107 1816 3387 1883 Flaurum,
3420 1817 3475 1874 id

1877 1896 1982 1960 est.
2022 1884 2255 1960 Florum.
2287 1887 2646 1960 Quaedeinde
2670 1884 2943 1960 subjungit
2981 1896 3166 1944 auctor
3193 1900 3378 1945 noster
3401 1888 3474 1945 de

1878 1957 2038 2012 Flora
2061 1957 2171 2021 illa,
2202 1972 2323 2013 cum
2352 1957 2541 2014 eodem
2568 1957 2971 2030 Vossio‘par'nm
2990 1960 3311 2017 verosimilia
3332 1960 3479 2017 arbi-

1877 2037 2029 2095 tror;
2071 2044 2247 2103 neque
2273 2030 2417 2103 enim
2458 2030 2574 2103 ejus
2618 2033 2850 2087 nominis
2893 2034 3148 2087 meretrix
3196 2031 3313 2099 fuit,
3353 2047 3476 2103 qum

1880 2114 1977 2155 sua
2007 2101 2204 2170 pepulo
2224 2100 2413 2171 legarit
2442 2118 2455 2156 :
2480 2100 2526 2156 si
2550 2101 2863 2159 Lactantius
2892 2104 3186 2160 indicasset
3204 2100 3474 2171 auctores,

1876 2186 2017 2242 quos
2046 2184 2192 2245 esset
2213 2174 2670 2245 secutusttutius
2714 2175 2790 2229 illi
2840 2174 2973 2230 fides
3022 2175 3207 2231 haberi
3251 2186 3472 2245 posset;

1877 2258 2063 2298 verum
2093 2244 2162 2298 de
2212 2244 2315 2299 hoc
2353 2243 2492 2313 apud
2521 2245 2669 2300 illum
2718 2246 2883 2301 altum
2926 2255 3009 2301 est
3043 2243 3339 2303 silentium.
3366 2246 3477 2303 Sed

1878 2324 1937 2389 ut
1979 2316 2146 2389 magis
2179 2325 2354 2384 pateat
2387 2317 2501 2389 haec
2527 2331 2653 2389 esse
2684 2316 2911 2373 conficta
2937 2361 2951 2385 ,
2992 2328 3117 2373 nota
3143 2317 3286 2389 quod
3313 2317 3477 2373 Flora

1878 2385 1971 2441 illa
2001 2402 2030 2439 a
2052 2386 2295 2460 yarrone
2326 2389 2377 2441 in
2409 2388 2442 2442 4
2468 2387 2612 2460 L.L.
2644 2388 2785 2444 inter
2805 2389 2937 2444 deos
2964 2385 3200 2460 deasque
3222 2398 3473 2460 ponatur,

1879 2471 2014 2531 quos
2051 2457 2277 2531 Romani
2317 2459 2652 2531 temporibus
2695 2460 2964 2515 Romulia
3000 2457 3472 2531 Sabinis'aceepe-

1879 2530 2017 2602 rint,
2038 2529 2235 2599 quique
2258 2544 2288 2584 a
2315 2529 2469 2602 Tatio
2500 2532 2700 2587 inducti
2749 2532 2962 2588 fuerint.
3001 2533 3077 2589 Ex
3122 2532 3359 2589 Varrone
3384 2529 3477 2602 pa-

1881 2608 1956 2654 tet
1978 2598 2190 2654 Fldrum
2209 2600 2525 2675 jamdudum
2556 2611 2681 2658 ante
2712 2605 2933 2670 cultam,
2956 2620 3116 2675 quam
3141 2620 3170 2659 a
3199 2598 3479 2659 Lactantio

1883 2680 2217 2746 memoratur
2246 2693 2259 2727 :
2287 2683 2347 2746 et
2375 2684 2436 2727 ut
2467 2673 2625 2742 plane
2656 2686 2867 2731 constet
2894 2673 3053 2746 quam
3079 2676 3329 2745 antiquus
3358 2674 3478 2746 ejus

1880 2744 2054 2816 cultus
2083 2742 2245 2797 fuerit
2286 2743 2504 2816 Romae,
2537 2745 2654 2816 lege
2689 2747 2840 2801 Varr.
2865 2742 2933 2802 de
2962 2747 3024 2802 Ι..
3060 2747 3145 2811 L.,
3177 2742 3254 2811 vi,
3283 2742 3479 2801 uhi'ex

1885 2814 2059 2887 Ennio
2112 2816 2304 2887 inquit,
2354 2814 2874 2874 Numamfﬂamines
2923 2819 3115 2875 fecisse
3160 2818 3481 2887 cognomine

1881 2884 2147 2957 Florales.
2180 2884 2352 2942 Verba
2385 2887 2536 2957 ejus:
2559 2887 2811 2943 Eumdem
2831 2889 3145 2957 Pompilium
3162 2884 3386 2944 Numam
3407 2888 3481 2943 ait

1881 2955 2134 3029 (Ennius)
2162 2959 2334 3026 fecisse
2361 2955 2615 3029 ﬂamines.
2649 2962 2736 3028 qui
2759 2979 2931 3016 omnes
2959 2955 3056 3015 aint
3085 2979 3118 3015 a
3141 2960 3355 3031 singulis
3380 2960 3481 3014 diis

1883 3031 2273 3104 cognominati:
2302 3031 2357 3104 in
2385 3031 2689 3104 quibusdam
2724 3043 2937 3103 apparet
2967 3046 3138 3104 etyma
3164 3050 3182 3098 ;
3208 3040 3264 3086 ut
3298 3048 3391 3086 cur
3415 3033 3482 3085 sit

1886 3098 2167 3174 Martialis,
2212 3098 2513 3165 Quirinalis.
2548 3102 2682 3157 Sunt
2710 3105 2762 3156 in
2792 3098 2972 3174 quibus
2997 3098 3268 3173 ﬂaminum
3293 3118 3484 3174 cogno-

1883 3172 2102 3244 minibus
2132 3174 2288 3226 latent
2318 3175 2537 3244 origines
2562 3189 2580 3227 :
2601 3185 2654 3226 ut
2680 3177 2766 3242 qui
2785 3172 2902 3230 sunt
2924 3178 2977 3228 in
3000 3172 3230 3231 uersibus
3259 3172 3484 3244 plerique

1894 3241 2231 3308 Volturnalis,
2257 3241 3111 3311 Palaiualis,Furinalith‘loralis,
3128 3241 3364 3306 Falaccr.
3376 3241 3483 3299 Ρο-

1883 3316 2121 3387 monalis.
2158 3315 2266 3371 Nec
2294 3317 2415 3387 quia
2435 3317 2543 3386 jam
2567 3317 2804 3383 Romuli,
2830 3329 2885 3372 et
2921 3317 3106 3373 Numa:
3127 3318 3480 3387 temporibus,

1885 3385 2060 3440 Florze
2080 3402 2230 3442 sacra
2256 3385 2321 3442 ac
2342 3385 2613 3443 Flainines
2641 3400 2815 3455 erant,
2839 3405 2903 3445 eo
2927 3392 3087 3445 etiam
3104 3385 3343 3443 Florales
3364 3387 3483 3442 fue-

1886 3458 1997 3511 rint
2037 3458 2167 3512 ludi.
2220 3459 2281 3511 lli
2312 3460 2525 3514 demum
2580 3461 2835 3515 celebrati
2864 3476 3005 3515 anno
3031 3460 3097 3517 U.
3140 3461 3202 3516 C.
3231 3475 3383 3515 uxrtr.
3417 3459 3480 3513 C.

1886 3528 2111 3584 Claudio
2128 3529 2427 3596 Centhone,
2453 3542 2506 3585 ct
2518 3531 2585 3585 Μ.
2602 3533 2918 3602 Sempronio
2931 3531 3197 3588 Tuditano
3218 3546 3359 3585 coss.
3372 3572 3385 3596 ,
3403 3529 3485 3584 id-

1885 3615 1990 3675 que
2011 3616 2120 3656 nou
2149 3616 2215 3657 ex
2234 3601 2428 3675 Florar,
2444 3604 2525 3656 vel
2541 3601 2836 3658 meretricis
2854 3605 3130 3675 cujusdam
3147 3603 3483 3675 haereditate,

1886 3674 2070 3745 sedex
2103 3674 2326 3741 pecunia
2359 3676 2653 3729 multaticia
2678 3690 2892 3741 eorum,
2916 3674 3008 3744 qui
3035 3674 3310 3745 peculatus
3333 3674 3486 3727 dam-

1888 3744 1997 3796 nati
2024 3743 2219 3807 forent,
2250 3746 2370 3815 quia
2404 3746 2671 3815 publicum
2696 3760 2820 3815 pop.
2852 3743 3081 3802 Romani
3109 3761 3294 3817 agrum
3324 3759 3487 3817 occu-

1889 3825 2128 3889 passent,
2150 3827 2205 3869 ut
2225 3817 2576 3889 narratOvid.
2604 3818 2654 3871 in
2676 3833 2709 3870 v
2733 3817 2940 3873 Faster.
2958 3834 3117 3889 quem
3141 3816 3279 3871 vide.
3297 3818 3375 3872 Ac
3396 3816 3487 3871 illa

1888 3886 2103 3955 quidem
2122 3889 2343 3942 exordia
2363 3890 2511 3943 fuere
2531 3888 2843 3952 Floralium;
2860 3886 3060 3946 exinde
3074 3906 3177 3945 non
3192 3888 3487 3953 celebrata,

1890 3958 1990 4010 nisi
2020 3960 2311 4033 anniratio
2342 3970 2587 4030 posceret
2626 3961 2708 4015 vel
2750 3961 3023 4033 Sibyllinis
3065 3961 3213 4017 libris
3253 3962 3321 4015 ita
3354 3975 3493 4030 prte-

1889 4037 2104 4095 ceptum
2135 4030 2426 4086 diceretur.
2455 4033 2560 4087 Sed
2591 4042 2649 4086 ut
2695 4030 2872 4087 annua
2904 4032 3022 4089 haec
3060 4044 3274 4099 essent,
3304 4035 3493 4087 decre-

1892 4109 2002 4153 tum
2032 4101 2775 4159 demumannourbisnuxx.
2806 4104 2895 4170 L.,
2927 4105 3243 4161 Posthuinio
3267 4104 3482 4167 Albino,

1890 4181 1946 4245 et
1966 4172 2035 4225 Μ.
2069 4172 2276 4245 Popilio
2319 4174 2537 4230 Lamate
2585 4190 2727 4230 coss.
2776 4178 3001 4232 Occasio
3046 4187 3165 4232 erat
3202 4173 3488 4245 ejusmodi.

1891 4242 2079 4318 Magna
2106 4242 2282 4300 fuerat
2307 4248 2503 4316 Saepius
2534 4248 2681 4302 verni
2721 4249 2978 4318 temporis
3008 4242 3377 4318 intemperies.
3409 4249 3493 4300 in-

1892 4314 2066 4388 deque
2094 4329 2217 4371 nata
2242 4314 2505 4372 annorum
2530 4319 2761 4388 plurium
2794 4314 3070 4375 sterilitas.
3096 4314 3356 4374 Placitum
3389 4318 3490 4387 igi-

1898 4394 1981 4440 tur
2004 4386 2223 4443 Senatui
2243 4431 2257 4455 ,
2286 4399 2342 4444 ut
2372 4386 2547 4444 Florai
2574 4390 2985 4446 institueremur
3027 4391 3134 4446 ludi
3162 4394 3321 4444 annui
3345 4431 3360 4455 ,
3384 4386 3493 4458 quo

200 4457 383 4546 fuerat,
416 4467 671 4523 Leu-nam
703 4457 899 4546 mretiin
934 4457 1247 4546 posuerunt.
1274 4457 1785 4546 HujusLezeitie'to-
1816 4470 1869 4531 D
1895 4458 2077 4546 favore
2106 4461 2243 4546 deire,
2279 4470 2429 4515 tanto
2449 4461 2560 4531 jam
2585 4461 3097 4546 honoreauctioris,
3130 4463 3383 4530 deinceps
3406 4457 3492 4546 ξς-

201 4531 412 4591 lerantia
436 4541 750 4596 celebratur
778 4559 805 4594 a
835 4531 1008 4593 Plinio
1031 4537 1124 4592 lib.
1158 4552 1250 4602 vn,
1279 4531 1399 4604 cap.
1423 4534 1513 4598 25,
1537 4533 1604 4586 ab
1621 4531 1789 4604 Athe"

199 4619 308 4683 meo
351 4610 443 4664 lib.
476 4628 577 4667 xm
610 4601 1243 4683 lleiptiosophisl.Aetﬂub
1262 4601 1494 4683 Eusebio
1526 4605 1577 4657 in
1618 4601 1789 4656 Chro-

200 4676 339 4734 nicis.
374 4684 530 4747 Quod
562 4700 684 4738 cum
708 4676 894 4740 action
937 4680 1098 4737 fuerit
1136 4677 1439 4752 Olyinpiad.
1471 4691 1639 4752 LX\_il,
1672 4689 1788 4752 reg-_

201 4762 353 4827 {tanta
374 4753 675 4827 Tarquinio
699 4756 966 4827 Superbo,
998 4754 1110 4827 fieri
1135 4747 1242 4827 non
1275 4750 1446 4827 potuit
1475 4758 1530 4827 ut_
1560 4747 1785 4827 Romani

200 4819 247 4874 in
277 4818 578 4900 effingenda
602 4826 749 4900 Lupa
780 4818 979 4900 imitati
1003 4825 1107 4880 sint
1136 4818 1495 4900 Athenienses
1518 4820 1568 4900 in
1599 4818 1786 4900 eitpri-

200 4896 380 4970 menda
405 4891 648 4955 'Lcmna.
686 4891 847 4970 'Lupa
894 4898 1054 4970 enim
1105 4895 1311 4970 sculpta
1360 4893 1487 4970 fuit“
1516 4891 1584 4970 ab
1637 4893 1788 4970 Anco

200 4963 381 5042 Blattio
440 4974 657 5041 triginta
706 4961 1193 5042 fei'efllyuipiades
1227 4961 1357 5042 ante
1402 4962 1693 5042 elligialam
1720 4961 1789 5042 ab

202 5034 612 5099 Atheniensibus
651 5034 936 5108 Lemnam';
979 5034 1214 5096 erratum
1255 5038 1412 5108 igitur
1447 5034 1790 5108 estdtistot‘i-

201 5123 314 5187 cum
353 5114 641 5171 Lactantii.
670 5105 1030 5172 Tertullianus
1077 5111 1178 5165 sub
1221 5105 1386 5187 linem
1410 5105 1786 5187 Apologcllpi.

202 5184 509 5250 patientiam
539 5189 765 5243 miratur
787 5188 1024 5251 Lemma,
1055 5197 1193 5250 mite,
1227 5179 1461 5251 Eusebio
1493 5186 1650 5239 teste,
1685 5178 1786 5229 lin-

203 5265 349 5322 guam
370 5274 524 5314 suam
546 5260 819 5315 mordicus
839 5250 1152 5330 amputavit,
1173 5268 1239 5309 ne
1261 5250 1511 5330 proderet
1530 5262 1785 5330 arcanum

205 5320 491 5385 amicorum
521 5343 576 5390 et
600 5333 869 5387 sociorum
914 5320 943 5387 ε’
971 5329 1091 5383 vide
1115 5342 1235 5397 quae
1263 5320 1327 5377 in
1359 5338 1486 5377 casu
1514 5320 1675 5397 simili
1720 5320 1787 5374 de

205 5397 521 5477 Anaxarcho
547 5404 711 5461 refert
741 5404 920 5460 Valer.
953 5391 1213 5477 Maximus
1239 5397 1439 5477 libant,
1472 5409 1590 5477 cap.
1621 5391 1710 5477 5-."

273 5470 644 5532 Larentinalia.
690 5477 1047 5532 Celebrantur
1068 5472 1303 5547 decimo
1339 5467 1446 5522 kal.
1477 5466 1608 5547 βίη).
1654 5463 1786 5547 Vide

208 5540 434 5605 Macrob.
461 5548 730 5605 Saturnal.
763 5548 859 5603 lib.
890 5562 941 5609 ι,
973 5562 1023 5601 c.
1057 5545 1145 5599 10.
1178 5571 1248 5582 —-
1277 5537 1649 5609 Larentina/ia.
1696 5536 1787 5609 Sic

212 5613 384 5691 plures
430 5622 616 5691 scripti
643 5632 698 5677 et
736 5619 889 5691 Rost.
921 5608 974 5674 et
1008 5616 1150 5691 Veii.
1174 5614 1343 5683 prima
1375 5610 1533 5666 1478.
1564 5608 1781 5676 Parrh.,

213 5687 605 5766 Ald.,AGrypli.,
625 5694 793 5760 Crat.,
821 5687 1531 5755 Tornes.,'l‘hom.eumque
1556 5695 1784 5752 sequen-

212 5768 307 5815 tes.
338 5762 570 5834 Optime.
598 5766 730 5821 Bon.

285 5824 548 5893 Nec'lianc
569 5840 730 5895 solam
756 5836 980 5894 Romani
1005 5831 1317 5889 meretricem
1340 5827 1533 5882 colunt.
1568 5824 1641 5881 Ita
1670 5842 1786 5883 res—

1893 4529 2056 4655 l‘ifores
2103 4533 2406 4604 plantaeque
2451 4529 2655 4588 omnes
2719 4534 2909 4590 melius
2975 4529 3345 4590 florescerent.
3406 4530 3491 4585 Ea:

1940 4616 2103 4655 ossro.

1940 4616 2103 4657 OSSIO.

1968 4694 2213 4752 Putanda
2229 4708 2321 4755 ert.
2345 4697 2422 4755 ita
2440 4699 2748 4756 restitutum
2769 4715 2835 4756 ex
2857 4715 2989 4757 mss.
3013 4698 3290 4756 codicibus
3308 4707 3362 4753 et
3377 4696 3492 4752 edi-

1893 4767 1964 4822 tis
1990 4782 2107 4823 sex.
2132 4769 2224 4824 Est
2246 4771 2585 4827 desideratur
2602 4774 2652 4827 in
2676 4774 2840 4829 Cauc.
2862 4774 2957 4829 etl
2980 4773 3219 4827 Clarom.
3244 4781 3298 4825 et
3324 4770 3375 4822 in
3397 4768 3487 4823 ed.

1891 4838 2141 4917 Gyninic.
2172 4843 2364 4917 Cmteri
2392 4844 2520 4899 editi
2552 4844 2782 4917 habent,
2812 4845 3041 4917 putanda
3077 4845 3260 4917 sita—7-
3287 4839 3491 4907 Quanta

1890 4911 1988 4985 ista
2019 4914 2377 4969 immortalitas
2401 4916 2646 4985 putanda.
2686 4911 3034 4972 Heumannus
3076 4914 3283 4978 scribit,
3320 4928 3489 4985 quau-f

1890 4983 1998 5038 ti...
2030 4982 2600 5055 pittttndu.SicCicero
2625 4989 2661 5044 I.
2682 4989 2893 5044 vTusc.
2921 4996 3112 5057 (jUiBSl.
3145 4987 3212 5040 57
3258 5002 3271 5038 :
3301 4982 3492 5049 Quanti

1890 5070 2006 5108 vero
2028 5061 2133 5131 ista,
2150 5059 2327 5112 civitas
2373 5060 2675 5114 testimanda
2702 5070 2793 5124 est,
2823 5076 2886 5114 ex
2913 5077 3014 5131 qua
3061 5059 3179 5131 boni
3204 5057 3484 5131 sapientes-

1889 5143 1985 5201 que
2030 5129 2326 5197 pelluntur?
2371 5131 2483 5197 At,
2544 5133 2665 5201 quia
2706 5126 2939 5198 omnes,
3004 5131 3055 5185 in
3112 5130 3196 5184 liis
3254 5126 3484 5201 Reimm.

1890 5196 2125 5273 habent,
2197 5211 2432 5273 quanta,
2473 5196 2631 5257 nihil
2683 5212 2767 5259 est
2815 5196 3147 5257 mutandum.
3197 5201 3271 5255 Ita
3343 5199 3380 5253 l.
3432 5213 3484 5273 ιν,

1890 5283 1939 5322 c.
1969 5270 2058 5326 20.
2090 5270 2295 5338 Quanta
2321 5276 2562 5343 majestas
2605 5274 2834 5346 putanda
2879 5290 2983 5343 est,
3013 5290 3130 5344 qua:
3153 5274 3401 5327 aduratur
3431 5270 3486 5323 iu

1890 5346 2112 5413 templis,
2145 5346 2378 5400 illuditur
2400 5349 2454 5401 in
2484 5347 2731 5403 theatris?
2758 5346 2889 5404 BUN.

1962 5441 2327 5512 Assequunlur.
2387 5445 2478 5501 Sic
2529 5458 2662 5498 mss.
2716 5457 2837 5498 cum
2886 5442 3046 5498 editis
3073 5440 3249 5496 Paris.
3306 5434 3484 5501 1525,

1888 5509 2171 5583 ϐωνιιζει
2201 5516 2449 5586 Gymnie.
2480 5514 2673 5571 Cmteri
2699 5514 2849 5582 editi,
2879 5523 3241 5584 assequuntur.

1964 5608 2142 5665 Flora.
2163 5610 2286 5666 Haec
2303 5626 2407 5665 non
2429 5609 2617 5667 eadem
2637 5619 2719 5666 est
2741 5625 2865 5666 cum
2888 5609 3077 5671 Faula.
3092 5608 3161 5663 de
3178 5620 3282 5677 qua
3298 5618 3480 5674 supra.

1888 5681 2046 5738 Flora
2070 5681 2208 5752 apud
2228 5698 2416 5738 omnes
2435 5683 2660 5739 habetur
2679 5684 2841 5740 scorti
2868 5683 3087 5737 nomine
3112 5679 3355 5752 famosa;
3367 5690 3482 5752 _v0-

1888 5748 2143 5824 calurqne
2184 5754 2253 5810 ab
2284 5755 2404 5809 aliis
2455 5758 2593 5811 Acca
2636 5754 2952 5821 Larentina,
2980 5755 3049 5810 ab
3084 5752 3205 5807 aliis
3239 5748 3480 5824 Melibma

1887 5821 2085 5882 Niobes
2114 5825 2241 5894 lilia,
2269 5842 2387 5896 qua:
2407 5827 2587 5883 colore
2611 5829 2680 5884 ob
2710 5837 2909 5884 metum
2938 5824 3203 5897 Apollinis
3225 5832 3278 5876 et
3303 5821 3484 5876 Diana:
