3986 6358
445 287 552 346 919

1482 285 1667 345 FlRM.
1709 284 2082 346 LACTANTII
2121 285 2322 344 DlVlN.
2361 286 2607 346 lNSTlT.

3615 299 3710 357 220

444 415 562 461 arte
593 403 897 460 meretricia
923 402 1281 475 quaesivisset,
1316 401 1570 474 populum
1615 401 1830 474 scripsit
1868 402 2040 457 brere-
2068 405 2118 471 Α
2148 402 2481 474 turpiterque
2512 402 2828 461 creduntur.
2853 401 2963 461 Nec
2988 403 3187 462 debent
3214 405 3355 477 (cum
3384 407 3568 464 veritas
3589 426 3712 481 quae-

445 497 594 563 dem,
638 503 950 566 certamque
981 495 1261 566 pecuniam
1305 495 1546 566 reliquit,
1577 495 1732 565 eujus
1761 510 1828 551 ex
1864 506 2044 549 annuo

445 588 658 646 faenore
691 603 821 644 suus
851 588 1044 643 natalis
1074 585 1194 644 dies
1220 587 1590 644 celebraretur
1619 587 1854 643 editione
1885 586 2040 642 ludo-

444 700 588 751 rum,
618 698 754 756 quos
783 683 1040 754 appelant
1070 679 1322 740 Floralia.
1355 683 1510 751 Quod
1541 685 1664 754 quia
1701 685 1912 738 senatui
1941 681 2042 736 ﬂa-

442 780 694 849 gitiosntm
742 777 1052 846 videbatur,
1111 778 1178 832 ab
1221 777 1340 849 ipso
1394 779 1612 833 nomine
1667 787 2041 846 argumentum

443 872 584 927 sumi
617 871 837 942 placuit,
869 880 928 926 ut
973 871 1241 942 pudendas
1285 872 1362 927 rei
1390 872 1636 943 qumdam
1684 871 1917 942 dignitas
1945 871 2040 926 ad-

445 965 684 1022 deretur.
720 965 884 1020 Deam
937 965 1209 1021 tinxerunt
1251 979 1394 1028 esse.
1427 980 1548 1036 qua:
1578 963 1804 1020 ﬂoribus
1845 966 2046 1035 praesit,

448 1073 678 1130 eamque
709 1069 964 1130 oportere
1018 1060 1242 1131 placari,
1275 1067 1333 1114 ut
1371 1059 1548 1128 fruges
1598 1075 1719 1115 cum
1767 1059 2051 1116 arboribus

447 1161 540 1207 aut
569 1153 768 1207 vilibus
795 1152 931 1207 bene
972 1168 1337 1223 prospereque
1385 1152 1755 1208 florescerent.
1788 1153 1926 1210 Eum
1957 1167 2052 1208 co.

448 1245 617 1300 lorem
654 1253 873 1300 secutus
897 1245 950 1300 in
1003 1245 1178 1301 Fastis
1210 1256 1363 1316 poeta
1389 1290 1404 1313 ,
1441 1259 1544 1302 n0n
1578 1246 1866 1318 ignobilem
1896 1261 2051 1319 nym-

450 1337 608 1410 pham
640 1336 805 1394 fuisse
829 1339 1087 1403 narravit,
1112 1355 1233 1411 qute
1259 1341 1328 1396 sit
1354 1339 1569 1396 Chloris
1600 1341 1832 1396 vocitata
1853 1381 1868 1406 ,
1903 1355 2052 1397 eam-

452 1446 558 1502 que
600 1429 851 1501 Zephyro
881 1443 1126 1502 nuptam,
1163 1433 1318 1502 quasi
1357 1431 1501 1488 dotis
1545 1432 1666 1487 loco
1695 1432 1749 1490 id
1781 1432 2055 1502 accepisse

453 1527 694 1582 muneris
724 1541 754 1580 a
787 1529 1002 1598 marito,
1039 1538 1100 1585 ut
1129 1529 1354 1586 haberet
1379 1530 1620 1585 omnium
1650 1530 1842 1584 ﬂorum
1869 1538 2053 1600 poles-

455 1629 645 1677 tatem.
680 1617 920 1678 Honeste
947 1623 1166 1695 quidem
1195 1625 1295 1680 ista
1321 1623 1608 1690 dicuntur;
1638 1621 1735 1682 sed
1769 1622 2055 1682 inhoneste

2152 495 2312 566 ritur)
2341 495 2650 566 hujusmodi
2691 511 2787 552 nos
2828 496 3126 554 velamenta
3155 497 3420 570 decipere.
3448 498 3711 558 Celebran-

2153 596 2238 642 tttr
2272 603 2401 660 ergo
2439 589 2516 644 illi
2557 589 2668 645 ludi
2694 590 2834 662 lcum
2890 590 3037 646 omni
3080 589 3320 657 lascivia,
3362 595 3715 652 convenienter

2152 684 2430 737 memoriae
2473 685 2797 740 meretricis.
2829 683 2960 740 Nam
3009 693 3205 755 praeter
3238 683 3518 740 verborum
3560 687 3709 743 licen-

2154 775 2302 842 tiam,
2337 777 2532 848 quibus
2560 777 2890 834 obscoenitas
2921 778 3099 834 omnis
3135 777 3440 843 effunditur,
3470 790 3715 837 exuuntur

2151 869 2313 924 etiam
2336 871 2574 925 vestibus
2598 871 2794 941 populo
2817 869 3092 942 flagitante
3118 871 3451 937 meretrices,
3475 887 3584 942 quae
3607 881 3716 928 tunc

2151 965 2437 1020 mimarum
2479 965 2776 1036 funguntur
2811 964 3015 1030 oflicio,
3048 973 3104 1020 et
3139 965 3190 1020 in
3234 973 3521 1034 conspectu
3553 965 3717 1035 populi

2151 1073 2320 1129 usque
2343 1057 2408 1113 ad
2430 1060 2730 1114 satietatem
2754 1058 3148 1129 impudicorum
3187 1058 3449 1113 luminum
3490 1074 3604 1114 cum
3632 1075 3717 1132 pu-

2151 1151 2341 1208 dendis
2372 1152 2608 1208 motibus
2634 1151 2966 1208 detinentur.

2224 1247 2494 1301 Cloacina:
2521 1246 2873 1300 simulacrum
2907 1246 2960 1300 in
2992 1243 3177 1300 cloaca
3207 1242 3444 1302 maxima
3472 1252 3720 1314 repertum

2159 1341 2348 1397 Tatius
2379 1343 2739 1407 consecravit,
2770 1350 2825 1396 et
2845 1341 2970 1412 quia
2999 1339 3153 1410 cujus
3186 1349 3335 1401 esset
3367 1337 3565 1409 effigies
3590 1339 3724 1410 igno-

2159 1436 2335 1503 rabat,
2369 1452 2434 1494 ex
2464 1436 2583 1491 loco
2609 1435 2686 1492 illi
2713 1450 2912 1493 nomen
2942 1431 3223 1504 imposuit.
3256 1431 3535 1499 Pavorem,
3565 1430 3723 1486 Pallo-

2161 1544 2385 1600 remque
2413 1529 2600 1584 Tullus
2631 1527 2892 1582 llostilius
2928 1525 3180 1596 ﬁguravit
3209 1535 3263 1579 et
3293 1524 3480 1580 coluit.
3510 1523 3639 1591 Quid
3663 1523 3722 1579 de

2156 1623 2263 1684 hoc
2288 1623 2486 1692 dicam.
2516 1623 2620 1684 nisi
2649 1622 2870 1694 dignum
2892 1620 3081 1688 fuisse,
3107 1618 3198 1699 qui
3225 1633 3442 1695 semper
3466 1617 3592 1676 deos
3618 1632 3729 1674 suos

1806 1760 2168 1826 VARIOllUM
2199 1756 2430 1824 ΝΟΤᾹ).

454 1895 916 2026 {agitatoéagblpgis
940 1898 1084 1956 dicta
1115 1899 1204 1956 sit.
1240 1897 1374 1957 Vide
1397 1897 1648 1958 Vossium
1671 1899 1739 1956 de
1770 1897 2048 1960 ldololatr.

477 1987 490 2024 Ι
539 2012 550 2023 .
605 2013 619 2026 .
758 2014 770 2026 .
875 2013 887 2025 .

477 1985 550 2025 tn.
579 1985 619 2035 t,
649 1985 770 2035 cap.
799 1985 887 2026 ιι.

531 1985 1053 2116 ῥζῖωῗῗιξέξεέἲῐβῐυᾶ
1089 2043 1310 2100 verbum
1353 2044 1632 2100 Lactantio
1659 2042 1923 2100 familiare
1959 2059 2056 2116 pro

459 2115 743 2184 acquirere,
775 2125 830 2169 nt
861 2114 1088 2172 inferius
1112 2117 1517 2171 monstrabitur.

532 2181 813 2255 Populum.
859 2183 1002 2242 Edit.
1052 2189 1231 2256 plures
1273 2188 1506 2256 addunt,
1565 2185 1854 2256 Romanum
1897 2204 1916 2242 :
1960 2185 2054 2246 sed

459 2255 846 2330 abestquoque
870 2258 936 2313 ab
967 2255 1214 2330 Epitntne
1240 2275 1359 2329 cap.
1392 2255 1823 2330 Sile-Papirium
1859 2261 2062 2328 scripsit

459 2329 731 2382 liceredem.
769 2329 938 2384 Aliter
970 2329 1158 2398 Varro,
1194 2331 1286 2385 lib.
1317 2348 1369 2387 tv
1399 2331 1464 2386 de
1503 2329 1566 2386 L.
1591 2329 1654 2386 L.
1678 2347 1798 2400 cap.
1828 2330 1891 2384 10
1922 2334 2059 2385 θηιίο

458 2414 617 2469 quam
651 2400 972 2457 Sabinorum
999 2403 1154 2457 deam
1183 2401 1346 2457 fuisse
1368 2402 1602 2469 Florum,
1624 2404 1809 2457 Romae
1831 2419 1897 2458 ex
1921 2402 2059 2460 Tatii

459 2471 602 2542 regis
635 2483 757 2526 voto
787 2489 907 2528 cntn
941 2475 1058 2529 aliis
1089 2474 1407 2528 dedicatam.
1431 2473 1598 2529 CELL.

536 2541 794 2618 Floralia.
826 2543 879 2618 Id
904 2544 1160 2600 Romanis
1183 2546 1474 2618 exprobrat
1604 2546 1958 2618 Augustinus,
1988 2544 2060 2618 de

460 2613 616 2668 Civit.
664 2616 779 2686 Dei,
829 2616 922 2673 lib.
974 2633 1054 2682 tv,
1105 2631 1222 2686 cap.
1256 2613 1327 2671 ’8.
1378 2613 1799 2674 Celebrabantur
1830 2616 2058 2676 Floralia

458 2697 652 2762 quarto
668 2685 887 2762 ltalend.
910 2689 1119 2762 aprilis.
1138 2685 1210 2742 De
1231 2687 1416 2762 Flora__
1439 2690 1568 2762 vide
1592 2687 1823 2762 Plinium
1848 2691 1884 2762 μ
1904 2703 2057 2762 xvttt,

459 2771 577 2831 cap.
607 2757 716 2831 29,
761 2769 815 2814 ct
871 2760 960 2814 lib.
999 2773 1186 2824 xxxvi,
1233 2775 1353 2831 cap.
1386 2758 1447 2831 5,
1485 2761 1573 2814 ubi
1618 2761 1806 2816 scribit
1846 2757 2058 2816 Flor-am

461 2827 745 2884 Praxitelis
775 2846 910 2900 opus
941 2832 1126 2885 Romae
1170 2827 1357 2886 fuisse.
1393 2830 1649 2886 Tatianus
1678 2832 1845 2886 multa
1882 2843 2060 2887 scorta

462 2911 708 2972 numerat
730 2919 956 2972 quorum
989 2902 1248 2972 imagines
1273 2919 1301 2955 a
1333 2904 1496 2958 variis
1523 2903 1816 2960 artificibus
1845 2903 2062 2966 fuerunt

457 2968 672 3044 efﬁcite.
714 2968 985 3029 Cancrum
1038 2968 1321 3044 insignium
1369 2977 1709 3030 meretricum
1757 2977 2056 3043 catalogum

461 3043 710 3118 invenies
737 3044 877 3118 apud
913 3043 1227 3118 Athenteum
1263 3047 1402 3100 libro
1428 3046 1768 3118 χιιισ-έριιοε
1789 3045 2057 3118 appellant

459 3112 717 3171 Floralia.
755 3112 919 3172 llecte
946 3119 1105 3172 etiam
1143 3117 1396 3171 dicuntur
1425 3117 1558 3171 Ludi
1586 3112 1841 3186 Floralia,
1862 3112 1933 3172 ἰιι
1958 3119 2055 3173 ite-

460 3201 577 3260 rum
607 3203 708 3242 ms.
743 3200 878 3243 tanr.
913 3205 1030 3258 cap.
1058 3189 1148 3245 20.
1184 3189 1410 3251 Habent,
1444 3190 1882 3260 inquibQuintil"
1918 3192 2010 3246 lib.
2038 3206 2056 3245 t

460 3258 614 3322 lnst.,
645 3274 763 3329 cap.
791 3261 844 3326 5,
873 3262 1107 3333 quaedam
1137 3261 1319 3333 faciem
1346 3258 1636 3324 soltvcismi,
1669 3272 1715 3314 et
1746 3262 1847 3314 dici
1876 3262 2058 3318 vitiosa

459 3345 561 3382 non
603 3343 812 3402 possunt
843 3349 863 3386 :
895 3344 950 3386 ut
989 3332 1144 3386 Ludi
1171 3332 1407 3386 Floralia
1445 3348 1506 3387 ac
1551 3333 1859 3403 Megalesia,
1896 3350 2058 3403 quan-

457 3416 610 3478 quam
657 3403 765 3457 haec
811 3407 1036 3474 sequenti
1088 3415 1312 3478 tempore
1351 3405 1698 3478 interciderlut
1725 3447 1738 3468 ,
1795 3422 2057 3478 nunquam

457 3473 605 3527 aliter
639 3490 670 3526 a
698 3473 945 3530 veteribus
973 3479 1127 3530 dicta.
1163 3477 1241 3531 Ad
1273 3493 1384 3532 rem
1429 3475 1586 3531 Coni‘.
1617 3475 1847 3532 Tertull.
1885 3473 2059 3546 {Spe-

457 3553 620 3607 ctac.,
655 3559 772 3615 cap.
807 3547 890 3612 17,
918 3547 1100 3603 Pilisc.
1128 3547 1188 3602 L.
1237 3548 1300 3603 A.
1327 3547 1393 3602 R.
1419 3546 1479 3601 T.
1511 3550 1530 3604 l
1566 3546 1660 3602 l‘ol.
1693 3549 1816 3604 795.
1850 3547 1981 3603 BUN.

532 3617 630 3671 Aut
655 3619 858 3691 vitibus.
879 3620 966 3674 Sic
986 3620 1104 3675 libri
1135 3621 1395 3691 plerique;
1426 3631 1480 3673 at
1503 3620 1754 3686 lieimttt.,
1783 3630 1828 3674 et
1852 3621 2053 3676 vitibus.

459 3687 672 3754 Censeo,
700 3690 871 3761 inquit
899 3687 1266 3758 Heutnan'nus,
1288 3687 1382 3745 hoc
1409 3708 1513 3746 esse
1537 3691 1944 3762 glosstiitajlihi
1969 3709 2058 3748 se-

458 3774 554 3835 cus
587 3762 816 3835 videtur,
849 3774 995 3816 moto
1038 3763 1434 3835 Ovidiiiverbis
1483 3763 1665 3834 (quem
1703 3765 1830 3835 citat
1870 3763 2057 3835 infra),

458 3831 548 3906 lib.
601 3848 634 3885 v
681 3832 851 3906 Fast.,
895 3835 1160 3892 261-270.
1203 3834 1317 3890 iluc
1361 3831 1634 3906 pertinent
1671 3835 1758 3890 illa
1801 3834 1869 3892 de
1897 3831 2092 3891 Flora.

463 3902 602 3957 dicta
628 3920 677 3956 v.
697 3905 799 3960 264
832 3922 846 3960 :

617 3994 672 4046 Si
695 3996 826 4048 bene
845 3997 1071 4050 ﬂoruerit
1097 4001 1258 4064 vinea,
1282 3998 1507 4050 Bacchus
1529 4001 1654 4061 erit;

462 4087 518 4136 et
546 4097 596 4153 vi.
629 4080 758 4147 269,
801 4083 918 4138 vina
955 4099 1155 4153 quoque
1180 4086 1382 4153 ﬂorent.
1411 4083 1544 4139 BUN.

536 4151 658 4225 Non
680 4155 970 4224 ignobilem.
997 4151 1132 4210 Ven.
1167 4151 1324 4219 1695,
1350 4156 1440 4211 97.
1481 4156 1651 4222 Picta,
1676 4171 1778 4209 non
1800 4153 2054 4225 ignorabi.

461 4224 578 4296 lem.
613 4224 728 4278 Non
783 4226 992 4293 inscite,
1022 4228 1065 4280 si
1119 4228 1432 4283 addicerent
1473 4242 1601 4282 mss.
1649 4243 1714 4282 ex
1764 4224 1958 4296 quibus
2006 4234 2062 4280 et

463 4293 596 4351 Ven.
661 4297 944 4363 1471-78.,
995 4299 1209 4364 Parrh.,
1267 4300 1465 4366 Paris.,
1521 4300 1640 4354 aliis
1672 4293 1922 4368 praefero,
1958 4314 2060 4352 non

460 4368 716 4440 ignobilis.
746 4371 834 4423 Sic
864 4370 958 4424 lib.
996 4388 1046 4436 v,
1077 4387 1195 4438 cap.
1232 4373 1257 4426 1
1297 4390 1310 4425 :
1360 4370 1481 4426 Non
1511 4371 1750 4440 ignobilis
1772 4371 1891 4424 loci.
1927 4370 2056 4424 BUtv.

535 4437 740 4495 Chloris
782 4444 1022 4500 vocitata.
1069 4437 1249 4502 Ovid"
1307 4443 1399 4498 lib.
1441 4460 1475 4498 v
1509 4437 1745 4510 Fastor.,
1796 4458 1846 4496 ν.
1896 4442 2000 4497 195
2045 4458 2058 4496 t

648 4533 842 4585 Chloris
867 4549 1003 4586 eram
1022 4551 1130 4600 quae
1151 4537 1294 4587 Flora
1320 4551 1484 4589 vocor.

546 4617 876 4674 Celebrantur
903 4638 1022 4692 ergo
1044 4622 1122 4675 illi
1145 4623 1274 4687 ludi,
1299 4632 1402 4677 elc.
1429 4622 1490 4676 lli
1523 4622 1651 4692 ludi,
1677 4639 1800 4677 cum
1828 4622 2062 4691 primunt

463 4691 868 4748 celebrarentur
885 4691 1070 4748 mense
1092 4692 1283 4764 Aprili,
1308 4704 1495 4764 postea
1520 4696 1571 4748 in
1591 4691 1789 4749 Maium
1813 4693 2062 4749 translati

464 4775 610 4828 sunt,
634 4765 827 4820 Ovidio
857 4774 999 4820 teste
1033 4783 1045 4819 :

584 4878 760 4939 Mater,
786 4880 921 4941 ades,
940 4879 1117 4930 ﬂorutn
1141 4879 1269 4929 ludis
1291 4878 1588 4929 celebranda
1608 4878 1791 4942 jocosis
1817 4895 1828 4930 :

650 4941 946 5006 Distuleram
970 4955 1136 5006 partes
1158 4956 1330 4992 mense
1357 4943 1536 5006 priore
1547 4941 1672 5006 tuas.

588 5003 768 5068 Incipis
796 5003 982 5068 Aprili,‘
997 5007 1177 5055 transis
1202 5007 1253 5052 in
1279 5003 1499 5068 tempora
1523 5004 1668 5065 Maii;

651 5067 792 5119 Alter
816 5066 868 5119 te
889 5070 1106 5132 lugiens,
1131 5082 1241 5118 cum
1260 5068 1396 5117 venit
1414 5066 1556 5128 alter,
1580 5068 1748 5119 habet.

466 5175 776 5231 Alexander
803 5179 870 5233 ab
886 5176 1193 5232 Alexandro
1224 5176 1314 5231 lib.
1346 5191 1400 5231 vt
1426 5175 1620 5247 genial.
1659 5176 1828 5240 Βᾶθι-η
1856 5191 1974 5244 cap.
2006 5175 2062 5241 8,

469 5247 552 5303 his
583 5247 1000 5320 ludisl’eminas,
1028 5266 1148 5320 qua:
1190 5250 1405 5320 vulgato
1431 5264 1662 5316 corpore
1691 5257 1957 5318 quaestum
1989 5249 2066 5303 fa-

469 5320 685 5373 ciebant
709 5318 991 5386 denudari,
1020 5318 1067 5374 e‘t
1097 5319 1362 5388 pudendis
1385 5321 1767 5389 obscuriusque
1794 5319 2062 5384 invelatis,

472 5406 568 5461 per
595 5391 770 5444 lusum
803 5401 860 5444 et
888 5393 1164 5445 lasciviam
1203 5407 1445 5459 currere,
1486 5402 1541 5446 et
1573 5391 1872 5461 impudicos
1910 5391 2066 5461 jocos

471 5477 653 5534 agere,
681 5462 854 5534 moris
868 5471 989 5534 erat
1013 5464 1244 5534 aquibus
1270 5465 1432 5519 etiam
1469 5463 1675 5519 Aidiies
1700 5465 1864 5528 cicer,
1893 5463 2064 5530 fabas,

474 5544 529 5588 et
559 5533 661 5586 alia
691 5532 911 5605 missilia
935 5532 1076 5602 plebi
1100 5550 1373 5605 spargere,
1401 5536 1725 5604 leporesque
1747 5546 1798 5588 et
1820 5549 2064 5603 capreas,

469 5605 682 5672 aliaque
717 5603 864 5656 mitia
892 5605 1144 5660 animalia
1172 5603 1311 5660 ludis
1335 5603 1621 5662 admittere
1640 5603 2064 5660 consueverant.

473 5675 581 5730 llos
615 5677 664 5728 in
692 5676 808 5728 vico
840 5674 1092 5746 Patricio,
1118 5686 1210 5730 aut
1241 5680 1504 5746 proximo,
1530 5679 1912 5740 celebrabant;
1942 5692 2070 5732 noc-

471 5755 634 5815 tnqne
665 5747 907 5801 accensis
935 5744 1160 5812 facibus,
1195 5744 1316 5802 cum
1357 5744 1520 5804 multa
1561 5750 1919 5805 obscoenitate
1949 5764 2069 5804 ver-

465 5817 654 5874 borum
695 5833 791 5890 per
831 5819 1016 5875 urbem
1062 5819 1380 5889 currebant,
1415 5831 1472 5880 et
1519 5822 1588 5880 ad
1637 5822 1780 5877 tubae
1827 5820 2065 5878 sonitum

2081 3088 2128 3151 C

2085 4490 2140 4552 D

2156 1902 2572 1974 conveniebant.
2599 1901 2792 1974 Atque
2837 1901 2963 1974 hinc
3007 1908 3114 1974 est,
3155 1897 3300 1970 quod
3326 1906 3535 1974 _auctor
3575 1906 3737 1974 noster

2158 1973 2356 2030 dixerit
2399 1973 2556 2028 ludos
2596 1971 2761 2031 hosce
2803 1973 3086 2037 celebrari,
3122 1971 3478 2028 convenienter
3509 1972 3736 2032 memoria

2161 2045 2461 2100 meretricis.
2492 2044 2978 2101 introducebantur
3005 2044 3167 2098 etiam
3203 2040 3355 2097 hisce
3385 2041 3520 2098 ludis
3548 2041 3733 2098 funam-

2164 2116 2274 2173 bttli
2297 2115 2634 2186 elephantes,
2664 2117 2736 2171 uti
2763 2133 2830 2171 ex
2856 2115 3114 2186 Suetonio
3135 2115 3194 2186 in
3219 2113 3413 2186 Galba,
3434 2123 3489 2169 et
3506 2128 3566 2169 ex
3587 2112 3735 2186 Flavii

2170 2183 2610 2261 Vopisci'Carino
2639 2197 2887 2261 apparet.
2915 2184 3096 2261 Qvid.,
3130 2185 3286 2261 lib._Av
3321 2183 3490 2261 lj‘ast.,
3521 2183 3734 2261 explica-

2169 2255 2368 2316 tionem
2395 2261 2624 2332 amplam
2657 2255 2847 2321 borum
2876 2255 3122 2332 ludorum
3156 2257 3377 2327 reliquit
3414 2271 3612 2332 :_qt_tet_n
3639 2255 3731 2332 adi.

2165 2332 2415 2388 Rosuvvs.
2441 2327 2511 2371 -'-
2527 2329 2726 2388 Contra
2754 2332 2889 2385 hanc
2912 2329 3322 2386 obscaenitatem
3356 2327 3538 2384 scribit
3560 2327 3612 2380 S.
3637 2327 3733 2382 Au-

2164 2406 2409 2472 gustinus
2437 2401 2504 2458 de
2529 2403 2688 2458 Civit.
2721 2402 2836 2468 Dei,
2872 2402 2968 2460 lib,
3017 2416 3094 2466 tv,
3123 2417 3242 2470 cap.
3277 2398 3372 2456 26.
3398 2427 3471 2440 ——-
3516 2396 3644 2472 Ergo
3660 2398 3734 2472 illi

2165 2470 2273 2530 ludi
2300 2491 2412 2529 cum
2455 2474 2592 2529 οηιηί
2623 2474 2852 2528 lascivia.
2902 2472 3038 2528 Ludi
3083 2472 3331 2534 llorales,
3377 2471 3488 2526 sive
3532 2470 3733 2534 lloralia,

2163 2562 2346 2618 supra,
2391 2545 2460 2600 de
2506 2561 2731 2616 quorum
2774 2544 2988 2618 licenlia
3033 2557 3088 2600 et
3107 2545 3474 2618 obscoenitate
3492 2540 3598 2618 legi
3628 2555 3736 2618 pos-

2163 2611 2291 2672 sunt
2320 2611 2708 2686 Seneca'epist.
2761 2617 2862 2684 97;
2893 2615 3069 2671 Vaier.
3104 2615 3242 2674 Max.
3275 2630 3333 2684 tt,
3369 2628 3418 2669 c.
3456 2611 3565 2681 i0,
3592 2629 3640 2667 n.
3684 2611 3736 2680 l;

2165 2687 2418 2755 Martial.,
2454 2689 2547 2745 lib.
2576 2705 2612 2751 ι,
2640 2688 2820 2811 Epigr.
2849 2688 2899 2743 1.
2931 2686 3098 2746 ϐείω..
3553 2754 3563 2765 _
3625 2753 3636 2765 .

2239 2760 2624 2811 Convenicnler.
2705 2771 2752 2811 ta
2811 2761 3149 2811 reposuimus
3178 2771 3244 2811 ex
3293 2756 3636 2811 vetustiSStmt

2239 2760 2624 2816 Convenienter.
2681 2756 2763 2813 Ita“
2811 2761 3149 2828 reposuimus
3178 2771 3244 2812 ex
3293 2756 3663 2812 vetustissimis
3690 2762 3736 2828 et

2165 2833 2382 2901 optimis
2407 2847 2534 2885 mss.
2571 2833 2652 2886 l7.
2675 2829 2742 2888 At
2767 2832 2816 2884 in
2842 2826 3237 2901 recentioribus
3261 2829 3627 2901 octoAalqueln
3643 2826 3740 2881 vul-

2169 2898 2307 2972 gatis
2328 2904 2520 2973 legitur
2541 2902 2924 2973 convenientes.
2940 2902 3011 2955 De
3033 2901 3114 2956 his
3137 2900 3358 2973 videndi
3378 2898 3737 2973 Tertullianus,

2163 2968 2316 3045 pagg.
2339 2968 2465 3045 697,
2499 2975 2552 3039 5,
2580 2974 2706 3039 9.16,
2737 2972 2791 3040 6,
2820 2982 2875 3028 ct
2898 2972 3054 3028 Joan.
3086 2971 3534 3042 Chrysostomus,
3565 2968 3737 3024 ilomil.

2159 3043 2194 3100 6
2222 3043 2279 3100 et
2303 3047 2332 3098 7
2365 3048 2416 3099 in
2450 3043 2776 3099 Matthteum.

2238 3116 2365 3191 Qua:
2383 3127 2502 3171 tunc
2531 3118 2816 3191 mimarum
2832 3117 3116 3191 funguntur
3139 3115 3321 3185 oﬁcio.
3355 3115 3446 3191 Sic
3471 3113 3612 3191 legas
3635 3125 3739 3166 cum

2161 3189 2412 3242 omnibus
2430 3203 2597 3259 prope
2612 3205 2742 3244 tnss.
2763 3186 2911 3242 Licet
2927 3186 3070 3241 enim
3091 3187 3206 3240 ha:c
3225 3203 3326 3240 vox
3341 3186 3623 3259 admodum
3638 3195 3740 3238 rara

2161 3261 2230 3312 sit
2263 3256 2782 3328 feminino'genere,
2835 3260 3028 3329 legitur
3055 3268 3235 3313 tamen
3276 3258 3423 3327 apud
3451 3256 3739 3312 Ciceronem

2163 3329 2457 3400 Philippica
2507 3347 2541 3384 ll
2575 3349 2586 3383 :
2631 3329 2776 3384 Inter
2811 3347 2936 3400 quos
2965 3340 3143 3398 aperta
3179 3329 3358 3384 lectica
3392 3333 3541 3382 mima
3588 3335 3739 3398 porta-
3802 3341 3806 3346 ·

2164 3399 2353 3468 batur;
2372 3414 2426 3458 et
2464 3404 2615 3474 apud
2639 3399 2990 3474 Valer._Max.
3025 3402 3118 3455 lib.
3159 3417 3218 3465 tt.
3255 3416 3306 3456 c.
3343 3403 3433 3470 10,
3469 3401 3534 3454 de
3561 3399 3740 3474 Catone

2163 3474 2470 3550 loquentem
2501 3470 2538 3528 ἐ
2589 3473 2765 3528 Ludos
2819 3472 3055 3550 Florales
3086 3482 3401 3550 spectante,
3446 3470 3657 3550 populus
3681 3477 3740 3550 ,ιιι

2161 3541 2330 3600 mima:
2356 3547 2671 3600 nudarentur
2701 3545 2962 3615 poatulare
2983 3541 3205 3599 erubuit.
3235 3543 3306 3598 At
3333 3541 3528 3600 mimus
3548 3550 3625 3597 est
3648 3541 3742 3594 his-

2164 3619 2287 3682 trio,
2321 3629 2376 3673 et
2415 3619 2653 3673 imitator
2686 3620 2952 3672 dictorum
2994 3627 3049 3670 et
3086 3630 3300 3670 morum
3347 3617 3638 3680 hominmn,
3664 3618 3740 3664 aut

2162 3691 2343 3760 potius
2367 3707 2551 3745 scurra
2586 3689 2810 3744 facetus.

2163 3757 2201 3888 ξς
2236 3759 2504 3888 fugiendis
2550 3762 2788 3817 motibus.
2829 3757 3108 3816 Juvenalls
3148 3757 3390 3831 depingit
3417 3758 3534 3815 illos
3563 3764 3740 3818 tnotus,

2204 3849 2231 3887 a
2268 3874 2276 3882 .
2407 3851 2421 3888 :

2204 3841 2276 3889 at.
2313 3835 2421 3888 ll:

2717 3946 2780 3996 Ut
2798 3947 3060 3997 Graditana
3081 3957 3265 3994 canoro

2287 4011 2496 4075 Incipiat
2520 4012 2716 4075 prurire
2742 4011 2909 4075 choro,
2938 4007 3212 4075 plausuque
3237 4008 3459 4075 probata;

2287 4073 2361 4124 Ad
2386 4069 2569 4124 terrain
2593 4072 2808 4124 tremulo
2825 4069 3297 4122 descendaut'clune
3323 4069 3504 4134 puella:
3526 4083 3540 4119 :

2287 4138 2528 4201 Spectaut
2551 4137 2646 4186 hoc
2671 4144 2838 4199 nupta:
2859 4134 3002 4198 juxta
3027 4135 3302 4185 recubante
3321 4135 3512 4184 marito.

2163 4241 2298 4296 Vide
2324 4249 2378 4296 et
2414 4241 2708 4295 Arnobium
2741 4239 2834 4293 lib.
2869 4253 2927 4292 tt.
2952 4268 3023 4278 —-
3056 4235 3184 4292 Cum
3231 4237 3485 4308 pudendis
3531 4233 3740 4308 motibus.

2162 4313 2404 4379 Sublac.,
2431 4312 2562 4367 Ven.
2592 4311 2750 4376 im,
2781 4310 2956 4375 Rost.,
3015 4308 3178 4374 Ven.,
3215 4310 3379 4374 1495,
3429 4309 3520 4374 97,
3548 4307 3702 4361 Paris.
3729 4319 3740 4354 :

2163 4402 2278 4439 cum
2335 4384 2646 4454 impudentis
2711 4379 3210 4454 motibus.Walch.,
3263 4381 3476 4445 vitiose,
3525 4395 3634 4454 cum
3659 4392 3738 4454 pu-

2167 4448 2670 4511 dentibus'moribus.
2708 4453 2992 4508 Pudendos
3039 4453 3158 4508 illos
3185 4461 3361 4506 motus
3387 4449 3633 4522 graphice
3652 4448 3741 4522 de-

2168 4529 2381 4597 scripsit
2410 4527 2615 4583 Arnob.
2645 4528 2682 4580 l.
2714 4542 2773 4594 tt,
2809 4541 2930 4596 pag.
2963 4525 3053 4590 7'5,
3094 4524 3183 4581 ubi
3227 4517 3413 4594 plura,
3436 4517 3499 4593 ι).
3521 4521 3606 4577 90.
3651 4517 3741 4574 Et.-

2170 4613 2559 4656 IBNBORSTIUS.

2240 4669 2500 4744 Cloacina
2523 4670 2876 4744 simulacrum.
2898 4667 3122 4744 Festive
3142 4667 3209 4744 ad
3239 4666 3400 4735 hujus
3424 4664 3743 4744 deuinctum

2167 4744 2356 4799 alludit
2385 4741 2754 4798 Tertullianus
2778 4741 2829 4794 in
2855 4741 2948 4795 lib.
2975 4741 3042 4795 de
3069 4740 3258 4803 Pallio,
3285 4753 3407 4803 cap.
3443 4739 3494 4792 Δ.
3527 4735 3741 4790 Meminit

2170 4824 2225 4871 et
2260 4817 2375 4884 ejus
2409 4816 2499 4870 lib.
2534 4831 2550 4869 t
2579 4814 2797 4868 advers.
2837 4813 3265 4886 Marcionemtc.
3298 4807 3396 4886 _l8.
3441 4807 3744 4886 Meminitet

2169 4875 2468 4958 Cyprianus
2496 4886 2563 4942 de
2593 4886 2864 4958 idolorum
2891 4884 3150 4958 vanitate,
3171 4875 3250 4938 VS.
3270 4882 3509 4958 August.
3541 4879 3605 4934 de
3642 4875 3741 4932 Civ.

2173 4954 2292 5024 Dei,
2323 4960 2419 5013 lib.
2442 4974 2517 5022 tv,
2541 4973 2604 5012 ac
2633 4955 2893 5011 Minucius
2927 4954 3078 5010 Felix
3109 4970 3232 5024 cap.
3261 4954 3354 5008 25.

2246 5017 2515 5084 Pavorem.
2550 5029 2931 5096 Palloremque.
2983 5017 3192 5092 Livius,
3231 5027 3324 5080 lib.
3377 5041 3416 5089 ι,
3472 5037 3587 5092 cap.
3639 5017 3742 5096 21:

2170 5103 2353 5158 Tullus
2388 5101 2638 5156 Hostilius
2663 5102 2716 5153 in
2734 5116 2788 5153 re
2815 5088 3015 5168 trepida
3039 5088 3408 5163 vovit'Salios,
3425 5088 3634 5168 {artaque
3656 5088 3746 5143 Pa-

2171 5175 2278 5230 vori
2309 5183 2353 5228 et
2384 5173 2604 5235 Pallori,
2636 5174 2850 5242 equitem
2879 5165 3021 5223 clara
3050 5173 3324 5242 increpans
3357 5165 3495 5242 vote,
3523 5176 3572 5218 ut
3602 5165 3745 5242 hostes

2171 5246 2493 5311 exaudirent,
2524 5230 2693 5299 redire
2719 5248 2770 5297 in
2803 5242 3042 5314 proelium
3072 5230 3238 5312 jubet.
3269 5239 3407 5314 Vide
3442 5230 3744 5314 August._de

2170 5320 2330 5372 Civil.
2361 5303 2594 5384 llei,'lib.
2625 5331 2705 5376 ιν,
2735 5303 2854 5382 cap.
2879 5314 2936 5379 2,
2962 5303 3168 5377 15,93,
3201 5323 3256 5367 et
3284 5312 3488 5384 lib.__vt.
3516 5303 3628 5374 cap.
3656 5303 3741 5384 to;

2170 5389 2308 5451 Cic.,
2339 5390 2428 5443 lib.
2460 5381 2517 5444 tu
2547 5389 2616 5443 de
2654 5387 2773 5442 Nat.
2806 5381 2958 5440 deor.
2987 5385 3092 5440 Sed
3125 5399 3234 5438 non
3278 5384 3330 5437 in
3375 5381 3519 5438 Urbe
3540 5421 3553 5445 ,
3581 5382 3744 5453 verunt

2172 5447 2323 5518 extra
2347 5461 2509 5516 Urbis
2536 5458 2853 5530 pomrerlum
2885 5456 3081 5510 Pallori
3108 5465 3368 5530 structam
3401 5453 3567 5530 {edem
3593 5447 3744 5515 loqui.

2174 5544 2259 5586 tur
2292 5524 2612 5586 Plutarchus
2643 5532 2695 5584 in
2723 5526 3046 5590 Cleomene;
3072 5536 3127 5582 et
3154 5536 3303 5582 recte
3329 5524 3592 5580 Pallorem
3617 5531 3744 5572 cont-

2177 5603 2326 5658 muni
2350 5619 2470 5658 cum
2502 5603 2707 5657 l'avore
2735 5600 2860 5654 fano
2888 5600 3192 5658 coluerunt.
3222 5602 3350 5668 quia
3383 5598 3639 5670 carinare
3661 5599 3742 5670 seu

2175 5691 2375 5745 pavore
2404 5676 2641 5728 nascitur
2685 5671 2874 5745 pallor.
2907 5671 3128 5728 Servius
3167 5662 3255 5724 ad'
3279 5684 3420 5745 vers.
3450 5669 3538 5726 50,
3573 5662 3742 5745 libant

2177 5731 2396 5803 'eEueid.
2431 5763 2444 5798 :
2483 5747 2658 5799 Pallor
2686 5731 2945 5806 irascitur,
2978 5759 3093 5797 cum
3135 5759 3210 5808 se,
3245 5741 3313 5794 ad
3355 5731 3738 5808 praeordiaﬁfuf

2177 5799 2633 5892 aiens,lcontrahit
2673 5817 2902 5888 sanguis.
2931 5799 3071 5885 Cic.,
3111 5815 3146 5868 Ι.
3183 5799 3236 5882 v,
3266 5799 3552 5869 de'Ftnib.
3583 5822 3594 5860 :
3632 5799 3740 5870 Qui:
