3986 6358
471 211 573 267 2i?
1519 211 1705 267 FIRM.
1750 209 2117 267 LACTAN’I‘II
2158 208 2359 268 DIVIN.
2403 208 2649 269 INSTIT.
3641 215 3734 273 2l8

465 330 631 386 Poeta
660 330 875 403 quidem
902 332 1093 387 stultos
1111 331 1355 388 homines
1382 331 1677 389 infamibus
1697 333 2053 405 comparavit.

2191 336 2351 402 lymus
2377 332 2431 386 in
2454 330 2606 387 libris
2624 333 2889 408 ἐξηγήσιος
2909 330 3206 411 Πινδαρικῆς
3226 334 3319 400 ait,
3346 332 3579 391 Melissea
3599 335 3723 391 Cre-

470 428 537 480 Λι
570 440 669 495 ego
698 424 866 479 multo
896 425 1351 493 imprudentiores
1380 441 1502 482 esse
1533 425 1674 481 dico.
1706 425 1787 482 Illi
1817 425 1958 481 enim
1990 424 2067 480 sic

473 518 709 573 mulacra
742 515 988 571 homines
1017 526 1204 587 putant
1232 531 1375 585 esse,
1408 517 1462 573 lii
1489 516 1641 572 deos.
1673 517 1799 572 Illos
1826 525 1954 571 aetas
1992 514 2071 570 t‘a-

472 612 543 667 cit
575 624 763 683 putare
789 612 929 682 quod
950 628 1056 667 non
1080 624 1182 679 est,
1215 612 1314 667 lios
1340 613 1583 667 stultitia.
1611 611 1690 666 llli
1719 612 1900 682 utique
1921 610 2068 666 brevi

471 702 727 760 desinunt
766 704 911 770 falli,
960 705 1149 759 horum
1198 706 1405 760 vanitas
1447 713 1501 759 et
1537 703 1713 770 durat,
1765 714 1819 758 et
1858 718 2071 773 semper

469 796 685 853 crescit.
717 795 879 851 Sacra
912 797 1091 851 Liberi
1132 797 1309 852 Patris
1351 799 1553 867 primus
1582 796 1830 866 Orpbeus
1866 795 2074 850 induxit

467 887 522 942 in
550 887 837 952 Graeciam,
869 887 1185 960 primusque
1219 889 1516 944 celebravit
1548 889 1600 943 in
1639 897 1823 943 monte
1850 888 2073 944 Bmotia:

468 980 688 1049 Thebis,
724 982 815 1038 tibi
842 982 1005 1038 Liber
1033 992 1192 1038 natus
1218 994 1319 1049 est,
1366 983 1634 1055 proximo,
1670 984 1759 1053 qui
1799 998 1921 1038 cum
1964 981 2072 1037 fre~

468 1085 701 1146 quenter
725 1074 949 1131 citharae
974 1086 1137 1132 cantu
1168 1087 1507 1147 personaret,
1536 1077 1753 1133 Citeron
1776 1078 2075 1149 appellatus

466 1175 569 1222 est.
606 1166 679 1221 Ea
708 1182 861 1222 sacra
895 1168 1204 1224 etiamnunc
1222 1169 1453 1240 Orphica
1490 1171 1858 1237 nominantur,
1881 1171 1933 1225 in
1957 1170 2076 1242 qni-

467 1260 568 1315 bus
599 1261 714 1331 ipse
743 1272 926 1333 postea
958 1263 1304 1332 dilaceratus,
1334 1276 1387 1321 et
1409 1274 1629 1335 carptus
1656 1276 1758 1331 est,
1783 1277 1836 1320 et
1861 1265 1961 1319 fuit
1983 1281 2079 1335 per

471 1358 661 1414 eadem
702 1359 817 1415 fere
851 1371 1116 1431 tempora,
1148 1362 1340 1432 quibus
1368 1360 1606 1417 Faunus.
1638 1360 1742 1417 Sed
1771 1361 1890 1432 quis
1918 1370 2077 1418 relate

468 1454 831 1522 prmcesserit,
879 1454 1109 1511 dubitari
1157 1465 1380 1527 potest:
1412 1457 1677 1527 siquidem
1722 1472 1818 1528 per
1853 1456 2073 1511 eosdem

470 1561 643 1603 annos
675 1548 899 1603 Latinus
928 1549 1279 1621 Priamusque
1312 1560 1707 1622 regnaverunt;
1739 1550 1867 1604 item
1901 1557 2078 1619 patres

472 1655 660 1696 eorum
689 1640 908 1696 Faunus
934 1653 988 1697 et
1024 1643 1357 1708 Laomedon,
1381 1658 1486 1712 quo
1516 1652 1796 1711 regnante,
1828 1639 2077 1710 Orpheus

472 1747 596 1789 Cum
626 1734 952 1805 Argonautis
978 1735 1045 1790 ad
1070 1735 1344 1790 Iliensium
1373 1735 1522 1790 littus
1553 1737 1801 1789 accessit.

543 1826 910 1883 Procedamus
939 1829 1097 1899 igitur
1121 1829 1361 1897 ulterius,
1386 1839 1440 1885 et
1461 1844 1787 1901 qumramus,
1817 1828 1936 1899 quis
1961 1843 2077 1882 om-

472 1918 604 1977 nino
630 1920 982 1977 colendorum
1009 1921 1234 1978 deorum
1261 1923 1467 1993 primus
1493 1932 1681 1978 auctor
1706 1922 1963 1979 estiterit.
1986 1921 2077 1976 Di-

2174 425 2403 481 tensium
2431 440 2614 496 regem
2642 426 2875 497 primum
2905 426 3007 480 diis
3035 426 3393 494 sacriﬁcasse,
3423 442 3483 482 ac
3506 428 3631 483 ritus
3656 443 3738 484 uo-

2173 534 2269 573 vos
2296 533 2684 590 sacrorumque
2724 534 2947 590 pompas
2987 519 3375 577 introduxisse.
3418 520 3578 590 Hujus
3613 520 3733 578 duas

2173 610 2339 667 fuisse
2367 609 2535 676 tilias,
2585 609 2938 666 Amaltlneam
2982 621 3037 666 et
3075 610 3377 677 Melissam,
3418 628 3532 684 qua:
3572 610 3736 669 Jovem

2174 720 2399 777 puerum
2430 705 2653 776 caprino
2673 705 2812 761 lacte
2837 720 2902 761 ac
2926 706 3089 761 melle
3116 707 3437 762 nutrierunt.
3465 704 3606 762 Uude
3623 721 3735 778 poe-

2176 800 2278 855 tica
2307 798 2393 855 illa
2421 799 2596 854 tabula
2626 799 2891 871 originem
2918 800 3170 869 sumpsit,
3203 799 3482 855 advolasse
3507 815 3645 870 apes,
3671 808 3739 854 at-

2175 908 2281 965 que
2306 909 2368 948 os
2399 892 2549 963 pueri
2582 892 2742 949 melle
2766 894 3091 964 complesse.
3125 892 3394 948 Melissam
3417 907 3541 948 vero
3564 907 3593 948 a
3611 901 3740 965 patre

2179 987 2404 1058 primam
2434 987 2774 1043 sacerdotem
2807 987 2966 1043 Matri
2994 1003 3202 1059 magnae
3231 987 3593 1055 constitutam,
3621 986 3743 1043 unde

2178 1080 2355 1136 adhuc
2376 1082 2618 1152 ejusdem
2638 1082 2823 1138 Matris
2844 1082 3114 1138 antistites
3134 1081 3363 1137 Melissa:
3381 1090 3740 1152 nuncupantur.

2182 1175 2416 1230 Historia
2445 1190 2576 1230 vero
2602 1189 2754 1230 sacra
2784 1185 3013 1231 testatur
3058 1176 3232 1246 ipsum
3260 1174 3473 1241 Jovem,
3493 1183 3742 1244 postquam

2180 1283 2363 1323 rerum
2390 1268 2589 1337 potitus
2618 1279 2723 1334 est,
2756 1269 2810 1324 in
2841 1276 3044 1323 tantam
3076 1268 3418 1323 insolentiam
3449 1266 3674 1333 venisse,
3700 1274 3746 1321 ut

2182 1360 2298 1431 ipse
2319 1360 2420 1416 sibi
2449 1359 2570 1416 l‘ana
2601 1362 2783 1417 multis
2813 1362 2864 1417 in
2898 1362 3032 1417 locis
3074 1363 3449 1418 constitueret.
3485 1360 3610 1417 Nam
3642 1377 3746 1417 eum

2184 1460 2357 1508 terras
2371 1452 2645 1522 circuiret,
2667 1466 2725 1509 ut
2743 1454 2795 1508 in
2822 1469 3218 1526 quamcumque
3241 1454 3512 1526 regionem
3530 1464 3744 1522 venerat,

2183 1559 2337 1614 reges
2363 1544 2702 1617 principesve
2733 1546 3051 1618 populorum
3085 1545 3323 1617 hospitio
3364 1546 3467 1601 sibi
3509 1555 3558 1602 et
3584 1547 3747 1602 amici-

2183 1638 2252 1691 tia
2275 1637 2581 1710 copnlabat,
2610 1648 2665 1694 et
2692 1653 2811 1693 cum
2840 1653 2869 1693 a
2898 1653 3112 1709 quoque
3140 1637 3532 1708 digrederetur,
3558 1637 3751 1707 iubebat

2108 1741 2155 1801 Β
2183 1730 2284 1786 sibi
2310 1729 2490 1785 fanum
2518 1731 2691 1786 creari
2721 1731 2950 1801 hospitis
2979 1731 3060 1786 sui
3094 1732 3339 1799 nomine,
3370 1731 3522 1803 quasi
3549 1732 3613 1786 ita
3642 1745 3749 1801 pns-

2182 1832 2266 1879 set
2294 1822 2541 1879 amicitiae
2567 1833 2620 1878 et
2638 1822 2859 1880 traderis
2889 1825 3149 1879 memoria
3174 1826 3510 1882 conservari.
3541 1826 3623 1881 Sic
3643 1840 3751 1880 con-

2187 1919 2369 1975 stituta
2418 1930 2542 1975 sunt
2572 1919 2768 1992 templa
2810 1918 2928 1975 Jovi
2980 1919 3259 1993 Atabyrio,
3314 1919 3433 1976 Jovi
3461 1919 3749 1977 Labrandio.

1730 2059 2093 2118 VARIORUM
2130 2057 2363 2116 ΝΟΤΔΕ.

547 2208 711 2264 Sacra
749 2206 915 2263 Liberi
945 2206 1139 2261 Patris.
1183 2204 1359 2261 Valer.
1411 2204 1637 2259 Flaccus
1679 2202 1774 2260 lib.
1824 2218 1861 2257 tt
1902 2200 2078 2271 Argo-

472 2281 675 2336 nautic.
709 2279 1110 2349 elegantissime
1137 2277 1396 2333 describit
1425 2275 1542 2331 brec
1570 2289 1751 2349 sacra.
1781 2274 1856 2329 De
1873 2273 2079 2349 quibus

472 2352 634 2405 etiam
667 2346 912 2407 videatur
954 2352 1132 2405 Livius
1180 2350 1317 2404 libro
1364 2363 1511 2411 serv,
1551 2348 1823 2404 Arnobius
1873 2346 1966 2400 lib.
2010 2359 2077 2410 v,

475 2422 533 2480 S.
565 2422 848 2493 Augustin.
879 2423 947 2479 de
970 2421 1086 2477 Civ.
1120 2422 1211 2477 Dei
1241 2420 1332 2475 lib.
1375 2436 1451 2485 vt,
1484 2435 1604 2490 cap.
1637 2420 1692 2485 9,
1723 2426 1777 2473 et
1802 2418 1893 2471 lib.
1925 2431 2076 2482 xviri,

472 2509 593 2550 can.
630 2496 713 2550 15.
983 2524 986 2528 λ

541 2509 810 2620 θιιῖιῖίιηιε
838 2565 1048 2621 Βωοιῑίε
1072 2564 1301 2619 Thebis.
1334 2564 1587 2633 proximo.
1622 2562 1692 2618 Ut
1726 2559 1924 2614 Strabo
1949 2558 2075 2633 des-

473 2638 636 2693 cribit
678 2638 768 2692 lib.
802 2653 881 2700 1x,
930 2653 1049 2708 pag.
1078 2638 1206 2699 279,
1250 2632 1404 2708 mons
1432 2634 1704 2708 Cithaeron
1749 2634 1826 2708 ἰιιΔ
1849 2632 2073 2686 occidua

474 2720 628 2783 parte
658 2710 879 2765 Bantia:
906 2703 1020 2783 est;
1044 2724 1205 2779 supra
1234 2707 1519 2783 Crisszeum
1545 2706 1747 2783 _s_inu_n_t.
1794 2703 1929 2783 ρει.

552 2780 791 2854 Citlieron
819 2775 1494 2854 ςιρρειιαιιιέςδιχνίιιι)ιν.
1523 2776 1761 2854 [Eneidn
1794 2775 1919 2854 305.

551 2848 933 2922 Orphica.Qu§u
952 2853 1204 2924 mysteria
1221 2851 1381 2924 Orgia
1395 2851 1647 2924 dicuntur
1659 2848 1760 2903 ἀπὸ
1779 2857 1880 2924 τῆς
1894 2848 2068 2924 ὀργῇς,

477 2923 547 2979 de
575 2927 766 2992 quibus
792 2918 1043 2979 Clemens
1073 2918 1334 2979 Alexand.
1366 2922 1570 2978 scribit.
1598 2920 1817 2990 Signum
1845 2918 2072 2973 Bacchi-

477 3011 665 3051 Corum
710 2996 994 3066 Orgiorum
1050 3007 1164 3060 est,
1211 3008 1435 3064 serpens
1481 2992 2069 3066 miysteriis__iuitiatus.

476 3066 731 3122 Nazianz.
778 3062 828 3121 in
859 3076 996 3122 orat.
1040 3066 1107 3120 de
1136 3062 1472 3129 Lumiuibns,
1502 3062 1723 3134 Epiph.,
1747 3062 2074 3134 Theodorei.

481 3140 578 3195 lib.
609 3157 647 3207 ι,
673 3142 723 3194 in
743 3139 1003 3209 Therap.;
1026 3137 1258 3194 Macrob.
1277 3137 1313 3192 l.
1338 3152 1375 3203 ι,
1398 3140 1448 3192 in
1474 3133 1623 3192 Soin.
1651 3133 1851 3204 Scipio.
1876 3133 2081 3189 BETUL.

555 3233 773 3303 Carptus
799 3242 890 3287 est.
923 3233 1013 3289 Sic
1043 3248 1174 3287 mss.
1208 3242 1263 3287 et
1299 3232 1426 3287 editi
1467 3243 1674 3285 omnes.
1708 3228 1948 3303 Simplex
1986 3242 2082 3303 pro

481 3300 785 3376 composito
802 3306 1085 3376 discerptus
1109 3314 1214 3369 est;
1235 3303 1379 3374 quod
1398 3304 1649 3358 usitatum
1674 3314 1756 3355 est
1778 3300 2077 3354 Lactantio.

560 3399 772 3455 Faunus
799 3410 845 3456 et
873 3399 1185 3455 Laomedon.
1220 3400 1293 3454 lta
1329 3399 1525 3454 habent
1555 3412 1685 3452 mss.
1714 3397 1750 3451 2
1782 3397 2014 3460 Bonon.,
2050 3396 2083 3451 4

480 3473 615 3543 Reg.
648 3488 875 3543 quorum
905 3473 1011 3525 duo
1042 3484 1167 3525 sunt
1191 3471 1298 3527 900
1335 3486 1523 3543 annor.
1557 3470 1712 3543 Tax.,
1745 3468 1906 3543 Ultr._,
1935 3468 2081 3543 Cm.

481 3540 635 3608 novi,
666 3540 812 3609 Em.,
831 3546 865 3599 5
885 3543 1065 3608 Colb.,
1090 3543 1237 3609 Gat.,
1258 3555 1308 3599 et
1335 3544 1463 3596 edit.
1492 3542 1585 3607 Is.,
1609 3540 1828 3609 Spark..
1853 3540 2078 3606 Cellar.,

482 3616 698 3673 Walclt.
735 3617 786 3670 in
820 3618 1033 3671 ueteris
1074 3615 1233 3670 editis
1275 3614 1582 3683 specialiter
1629 3614 1680 3666 in
1726 3612 1967 3677 Sublac.,
2020 3626 2084 3666 ac

484 3689 795 3743 recentibus
827 3703 956 3742 mss.
1007 3687 1075 3741 16
1125 3701 1224 3756 pro
1265 3686 1478 3739 Faunus
1532 3694 1614 3739 est
1660 3682 2077 3756 Picus,_prave.

487 3759 707 3815 Faunus
735 3761 879 3813 enim
913 3759 1012 3812 fuit
1039 3754 1191 3827 pater
1213 3758 1406 3819 Latini,
1439 3767 1494 3810 ut
1522 3755 1828 3810 Laomedon
1862 3754 2079 3809 Priami.

494 3830 627 3887 Vide
647 3829 951 3900 Virgilium,
986 3830 1079 3883 lib.
1113 3845 1189 3884 vn
1209 3828 1446 3900 Eueni.
1482 3844 1532 3879 v.
1562 3827 1633 3881 43
1660 3836 1715 3900 e_t
1745 3842 1893 3896 seq.;
1924 3835 2086 3896 atque

488 3902 613 3956 ideo
633 3896 855 3955 dubium
885 3912 987 3963 est,
1012 3902 1152 3970 quis,
1185 3916 1251 3953 an
1282 3899 1558 3970 Orpheus,
1578 3912 1645 3951 an
1674 3896 1918 3963 Faunus,
1949 3912 2086 3970 pra!-

486 3972 909 4044 cesserat..Nam
947 3968 1186 4037 si,'Pico
1214 3979 1489 4039 regnante,
1526 3969 1776 4044 Orpheus
1815 3983 1936 4044 cum
1981 3968 2086 4044 Ar-

490 4042 862 4115 gooautis'ad
907 4043 1058 4098 littus
1105 4044 1377 4115 Iliensium
1435 4042 1614 4115 venit,
1687 4050 1795 4093 tum
1867 4042 2089 4115 minime

490 4111 713 4172 dubium
746 4125 830 4171 est
877 4115 1006 4186 quin
1043 4115 1288 4185 Orpheus
1321 4112 1480 4168 fuerit
1502 4111 1688 4167 Fauno
1711 4111 1988 4167 vetustior.

565 4207 691 4274 Quis
719 4208 1047 4261 colendorum
1072 4206 1281 4259 deorum
1304 4205 1501 4275 primus
1527 4212 1705 4257 auctor
1726 4203 1961 4257 extiterit.
1988 4203 2093 4259 lui-

489 4279 625 4336 tium
653 4279 1000 4334 eoleudornm
1031 4279 1257 4332 deorum
1289 4276 1639 4346 repetendum
1673 4284 1751 4329 est
1782 4291 1889 4329 non
1916 4277 2091 4331 solum

490 4364 635 4422 posr,
666 4366 851 4405 verum
880 4351 1039 4405 etiam
1062 4349 1231 4403 multo
1252 4359 1378 4422 ante
1403 4347 1664 4422 diluvium
1690 4358 1950 4422 tempore,
1984 4364 2093 4402 uno

2183 2207 2284 2252 tus.
2318 2195 2388 2251 Et
2430 2195 2677 2267 confregit
2714 2206 2894 2251 ventus
2937 2195 3078 2250 idola
3108 2196 3391 2260 omnia,.et
3418 2193 3570 2250 diruit
3596 2198 3756 2264 templa

2181 2269 2464 2333 idolorum,
2505 2266 2786 2337 usquedum
2826 2269 2881 2322 in
2927 2267 3149 2321 tumulos
3191 2266 3421 2336 pulveris
3458 2266 3638 2322 redacti
3666 2269 3757 2336 [ue-

2181 2342 2322 2407 rint;
2348 2351 2394 2394 et
2424 2341 2607 2394 tumuli
2644 2340 2722 2393 illi
2750 2340 3026 2395 etiamnum
3064 2348 3349 2393 remanent.
3383 2340 3457 2393 Ex
3487 2339 3696 2394 Seldeoo
3715 2349 3759 2395 et

2185 2411 2438 2468 Schedio.
2478 2410 2738 2477 Extiteril,
2772 2410 3256 2479 mannscriptorum
3291 2420 3411 2474 est;
3458 2412 3632 2475 extitit,
3657 2412 3758 2465 vul-

2183 2492 2448 2553 gatornm.
2485 2485 2552 2537 At
2587 2483 2652 2535 de
2691 2481 3012 2537 ldololatrim
3047 2481 3258 2553 origine
3307 2482 3429 2537 vide
3455 2482 3639 2536 librum
3677 2482 3757 2537 Sa-

2185 2555 2397 2626 pientia:
2426 2556 2599 2622 capite
2624 2569 2743 2626 aut,
2778 2564 2885 2608 etc.

2259 2626 2510 2698 Didymus
2536 2626 2587 2678 in
2612 2624 2775 2679 libris.
2808 2626 2993 2698 Plures
3023 2622 3233 2698 Didymi
3260 2641 3272 2675 :
3313 2622 3502 2698 Yossio
3527 2624 3608 2680 hic
3627 2623 3758 2681 Cleol-

2182 2694 2413 2752 centerus
2454 2699 2807 2766 cognomine,
2854 2695 2929 2750 uti
2969 2696 3107 2764 apud
3150 2694 3499 2749 Annniannm
3530 2707 3607 2750 est
3643 2711 3758 2758 xm.

2183 2785 2303 2839 cap.
2331 2768 2424 2836 42,
2453 2769 2602 2839 quasi
2632 2769 2809 2839 certeis
2830 2767 3103 2839 intestinis
3135 2768 3394 2839 robustus
3423 2768 3489 2821 ad
3536 2767 3692 2822 studia
3717 2775 3759 2822 et

2185 2835 2415 2895 labores.
2465 2838 2740 2895 Floruisse
2784 2838 2980 2894 dicitur
3025 2838 3126 2894 sub
3160 2835 3382 2894 Czcsare
3428 2839 3675 2894 dictatore
3715 2845 3758 2893 et

2184 2912 2499 2967 triumviris.
2522 2910 2688 2966 CsLL.

2258 2981 2570 3037 Cretensium
2606 2998 2794 3054 regem.
2831 2981 2965 3036 Hinc
2994 2980 3215 3036 Servius
3253 2980 3354 3047 ait,
3383 2979 3659 3038 Cretenses
3684 2994 3756 3036 re-

2106 3026 2151 3091 c
2186 3054 2445 3126 ligionum
2472 3026 2997 3126 inventliresluisse.

2258 3125 2595 3180 Amaltheam
2620 3136 2667 3180 et
2692 3124 2976 3180 Melissam.
3008 3124 3127 3179 Lib.
3162 3140 3202 3188 ι,
3232 3139 3354 3194 cap.
3379 3124 3469 3180 2i.
3498 3125 3649 3182 Docet
3674 3124 3755 3179 Bo-

2186 3197 2451 3268 chart.in
2482 3196 2692 3252 Hieroz.
2726 3211 2844 3268 pag.
2886 3196 2974 3268 ll,
3008 3210 3126 3268 cap.
3161 3196 3251 3261 51,
3294 3197 3390 3252 fol.
3437 3196 3557 3264 650,
3587 3214 3647 3251 ex
3672 3195 3757 3251 Ga-

2186 3269 2331 3329 leno.
2363 3266 2901 3335 Callimaclio,'Ahis,
2929 3266 3066 3322 duas
3092 3267 3189 3322 has
3212 3269 3453 3323 nutrices
3474 3269 3586 3323 ,Ιονί
3606 3270 3752 3330 datas,

2186 3341 2307 3411 quia
2341 3340 2426 3394 lac
2456 3353 2741 3409 caprarum
2789 3353 2893 3393 non
2926 3347 3053 3411 tuto
3081 3338 3203 3411 sine
3228 3341 3413 3411 melle
3445 3340 3548 3395 bibi
3596 3339 3755 3410 possit,

2188 3408 2349 3481 idque
2379 3408 2543 3466 fuisse
2570 3412 2708 3481 apud
2736 3421 2945 3465 veteres
2977 3408 3131 3464 valde
3156 3410 3435 3466 usitatum.
3470 3412 3600 3468 Bon.

2311 3493 2328 3535 t
2372 3484 2427 3536 in
2467 3480 2836 3553 quamcumque
2881 3482 3138 3552 regionem
3180 3494 3404 3537 venerat.
3453 3484 3571 3538 Mss.
3611 3480 3669 3536 10
3703 3487 3747 3553 et

2184 3556 2362 3609 cuncti
2394 3551 2507 3608 fere
2535 3554 2687 3623 editi,
2717 3551 2771 3607 ut
2799 3555 2852 3606 in
2872 3551 3159 3623 quantque;
3191 3569 3207 3607 ι
3240 3570 3342 3608 ms.
3378 3555 3603 3610 Clarom.
3640 3561 3686 3607 et
3716 3551 3744 3604 Α

2186 3624 2835 3699 vulgati._veniret,__male.
2864 3624 2952 3690 Ut,
2988 3639 3106 3695 pro,
3135 3625 3309 3681 statim
3348 3637 3517 3699 atque,
3547 3626 3623 3679 ubi
3656 3624 3744 3695 pri-

2187 3713 2343 3751 mum.
2386 3695 2602 3751 Terent.
2639 3696 2829 3767 Hecyr.

2343 3811 2408 3863 Ut
2429 3814 2642 3877 quisque
2663 3819 2888 3877 venerat,
2917 3813 3232 3865 accedebam.

2268 3919 2631 3993 Principesve._
2655 3920 2729 3975 Ita
2761 3934 2889 3993 mss.
2924 3921 3281 3991 antiquissimi
3314 3931 3369 3978 et
3411 3919 3622 3993 optimi,
3651 3931 3749 3974 cum

2190 3991 2375 4064 multis
2402 3991 2582 4064 editis.
2610 3991 2809 4063 Scripti
2836 3992 2867 4046 5
2893 4008 3029 4057 rec.,
3051 3994 3423 4064 principesque.

2263 4062 2376 4118 Jovi
2402 4061 2667 4133 Atabyrio.
2711 4061 2770 4119 lu
2800 4079 2930 4117 mss.
2961 4064 2994 4117 6
3026 4065 3180 4133 Reg,
3212 4061 3228 4118 ι
3273 4061 3481 4119 Bonon.
3509 4064 3688 4133 antiq.,
3715 4067 3759 4113 et

2192 4134 2229 4189 2
2256 4133 2407 4189 Coll).
2442 4136 2701 4201 scriptum
2735 4144 2838 4198 est,
2890 4134 3166 4201 Ataburio,
3219 4151 3280 4192 ea
3327 4136 3573 4191 videlicet
3611 4134 3758 4203 prola-

2195 4208 2361 4268 tione,
2392 4221 2495 4277 qua
2534 4204 2707 4260 Latini
2740 4206 2866 4259 olim
2909 4222 3139 4275 grmcum
3185 4219 3224 4263 Υ
3255 4223 3353 4277 per
3383 4225 3413 4259 ιι
3445 4213 3761 4277 reprmsenta-

2196 4277 2357 4341 baut;
2390 4273 2592 4347 {Begu
2625 4294 2640 4331 ι
2670 4273 2992 4332 Οοιιιθιι.“θι
3016 4278 3207 4344 Brun.,
3254 4273 3519 4343 litavit-io;
3552 4294 3582 4331 ιι
3611 4273 3757 4347 prob.

2197 4347 2479 4419 Templum
2510 4346 2692 4403 habuit
2724 4351 2773 4403 in
2802 4356 2982 4403 monte
3015 4349 3277 4419 Alabyrio,
3315 4366 3342 4403 a
3375 4366 3483 4417 quo
3512 4346 3761 4419 Atabyritls

491 4413 608 4479 iere
626 4413 729 4503 aut
750 4422 919 4477 altero
939 4432 1055 4503 post
1079 4436 1259 4503 rerum
1281 4418 1571 4488 primordia
1588 4413 1818 4503 seculo.
1834 4418 1921 4473 Sic
1943 4421 2081 4503 enim

2197 4418 2296 4474 fuit
2318 4419 2501 4503 ldictus
2525 4419 2751 4503 Jupiter.
2774 4413 3199 4503 Diodor..lib._v§
3224 4413 3310 4503 ini
3397 4413 3546 4503 ἴρεως
3572 4413 3759 4503 Efﬂui-

492 4494 836 4564 accipiemlus
865 4487 954 4547 est
978 4493 1146 4547 locus.
1181 4487 1316 4547 Gen.
1353 4506 1425 4557 tv,
1464 4490 1644 4564 vault.
1675 4507 1687 4543 :
1713 4487 1860 4564 tunc
1907 4493 2087 4564 prora:

491 4558 671 4621 natum
701 4565 853 4619 estin
898 4563 1180 4617 invocanda
1226 4579 1407 4616 nomen
1457 4560 1683 4614 Jeltovaz.
1720 4558 1873 4622 Nam,
1919 4558 2092 4615 cltolal

493 4640 514 4707 (
542 4636 683 4692 unde
714 4638 765 4691 in
797 4633 1031 4707 Imp/ml)
1062 4635 1359 4707 saepissime
1391 4632 1675 4707 profanare
1720 4631 1961 4707 redditur
1977 4641 2091 4707 ,_ut

494 4702 669 4764 Levit.
703 4724 814 4773 XIX,
847 4702 896 4761 (Ξ.
928 4702 1020 4761 12.
1049 4702 1316 4761 Sicetiam
1347 4705 1521 4758 locum
1557 4704 1697 4756 hunc
1722 4702 1967 4772 intelligit
1991 4703 2093 4757 Pa-

494 4779 768 4850 rapltrasis
795 4778 1104 4832 Chaldaica.
1136 4776 1202 4850 li.
1232 4776 1486 4850 Salomon
1517 4773 1697 4850 Jarchi
1739 4774 1853 4827 lucc
1883 4774 2044 4850 habet
2075 4794 2089 4829 :

498 4845 641 4904 Tunc
667 4853 996 4923 profanatum
1041 4858 1115 4923 est
1148 4848 1208 4923 in
1232 4845 1513 4900 invocanda
1541 4845 1732 4923 scilicet
1766 4846 2093 4923 nominatio-

497 4915 713 4986 minum,
746 4915 791 4975 et
819 4923 1026 4975 nomina
1050 4918 1350 4987 imaginum,
1382 4933 1496 4970 cum
1519 4916 1721 4969 neruine
1735 4916 1908 4987 sancti
1927 4915 2090 4983 illius,

497 4994 585 5063 qui
615 4993 901 5046 benedictus
927 4994 990 5045 sit
1022 4989 1140 5054 Dei,
1160 4986 1312 5063 adeo
1345 5000 1408 5063 ut
1439 4991 1661 5063 facerent
1688 4986 1849 5063 idola,
1878 4998 1927 5039 et
1948 4990 2093 5063 [ace-

496 5056 607 5117 rent
636 5080 692 5117 ea
716 5064 855 5117 deos.
873 5064 963 5119 Sic
987 5064 1147 5117 etiam
1171 5059 1341 5114 Arabs
1370 5056 1706 5125 Er'penianns
1732 5076 1745 5110 :
1773 5056 1916 5111 Tunc
1940 5060 2097 5114 incre-

502 5145 679 5198 perunt
708 5136 932 5187 homines
955 5134 1171 5201 deﬁcere
1190 5147 1221 5184 a
1245 5132 1387 5184 cultu
1419 5128 1529 5184 Dei.
1560 5129 1738 5196 Quare
1758 5128 1898 5183 idem
1926 5140 2008 5184 est
2033 5146 2097 5186 ac

501 5205 548 5259 si
577 5205 748 5259 Moses
790 5204 1044 5267 dixisset,
1079 5214 1481 5259 sacrosanctum
1526 5201 1657 5255 illttd
1704 5215 1918 5272 nomen,
1953 5202 2095 5272 quod

502 5276 667 5330 totius
692 5275 925 5329 universi
959 5285 1257 5331 creatorem
1288 5283 1344 5329 et
1371 5273 1657 5328 Dominum
1688 5271 1981 5344 designat,
2013 5287 2098 5328 re-

500 5347 601 5401 bus
644 5347 841 5401 creatis
872 5348 1034 5414 impie
1066 5347 1343 5400 tributum.
1377 5344 1600 5414 Joseplt.
1651 5345 1742 5399 lib.
1789 5361 1824 5411 ι,
1872 5358 1990 5413 cap.
2037 5345 2091 5411 4,

504 5428 749 5481 testatur,
782 5417 938 5486 longo
965 5427 1088 5472 ante
1117 5417 1391 5472 Noacbnm
1421 5426 1661 5486 tempore
1691 5417 1951 5470 idolorum
1982 5416 2098 5471 cul-

505 5498 618 5542 tum
651 5489 701 5541 in
732 5503 827 5540 usu
859 5488 1022 5543 fuisse
1054 5503 1220 5559 usque
1247 5491 1310 5543 ad
1339 5490 1625 5558 septimam
1666 5488 2093 5559 generationem,

506 5560 762 5615 Continuo
804 5567 980 5611 autem
1010 5560 1095 5613 vix
1136 5558 1228 5615 ubi
1271 5560 1528 5615 diluvium
1573 5558 1741 5614 terras
1788 5558 2095 5627 reliquerat,

506 5627 737 5685 nefanda
771 5627 1065 5684 idololatria
1108 5632 1386 5686 exordium
1427 5647 1582 5685 suum
1614 5630 1861 5699 sumpsit.
1898 5629 1960 5684 Et
1994 5630 2097 5682 im-

508 5700 766 5754 molabant
805 5700 940 5768 ﬁlios
983 5717 1101 5755 suos
1139 5712 1186 5755 et
1226 5702 1358 5769 ﬁlias
1384 5720 1504 5757 suas
1548 5703 1834 5757 dwrnoniis.
1875 5699 2097 5756 Immisit

509 5769 648 5825 Deus
676 5771 729 5827 iu
756 5771 874 5829 illos
904 5780 1105 5827 ventum
1135 5773 1507 5843 procellosum;
1529 5784 1575 5829 st
1603 5775 1702 5845 fuit
1729 5771 1946 5845 Typhon
1970 5787 2093 5829 vcn-

2192 4511 2283 4566 βου
2307 4484 2748 4566 _(sic|egeudum,_
2779 4507 2883 4546 non
2912 4492 3229 4566 utineditis
3250 4484 3447 4566 vitiose
3466 4484 3757 4566 uegetas).

2197 4559 2280 4635 Ea:
2307 4559 2590 4635 Bocnatvro
2618 4563 2809 4635 partim
2849 4593 2921 4605 ——
2947 4564 3211 4635 Atabyrio.
3240 4565 3313 4618 De
3345 4566 3447 4620 hoc
3478 4563 3628 4617 multa
3646 4559 3762 4635 dog-

2198 4633 2403 4705 tissime
2445 4627 2695 4689 Boclta'rt.
2729 4633 2925 4703 Geogr.
2960 4636 3017 4689 S.
3067 4627 3102 4690 Iv.
3137 4652 3177 4705 ι,
3222 4653 3342 4700 cap.
3379 4638 3434 4701 7,
3475 4636 3511 4689 Ι“.
3556 4647 3623 4688 ιιι.

2195 4704 2417 4779 Meursii
2440 4705 2612 4760 Rhod.
2646 4705 2764 4779 Lib.
2780 4700 3067 4779 _t,'cap._8,
3105 4700 3224 4775 pag.
3268 4707 3375 4769 25;
3409 4700 3619 4779 Gyrald.
3643 4700 3756 4756 Hist.

2198 4774 2359 4847 Deor.
2392 4776 2547 4847 Synt.
2576 4793 2636 4845 ιι,
2665 4778 2752 4832 ed.
2779 4776 2947 4847 Lugd.
2982 4774 3126 4841 Bat.,
3158 4779 3253 4834 fol.
3283 4780 3375 4834 98.
3433 4774 3564 4833 Bon.

2266 4845 2387 4919 Jovi
2413 4846 2727 4903 Labrandio.
2768 4845 2959 4903 Mirum
2997 4862 3195 4919 quanta
3227 4852 3299 4904 sit
3330 4853 3417 4906 hic
3447 4850 3547 4904 loci
3575 4848 3622 4901 in
3648 4855 3756 4899 mss.

2197 4918 2752 4991 varietaslectimnun
2779 4939 2793 4973 :
2826 4936 2889 4973 ex
2922 4918 3271 4991 ltis’conjicio
3293 4938 3474 4977 veram
3509 4920 3758 4991 lectionem

2197 5003 2319 5044 esse
2350 4987 2660 5045 Labrandio.
2693 4990 2750 5045 In
2779 5007 2796 5045 ι
2827 4991 2957 5061 Reg.
2987 4987 3181 5062 legitur
3204 4992 3461 5047 Labradio
3478 5006 3499 5057 ;
3528 4992 3577 5045 in
3600 4988 3756 5062 filice-

2196 5076 2424 5130 quorum
2474 5077 2611 5116 unus
2649 5073 2733 5117 est
2773 5062 2879 5117 900
2914 5060 3135 5129 annon,
3185 5065 3220 5120 5
3264 5063 3443 5131 Colb.,
3491 5080 3507 5117 ι
3547 5060 3756 5131 θυτὴρ.)

2197 5127 2432 5204 Clarum.
2459 5133 2596 5204 lego,
2625 5131 2746 5204 {ovi
2766 5131 3059 5187 Labrandio
3076 5152 3098 5201 ;
3117 5127 3171 5189 in
3200 5127 3755 5204 Regio-Puteario_aliis-

2196 5218 2301 5271 que
2327 5205 2360 5257 5
2385 5201 2543 5273 Regi,
2571 5206 2608 5259 2
2631 5202 2784 5259 Colb.
2819 5204 2940 5260 Gat.
2973 5206 3089 5260 Em.
3117 5201 3371 5270 Cantab,
3395 5215 3450 5262 et
3469 5205 3592 5261 edit.
3620 5201 3749 5256 llum.

2198 5274 2357 5337 M68,
2392 5275 2550 5341 1470,
2592 5275 2920 5342 Labriando;
2967 5277 3017 5331 in
3048 5277 3085 5331 2
3124 5278 3332 5334 Bonon.
3378 5287 3433 5333 et
3472 5293 3489 5331 ι
3525 5274 3755 5342 Clarum"

2197 5340 2543 5418 Labiaudro;
2572 5348 2625 5402 in
2653 5363 2671 5402 ι
2705 5347 2860 5418 Reg.,
2900 5340 2925 5401 ι
2957 5348 3134 5414 (3011),,
3184 5348 3322 5404 Vict.
3355 5360 3409 5404 et
3450 5349 3627 5411 Brun.,
3654 5340 3755 5418 “La-

2198 5417 2523 5487 brianderio;
2562 5419 2617 5474 in
2657 5414 2845 5473 Martii.
2896 5418 3270 5487 Labriandrio;
3315 5421 3367 5475 in
3408 5421 3534 5475 edit.
3585 5414 3751 5472 Cellar.

2197 5486 2530 5569 Labrandreo
2550 5505 2568 5553 ;
2592 5490 2645 5544 in
2676 5491 2885 5569 eunetis
2906 5506 3042 5569 pene
3063 5492 3224 5548 editis
3249 5486 3753 5569 Labradeo_.“Yoc§Itgl'

2197 5552 2565 5632 Lavrandenus
2594 5561 2732 5631 apud
2778 5552 3097 5617 Strabonem
3119 5603 3135 5628 ,
3183 5580 3302 5631 xrv,
3337 5578 3455 5632 pag.
3492 5552 3750 5632 450.455-

2198 5630 2498 5704 Labranda,
2531 5628 2681 5687 victis
2707 5632 3047 5704 Mylasiorum
3082 5635 3135 5689 in
3160 5628 3349 5698 Caria;
3383 5628 3528 5689 Iovis
3551 5628 3753 5685 Imbreu-

2200 5703 2282 5776 d_ei
2311 5705 2510 5772 templo
2537 5703 2858 5776 celebratus.
2894 5706 3061 5776 llnjns
3086 5705 3238 5763 Jovis
3265 5706 3599 5776 simulacrum
3624 5709 3753 5776 seca:

2198 5774 2302 5831 rim
2330 5764 2493 5833 manu
2519 5775 2784 5847 gestabat,
2814 5764 3197 5850 quam'Gyges,
3232 5783 3509 5850 postquam
3536 5764 3752 5828 Cartdlur1

3928 2846 3937 2963 ἐ

3928 3012 3937 3129 i

3930 3134 3937 3219 ι
