3986 6358
169 291 262 352 Ξιιι

1193 296 1397 354 LIBER
1436 299 1478 355 I.
1524 298 1612 355 DE
1654 297 1877 357 FALSA
1916 300 2304 362 BELIGIONE.

3324 316 3432 377 250

166 406 424 482 Atabyrius
450 406 586 462 enim
626 413 681 463 et
724 404 1063 465 Labrandius
1099 408 1341 481 hospites
1371 411 1518 484 ejus,
1562 418 1725 484 atque
1749 416 1803 477 Λ
1828 413 2138 473 educaverit
2184 417 2373 477 Jovem
2418 432 2690 495 nepotem.
2740 424 2808 482 Et
2834 425 3037 485 idcirco
3065 428 3183 486 fieri
3230 439 3429 502 potest,

165 505 405 577 adjutores
426 502 476 557 in
504 500 640 557 bello
663 499 900 558 fuerunt.
931 501 1062 559 Item
1081 503 1200 560 Jovi
1221 504 1440 576 Laprio,
1468 505 1587 562 Jovi
1612 505 1726 562 Mo-

165 597 292 662 lioni,
319 595 428 651 Jovi
458 594 635 661 Casio,
680 603 737 650 et
773 610 893 666 quae
922 604 1046 651 sunt
1089 597 1143 652 in
1190 597 1439 653 eumdem
1480 597 1721 654 modum.

165 688 293 758 Quod
321 688 404 742 ille
428 687 756 743 astutissime
781 689 1128 759 excogitavit,
1160 698 1219 746 ut
1247 699 1301 747 et
1327 691 1429 746 sibi
1462 691 1724 748 honorem

163 782 389 848 divinum,
417 791 471 837 et
498 781 800 852 hOSpitibus
825 784 938 839 suis
967 794 1280 857 perpetuum
1306 801 1500 843 nomen
1538 787 1723 858 acqui-

161 885 281 931 reret
303 889 416 929 cum
444 873 703 945 religione
728 874 1098 947 conjunctum.
1126 876 1444 935 Gaudebant
1470 894 1601 950 ergo
1628 878 1723 946 illi,

161 979 207 1025 et
230 969 338 1024 hinc
370 968 595 1039 imperio
623 968 741 1038 ejus
781 968 1013 1025 libenter
1041 970 1499 1043 obsequebantur,
1530 983 1585 1029 et
1624 988 1726 1028 no—

160 1064 297 1119 minis
318 1064 393 1117 sui
420 1063 589 1134 gratia
617 1064 753 1120 ritus
779 1078 986 1120 annuos
1013 1075 1066 1120 et
1089 1066 1219 1122 festa
1247 1066 1616 1123 celebrabant.
1645 1065 1730 1123 Si-

160 1157 266 1213 mile
285 1156 531 1228 quiddam
560 1159 614 1212 in
639 1157 819 1214 Sicilia
845 1158 969 1215 fecit
991 1158 1195 1216 IEneas
1222 1158 1625 1232 (numnum,
1647 1159 1725 1234 v),

158 1267 258 1310 cum
287 1251 511 1307 conditae
542 1252 665 1307 urbi
694 1253 904 1309 Acesta:
934 1252 1162 1326 hospitis
1204 1270 1401 1311 nomen
1449 1255 1724 1326 imposuit,

158 1357 203 1402 ut
223 1362 329 1402 eam
359 1346 705 1419 postmodum
736 1347 890 1405 lactus
916 1363 981 1404 ac
1011 1349 1189 1406 libens
1207 1350 1433 1407 Acestes
1456 1351 1724 1423 diligeret,

155 1448 365 1511 augeret,
392 1451 631 1495 ornaret.
670 1439 781 1496 Hoc
807 1439 968 1496 modo
994 1442 1311 1513 religionem
1333 1443 1509 1500 cultus
1532 1445 1614 1500 sui
1637 1459 1729 1515 per

155 1534 312 1589 orbem
334 1542 488 1588 terra:
514 1531 728 1603 Jupiter
754 1534 1060 1601 seminavit,
1093 1543 1151 1591 et
1177 1536 1482 1608 exemplum
1514 1539 1729 1594 caeteris

155 1625 209 1681 ad
232 1625 539 1681 imitandum
568 1626 734 1682 dedit.
769 1627 895 1684 Sive
923 1628 1085 1701 igitur
1111 1644 1141 1684 a
1168 1629 1438 1695 Melisseo,
1469 1630 1608 1687 sicut
1633 1632 1728 1687 Di-

153 1719 320 1791 dymus
345 1720 603 1787 tradidit,
649 1721 1002 1779 colendorum
1045 1723 1269 1780 deorum
1312 1726 1452 1782 ritus
1480 1725 1725 1795 efﬂuxit;

1828 508 1910 563 vel
1943 518 2001 563 ut
2040 520 2188 580 ante,
2221 512 2308 569 vel
2334 514 2511 573 adhuc
2540 533 2708 588 puero
2734 517 2870 576 Jove
2907 518 3041 579 deos
3066 523 3249 580 colere
3276 525 3432 582 iusti-

1831 604 2009 672 tuerit,
2042 605 2094 661 id
2125 616 2208 661 cst
2233 608 2435 665 alumni
2465 612 2547 667 sui
2576 624 2838 682 matrem;
2861 617 3104 673 etaviam
3131 618 3430 689 Tellurem.

1829 712 1949 768 qua:
1980 699 2075 754 fuit
2098 699 2263 757 Urani
2287 703 2506 774 conjux,
2540 717 2593 760 et
2623 718 2829 777 patrem
2859 709 3147 767 Saturnum
3181 731 3194 766 :
3232 723 3287 770 et
3317 715 3435 787 ipse

1829 790 1934 847 hoc
1962 794 2211 862 exemplo
2239 804 2400 867 atque
2430 798 2676 855 instituto
2701 800 2891 858 Jovem
2918 802 2985 858 ad
3013 812 3214 860 tantam
3242 821 3433 879 super-

1828 884 1969 940 biam
2001 889 2329 957 provexerit,
2363 899 2422 945 ιιι
2456 899 2640 962 postea
2670 892 2773 949 sibi
2816 892 3026 951 divinos
3052 896 3289 956 honores
3327 913 3423 956 au-

1830 978 1985 1037 deret
2009 994 2304 1040 assumere.

2388 1099 2638 1159 CAPUT.
2679 1102 2871 1161 XXIII.

1831 1213 1911 1272 De
1935 1232 2182 1272 vanorum
2206 1219 2628 1291 superstitionum
2644 1222 2903 1292 aetatibus,
2924 1231 2970 1281 et
2985 1224 3168 1297 quibus
3187 1228 3432 1302 coeperint

2461 1317 2793 1387 temporibus.

1904 1448 2058 1505 Nunc
2096 1450 2347 1522 quoniam
2380 1466 2640 1509 vanarum
2687 1454 3132 1525 superstitionum
3168 1456 3432 1528 originem

1831 1538 2323 1611 deprehendimus,
2355 1555 2606 1614 superest
2636 1555 2694 1601 ut
2733 1546 2895 1602 etiam
2942 1556 3186 1619 tempora
3212 1549 3436 1622 colliga-

1831 1649 1974 1699 mus,
2010 1651 2108 1706 per
2135 1652 2255 1708 quae
2297 1637 2496 1694 fuerint
2530 1638 2607 1694 illi
2648 1655 2876 1711 quorum
2907 1642 3171 1698 memoria
3213 1642 3431 1701 colitur.

1830 1726 2165 1800 Theophilus
2212 1731 2264 1785 in
2318 1731 2457 1787 libro
2507 1730 2576 1789 de
2619 1732 2981 1804 Temporibus
3010 1737 3077 1791 ad
3123 1736 3437 1795 Autolicum

153 1815 246 1869 sive
269 1815 331 1870 ab
357 1816 474 1887 ipso
501 1832 721 1888 quoque
749 1816 883 1873 Jove
902 1858 917 1883 ,
962 1828 1022 1873 ut
1064 1818 1430 1889 Euhemerus;
1482 1820 1550 1876 de
1592 1830 1727 1877 tem—
1757 1824 1806 1886 B
1833 1820 2038 1893 scripto
2064 1823 2158 1884 ait.
2191 1823 2247 1878 in
2273 1821 2495 1880 historia
2522 1840 2615 1880 sua
2644 1824 2897 1882 Thallum
2927 1828 3133 1896 dicere,
3165 1831 3309 1902 quod
3336 1832 3439 1888 Be-

154 1924 262 1978 pore
290 1917 463 1965 tamen
493 1918 711 1965 constat
737 1910 955 1982 quando
982 1912 1056 1967 dii
1096 1913 1200 1969 coli
1229 1915 1510 1986 cmperint.
1542 1915 1726 1972 Melis-

153 2013 255 2056 seus
281 2000 492 2075 quidem
542 2002 770 2060 multum
802 2005 1099 2062 antecessit
1143 2016 1336 2075 aetate,
1387 2007 1585 2081 quippe
1634 2010 1725 2081 qui

1829 1912 1932 1981 Ius,
1963 1930 2121 1985 quem
2149 1914 2429 1987 Babylonii
2459 1928 2514 1974 et
2544 1919 2750 1992 Assyrii
2773 1920 2977 1989 colunt,
3010 1923 3284 1994 antiquior
3316 1932 3434 1981 tro-

1829 2006 1960 2078 jano
1996 2006 2140 2063 bello
2178 2006 2348 2065 fuisse
2394 2010 2666 2067 invenitur
2708 2014 2967 2070 trecentis
3008 2014 3198 2087 viginti
3226 2012 3438 2074 duobus

1528 2168 1884 2229 VARIORUM
1920 2170 2148 2229 NOTAE.

153 2306 239 2363 lem
262 2306 466 2380 occidit,
504 2308 561 2364 in
593 2305 803 2365 Cariam
843 2307 1054 2380 detulit,
1102 2316 1264 2380 atque
1310 2309 1364 2363 in
1413 2322 1572 2380 manu
1604 2308 1723 2377 ejus

155 2380 324 2449 posuit.
355 2379 491 2435 Hinc
526 2380 847 2435 Plutarchus"
875 2380 929 2434 in
960 2379 1257 2448 Quaestum.
1293 2381 1382 2444 45,
1412 2379 1584 2435 Graec.
1616 2379 1723 2435 La-

155 2451 459 2523 brandenum
491 2450 686 2509 Jovem
720 2452 920 2506 dictum
951 2451 1140 2523 voluit,
1165 2451 1596 2523 quandoquidem
1620 2453 1725 2523 Ly—

154 2522 212 2576 dii
235 2525 422 2599 λαβρίω
452 2524 692 2599 securim
711 2521 1141 2599 _appellatit.__Ea:
1164 2521 1441 2599 Caussin
1471 2532 1515 2576 et
1560 2521 1722 2599 Turs.

153 2624 211 2635 —-
236 2594 340 2651 sed
359 2606 539 2650 tamen
574 2595 651 2649 sic
677 2594 745 2649 ab
774 2596 985 2661 liOSpite
1008 2594 1205 2649 dictum
1237 2595 1348 2649 vult
1389 2595 1723 2649 Lactantius.

156 2663 370 2721 A‘llianus
413 2677 599 2722 autem
647 2666 749 2720 alia
798 2668 1008 2721 ratione
1060 2668 1161 2722 hoc
1209 2667 1425 2721 nomine
1475 2677 1724 2721 vocatum

156 2738 315 2792 scribit
351 2738 563 2794 Jovem.
598 2737 925 2801 Lubrodeus,
970 2738 1162 2808 inquit,
1205 2736 1411 2809 Jupiter
1438 2740 1728 2792 nominatus

156 2820 215 2863 est
234 2811 358 2879 quod
381 2810 691 2878 permultum
720 2811 947 2879 ptuisset.
986 2810 1169 2865 lsaaus.

214 2880 318 2937 iovi
344 2881 564 2954 Laprio.
594 2881 720 2954 Mss.
754 2898 771 2937 ι
808 2882 1018 2938 Bonon.
1059 2882 1229 2953 antiq.
1257 2882 1683 2954 _etrecentiores
1714 2897 1731 2936 ι

155 2950 291 3023 Reg.,
327 2971 341 3008 ι
380 2950 563 3022 Coll»,
608 2952 764 3017 Nav.,
798 2954 970 3025 Lips.,
1016 2950 1204 3020 Brun.,
1246 2952 1430 3007 Labrio
1455 2968 1474 3013 :,
1500 2952 1527 3006 b
1569 2967 1666 3023 pro
1697 2970 1731 3021 p

155 3038 279 3094 sazpc
303 3042 329 3079 a
361 3026 599 3081 librariis
627 3024 882 3095 positum,
914 3037 965 3081 et
993 3040 1025 3081 e
1051 3039 1337 3088 converso,
1367 3024 1508 3092 apud
1538 3038 1729 3081 omnes

154 3106 335 3179 notinn.
367 3098 438 3154 De
468 3100 581 3153 hoc
609 3098 756 3153 Jovis
787 3098 1004 3180 nomine
1035 3097 1177 3180 nulla
1204 3106 1288 3151 est
1312 3095 1453 3166 apud
1484 3104 1732 3152 auctores
1758 3102 1804 3167 ρ
1838 3140 1897 3180 8c

151 3170 346 3239 mentio,
380 3186 489 3238 prm
504 3180 748 3239 terquam
771 3173 909 3239 apud
942 3169 1298 3223 Lactantium.

209 3238 314 3295 Jovi
338 3240 516 3297 Casio.
543 3238 634 3295 Sic
663 3241 783 3311 lego
806 3238 926 3295 cum
956 3239 1733 3311 duobusvetustissimismss.

157 3310 336 3382 Regiis,
378 3314 614 3383 aliisque
655 3309 869 3394 duobus
913 3311 1048 3437 Reg.
1096 3327 1113 3366 ι
1154 3310 1332 3377 Culb.,
1364 3309 1537 3393 Nav.,.
1568 3309 1733 3393 .Vict.,

157 3382 281 3437 Gat..
309 3384 492 3437 Martii.
515 3427 529 3437 .
566 3384 711 3437 Em..
736 3382 964 3437 Christ..
1039 3399 1184 3437 run..
1217 3397 1426 3437 necnon
1454 3381 1612 3437 editis
1634 3381 1733 3437 Be-

155 3381 281 3447 Gat.,
309 3384 492 3439 Martii.
515 3381 535 3449 ,7
566 3384 711 3451 Em.,
736 3382 964 3448 Christ.,
993 3381 1184 3447 Brun.,
1217 3397 1426 3437 necnon
1454 3381 1612 3437 editis
1634 3381 1737 3437 Be-

154 3458 233 3508 tul.
258 3471 314 3510 ac
338 3454 543 3513 Cellar.
587 3455 657 3513 Et
696 3466 862 3512 recte.
893 3455 983 3511 Sic
1026 3458 1187 3509 etiam
1233 3453 1373 3523 apud
1420 3453 1639 3510 Suidam
1680 3462 1734 3510 et

154 3529 272 3599 apud
296 3527 634 3598 Stephanum
657 3526 884 3583 Cassius.
912 3527 1066 3598 Apud
1096 3525 1401 3591 Lucanum,
1438 3525 1533 3581 lib.
1564 3541 1654 3581 vttt
1679 3542 1694 3581 :

375 3641 439 3693 Et
461 3642 613 3695 Casio
637 3640 872 3705 praeferre
903 3639 1032 3690 Jovi.

156 3745 266 3803 Item
293 3750 427 3821 apud
467 3749 731 3816 Plinium,
754 3750 845 3805 lib.
874 3766 927 3816 v,
957 3765 1075 3821 cap.
1115 3748 1211 3821 l2:
1245 3750 1288 3802 Α
1315 3747 1523 3803 Pelusio
1549 3747 1733 3804 Casius

152 3835 278 3876 mons
301 3819 390 3884 est.
421 3832 468 3878 et
496 3821 771 3877 delubrum
798 3822 943 3877 Jovis
969 3820 1124 3877 Casii.
1158 3819 1216 3875 In
1248 3821 1634 3877 recentioribus
1662 3822 1731 3877 i3

152 3888 386 3949 Lactantii
415 3909 558 3949 mrs.
586 3904 639 3948 et
671 3895 888 3949 totidem
921 3894 1078 3949 editis
1108 3901 1209 3959 est,
1241 3891 1435 3947 Cassio.

213 3962 451 4021 Eumdem
477 3966 712 4020 modum.
747 3966 935 4020 Mirum
962 3973 1047 4021 est
1065 3974 1320 4035 quantum
1350 3964 1415 4017 ad
1443 3978 1726 4018 numerum

154 4037 396 4093 creverint
424 4038 576 4092 varia
607 4037 754 4092 Jovis
784 4037 1019 4091 nomina.
1049 4037 1339 4092 Trecentos
1362 4035 1521 4091 Juves
1548 4042 1730 4089 narrat

154 4105 323 4175 Varro,
350 4124 472 4165 cum
498 4110 665 4163 variis
690 4110 939 4180 epithetis
961 4119 1015 4163 et
1042 4109 1480 4180 cognominibus;
1528 4117 1581 4160 at
1606 4121 1728 4175 qua:

152 4180 457 4250 singulorum
509 4179 754 4248 fuerant,
805 4183 891 4235 nni
923 4189 1048 4235 sunt
1075 4181 1351 4234 attributa.
1399 4179 1534 4233 Hinc
1574 4192 1730 4234 error

153 4263 368 4307 veterum
398 4254 451 4308 in
492 4250 649 4307 Jovis
680 4253 897 4306 historia
943 4251 1236 4307 recitando.
1286 4251 1519 4306 Ducenta
1552 4263 1725 4317 gneca

152 4318 212 4393 illi
228 4323 343 4378 data
372 4325 597 4380 nomina
622 4334 737 4392 post
762 4325 950 4379 Lilium
974 4322 1264 4393 Gyraldum
1287 4322 1502 4392 collegit
1522 4321 1727 4393 Xystus

154 4390 400 4451 Bentleius
419 4396 487 4449 ad
513 4390 674 4462 caput
702 4395 772 4449 9.2
804 4396 961 4463 hujus
991 4390 1107 4450 libri
1133 4390 1489 4454 Lactantiani,
1521 4390 1725 4447 et'cen-

157 4473 252 4519 tum
280 4483 338 4521 ac
367 4468 649 4537 sexaginta
698 4469 853 4521 latina
897 4468 1133 4521 nomina.
1182 4466 1325 4522 Idem
1359 4464 1455 4518 fuit
1485 4464 1553 4537 de
1584 4464 1720 4537 ller-_

153 4537 256 4591 cule
275 4512 729 4598 etvdeglgrcurio,
756 4538 896 4593 sicut
913 4551 965 4594 et
989 4538 1057 4594 de
1084 4538 1211 4593 Belo
1234 4540 1283 4592 in
1316 4536 1535 4592 historia
1561 4534 1727 4590 veteri
1753 4512 1805 4572 Ῐ)

155 4605 413 4680 Assyriaca
445 4621 503 4666 et
538 4611 879 4681 Babylonica.

215 4703 277 4759 Et
314 4708 433 4762 hinc
469 4710 688 4777 imperio
735 4708 844 4778 ejus
892 4708 1101 4762 libenter
1145 4708 1562 4778 obsequebantur.
1604 4703 1738 4778 Hinc

154 4782 367 4845 reposui,
401 4776 1026 4845 eruditorum'cousilio,
1067 4795 1131 4834 ex
1180 4796 1308 4833 mss.
1342 4778 1383 4839 2
1422 4776 1574 4832 Colb.
1623 4776 1736 4832 et?

152 4843 302 4923 Brun.
337 4868 433 4919 pro
458 4853 581 4906 huic
610 4851 823 4923 imperio
850 4854 980 4918 ejus,
1016 4843 1157 4922 quod
1198 4861 1278 4906 est
1313 4850 1365 4904 in
1393 4850 1622 4904 caeteris.

213 4917 463 4977 Tradidit.
494 4923 596 4979 Hic
622 4917 958 4990 reposuimus
986 4917 1196 4977 tradidit
1216 4938 1284 4977 ex
1307 4936 1437 4975 mss.
1464 4935 1599 4989 pene
1619 4935 1736 4974 om-

152 4988 313 5061 nibus,
342 5004 397 5048 et
425 4996 560 5051 edit.
594 4988 821 5050 Tornes.
856 5003 910 5049 et
937 4993 1147 5050 Walch.
1175 4994 1229 5049 In
1259 4995 1293 5050 3
1317 4988 1474 5061 Reg.
1505 5007 1523 5045 ι
1550 4990 1732 5059 C011)»

152 5057 281 5127 Gat.,
322 5064 492 5121 Brun.
538 5075 592 5123 et
637 5066 765 5122 edit.
801 5067 1149 5129 llom.1470.
1202 5076 1304 5132 est,
1357 5057 1531 5118 trudit.
1569 5066 1637 5117 At
1682 5057 1733 5118 in

153 5138 342 5208 gtnctis
371 5136 490 5194 fere
517 5138 675 5193 editis
707 5138 917 5207 legitur,
944 5140 1047 5192 sive
1065 5138 1128 5191 ab
1148 5140 1260 5208 ipso
1280 5152 1479 5208 quoque
1501 5133 1649 5201 Jove,
1679 5145 1737 5208 ut

156 5201 453 5280 Euhemerus
482 5210 694 5265 tradidit
721 5201 865 5265 :sed
903 5201 1079 5265 minus
1121 5201 1428 5280 benejqui'a
1455 5217 1641 5262 contra
1671 5204 1735 5260 ll-

154 5272 261 5353 ticm
289 5284 798 5353 manuscriptorum.

217 5347 685 5413 Eulaemerustd.
722 5352 939 5410 Sublae.
971 5351 1119 5406 addit
1151 5369 1164 5405 :
1193 5351 1367 5406 tradit.

219 5420 389 5496 locem
436 5434 690 5496 nepotem.
720 5423 1163 5496 ScilicetWUrani,
1208 5422 1549 5496 quiAprimus
1588 5421 1737 5476 orbis

158 5492 373 5550 universi
406 5492 634 5565 imperio
677 5498 903 5565 praefuit.
950 5495 1000 5550 Is
1042 5497 1182 5550 enim
1214 5492 1277 5550 ex
1309 5494 1537 5565 Tellure
1569 5508 1739 5549 uxore

160 5565 308 5619 lilium
338 5569 573 5637 suscepit
601 5564 913 5630 Saturnum,
944 5567 1208 5623 Saturnus
1237 5580 1303 5620 ex
1336 5567 1485 5621 Rhea
1512 5564 1737 5637 Jovem:

159 5637 227 5691 sic
247 5636 837 5704 Apollod.'L:ictantius
865 5640 1024 5693 etiam
1051 5637 1136 5694 hic
1165 5638 1341 5693 subdit
1363 5638 1533 5690 aviam
1557 5636 1740 5690 Tollit-

162 5721 417 5778 retn,qiia_-
444 5710 541 5764 fuit
565 5710 726 5767 Urani
754 5711 987 5779 coojux;
1015 5708 1225 5765 Uranus
1250 5725 1377 5777 ergo
1402 5723 1538 5762 avus
1567 5707 1737 5775 Jovis,

161 5789 210 5853 et
233 5779 435 5850 Jupiter
463 5783 577 5852 ejus
600 5798 790 5853 nepos,
822 5791 884 5837 ut
901 5783 976 5837 ait
1001 5783 1161 5837 etiam
1190 5796 1346 5851 supra
1372 5795 1488 5853 cap.
1526 5779 1580 5847 5,
1609 5790 1661 5853 et
1684 5780 1739 5834 in

164 5848 243 5903 tio.
269 5848 384 5925 cup.
414 5848 627 5911 Qa'llicc
664 5848 824 5924 igitur
866 5862 1013 5911 reeta
1048 5853 1212 5912 lectlo
1253 5848 1335 5909 est
1380 5848 1453 5907 ab
1488 5849 1741 5909 omnibus

1829 2309 1944 2392 fere
1969 2315 2182 2392 excusis
2197 2314 2365 2392 libris
2390 2320 2593 2392 agnita,
2624 2335 2729 2377 non
2763 2332 3093 2392 pronepotem
3120 2339 3186 2380 ex
3213 2340 3347 2382 mss.
3377 2336 3439 2384 et

1830 2384 1963 2440 edit.
1981 2385 2385 2469 _Rom..'Torn.,
2401 2384 2709 2469 _Soubron.,
2736 2384 2831 2463 Is.,
2852 2405 2907 2450 et
2926 2384 3162 2469 Plautio.
3187 2397 3238 2451 in
3264 2412 3435 2469 marg.

1830 2471 1959 2539 quic-
1981 2457 2142 2539 lectio
2165 2458 2447 2518 Lactantio
2462 2457 2746 2539 contraria
2768 2457 2880 2539 est,
2908 2468 2998 2538 qui
3030 2468 3321 2524 Saturnum
3356 2457 3436 2523 f5-

1831 2528 1907 2582 cit
1930 2528 2081 2584 Jovis
2111 2541 2338 2599 patrem,
2369 2543 2420 2588 et
2450 2534 2738 2591 Saturnum
2767 2528 2938 2594 Urani'
2959 2553 3053 2594 seu
3075 2540 3209 2594 (Iasii
3240 2540 3433 2596 filium.

1910 2599 2195 2682 Tellurem:
2203 2604 2277 2658 De
2290 2605 2405 2674 ejus
2425 2607 2475 2682 it_i
2492 2607 2623 2663 urbe
2637 2607 2806 2664 Roma
2821 2610 2936 2682 (ede
2955 2610 3071 2682 lege
3086 2611 3223 2666 Plin.
3241 2628 3436 2682 xxxw,

1834 2671 1899 2751 Si;
1937 2672 2113 2751 Valer.
2143 2673 2283 2751 Max.
2320 2671 2400 2751 vi,
2443 2680 2503 2745 5;
2541 2682 2858 2751 Attgustiu.,
2905 2681 2974 2737 de
3007 2671 3171 2737 Civil.
3224 2684 3315 2739 Dei
3359 2671 3435 2739 Iv:

1837 2742 1995 2800 Plura
2042 2744 2279 2803 Macrob.
2321 2742 2593 2805 Saturnal.
2624 2742 2678 2806 ἲ.
2727 2742 2947 2808 Terram
2998 2765 3223 2810 matrem
3273 2756 3438 2812 etiam

1834 2814 2015 2898 [fersne
2040 2819 2296 2898 colu_ere(
2325 2819 2552 2898 Herodot
2581 2825 2634 2898 in
2664 2823 2775 2898 Clio
2802 2825 2925 2898 ),Aet
2948 2825 3204 2898 Scythael
3226 2827 3359 2881 idem
3384 2829 3439 2883 iu

1837 2886 2209 2969 dlelpo_mei_ie);
2245 2886 2300 2947 ei
2332 2895 2443 2969 sub
2470 2896 2686 2969 nomine
2717 2886 2929 2969 Heri/ii,
2969 2886 3128 2953 etiam
3158 2886 3437 2969 Germani,

1836 2966 1971 3015 teste
1995 2960 2182 3017 Tacito
2213 2979 2300 3030 XL,
2334 2965 2387 3020 5.
2421 2965 2498 3020 Ita
2524 2960 2990 3023 Freinshemius'in
3022 2969 3289 3025 Tacitum.

1910 3053 2242 3134 Theophilus.
2286 3057 2490 3134 Sextus
2531 3059 2618 3114 hic
2659 3059 3011 3134 Antiocheam
3035 3062 3284 3119 ecclesiae.
3323 3063 3441 3134 epi-

1902 3141 2037 3205 optt‘s
2065 3126 2183 3205 fuit,
2219 3138 2356 3205 tes_t_e
2386 3130 2738 3204 Hieronymo,
2762 3132 3051 3204 floruitque
3079 3135 3177 3190 sub
3206 3126 3441 3205 impera-

1843 3206 1961 3255 ture
1988 3201 2259 3256 Antonino
2282 3200 2446 3275 ἵετο,
2470 3200 2720 3275 proxime
2743 3200 2994 3259 nimirum
3022 3216 3141 3274 post
3166 3200 3437 3275 apostolo-

1840 3285 1959 3342 rum
2008 3280 2268 3342 tempora.
2300 3272 2501 3329 Euseb.
2530 3274 2598 3330 de
2643 3273 2747 3329 hoc
2791 3276 2950 3330 etiam
3001 3272 3230 3332 teSIatur
3258 3277 3353 3333 lib.
3385 3294 3440 3334 tv

1841 3341 1976 3396 Hist.
2009 3341 2206 3401 eecles.
2240 3346 2565 3402 Bsrucsws.
2590 3376 2663 3387 —
2686 3345 2784 3402 Hic
2810 3351 2898 3403 vix
2919 3348 3063 3404 circa
3099 3365 3299 3404 annum
3323 3352 3440 3405 vul-

1836 3415 1981 3485 garis
2007 3431 2129 3471 terte
2158 3416 2282 3473 160.

1912 3510 1988 3567 De
2016 3511 2344 3584 temporibus.
2372 3512 2517 3584 Inter
2543 3522 2745 3568 extera
2768 3512 3055 3584 The0phili
3089 3526 3436 3574 monumenta

1838 3592 2003 3657 extat,
2036 3599 2142 3657 non
2171 3583 2311 3640 iiber
2348 3585 2417 3639 de
2450 3583 2829 3657 Temporibus,
2864 3583 2958 3642 sed
2989 3602 3126 3657 opus
3167 3589 3234 3641 ad
3263 3591 3436 3644 Auto-

1838 3655 1999 3711 licum
2030 3656 2290 3713 adversus
2318 3665 2503 3727 gentes
2534 3657 2702 3712 tribus
2734 3656 2903 3713 libris.
2937 3655 3117 3713 Primo
3148 3659 3308 3727 libro,
3337 3661 3437 3715 doc

1836 3737 1921 3801 cet
1943 3727 2272 3798 Theophilus
2300 3728 2428 3800 quid
2457 3730 2527 3783 sit
2555 3731 2727 3791 Deus;
2755 3729 3016 3801 secundo,
3045 3732 3282 3801 gentium
3318 3733 3437 3787 ido-

1836 3798 2103 3874 I_olatriam_
2133 3812 2185 3856 et
2231 3798 2671 3874 superstitionem
2714 3799 2940 3874 refellit;
2966 3798 3166 3874 tertio,
3214 3804 3325 3874 agit
3368 3803 3437 3860 de

1836 3871 2191 3942 Temporibus
2220 3872 2442 3928 deorum
2473 3871 2798 3937 Gentilium;
2831 3873 2927 3929 sed
2962 3873 3122 3929 hodie
3144 3891 3209 3929 ex
3238 3871 3439 3931 veteri-

1836 3945 1934 4016 bus
1964 3946 2323 3999 monmnentis
2350 3945 2614 4001 elucidala
2646 3954 2772 3999 sunt
2809 3944 3202 4016 quadamtenus
3239 3949 3439 4004 veteris

1834 4015 2069 4072 historia:
2095 4025 2354 4087 tempora.

1908 4108 2165 4163 Thallum.
2199 4109 2273 4165 Ita
2295 4109 2490 4179 legitur
2515 4111 2566 4164 in
2589 4110 2798 4165 cunctis
2822 4109 2989 4165 ferme
3015 4124 3146 4164 mss.
3175 4109 3231 4164 In
3265 4127 3378 4166 rec.
3399 4111 3435 4166 2

1835 4180 2161 4251 Ilcg.,Vict.,
2188 4181 2341 4248 Nav.,
2373 4181 2564 4247 Brun.,
2595 4180 2896 4246 Thallium;
2924 4183 2978 4237 in
3005 4183 3039 4236 4
3063 4182 3242 4247 Coll»,
3270 4182 3437 4237 Tlial-

1832 4253 1971 4317 lion;
2002 4255 2054 4309 in
2087 4269 2194 4309 uno
2233 4266 2414 4309 autem
2452 4251 2685 4310 Clarum.
2719 4264 2824 4319 est,
2863 4252 3119 4312 Tlialiou:
3161 4254 3211 4307 in
3246 4255 3439 4323 pleris-

1831 4340 1935 4392 que
1965 4328 2179 4381 excusis
2199 4368 2212 4392 ,
2248 4324 2489 4380 Thalam.
2523 4325 2627 4380 Sed
2661 4325 3003 4381 scribendum
3024 4368 3039 4391 ,
3076 4323 3340 4393 Thallum,
3368 4340 3435 4382 ex

1832 4395 2166 4453 Tertulliani»
2193 4398 2443 4468 Apolog.,
2468 4413 2528 4461 ll,
2553 4397 2807 4464 Minucio,
2825 4404 2882 4451 et
2905 4399 3136 4469 ipsemet
3157 4397 3438 4454 Lactantio

1829 4482 1991 4538 supra
2021 4485 2070 4524 c.
2100 4470 2189 4531 15,
2223 4479 2474 4524 monente
2505 4470 2756 4524 Meursio.

1919 4561 2070 4626 Quod
2098 4560 2271 4627 Belus,
2303 4572 2408 4619 etc.
2440 4561 2592 4617 Hunc
2617 4561 2803 4618 Belum
2829 4562 3060 4617 arbitror
3081 4560 3434 4627 Nemrodutn,

1842 4634 2114 4706 quialiuic
2146 4634 2292 4704 regni
2318 4634 2634 4706 principium
2666 4635 2717 4688 in
2748 4645 2892 4689 terra
2918 4634 3172 4706 Senoaar
3201 4634 3435 4706 Babylon

1841 4702 1936 4758 fuit
1968 4704 2143 4775 (Gem,
2172 4702 2429 4778 x,‘c."|(l)
2453 4723 2467 4771 ;
2490 4702 2552 4759 at
2573 4704 3219 4778 conditorem'Babylmiis
3248 4702 3435 4778 Belum

1839 4786 2033 4831 vocant
2084 4776 2350 4847 gentiles;
2404 4778 2565 4848 inque
2628 4777 2712 4832 his
2778 4776 3087 4833 Dorotheus
3139 4776 3435 4847 Sidonius,

1839 4858 1994 4919 poeta
2025 4860 2265 4905 vetustus
2289 4869 2302 4905 :

1869 5027 1877 5035 .
1965 4987 2179 5051 Antiqua
2201 4987 2323 5038 urbs
2341 4986 2581 5053 Babylon,
2607 4987 2756 5054 Tyrio
2779 5000 2891 5051 quae
2923 4986 3116 5037 condita
3136 4984 3278 5037 Belo.

1838 5128 2142 5186 Artabanus
2163 5127 2302 5197 apud
2323 5127 2547 5195 Euseb.,
2572 5127 2665 5182 lib.
2706 5142 2757 5181 tit
2781 5126 3020 5194 Prmpar.
3042 5125 3244 5196 Evang.
3264 5143 3314 5183 c.
3341 5129 3400 5185 Η
3418 5173 3431 5196 ,

1842 5202 1927 5256 ubi
1955 5202 2244 5267 retulisset,
2270 5210 2326 5254 ut
2348 5200 2596 5270 primitus
2616 5200 2795 5254 omnia
2818 5199 2969 5266 aquis
2994 5198 3195 5253 fuerint
3220 5202 3432 5268 obruta,

1839 5272 1987 5327 addit
2038 5272 2222 5328 Belum
2274 5269 2507 5326 siccasse
2551 5270 2686 5332 loca,
2732 5287 2793 5324 ac
2834 5269 3149 5338 Babylonem
3192 5274 3439 5328 uttcuilms

1840 5344 2081 5398 cinxisse.
2113 5343 2305 5398 Servio
2335 5352 2615 5413 propterea
2661 5342 2860 5414 dicitur
2901 5340 3055 5395 Belus
3100 5344 3299 5414 primus
3344 5361 3439 5399 rea:

1841 5416 2187 5488 Assyriorum.
2210 5414 2342 5483 Ejus
2369 5414 2643 5488 sepultura
2665 5413 2754 5488 fuit
2783 5413 3084 5488 Babylone;
3108 5416 3202 5488 sed
3226 5414 3437 5471 Xerxes

1842 5484 1959 5541 eam
1979 5488 2264 5551 destruxit,
2287 5494 2344 5539 ut
2369 5485 2540 5540 refert
2562 5485 2760 5540 Strabo
2787 5484 2938 5539 initio
2963 5488 3098 5540 sexti
3115 5486 3330 5542 decimi.
3360 5489 3433 5544 De

1843 5558 1955 5613 Beli
1986 5558 2142 5628 hujus
2167 5560 2323 5630 cultu
2346 5556 2570 5630 insignis
2595 5568 2684 5630 est
2709 5558 2857 5611 locus
2877 5556 3157 5611 Claudiani
3187 5562 3235 5612 in
3262 5560 3437 5630 primo

1843 5632 1911 5686 de
1956 5631 2203 5684 laudibus
2249 5628 2558 5685 Stilicoiiis:
2595 5628 2688 5681 scil
2742 5639 3059 5700 Corruptus,
3111 5645 3231 5684 cum
3264 5628 3434 5700 juxta

1843 5702 2199 5759 certissimam
2224 5700 2482 5770 Scaligeri
2503 5700 2958 5770 emendationem,
2987 5704 3036 5754 in
3060 5717 3133 5766 vt,
3157 5702 3225 5755 de
3250 5718 3436 5757 emen-

1843 5768 2430 5845 dationeﬁtemporumj
2461 5786 2564 5845 pro
2604 5768 2737 5845 Belli
2772 5771 2969 5845 debeat
3015 5772 3117 5845 legi
3147 5772 3278 5829 Beli.
3313 5773 3437 5832 Fuit

1844 5855 2021 5902 autem
2049 5842 2213 5901 Belus
2234 5859 2355 5901 eum
2384 5842 2509 5899 Sole
2539 5843 2735 5900 cultus.
2770 5843 3008 5901 VOSBIUS.‘
