3986 6358
516 247 618 317 251

1724 244 2062 317 ΑΝΑιῖειε
2099 246 2128 315 ι

2240 249 2281 309 ll
2321 247 2644 315 SECUNDI.
3683 268 3775 326 252

515 368 673 437 annis
706 387 719 424 :
766 369 955 437 Belum
1004 377 1185 439 autem
1234 367 1466 435 Saturno
1510 368 1773 442 aequalem
1823 367 2024 435 fuisse,
2058 374 2116 431 ot
2141 374 2196 441 Α
2220 367 2369 428 nium
2394 367 2622 431 deorum
2651 369 2768 428 fuit.
2803 370 2920 428 Non
2950 387 3083 445 ergo
3107 372 3196 430 isti
3226 372 3516 446 glorientur
3535 391 3775 440 sacrorum

518 470 805 537 utrumque
854 478 962 529 uno
1010 472 1254 535 tempore
1301 461 1626 527 adolevisse.
1672 461 1826 533 Quod
1864 461 2003 521 adeo
2032 476 2126 521 ve-

516 567 638 610 rum
666 563 768 629 est,
810 564 868 612 ut
898 556 1107 619 ratione
1134 556 1250 635 ipsa
1288 555 1470 633 colligi
1504 556 1696 627 possit.
1729 555 1861 613 Nam
1903 563 1960 612 et
1986 556 2126 625 Aga-

518 662 797 716 memnon,
830 648 920 720 qui
962 650 1134 723 gessit
1163 648 1368 715 bellum
1395 649 1672 718 Troicum,
1705 649 1854 711 lovis
1881 648 2125 720 abnepos

519 742 637 821 fuit,
673 753 725 798 et
756 742 998 805 Achilles
1029 743 1279 817 Aiaxque
1320 754 1671 819 pronepotes,
1700 753 1755 805 et
1784 743 2006 817 Ulysses
2033 759 2125 805 eo—

518 833 640 903 dem
684 836 851 915 gradu
902 839 1183 913 proximus
1233 838 1367 909 fuit;
1414 827 1661 899 Priamus
1704 839 1921 912 quidem
1964 840 2123 911 longa

518 927 683 983 serie.
709 927 813 984 Sed
837 941 1091 988 auctores
1112 932 1329 1002 quidam
1361 933 1602 1000 tradunt,
1628 934 1937 997 Dardanum
1957 944 2009 995 et
2028 934 2122 995 δας

519 1021 659 1076 sium
683 1021 852 1078 Coriti
884 1023 1026 1080 filios
1068 1023 1260 1093 fuisse,
1295 1041 1402 1093 non
1430 1027 1602 1093 lovis.
1635 1027 1744 1083 Nec
1774 1029 1944 1096 enim,
1975 1028 2019 1082 si
2050 1028 2120 1084 ita

519 1113 732 1178 fuisset,
764 1116 832 1171 ad
864 1131 992 1173 usus
1033 1117 1335 1189 impudicos
1370 1119 1741 1191 Ganymedem
1774 1129 2125 1193 pronepotem

517 1220 676 1263 suum
726 1207 927 1265 habere
971 1212 1251 1279 potuisset.
1295 1209 1481 1282 Itaque
1523 1212 1839 1283 parentibus
1887 1212 2124 1279 illorum,

518 1314 657 1371 quos
696 1316 859 1372 supra
889 1303 1186 1372 nominavi,
1215 1303 1262 1359 si
1298 1314 1663 1377 congruentes
1693 1320 1865 1359 annos
1893 1304 2121 1371 dividas,

519 1410 781 1467 numerus
807 1397 1130 1463 consentiet.
1164 1398 1249 1461 Ab
1279 1399 1493 1461 excidio
1516 1411 1699 1465 autem
1737 1400 1988 1477 Trojana:
2027 1416 2122 1457 ur-

516 1486 602 1544 bis
653 1488 983 1569 colliguntur
1027 1491 1154 1555 anni
1202 1507 1501 1559 uccccaxx.
1545 1492 1626 1555 Ex
1672 1493 1774 1557 hac
1819 1502 2124 1565 temporum

516 1581 730 1638 ratione
784 1582 1130 1649 manifestum
1181 1593 1295 1655 est,
1346 1594 1473 1643 ante
1520 1601 1693 1649 annos
1732 1600 1839 1649 non
1891 1586 2126 1658 amplius

516 1689 679 1749 quam
711 1690 883 1737 acccc
916 1687 1101 1743 natum
1125 1691 1246 1747 esse
1272 1677 1584 1751 Saturnum,
1615 1680 1706 1752 qui
1730 1689 1786 1745 et
1817 1688 1967 1743 sator
2002 1694 2123 1743 om~

2228 470 2517 532 vetustate,
2547 480 2778 536 quorum
2804 474 2861 521 et
2889 466 3073 538 origo,
3104 475 3160 523 et
3187 468 3346 538 ratio,
3372 478 3426 526 et
3453 479 3673 543 tempora
3697 476 3777 533 de-

2230 556 2494 624 prehensa
2525 568 2670 615 sunt.
2694 559 2922 616 Restant
2943 559 3122 617 adhuc
3142 561 3344 634 aliqua,
3365 579 3480 635 qua:
3498 566 3561 621 ad
3584 581 3779 639 arguen.

2228 645 2326 707 das
2354 648 2642 721 religiones
2672 648 2835 707 falsas
2867 652 3160 724 plurimum
3181 654 3381 710 valent.
3404 657 3503 714 Sed
3519 657 3622 729 jam
3647 660 3779 719 tincta

2226 740 2406 801 facere
2436 744 2575 800 libro
2603 745 2845 815 decrevi,
2892 763 2961 813 ne
3008 749 3228 805 modum
3272 752 3511 807 excedat.
3550 753 3620 810 Ea
3658 758 3779 814 enim

2230 836 2442 908 plenius
2488 849 2613 895 sunt
2655 840 2995 912 exequenda,
3029 850 3088 897 ut
3127 843 3382 899 omnibus
3409 846 3656 915 refutatis,
3684 865 3782 920 quae

2228 933 2439 990 veritati
2493 934 2748 990 videntur
2794 936 3049 1002 obstare,
3084 936 3374 1003 homines,
3421 941 3508 1011 qui
3554 942 3782 1002 bonorum

2226 1028 2528 1099 ignorantia
2572 1038 2835 1100 vagantur
2883 1031 3110 1100 incerti,
3158 1032 3226 1087 ad
3278 1033 3585 1104 religionem
3631 1052 3783 1095 veram

2231 1121 2502 1191 possimus
2546 1121 2811 1185 imbuere.
2844 1122 3061 1180 Primus
3100 1133 3279 1180 autem
3320 1127 3590 1196 sapientite
3616 1130 3784 1197 gradus

2228 1225 2340 1280 est,
2388 1214 2519 1275 falsa
2572 1216 2916 1288 intelligere;
2966 1218 3258 1285 secundus,
3304 1234 3430 1275 vera
3481 1235 3784 1287 cognoscere.

2225 1307 2369 1379 Ergo
2396 1309 2536 1379 apud
2565 1326 2726 1381 quem
2769 1311 2886 1367 hmo
2912 1313 3085 1383 prima
3115 1312 3391 1369 institutio
3420 1322 3598 1370 nostra
3632 1316 3785 1386 profe-

2225 1400 2380 1467 cerit.
2410 1417 2516 1472 qua
2547 1402 2677 1459 falsa
2702 1404 3031 1471 detesimus,
3058 1406 3390 1461 excitabitur
3418 1406 3484 1462 ad
3508 1409 3614 1463 veri
3638 1411 3791 1479 cogni-

2227 1494 2451 1564 tionem,
2484 1511 2590 1568 qua
2619 1498 2763 1554 nulla
2794 1507 2881 1554 est
2920 1498 3126 1553 homini
3150 1498 3444 1569 jucundior
3467 1499 3723 1571 voluptas;
3748 1510 3792 1558 et

2226 1588 2330 1649 erit.
2362 1588 2473 1658 iam
2498 1591 2764 1661 sapientia
2794 1590 3036 1653 caelestis
3072 1592 3376 1663 disciplinae
3403 1591 3610 1664 dignus,
3639 1595 3716 1663 qui
3737 1595 3790 1650 ad

2226 1684 2604 1753 cognoscenda
2630 1693 2827 1742 caetera
2855 1685 3032 1743 libens
3062 1700 3126 1743 ac
3159 1695 3385 1758 paratus
3415 1689 3704 1744 accesserit.

1839 1811 2207 1872 VARIOBUM
2248 1814 2479 1874 NOTAE.

590 1946 849 2011 Trecentis
869 1948 1045 2023 uiginti
1066 1948 1265 2023 duobus
1291 1948 1461 2023 annis.
1491 1947 1670 2023 Thalli
1699 1948 1931 2023 lapsum,
1957 1964 2118 2021 quem
2149 1953 2197 2015 B
2225 1959 2468 2011 veterum
2498 1952 2533 2009 9
2558 1953 2853 2011 editorum.
2887 1954 2977 2015 Ita
2998 1969 3111 2015 rec.
3135 1954 3407 2015 editiones
3433 1955 3647 2012 habent.

515 2030 735 2076 secutus
764 2030 847 2075 est
868 2020 1229 2091 Theophilus,
1262 2030 1316 2076 et
1344 2020 1543 2077 deinde
1574 2020 1905 2086 Lactantius,
1935 2020 2121 2076 osten-

515 2091 597 2147 dit
627 2092 933 2147 luculenter
957 2092 1213 2148 Pererius
1239 2093 1295 2148 in
1321 2108 1520 2148 comm.
1544 2093 1611 2148 ad
1644 2094 1849 2159 Daniel,
1882 2094 1972 2150 lib.
2002 2109 2117 2161 xvr,

514 2180 561 2218 c.
596 2164 685 2227 14.
707 2174 753 2218 et
779 2163 867 2218 lib.
900 2179 939 2218 ιι
990 2162 1141 2235 Disp.
1172 2163 1236 2219 dc
1256 2180 1358 2220 Lxx
1384 2166 1612 2234 scptim.,
1638 2175 1774 2235 part.
1798 2182 1839 2230 ι,
1858 2175 2039 2234 quaest.
2063 2166 2121 2219 2.

515 2235 774 2304 Quamvis
818 2245 1000 2292 autem
1049 2237 1103 2291 in
1152 2236 1254 2291 hac
1300 2237 1682 2306 supputatione
1730 2237 1867 2299 mire
1905 2238 2121 2306 varient

516 2306 855 2377 chronologi,
885 2308 1126 2363 omnium
1159 2316 1338 2363 tamen
1364 2304 1620 2379 espensis
1646 2308 1953 2375 sententiis,
1978 2304 2123 2363 haud

518 2379 717 2444 minus,
742 2394 902 2450 quam
933 2379 1259 2450 octingentis
1291 2379 1374 2435 vel
1407 2381 1694 2450 nongentis
1721 2380 1940 2438 circiter
1968 2380 2124 2447 annis

516 2450 707 2506 Belum
740 2449 977 2517 Trojano
1019 2449 1237 2507 excidio
1280 2449 1641 2521 antiquiorem
1684 2450 1850 2507 fuisse
1888 2461 2123 2513 constat.

515 2522 909 2599 Isaeum—Nil
959 2523 1262 2599 tamenne
1311 2524 1416 2591 hoc
1464 2523 1599 2599 certi
1647 2524 1858 2599 deliniri
1909 2533 2125 2599 potest.

517 2604 740 2668 propter
778 2594 975 2668 varios,
1002 2590 1423 2668 Babyloniorum
1472 2605 1528 2651 et
1563 2590 2125 2668 Assyrinrum’Belos,

517 2666 618 2739 qui
640 2666 725 2721 his
756 2665 1065 2739 nationibus
1092 2665 1322 2722 diversis
1351 2665 1688 2737 imperarunt
1727 2669 2088 2739 temporibus.

592 2736 792 2810 Itaque.
830 2738 956 2793 Haec
992 2754 1097 2794 vox
1138 2736 1631 2812 manuscriptorum
1660 2736 1905 2801 codicum
1936 2749 2042 2807 est,
2074 2747 2132 2803 et

2303 2022 2364 2079 Si
2394 2036 2728 2100 congruentes
2778 2044 2955 2100 annos
2990 2028 3212 2083 dividas.
3265 2027 3609 2100 Manuscripti
3644 2027 3797 2085 decem

2229 2097 2562 2172 recentiores
2603 2113 2724 2153 cum
2755 2099 2914 2172 editis
2946 2098 3169 2163 habent,
3204 2097 3560 2172 congruenter.
3590 2101 3797 2155 Chrono-

2230 2165 2336 2236 logi
2378 2170 2735 2224 vehementer
2769 2171 3011 2242 variant,
3044 2187 3219 2242 neque
3266 2165 3325 2225 iri
3365 2172 3794 2241 supputationibus

2232 2246 2536 2313 temporum
2564 2241 2877 2311 scrupulose
2902 2241 3446 2313 sategilLactantius.
3479 2244 3654 2301 Iszus.

2305 2310 2434 2387 Ante
2457 2328 2621 2387 annos
2650 2310 2752 2387 non
2783 2310 3154 2387 amplius,'etc.
3183 2314 3375 2371 Falsus
3405 2324 3621 2387 apparet
3645 2315 3790 2387 calca:

2232 2380 2333 2457 ius.
2370 2384 2641 2457 Arnobius
2669 2384 2829 2445 aliam
2859 2380 3015 2457 inivit
3034 2387 3362 2457 supputandi
3389 2380 3664 2454 rationem,
3684 2397 3729 2443 et
3746 2384 3801 2447 ad

2231 2454 2340 2532 duo
2367 2454 2535 2532 millia
2564 2471 2827 2532 annorum
2871 2458 2938 2521 ab
2967 2454 3120 2532 Jove,
3141 2454 3348 2532 'ad__i_lla
3388 2472 3554 2532 usque
3587 2467 3793 2532 tempora

2234 2526 2611 2587 intercessisse
2634 2527 2820 2591 scribit
2842 2544 3009 2598 prope
3028 2526 3189 2589 finem
3218 2529 3315 2587 lib.
3351 2544 3411 2589 tt.
3436 2526 3616 2593 isses.

2308 2598 2392 2672 ille
2419 2600 2886 2672 ntpdunrewcedat.
2907 2598 3036 2657 Mss.
3071 2615 3182 2659 rec.
3206 2600 3243 2655 2
3271 2600 3597 2672 Reg.,\iict.,
3627 2598 3758 2670 Nam,
3783 2615 3798 2659 ι

2233 2670 2416 2739 Colb.,
2447 2671 2596 2739 Gat.,
2628 2671 2796 2737 Brun.
2828 2671 3035 2735 addunt
3060 2673 3259 2741 oratio;
3288 2670 3387 2733 sed
3430 2687 3715 2749 perperam.

814 2900 1813 3067 'ANALv's‘fswimaf
1834 2900 2400 3066 ﬁam,
2459 2900 3510 3084 (ﬁrmissimus

1536 3175 1681 3259 DE
1740 3171 2219 3251 ORIGINE
2295 3170 2826 3253 ERROBIS.

592 3514 781 3572 Partes
803 3514 925 3571 libri
951 3514 1072 3573 dum
1093 3521 1217 3569 sunt
1244 3531 1258 3586 ξ
1286 3512 1459 3585 prima
1485 3513 1553 3577 de
1577 3513 1826 3572 Vanitate
1850 3513 2127 3586 religionis
2155 3512 2198 3575 C
2232 3511 2367 3586 tales
2389 3511 2799 3586 contempsisse,
2819 3510 3098 3586 spoliasse,
3127 3509 3390 3586 illusisse,
3420 3512 3577 3585 idque
3595 3514 3800 3586 impune;

523 3587 787 3655 deorum;
821 3589 984 3643 altera
1018 3587 1087 3645 de
1116 3585 1333 3659 Origine
1364 3587 1586 3642 erroris.

604 3659 776 3715 Vanus
802 3677 908 3715 esse
928 3660 1197 3731 religiones
1218 3656 1427 3713 deorum
1460 3659 1638 3729 probat
1664 3678 1677 3714 :
1711 3658 1767 3731 Γ
1787 3656 1909 3730 quia
1941 3666 2130 3731 contra

523 3733 907 3789 conscientiam
937 3729 1321 3803 suscipiantur,
1352 3746 1475 3803 cum
1503 3731 1663 3785 etiam
1704 3729 1868 3803 illiin
1911 3729 2129 3787 calami-

525 3804 815 3877 tatibus_ad
846 3805 1013 3877 Deum
1042 3800 1206 3877 unum
1237 3800 1569 3877 confugiant,
1600 3804 1690 3875 qui
1728 3802 1890 3877 rebus
1916 3817 1979 3854 ex
2008 3816 2131 3855 sene

528 3874 1009 3953 tetttjaﬁlluentibus
1040 3873 1582 3953 alacres_ad_de_urum
1608 3873 1806 3953 templa
1837 3881 2080 3927 currunt.

597 3945 656 3999 2⁸
684 3946 818 4012 Quia
866 3961 969 4000 non
1013 3953 1142 3999 sunt
1169 3943 1393 3999 rationis
1425 3944 1696 4011 humanm,
1726 3943 1863 3998 ’nam
1907 3952 2134 4001 currant

528 4017 751 4072 caeleste
777 4016 977 4070 animal
1008 4016 1073 4070 ad
1107 4015 1413 4071 veneranda
1464 4025 1699 4071 terrena.
1734 4014 1919 4073 Status
1950 4026 2133 4072 rectus

531 4088 735 4163 homini
765 4097 818 4142 et
835 4087 1025 4163 vultus
1054 4087 1488 4163 sublimisdatus
1516 4096 1620 4163 est,
1653 4096 1711 4143 ut
1734 4102 1953 4143 sursum
1989 4089 2134 4158 aspi-

529 4159 656 4222 ciat,
687 4175 793 4214 non
817 4158 1069 4214 deorsum
1094 4156 1264 4229 (Cap.
1300 4157 1374 4231 1).

602 4231 659 4288 5⁸
686 4231 820 4298 Quia
853 4231 1141 4286 simulacra
1170 4232 1376 4299 colunt,
1403 4245 1523 4301 quae
1551 4240 1643 4286 aut
1672 4242 1799 4303 sunt
1824 4232 1975 4303 signa
2006 4231 2136 4287 deo-

530 4318 649 4359 rum
684 4310 1044 4364 mortuorum.
1076 4311 1169 4357 aut
1197 4303 1526 4368 absentium,
1560 4314 1652 4358 aut
1679 4305 2045 4374 praesentium.
2076 4303 2133 4359 Si

531 4384 890 4439 mortuorum,
925 4374 1088 4429 stulte
1133 4374 1353 4440 colunt;
1390 4375 1435 4430 si
1466 4375 1790 4443 absentium,
1821 4375 2031 4431 colendi
2060 4375 2134 4430 dii

533 4462 639 4502 non
684 4455 830 4511 sunt,
864 4448 906 4501 si
938 4462 1038 4500 nec
1082 4447 1266 4500 vident
1306 4462 1425 4517 qua:
1476 4445 1716 4509 facimus.
1768 4463 1868 4503 nec
1911 4447 2136 4503 audiunt

532 4535 653 4590 qua:
679 4534 984 4593 precamur.
1009 4517 1065 4574 Si
1091 4520 1456 4589 prmsentinm,
1486 4519 1608 4593 quia
1632 4520 1705 4576 tlii
1730 4523 1985 4581 absentes
2014 4534 2136 4577 esse

532 4606 642 4655 non
679 4590 942 4662 possunt,
978 4604 1309 4660 supervacua
1341 4601 1465 4647 sunt
1509 4590 1818 4655 simulacra.
1867 4593 2135 4655 Prmterea

534 4664 629 4721 Dei
656 4664 706 4721 in
734 4670 996 4725 arteruum
1025 4662 1253 4723 viventis
1277 4663 1452 4731 vivum
1482 4671 1533 4717 et
1557 4665 1814 4729 sensibile
1838 4665 1995 4725 debet
2015 4678 2137 4719 esse

533 4736 901 4799 simulacrum.
930 4737 995 4789 At
1020 4734 1229 4793 illorum
1260 4734 1548 4791 simulacra
1572 4738 1717 4801 omni
1743 4752 1904 4799 sensu
1926 4745 2133 4793 carent.

532 4807 710 4878 Homo
738 4819 819 4861 est
851 4805 1262 4860 simulacrorum
1293 4808 1442 4878 quasi
1488 4822 1699 4875 parens.
1733 4807 1922 4878 Itaque
1948 4807 2139 4865 melior

532 4879 622 4950 qui
648 4877 795 4943 facit,
826 4893 987 4950 quam
1019 4879 1106 4932 illa
1137 4894 1257 4945 qum
1285 4877 1420 4932 facta
1445 4889 1590 4933 sunt.
1623 4880 1677 4935 In
1707 4881 1999 4933 simulacro
2031 4894 2136 4933 non

2233 3583 2296 3640 C.
2319 3583 2543 3660 Xerrem
2566 3583 2786 3660 impune
2819 3593 2913 3660 tot_
2919 3583 3195 3654 sacrilegia
3215 3583 3559 3660 commisisse
3576 3583 3718 3660 (Cap.
3737 3586 3801 3655 4).

2305 3655 2363 3710 4³
2394 3655 2527 3726 Quia
2558 3655 2851 3727 praeferunt
2884 3655 2995 3710 Deo
3021 3663 3076 3710 et
3114 3656 3319 3723 parenti
3361 3673 3527 3726 opera
3571 3655 3685 3723 Dei,
3717 3670 3803 3711 non

2235 3726 2406 3800 solum
2441 3726 2685 3800 barbari,
2718 3726 2812 3781 sed
2843 3728 3001 3785 etiam
3034 3726 3189 3800 stoici
3226 3727 3533 3800 philosophi
3557 3772 3569 3793 ,
3601 3729 3682 3800 qni
3709 3743 3802 3782 om-

2236 3798 2320 3854 nia
2350 3798 2612 3860 coelestia,
2643 3815 2762 3869 qum
2787 3808 3088 3861 moventur,
3119 3799 3173 3851 in
3208 3798 3682 3857 deorumnumero
3705 3815 3805 3852 cen-

2235 3882 2355 3925 sent
2381 3889 2392 3924 :
2425 3886 2561 3939 quos
2590 3887 2693 3923 non
2725 3879 2928 3940 tantum
2962 3870 3208 3937 veritate,
3234 3871 3330 3925 sed
3363 3874 3529 3928 etiam
3558 3872 3718 3928 verbis
3743 3870 3805 3940 ip—

2235 3957 2415 3998 sorum
2446 3942 2676 3997 revincit
2704 3939 2856 4013 (Cap.
2890 3942 2922 3996 5
2946 3950 3000 3997 et
3025 3940 3103 4008 6).

2309 4014 2365 4070 5°
2392 4013 2526 4082 Quia
2571 4013 2722 4079 solis,
2758 4014 2933 4085 lunai,
2977 4013 3140 4083 ignis,
3172 4028 3350 4085 aquae,
3403 4024 3509 4071 etc.
3555 4014 3804 4069 simulacra

2237 4085 2529 4159 humanum
2562 4085 2615 4141 in
2646 4084 2863 4159 modum
2894 4084 3607 4159 fortnant._consecrantque
3632 4088 3690 4142 iis
3716 4097 3806 4140 ma-

2238 4157 2429 4212 nubias
2469 4168 2523 4212 et
2562 4158 2778 4227 rapinas
2818 4171 2964 4222 suas,
3007 4157 3387 4213 existimantes
3433 4157 3598 4217 Deum
3634 4170 3805 4223 amare,

2236 4228 2492 4303 quidquid
2522 4229 2621 4297 ipsi
2649 4230 3035 4303 concupiscunt
3069 4227 3222 4303 (Cap.
3255 4231 3335 4303 7).

2308 4300 2570 4356 OBJECTIO
2595 4318 2613 4375 :_
2633 4300 2697 4354 At
2719 4301 2755 4353 ii
2781 4301 2880 4372 ipsi
2905 4300 3313 4375 dtigrnajesmlen’t
3344 4319 3496 4375 suam
3517 4317 3645 4375 sirpe
3670 4308 3809 4375 osten-

2238 4373 2362 4426 dunt
2410 4372 2658 4442 prodigiis
2678 4411 2693 4437 ,
2729 4382 2776 4426 et
2803 4368 3036 4427 'somniis
3058 4368 3087 4435 ,⁷
3118 4381 3167 4425 et
3212 4374 3450 4442 auguriis
3474 4418 3489 4439 ,
3533 4368 3806 4428 et'oraculls

2239 4443 2367 4517 (Hic
2396 4454 2759 4498 enumerantur
2780 4447 2942 4517 nauita
2964 4444 3215 4497 miracula
3240 4447 3505 4517 deorum).
3527 4475 3597 4486 —
3617 4444 3681 4500 Ut
3705 4457 3807 4497 catt-

2239 4516 2353 4571 Sam
2388 4518 2577 4569 borum
2621 4516 3003 4570 miraculorum
3044 4526 3301 4585 exponat,
3331 4516 3500 4574 altius
3534 4516 3807 4573 Lactantius

2239 4588 2604 4642 narrationem
2636 4586 2844 4641 orditur
2865 4586 2933 4641 ab
2957 4586 3069 4657 ipsa
3098 4586 3305 4643 scilicet
3332 4591 3609 4644 creatione
3632 4598 3805 4648 rerum,

2239 4658 2307 4717 de
2334 4673 2437 4731 qua
2468 4659 2650 4729 incipit
2682 4658 3109 4731 disserere,cap.
3142 4659 3196 4725 9,
3227 4659 3279 4714 in
3312 4676 3423 4731 quo
3455 4662 3644 4716 refutat
3676 4668 3805 4731 erro-

2239 4747 2327 4793 res
2361 4729 2796 4802 philosophornm
2823 4729 2891 4802 de
2913 4729 3113 4785 mundo
3135 4740 3187 4785 et
3211 4729 3670 4799 ejus—fabricatore

2243 4802 2443 4859 Deinde
2475 4799 2816 4871 persequitur
2842 4800 3119 4857 historiam
3144 4805 3457 4867 creationis,
3480 4821 3594 4871 cap.
3624 4802 3698 4862 l0,
3736 4799 3806 4860 ll.

2243 4876 2334 4937 l2.
2369 4875 2459 4940 15,
2508 4874 2815 4931 itnmiscens
2858 4872 3147 4929 identidem
3193 4873 3808 4943 disputatiunculascum

534 4940 617 5006 est
644 4940 857 5021 aliquid
876 4950 1110 5022 hominis
1139 4940 1645 5022 prapterntmbram;
1674 4966 1802 5022 ergo
1845 4950 2013 5015 mttlto
2042 4951 2136 5005 mi-
2166 4945 2217 5005 D
2241 4945 2580 5022 philosophis
2606 4986 2618 5009 ,
2651 4961 2772 5022 quae
2820 4944 2897 5022 ad
2934 4940 3292 5022 creationem:
3312 4949 3607 5022 pertinent.
3656 4940 3810 4999 Tertio

535 5038 636 5077 nus
658 5018 856 5092 aliquid
886 5021 974 5077 Dei
1009 5020 1161 5089 (Cap.
1192 5018 1284 5092 2).
1310 5018 1402 5074 His
1429 5021 1709 5090 subjicitur
1734 5018 1912 5092 gravis
1940 5022 2136 5076 dehor-

538 5095 666 5147 tatin
692 5109 721 5148 a
750 5091 1163 5149 Sitnttlacrorttttt
1205 5091 1374 5154 cultu.
1408 5106 1578 5162 usque
1616 5094 1681 5151 ad
1729 5091 1888 5151 tinem
1917 5109 2037 5163 cap.
2075 5093 2133 5162 Ξ,

538 5172 593 5219 et
635 5166 989 5233 reprehensio
1015 5163 1313 5231 Ciceronis,
1345 5164 1435 5234 qui
1481 5178 1602 5221 cum
1649 5165 1975 5222 intellexerit
2014 5166 2138 5221 reli-

537 5235 757 5307 gionum
789 5239 1105 5303 vanitatem,
1140 5247 1315 5291 tamen
1350 5251 1447 5290 nec
1479 5237 1615 5293 alios
1643 5238 1711 5293 ab
1753 5253 1812 5293 ea
1846 5237 2134 5303 abducere,

538 5309 780 5383 negipse
806 5324 924 5383 eam
963 5308 1271 5383 relinquere
1295 5308 1637 5383 volnittCnp.
1670 5310 1746 5377 5).

613 5377 836 5445 Rursum
859 5377 1135 5440 simulacra
1157 5377 1352 5437 nullan:
1374 5380 1689 5444 maiestatem
1714 5381 1898 5445 habere
1924 5381 2138 5437 asserit:

540 5450 692 5520 Quod
724 5450 921 5507 fuerint
962 5452 1015 5506 in
1059 5453 1367 5508 homunculi
1408 5461 1710 5521 potestate;
1756 5452 1897 5523 quod
1942 5453 2131 5521 frangi,

541 5522 807 5587 cremari,
857 5523 1031 5588 perire
1079 5523 1323 5593 possint:
1356 5524 1496 5594 qttod
1528 5522 1816 5594 semetipsa
1861 5524 1994 5579 tueri
2028 5538 2134 5577 non

542 5594 783 5666 possint;
814 5594 955 5666 quod
999 5610 1118 5649 cum
1164 5595 1451 5661 vinlantur,
1486 5596 1650 5652 inulta
1682 5598 1824 5659 sint,
1865 5594 1964 5650 nisi
1989 5610 2018 5648 a
2044 5611 2140 5651 Co-

545 5663 779 5738 lentibus
811 5663 1182 5727 vindicentur:
1213 5669 1356 5738 quod
1398 5668 1566 5724 oculis
1607 5669 1715 5733 sint
1760 5667 2001 5738 subjecta
2027 5709 2041 5731 ,
2074 5681 2139 5738 ac

543 5737 771 5808 proinde
812 5752 917 5793 non
958 5737 1308 5811 immortalia;
1353 5738 1532 5809 itaque
1561 5739 1757 5796 frustra
1798 5736 1927 5811 ipsis
1955 5736 2142 5811 offerri

547 5823 806 5880 munera;
851 5810 1046 5881 merito
1088 5809 1400 5886 Dionysium
1439 5811 1638 5873 Sicilia:
1678 5809 1963 5891 tyrannum
2009 5809 2143 5889 deos

2244 5017 2431 5077 diluvii
2479 5018 2758 5075 historiam
2806 5018 3061 5088 attingit,
3108 5026 3161 5072 et
3207 5017 3476 5088 originem
3521 5023 3809 5088 errarunt}

2244 5089 2434 5166 Chami
2467 5089 2923 5166 llehmorumque
2946 5083 3557 5166 'tlefectioneu'dedueit.
3597 5102 3704 5157 cap.

2244 5164 2449 5227 Quarto
2473 5203 2487 5228 ,
2521 5171 2800 5219 crescente
2836 5154 3130 5217 hominum
3181 5160 3409 5225 malitia.
3455 5162 3620 5217 Deum
3656 5154 3810 5213 scribit

2246 5234 2458 5289 misisse
2498 5234 2720 5303 angelos
2762 5230 2826 5285 ad
2870 5232 3111 5303 tutelam
3138 5233 3355 5302 generis
3402 5234 3619 5289 humani
3649 5230 3696 5285 in
3724 5238 3811 5280 ter-

2243 5319 2359 5358 ram
2392 5322 2404 5357 :
2435 5302 2585 5374 quos
2604 5319 2724 5361 cunt
2752 5304 3058 5372 pellexisset
3085 5302 3329 5361 diabolus
3364 5305 3431 5361 ad
3466 5305 3611 5368 vitia,
3640 5312 3689 5374 et
3714 5310 3809 5374 mu-

2246 5377 2436 5435 lierum
2452 5370 2842 5446 congressibus
2867 5375 3222 5444 inquinasset,
3244 5374 3440 5432 fecisse
3460 5391 3555 5433 eos
3575 5370 3807 5446 diabolum

2241 5463 2369 5503 suos
2399 5444 2677 5513 satellties,
2701 5447 2791 5516 qui
2817 5458 2996 5518 autem
3018 5462 3083 5501 ex
3111 5446 3193 5503 his
3215 5447 3435 5518 fuerunt
3466 5444 3810 5518 prognati.”

2244 5535 2418 5589 neque
2457 5512 2697 5589 angelos,
2719 5512 2905 5589 neque
2934 5517 3178 5579 homines
3205 5517 3408 5586 fuisse;
3442 5512 3600 5589 atque
3636 5517 3699 5589 ita
3724 5512 3810 5565 duo

2245 5587 2381 5647 facit!
2408 5587 2751 5660 essc'gencra
2782 5588 3110 5657 diemonum,
3145 5607 3307 5648 unum
3345 5587 3590 5656 emissio,
3615 5587 3807 5660 alterum

2248 5654 2734 5732 terrenumfatque
2767 5660 2863 5717 llos
2902 5676 3024 5723 esse
3062 5654 3371 5718 immundos
3410 5654 3811 5732 spiritus,__malo—

2246 5751 2390 5801 rum,
2419 5749 2540 5804 quoe
2566 5729 2847 5804 geruntur,
2877 5744 3162 5800 auctores;
3193 5734 3283 5806 qui
3312 5729 3541 5799 insidiis,
3568 5729 3810 5806 dolis,._et'-

2252 5796 2464 5887 roribus
2494 5796 2672 5863 nantia
2701 5796 2996 5882 complent,
3029 5807 3118 5887 qui
3147 5796 3422 5873 insinuant
3443 5821 3505 5866 se
3527 5796 3811 5891 corporibus
