3986 6358
530 238 639 296 255

1608 235 1797 293 FIRM.
1839 233 2209 293 LACTANTII
2250 233 2447 292 DlVlN.
2490 235 2735 295 INSTIT.

3708 245 3802 303 256

530 350 845 411 hauriendis
864 352 1227 426 voluptatibus
1242 353 1493 409 sitienter
1509 352 1849 422 incumbunt,
1872 367 1970 423 per
1990 366 2123 421 quas
2150 357 2207 420 Α
2228 361 2454 422 cogente
2485 363 2695 423 natura,
2725 355 2893 411 etiam
2923 355 2992 413 ab
3019 356 3202 415 invitis
3224 360 3531 430 pectoribus
3555 363 3802 432 erumpit;

528 447 898 518 imprudentes
926 448 981 503 in
1009 448 1236 518 laqueos
1281 448 1473 503 mortis
1506 446 1830 512 incurrunt;
1875 447 2125 518 ignorant

526 540 671 596 enim
721 556 839 611 quae
870 541 941 596 sit
965 540 1202 596 hominis
1230 541 1389 596 ratio.
1413 540 1587 606 Quam
1618 540 1663 594 si
1691 548 1878 595 tenere
1900 539 2121 607 vellent,

524 632 580 690 in
612 633 800 703 primis
830 634 1113 688 Dominum
1142 649 1300 688 suum
1329 644 1706 705 agnoscerent,
1731 633 1983 689 virtutem
2007 638 2125 705 jus-

525 726 807 797 titiamque
854 737 1246 798 sequerentur,
1310 730 1542 801 terrenis
1592 729 1861 799 ﬁgmentis
1914 729 2124 784 animas

520 832 647 873 suas
672 834 777 873 non
807 819 1241 886 substernerent,
1268 819 1581 876 mortiferas
1610 821 1894 877 libidinum
1945 822 2125 878 suavi-

523 920 661 967 tates
687 927 796 968 non
823 923 1142 984 appeterent
1173 933 1184 968 :
1216 915 1451 987 denique
1495 917 1709 987 seipsos
1752 918 1932 989 magni
1978 919 2124 974 aesti-

520 1015 753 1074 marent,
809 1015 971 1079 atque
1018 1007 1387 1080 intelligerent
1438 1008 1562 1081 plus
1605 1023 1730 1065 esse
1776 1011 1828 1065 in
1879 1010 2120 1077 homine,

519 1115 684 1170 quam
707 1100 953 1168 videtur,
984 1103 1140 1172 cujus
1166 1104 1276 1158 vim
1321 1102 1803 1175 conditionemque
1831 1118 1938 1159 non
1968 1104 2125 1160 aliter

517 1203 744 1261 possent
772 1194 1034 1263 retinere,
1061 1196 1165 1252 nisi
1192 1196 1397 1252 cultum
1423 1198 1534 1254 veri
1557 1199 1801 1268 parentis
1827 1198 1934 1267 sui,
1966 1198 2127 1271 depo-

516 1287 621 1342 sita
649 1288 934 1359 pravitate,
963 1291 1328 1361 susceperint.
1352 1290 1643 1362 Equidem,
1692 1292 1834 1347 sicut
1881 1303 2119 1364 oportet,

516 1379 586 1437 de
633 1396 844 1438 summa
895 1398 1077 1438 rerum
1139 1399 1519 1456 saepenumero
1566 1386 1834 1458 cogitans,
1865 1386 2122 1443 admirari

515 1475 669 1532 soleo
698 1476 1039 1548 majestatem
1074 1478 1172 1535 Dei
1194 1479 1504 1551 singularis,
1538 1496 1661 1552 qua:
1689 1483 1931 1538 continet
1957 1483 2123 1554 regit-

517 1583 623 1639 que
655 1570 861 1636 omnia,
912 1570 968 1625 in
1024 1578 1228 1627 tantam
1275 1572 1492 1628 venisse
1530 1573 1884 1640 oblivionem,
1914 1583 1975 1630 ut
2003 1591 2124 1646 qua:

515 1663 636 1719 sola
668 1663 772 1719 coli
801 1663 1019 1731 debeat,
1045 1666 1158 1722 sola
1192 1666 1533 1738 potissimum
1563 1668 1898 1739 negligatur;
1943 1669 2122 1723 homi-

2228 442 2372 514 quod
2401 444 2616 514 quidem
2651 461 2756 502 non
2806 446 3003 502 faciunt
3033 449 3086 505 in
3137 453 3411 522 prosperis
3457 452 3636 509 rebus.
3683 453 3800 511 Nam

2228 544 2339 590 tum
2374 538 2606 592 maxime
2651 540 2791 594 Deus
2820 554 2886 594 ex
2935 544 3196 598 memoria
3241 543 3517 599 hominum
3548 545 3797 613 elabitur,

2227 644 2351 684 cum
2390 628 2665 686 beneﬁciis
2691 632 2810 701 ejus
2837 630 3098 703 fruentes,
3146 634 3406 691 honorem
3461 636 3591 692 dare
3629 638 3802 694 divinis

2227 723 2575 795 indulgentia:
2603 725 2824 781 debent.
2858 727 2929 782 At
2951 742 3080 784 vero
3101 729 3145 783 si
3175 745 3282 801 qua
3320 731 3619 786 necessitas
3644 734 3802 803 gravis

2226 819 2520 889 presserit,
2578 828 2705 874 tunc
2746 819 2912 876 Deum
2945 821 3317 877 recordentur.
3372 822 3432 879 Si
3484 822 3607 879 belli
3654 835 3804 880 terror

2227 911 2587 977 infremuerit,
2617 913 2661 967 si
2694 914 3005 969 morborum
3036 915 3289 986 pestilera
3326 916 3406 971 vis
3435 917 3747 986 incubuerit,
3767 920 3803 974 si

2226 1004 2486 1061 alimenta
2516 1006 2761 1077 frugibus
2791 1006 2951 1079 longa
2980 1008 3200 1064 siccitas
3220 1008 3591 1081 denegaverit,
3616 1010 3657 1065 si
3684 1026 3805 1067 saeva

2229 1108 2548 1167 tempestas,
2579 1098 2625 1152 si
2641 1099 2852 1170 grando
2879 1099 3159 1170 ingruerit,
3189 1100 3257 1155 ad
3287 1100 3457 1156 Deum
3487 1100 3800 1172 confugitur,

2225 1203 2255 1242 a
2284 1190 2395 1247 Deo
2427 1192 2627 1261 petitur
2660 1192 2945 1260 auxilium,
2982 1193 3157 1259 Deus,
3192 1203 3248 1248 ut
3274 1193 3598 1262 subveniat,
3626 1204 3802 1250 oratur.

2225 1282 2283 1339 Si
2310 1285 2429 1355 quis
2455 1285 2507 1339 in
2536 1286 2693 1351 mari,
2727 1294 2889 1340 vento
2910 1286 3189 1354 smviente,
3214 1286 3476 1357 jactatur,
3506 1287 3647 1343 hunc
3669 1289 3803 1344 invo-

2226 1386 2332 1434 cat.
2366 1377 2422 1433 Si
2453 1380 2571 1450 quis
2600 1379 2779 1451 aliqua
2806 1381 2855 1435 vi
2886 1379 3210 1445 afﬂictatur,
3242 1383 3387 1437 hunc
3411 1382 3592 1451 potius
3631 1384 3802 1454 implo-

2225 1482 2328 1526 rat.
2363 1470 2420 1527 Si
2452 1472 2572 1543 quis
2614 1473 2681 1527 ad
2728 1484 3026 1529 extremam
3059 1474 3406 1531 mendicandi
3454 1478 3803 1534 necessitatem

2225 1564 2509 1633 deductus,
2542 1568 2740 1622 vietum
2769 1568 3020 1638 precibus
3036 1569 3311 1637 exposcit,
3342 1569 3511 1624 Deum
3538 1570 3701 1625 solum
3723 1570 3802 1627 ob-

2228 1668 2476 1728 testatur,
2508 1669 2561 1714 et
2603 1677 2698 1730 per
2724 1661 2843 1730 ejus
2868 1661 3116 1716 divinum
3160 1671 3322 1732 atque
3366 1664 3588 1719 unicum
3631 1680 3798 1720 nomen

516 1769 615 1810 nes
638 1764 818 1812 autem
846 1757 995 1825 ipsos
1015 1757 1081 1814 ad
1111 1767 1313 1814 tantam
1349 1762 1648 1817 cmeitatem
1696 1775 1819 1817 esse
1858 1761 2123 1818 deductos
2151 1761 2200 1822 B
2229 1749 2505 1807 homillum
2538 1753 2639 1808 Sibi
2680 1753 3107 1809 miscricordiam
3132 1755 3347 1825 (ιιιεθτίιι
3392 1755 3687 1827 Numquam
3716 1757 3799 1828 ῖὲί·

518 1856 576 1903 ιιι
620 1862 748 1903 vero
792 1863 856 1905 ac
901 1850 1027 1906 vivo
1075 1850 1188 1906 Deo
1234 1858 1479 1907 mortuos
1513 1852 1824 1923 praeferant,
1876 1862 2124 1911 terrenos

515 1951 700 1997 autem
750 1941 1100 2014 sepultosque
1144 1942 1199 1999 in
1247 1952 1390 2000 terra
1432 1945 1483 2002 ei
1509 1946 1599 2017 qui
1645 1944 1902 2003 fundator
1953 1947 2121 2019 ipsius

518 2044 681 2092 terra:
716 2036 837 2092 fuit.

591 2130 660 2186 Et
712 2140 888 2187 tamen
948 2132 1073 2189 huic
1102 2133 1362 2206 impietati
1416 2133 1694 2191 hominum
1727 2147 1911 2208 posset
1962 2136 2119 2194 venia

519 2224 783 2291 concedi,
814 2226 860 2281 si
886 2226 1107 2283 omnino
1132 2228 1201 2285 ab
1227 2229 1529 2300 ignorantia
1571 2230 1740 2287 divini
1769 2232 2005 2289 nominis
2020 2248 2122 2306 ve-

519 2317 660 2373 niret
687 2316 775 2373 hic
803 2332 977 2374 error.
994 2317 1129 2375 Cum
1154 2335 1285 2376 vero
1312 2322 1458 2392 ipsos
1475 2321 1699 2378 deorum
1717 2325 1953 2380 cultores
1974 2339 2120 2396 saepe

519 2408 800 2467 videamus
827 2411 994 2468 Deum
1021 2428 1292 2469 summum
1322 2422 1380 2469 et
1407 2414 1653 2471 confiteri
1678 2426 1734 2472 et
1781 2416 2078 2486 praedicare
2103 2460 2119 2484 ,

520 2520 684 2577 quam
727 2505 832 2561 sibi
881 2506 1092 2564 veniam
1133 2523 1357 2580 sperare
1394 2520 1623 2581 possunt
1652 2511 1940 2583 impietatis
1972 2515 2123 2570 suae?

520 2598 612 2670 qui
644 2613 754 2654 non
794 2610 1094 2670 agnoscunt
1122 2602 1325 2657 cultum
1350 2603 1490 2674 ejus,
1516 2620 1678 2675 quem
1706 2620 1928 2676 prorsus
1959 2607 2118 2679 igno-

520 2692 630 2748 rari
680 2692 750 2748 ah
777 2692 997 2750 homine
1039 2694 1119 2750 las
1149 2710 1256 2751 non
1287 2705 1391 2751 est.
1421 2695 1554 2752 Nam
1587 2707 1641 2753 et
1667 2712 1787 2754 cum
1817 2699 2002 2770 jurant
2026 2744 2041 2768 ,
2069 2711 2125 2758 et

521 2802 646 2844 cum
693 2797 916 2858 optant,
949 2798 1004 2846 et
1044 2805 1166 2845 cum
1204 2792 1404 2863 gratias
1448 2803 1636 2861 agunt,
1668 2810 1776 2850 non
1818 2795 2007 2854 Jovem
2035 2809 2128 2856 aut

520 2879 657 2938 deos
684 2881 907 2950 multos,
938 2882 1035 2939 sed
1058 2883 1227 2940 Deum
1257 2885 1537 2942 nominant
1565 2905 1580 2942 :
1607 2886 1743 2944 adeo
1765 2888 1879 2960 ipsa
1903 2892 2125 2961 veritas,

2226 1854 2312 1900 tur
2341 1845 2436 1901 Dei
2466 1848 2861 1916 meminerunt,
2890 1849 2992 1904 nisi
3038 1848 3166 1903 dum
3213 1849 3265 1904 in
3308 1850 3473 1906 malis
3504 1860 3643 1905 sunt.
3675 1851 3800 1906 Post-

2224 1954 2386 2009 quam
2434 1950 2612 1997 metus
2658 1940 2898 1997 deseruit
2945 1953 3000 1998 et
3030 1942 3271 2013 pericula
3300 1952 3661 2010 recesserunt,
3711 1955 3799 1999 tum

2225 2049 2358 2090 vero
2388 2035 2597 2091 alacres
2643 2036 2711 2091 ad
2745 2036 2972 2093 deorum
3005 2037 3200 2108 templa
3247 2049 3623 2107 concurrunt;
3654 2038 3726 2095 his
3752 2040 3800 2096 li—

2224 2135 2376 2203 bant,
2400 2134 2485 2192 his
2511 2135 2839 2202 sacrilicant,
2867 2135 2966 2191 hos
2987 2145 3272 2190 coronant.
3308 2136 3428 2193 Deo
3452 2146 3648 2203 autem,
3669 2152 3798 2209 quem

2226 2229 2279 2285 in
2313 2230 2429 2300 ipsa
2462 2230 2790 2285 necessitate
2836 2228 3281 2302 imploraverant,
3314 2245 3389 2286 ne
3418 2230 3589 2287 verbo
3616 2231 3798 2301 quidem

2220 2325 2422 2394 gratias
2452 2331 2619 2394 agunt
2646 2340 2658 2376 :
2708 2321 2845 2377 adeo
2873 2338 2939 2378 ex
2966 2337 3148 2378 rerum
3177 2322 3548 2393 prosperitate
3584 2324 3797 2391 luxuria,

2223 2436 2288 2475 ex
2321 2420 2534 2475 luxuria
2561 2433 2709 2483 vero,
2742 2427 2799 2474 ut
2820 2418 2947 2473 vitia
2976 2420 3175 2482 omnia,
3195 2419 3275 2474 sic
3299 2416 3555 2488 impietas
3580 2420 3799 2477 adversus

2224 2513 2391 2569 Deum
2416 2513 2675 2569 nascitur.

2296 2610 2539 2678 Quanam
2580 2610 2721 2665 istud
2762 2624 2824 2665 ex
2863 2624 3025 2664 causa
3078 2608 3191 2664 lieri
3224 2610 3528 2678 putemus?
3568 2609 3663 2664 nisi
3698 2622 3798 2663 esse

2222 2703 2457 2775 aliquam
2488 2719 2798 2776 perversam
2825 2711 3168 2774 potestatem,
3192 2718 3311 2773 qua:
3334 2704 3580 2758 veritatis
3602 2700 3665 2757 sit
3684 2717 3797 2757 sent-

2230 2812 2326 2867 per
2378 2796 2629 2859 inimica,
2673 2812 2790 2865 qur
2839 2795 3088 2849 humanis
3131 2794 3417 2849 erroribus
3458 2794 3695 2865 gaudeat,
3731 2795 3795 2848 cui

2231 2892 2451 2948 unicum
2484 2907 2545 2947 ac
2578 2899 2895 2962 perpetuum
2928 2890 2999 2945 sit
3042 2903 3181 2960 opus
3207 2887 3500 2945 offundere
3546 2888 3793 2951 tenebras,

1811 3028 2175 3087 VARIORUM
2214 3028 2436 3086 NOTAS.

596 3158 914 3215 Hauriendis
938 3159 1280 3229 voluptatibus
1321 3160 1548 3217 sitienter
1594 3163 1909 3218 incumbunt.
1940 3165 2039 3221 Ms.
2084 3167 2110 3219 1

522 3230 690 3289 Bruu.
718 3243 773 3287 et
802 3230 931 3287 edit.
980 3231 1176 3298 Paris,
1212 3233 1374 3292 1525.
1404 3234 1647 3288 sitientes.
1683 3235 1781 3290 Ms.
1813 3237 1848 3290 2
1875 3235 2032 3293 Coll).
2063 3246 2119 3292 et

524 3305 551 3359 1
579 3302 816 3359 Clarom.
848 3305 1083 3370 scienter,
1113 3318 1293 3371 prave.
1327 3303 1571 3361 Genuina
1604 3307 1763 3361 lectio
1789 3309 2036 3372 sitienter,
2065 3308 2116 3363 id

523 3386 629 3442 est,
657 3373 1302 3452 avide._Cit;ero_’l‘us_cul_.
1330 3377 1539 3452 2l7._a.
1570 3377 1681 3434 Nec
1728 3382 1955 3452 sitienter
1998 3380 2123 3452 quid

526 3446 1145 3520 appetensLPrudentius
1172 3445 1537 3505 Cathemerin.
1568 3465 1639 3515 tv,
1679 3467 1729 3504 v.
1761 3450 1852 3519 88,
1884 3445 2127 3507 Sitie'nter

524 3518 752 3575 haurire.
778 3518 1009 3576 WALcu.

597 3591 875 3665 Dominum
904 3609 1073 3649 suum.
1118 3592 1193 3648 Ita
1230 3608 1332 3665 ms.
1365 3591 1574 3648 Rohan.
1623 3601 1680 3649 et
1708 3592 2126 3665 Sangermann.,

526 3662 670 3735 quod
693 3672 777 3737 est
803 3667 1023 3734 rectius,
1072 3679 1233 3737 quam
1278 3664 1447 3720 Deum
1492 3681 1664 3734 suum,
1695 3676 1754 3721 ut
1784 3662 1984 3723 habent
2009 3668 2129 3721 vul-

527 3734 663 3807 gatus
687 3734 967 3791 editiones.

603 3806 911 3863 Suavitates.
942 3808 1034 3865 Sic
1060 3809 1401 3879 reposuimus
1425 3824 1490 3864 ex
1523 3823 1621 3862 ms.
1669 3808 1705 3862 2
1734 3808 1943 3864 Bonon.
1999 3818 2053 3865 et
2096 3810 2130 3865 5

531 3877 689 3952 Ijeg_.,
721 3894 946 3952 quorum
978 3879 1086 3952 duo
1114 3877 1240 3952 sunt
1264 3880 1648 3951 antiquissimi,
1699 3879 1860 3952 Tax.,
1893 3881 1929 3934 2
1955 3880 2128 3952 Lips.,

531 3948 717 4014 Goth.,
752 3950 777 4004 1
810 3947 991 4018 Culb.,
1022 3951 1058 4005 2
1100 3950 1334 4008 Clarom.
1380 3947 1438 4008 In
1468 3950 1862 4008 recentioribus
1904 3947 2035 4008 mss:
2078 3947 2134 4009 et

532 4022 587 4075 in
616 4019 775 4091 editis
804 4030 888 4076 est
913 4023 1212 4091 voluptates.

612 4090 738 4147 Plus
763 4095 953 4166 esseﬂin
979 4090 1197 4148 hemina.
1229 4095 1285 4151 ld
1313 4094 1655 4166 desumptum
1689 4106 1773 4153 est
1798 4112 1863 4152 ex
1893 4095 2129 4150 Platonis

536 4162 1089 4292 Tit‘rigrolgtomatylo.
1120 4167 1258 4223 Vide
1299 4178 1353 4223 et
1378 4162 1624 4224 Lactant.
1659 4168 1727 4225 de
1754 4168 1982 4239 Opiﬁcio
2011 4168 2123 4234 Dei,

536 4250 583 4290 c.
704 4251 734 4292 e
853 4277 866 4290 .

532 4250 583 4290 c.
614 4247 636 4290 1
650 4247 683 4290 9
704 4247 755 4292 et
775 4247 866 4292 20.

610 4306 830 4363 Possent
874 4310 1107 4365 retinere.
1139 4309 1213 4365 [ta
1245 4310 1578 4367 restituimus
1606 4329 1672 4368 ex
1700 4327 1830 4367 mss.
1858 4313 1883 4366 1
1918 4310 2124 4365 Bonon.

535 4380 859 4456 antiquiore,
887 4391 941 4435 et
971 4383 993 4436 1
1032 4383 1264 4439 Clarum.
1288 4383 1348 4438 In
1374 4387 1584 4441 cmtcris
1605 4395 1712 4452 est,
1737 4401 1884 4456 posse
1921 4383 2127 4438 retineri

536 4450 588 4505 in
622 4452 643 4506 1
678 4451 835 4521 Reg..
866 4465 1049 4522 posset.

609 4523 955 4592 Susceperint.
986 4525 1168 4585 Forte.
1200 4527 1530 4594 susciperent.

609 4594 919 4672 frte/erant.
950 4598 1206 4652 Rostoch.
1237 4609 1289 4672 e_t
1318 4598 1476 4672 illltr”
1511 4604 1817 4672 anteferam.

608 4665 949 4739 Sepultosque
977 4672 1029 4722 in
1061 4679 1194 4724 terra
1224 4669 1289 4722 ei.
1322 4671 1418 4725 Ms.
1457 4674 1480 4726 1
1514 4665 1747 4727 Clarum.
1798 4682 1851 4727 et
1882 4683 2127 4727 recentes

534 4738 660 4793 edd.
682 4749 887 4814 septem
920 4740 1123 4814 addunt
1145 4752 1446 4811 praeportant
1471 4761 1489 4806 ;
1517 4758 1820 4814 perperam,
1852 4759 1971 4798 cum
2003 4759 2124 4797 mox

538 4811 880 4884 prmcesserit
909 4812 1129 4868 verbum
1164 4815 1461 4884 prteferant.

610 4881 868 4936 Nominis.
907 4884 1250 4939 lleumannus
1274 4881 1456 4941 credit
1489 4884 1771 4957 legendum
1810 4900 1930 4939 esse
1961 4886 2130 4939 numi-

537 4954 638 5009 nis.
673 4961 737 5008 At
766 4969 871 5009 non
905 4966 1177 5011 mutamus
1201 4957 1488 5011 lectionem
1521 4954 1650 5010 mss.
1682 4967 1736 5010 et
1764 4957 2054 5012 editorum.

613 5026 772 5089 Quem
803 5043 1006 5096 prorsus
1027 5029 1255 5098 ignorari
1275 5028 1337 5081 ab
1365 5030 1566 5082 homine
1588 5028 1666 5081 las
1690 5044 1793 5082 nun
1817 5039 1916 5083 est.
1943 5027 1998 5081 Id
2022 5036 2124 5093 est,

538 5100 641 5172 qui
666 5105 720 5149 ut
765 5115 971 5172 prorsus
1006 5102 1266 5172 ignoretur
1305 5101 1369 5154 ab
1410 5100 1611 5154 homine
1641 5100 1753 5153 fieri
1781 5115 1887 5172 non
1928 5107 2124 5172 potest.

540 5165 841 5241 Afﬁrtnavit
883 5165 1297 5227 enim'errorem
1342 5172 1410 5226 ab
1457 5172 1790 5241 ignoratione
1836 5171 2001 5225 divini
2034 5186 2131 5224 no-

540 5239 700 5313 minis
732 5254 834 5313 non
864 5244 1094 5297 venisse.
1125 5245 1204 5300 Ad
1239 5260 1350 5299 rem
1383 5239 1612 5313 pertinet
1641 5241 1865 5297 Tertull.
1898 5244 2124 5312 Apolog.

541 5324 590 5364 c.
624 5310 689 5362 l7
723 5328 736 5387 ς
773 5309 894 5365 "me
918 5324 986 5365 est
1013 5331 1211 5369 summa
1241 5309 1408 5371 delicti
1438 5314 1718 5369 nolentium
1747 5309 2123 5387 recognoscere,

541 5397 685 5456 quem
713 5382 949 5456 ignorare
978 5399 1080 5439 n0u
1112 5397 1355 5456 possunt.
1385 5388 1520 5442 BUN.

616 5451 721 5504 Sed
747 5450 907 5507 Deum
938 5450 1415 5530 n_ontinan_t.Cypr.
1453 5459 1582 5514 ldol.
1606 5457 1745 5513 Van.
1772 5472 1892 5529 cap.
1912 5473 1944 5511 v
1973 5474 1984 5510 :
2012 5456 2130 5530 Dici

542 5522 833 5594 frequenter
856 5524 1089 5580 audimus
1114 5546 1133 5582 :
1153 5527 1197 5582 Ο
1224 5522 1360 5584 Deus
1384 5550 1401 5595 ;
1441 5539 1525 5595 et,
1556 5531 1695 5585 Deus
1716 5522 1853 5584 videt
1869 5546 1882 5593 ;
1916 5538 1990 5594 et,
2019 5527 2128 5585 Deo

542 5596 836 5669 commendo
854 5611 874 5659 ;
898 5595 1140 5669 et,_Deus
1170 5602 1291 5653 mihi
1321 5602 1607 5667 reddel;et,
1641 5602 1792 5669 Quod
1822 5601 1925 5656 rnlt
1952 5601 2091 5656 Deus
2109 5618 2128 5664 ;

543 5674 618 5731 et,
647 5664 707 5719 Si
734 5665 867 5719 Deus
893 5666 1105 5721 dederit.
1138 5669 1302 5739 Atque
1323 5674 1430 5727 haec
1455 5664 1523 5728 est
1548 5664 1748 5728 sumina
1772 5674 1962 5740 delicti,
1995 5674 2130 5728 nolle

545 5751 818 5813 agnoscere
844 5752 991 5813 quem
1013 5740 1246 5813 ignorare
1274 5759 1374 5797 non
1398 5746 1577 5813 possis.
1601 5745 1732 5800 BDN.
1864 5808 1876 5813 λ
2003 5811 2009 5813 _
2075 5795 2106 5813 Α.

619 5803 830 5862 Deltenl.
857 5803 954 5862 Sic
985 5803 1198 5880 reposui
1229 5814 1296 5869 ex
1324 5803 1571 5871 omnibus
1599 5829 1729 5874 uias.
1768 5816 1821 5873 Pl
1850 5808 1883 5869 4
1911 5811 2031 5872 edd.
2069 5807 2125 5870 in

2222 3167 2285 3221 M
2315 3166 2592 3236 impressis
2617 3176 2700 3221 est
2722 3167 2997 3234 deberent;
3031 3168 3123 3225 sed
3155 3169 3312 3224 male.

2298 3238 2356 3291 Si
2384 3254 2484 3308 qua
2510 3240 2795 3294 necessitas.
2828 3241 2920 3296 Sic
2949 3238 3166 3296 Lucret.
3200 3242 3237 3295 Ι.
3265 3243 3299 3297 3
3325 3260 3338 3298 :

2448 3393 2458 3403 .
2499 3394 2510 3406 .
2550 3392 2562 3405 .
2603 3394 2613 3404 .
2649 3354 2819 3405 Rebus
2842 3356 2890 3405 in
2913 3357 3061 3406 arctis

2416 3418 2591 3469 Acrius
2612 3417 2875 3469 advertunt
2899 3420 3087 3468 animos
3102 3418 3161 3467 ad
3185 3416 3529 3481 relliglouem.

2231 3521 2446 3591 Optime
2477 3522 2709 3585 Rivetus,
2740 3521 2792 3576 in
2826 3523 2970 3576 notis
2990 3522 3102 3577 suis
3129 3536 3259 3576 mss.
3285 3521 3351 3575 ad
3392 3522 3534 3577 hunc
3557 3528 3791 3575 auctorem

2233 3606 2572 3664 compertum
2606 3605 2721 3658 est,
2752 3595 3000 3661 optimos
3017 3607 3137 3648 esse
3163 3608 3263 3648 nos
3290 3592 3424 3646 dum
3452 3594 3577 3663 aegri
3601 3605 3788 3651 sumus;

2233 3667 2377 3721 unde
2409 3676 2559 3722 recte
2589 3676 2736 3736 optat
2770 3665 2995 3732 Plinius,
3024 3674 3081 3718 ut
3115 3668 3240 3718 tales
3265 3681 3378 3719 esse
3402 3667 3515 3719 sani
3543 3679 3789 3734 persevere-

2233 3754 2369 3801 mus,
2397 3739 2573 3808 quales
2603 3755 2693 3793 nos
2723 3740 2920 3809 futuros
2951 3752 3055 3792 esse
3075 3737 3379 3809 proﬁtemur
3403 3738 3595 3808 «egroti.

2307 3808 2633 3881 Coufugitur.
2688 3808 2875 3863 Melius
2905 3823 3026 3863 cum
3073 3808 3429 3881 sequentibus
3461 3809 3696 3881 cohaeret
3737 3818 3788 3857 ex

2235 3879 2443 3936 cunctis
2475 3879 2610 3952 pene
2642 3897 2771 3935 mss.
2794 3896 2950 3948 quam
2978 3879 3300 3951 confugiunt,
3331 3879 3478 3948 quod
3497 3888 3578 3936 est
3600 3879 3786 3935 duorum

2235 3968 2356 4028 rec;
2381 3969 2510 4028 mss.
2539 3954 2669 4028 ἤιξε.
2696 3965 2747 4007 et
2772 3952 3061 4028 editorum.
3151 4024 3182 4028 ﬂ
3704 4019 3730 4028 η
3755 4017 3763 4027 _

2312 4023 2515 4100 Potius.
2550 4019 2640 4100 Sic
2669 4023 2896 4100 restituo
2924 4038 2986 4078 ex
3019 4024 3269 4100 omnibus
3298 4037 3431 4078 mss.
3460 4029 3635 4100 et‘vel.
3661 4019 3786 4100 editis

2238 4096 2395 4151 Rom.
2439 4096 2497 4151 In
2531 4098 2594 4152 14
2626 4096 2784 4151 editis
2835 4096 3227 4152 recentioribus
3272 4103 3361 4149 est
3395 4095 3638 4166 pratinus.
3683 4089 3785 4146 Vide

2236 4168 2613 4242 princedentia.
2874 4241 2881 4242 ί
3650 4171 3653 4174 ἠ
3701 4231 3728 4242 ..
3752 4229 3763 4241 .

2315 4239 2545 4317 NomenL
2568 4241 2642 4295 Ita
2673 4241 2885 4317 repqsui
2918 4242 3240 4317 _ex‘cunctis_
3284 4253 3419 4294 mss.
3450 4250 3504 4293 et
3531 4244 3631 4291 vet.
3660 4232 3785 4317 editis

2238 4310 2397 4388 Rom.
2422 4323 2477 4388 et
2505 4309 2652 4388 Crat.
2675 4305 2747 4368 ac
2766 4311 2968 4388 Graph.
2997 4312 3050 4366 in
3070 4312 3348 4388 margine;
3379 4319 3433 4388 et
3461 4321 3581 4388 apte
3608 4305 3782 4388 quidem

2238 4383 2304 4438 ad
2338 4384 2500 4438 verba
2529 4385 2723 4453 stipem
2756 4372 3250 4439 mendicantiumin
3271 4372 3720 4437 nomine-Domini.
3740 4372 3783 4426 In

2152 4463 2208 4524 1)
2234 4454 2483 4509 omnibus
2509 4454 2622 4511 fere
2649 4454 2806 4511 editis
2842 4463 2944 4520 est,
2977 4470 3179 4508 numen.

2308 4526 2464 4581 Malis
2504 4538 2642 4583 sunt.
2675 4527 2733 4581 In
2779 4515 2941 4583 rebus
2979 4525 3240 4579 adversis.
3274 4524 3394 4580 Lib.
3422 4541 3495 4589 vt,
3524 4523 3653 4590 Ὄαρ-
3690 4515 3780 4590 θέε

2235 4595 2405 4671 Etiam
2429 4599 2480 4652 in
2500 4599 2646 4653 malis
2672 4600 2864 4671 gratias
2884 4606 3021 4671 agat.
3040 4594 3269 4671 Cic.pro
3287 4586 3558 4671 Cluentio,
3584 4586 3689 4661 cap.
3708 4586 3780 4642 δίε

2235 4668 2475 4741 Unum...
2509 4672 2560 4724 in
2593 4668 2741 4726 malis
2770 4669 3055 4741 perfugium
3082 4669 3407 4741 calamitatis.
3440 4668 3568 4722 BUN.

2307 4740 2418 4796 llos
2465 4752 2730 4796 coronant.
2770 4725 3346 4817 'Simiilac_ra__deornrn
3368 4725 3778 4817 foronarinapud

2231 4812 2472 4869 Gentiles
2499 4813 2664 4867 moris
2687 4824 2821 4868 erat.
2859 4812 3061 4867 Arnob.
3090 4810 3182 4865 lih.
3218 4826 3325 4865 vlt:
3361 4810 3593 4865 Etiamne
3611 4805 3675 4857 dii
3698 4816 3780 4856 ser-

2232 4886 2316 4945 tis,
2347 4887 2548 4939 coronis
2584 4886 2872 4953 afﬁciuntur
2919 4894 2964 4938 et
3005 4882 3256 4953 ﬂoribus?
3288 4882 3419 4937 Vide
3449 4881 3603 4953 etiam
3636 4874 3775 4953 Clem.

2230 4956 2494 5030 Alexand,
2521 4944 2735 5030 παίδων.
2764 4956 2858 5009 liii.
2892 4972 2950 5015 ll,
2981 4944 3098 5030 cap.
3125 4954 3176 5009 8.
3208 4955 3542 5030 Ter-tullium,
3576 4949 3637 5002 de
3675 4944 3774 5030 Cor:

2231 5027 2370 5091 ΜΗ..
2404 5016 2526 5097 cup.
2551 5029 2581 5081 7
2614 5046 2627 5083 :
2661 5016 2941 5084 Saturnum
2976 5016 3292 5095 Pherecydes
3322 5035 3439 5078 ante
3459 5036 3627 5097 gumes
3653 5016 3774 5097 reLﬂl

2232 5083 2551 5170 coronatum,
2581 5100 2760 5154 Jovem
2790 5098 3047 5153 Diodorus
3078 5083 3193 5170 posl
3214 5097 3433 5170 devictos
3457 5083 3775 5170 Titanas-Pl“

2232 5180 2279 5224 et
2312 5169 2508 5240 Priapo
2542 5162 2726 5226 ittenias
2772 5171 2929 5243 idem,
2979 5179 3025 5243 et
3073 5162 3315 5222 Ariadnw
3342 5178 3546 5243 sertum.
3573 5162 3770 5243 Plutia}.

2232 5241 2327 5297 lib,
2359 5230 2452 5296 xvi
2475 5286 2489 5309 ,
2517 5259 2637 5313 cap.
2682 5242 2861 5309 4,-ait,
2891 5230 3183 5316 antiquitus
3213 5241 3507 5316 nernineut1
3527 5230 3769 5316 insideos:

2233 5315 2452 5387 corOnis
2478 5305 2660 5369 ornari
2694 5305 2950 5387 solitum;
2982 5305 3039 5387 et
3059 5312 3149 5365 lib.
3180 5328 3306 5387 xst,
3332 5326 3450 5379 cap.
3479 5305 3772 5387 “34.190”???

2232 5385 2441 5440 deorum
2472 5387 2631 5440 Itonos
2658 5395 2821 5453 erant,
2847 5395 2892 5439 et
2916 5383 3127 5437 Larium
3149 5382 3771 5453 publicaruntiprivntorwn‘

2230 5474 2346 5532 que.
2382 5457 2711 5532 Artemidor.
2744 5442 2840 5532 liii,
2872 5474 2928 5523 ιι,
2959 5442 3768 5532 Οιιθίιδᾴεινίῐτλᾳιρ..διξεόμιξεξη

2231 5524 2406 5584 Solum
2435 5528 2508 5584 dii
2536 5530 2801 5596 coronati,
2846 5544 3032 5584 verum
3064 5528 3225 5582 etiam
3269 5527 3342 5580 illi
3372 5524 3458 5594 qui
3489 5524 3640 5574 sacris
3664 5524 3767 5596 ορς·

2231 5601 2512 5661 rabantur.
2569 5601 2675 5654 imo
2720 5594 2843 5655 vasa
2873 5602 3031 5654 etiam
3069 5614 3132 5653 ac
3161 5598 3410 5660 νιειὶιιιςιι,
3443 5604 3647 5662 quarum
3672 5594 3768 5637 cor-

2233 5687 2334 5726 nua
2372 5672 2774 5736 inuurahantur,
2804 5682 2908 5727 etc.
2947 5670 3028 5725 Ea:
3054 5670 3313 5725 Henswo
3339 5677 3381 5722 et
3411 5665 3637 5736 ELMENH:

2307 5723 2587 5810 Omina—ere
2616 5723 3129 5817 tenebiasiﬁlter‘um:
3140 5723 3236 5796 lib.
3268 5723 3326 5806 tt,
3350 5754 3464 5807 cap.
3486 5736 3581 5814 l6“:
3613 5723 3765 5852 0έῆηὲ

2307 5822 2359 5852 ιιι
2390 5815 2630 5852 Ιυηοιιοιηι
2665 5817 2921 5852 ίιαιιίοηιοηι
2950 5810 3164 5852 rnlinimi
3190 5804 3458 5852 rJrrInmml.
3490 5794 3607 5852 "illi.
3674 5808 3760 5849 TW“

2231 5794 3164 5884 «mitigans;unum};uirgatis
3190 5794 3458 5867 ξιιάαέιιηί.
3490 5794 3607 5860 Ibid.
3634 5794 3760 5852 Ern»
