3986 6358
159 314 249 378 9-57

1157 296 1362 355 LIBER
1396 294 1463 353 ll.
1505 294 1596 352 DE
1633 288 1909 353 ORIGINE
1940 291 2265 352 ERRORIS.

3296 295 3405 355 258

159 441 202 487 et
238 424 479 482 hominum
511 433 714 477 caecare
739 424 993 484 mentes,
1037 427 1108 471 ne
1146 413 1324 469 lucem
1354 412 1590 478 videant,
1626 426 1694 466 ne
1720 420 1776 482 Α
1801 407 1942 480 quod
1987 408 2231 481 profecto
2270 421 2377 466 non
2408 407 2552 475 facit,
2603 408 2695 480 qui
2722 420 2819 477 tes,
2847 416 2941 465 aut
2990 408 3250 482 lapidem,
3280 427 3403 484 quae

158 521 350 592 denique
376 519 425 573 in
448 516 638 573 ccelum
664 512 950 583 aspiciant,
981 524 1045 565 ac
1073 517 1318 563 naturam
1347 506 1593 576 corporis
1614 503 1698 560 sui

158 624 357 683 servent,
384 613 529 683 cujus
554 610 817 682 originem
862 622 963 662 suo
994 605 1115 660 loco
1137 602 1511 660 narrabimus;
1555 614 1699 655 nunc

158 707 356 767 fallacias
378 718 672 776 arguamus.
704 700 837 756 Nam
866 714 988 755 cum
1019 706 1231 754 caeterae
1247 693 1547 749 animantes
1570 708 1697 761 pro-

157 805 222 861 nis
243 799 532 871 corporibus
552 796 603 851 iu
631 794 854 850 humum
892 797 1161 863 spectent,
1191 788 1311 859 quia
1341 787 1604 842 rationem
1634 799 1699 839 ac

160 893 439 967 sapientiam
469 904 573 945 non
607 894 952 958 acceperunt,
986 882 1142 939 nobis
1170 890 1349 936 autem
1380 888 1552 934 status
1577 890 1697 932 rec-

156 1001 251 1055 tus,
275 983 504 1042 sublimis
529 981 709 1037 vultus
735 981 804 1035 ab
833 976 1041 1033 artiﬁce
1070 976 1182 1029 Deo
1222 972 1379 1029 datus
1407 972 1498 1039 sit,
1529 984 1699 1039 appa-

154 1088 220 1139 ret
234 1078 349 1134 istas
369 1073 651 1146 religiones
672 1072 894 1127 deorum
918 1083 1028 1126 non
1043 1080 1165 1123 esse
1183 1064 1408 1121 rationis
1430 1062 1697 1129 humanae,

152 1174 249 1247 quia
282 1176 488 1227 curvant
531 1166 751 1223 caeleste
779 1161 977 1218 animal
1005 1159 1075 1216 ad
1120 1156 1427 1215 veneranda
1458 1165 1696 1210 terrena.

152 1245 315 1324 Parens
336 1262 471 1319 enim
515 1266 701 1315 noster
731 1256 825 1311 ille
853 1270 991 1310 unus
1021 1261 1075 1308 et
1104 1251 1253 1306 solus
1279 1292 1294 1313 ,
1348 1257 1402 1303 et
1445 1262 1567 1302 cum
1598 1245 1701 1299 ﬁu-

150 1365 272 1430 geret
293 1353 570 1417 hominem,
621 1348 677 1405 id
698 1358 780 1405 est
811 1344 1012 1402 animal
1061 1342 1364 1413 intelligens
1390 1350 1447 1395 et
1470 1338 1700 1394 rationis

151 1465 314 1521 capax,
338 1462 455 1503 eum
500 1459 629 1501 vero
667 1458 735 1499 ex
768 1441 932 1497 humo
971 1438 1310 1495 sublevatum
1341 1435 1409 1490 ad
1454 1440 1701 1489 contem-

152 1544 395 1617 plationem
421 1539 500 1596 sui
519 1535 743 1592 artiﬁcis
763 1534 954 1591 erexit.
974 1531 1131 1602 Quod
1157 1531 1359 1602 optime
1385 1527 1699 1599 ingeniosus

151 1644 275 1707 poeta
294 1631 460 1704 (Ovid.
491 1647 510 1686 ι
541 1629 785 1698 Metam.)
809 1625 1043 1698 signavit
1074 1642 1089 1679 :

242 1746 864 1809 Pronaquecutnspect‘ent
887 1736 1116 1809 animalia
1137 1743 1320 1809 caetera
1336 1742 1551 1808 terram;

244 1809 303 1860 0s
322 1800 495 1858 homini
517 1800 729 1856 sublime
748 1804 907 1865 dedit,
933 1800 1211 1865 coelumque
1235 1800 1367 1865 tueri

241 1871 400 1935 Iussit,
425 1878 475 1921 et
499 1876 697 1920 erectos
712 1866 771 1916 ad
794 1861 962 1916 sidera
979 1861 1155 1914 tollere
1182 1861 1362 1912 vultus.

151 1975 253 2032 llinc
274 1975 443 2046 utique
487 1975 751 2050 ἀνθρωπον
791 1969 963 2027 Graeci
1007 1967 1367 2040 appellarunt,
1404 1962 1549 2035 quod
1579 1977 1700 2017 sur-

148 2086 239 2126 sum
265 2075 472 2140 spectet.
505 2066 611 2137 Ipsi
643 2081 773 2137 ergo
805 2063 906 2119 sibi
940 2061 1273 2128 renuntiant,
1306 2074 1474 2131 seque
1526 2055 1700 2113 homi-

148 2178 246 2218 num
265 2161 465 2217 nomine
490 2158 767 2223 abdicant,
791 2155 883 2228 qui
909 2171 1018 2211 non
1050 2169 1264 2210 sursum
1293 2150 1583 2222 aspiciunt,
1603 2147 1700 2203 sed

149 2257 356 2311 deorsum
384 2253 522 2308 :nisi
553 2252 697 2306 forte
722 2249 773 2305 id
794 2249 993 2320 ipsum,
1012 2247 1154 2318 quod
1184 2246 1315 2301 recti
1344 2258 1553 2309 sumus,
1583 2240 1701 2296 sine

149 2365 274 2406 causa
294 2348 484 2405 homini
509 2347 828 2404 attributum
859 2353 1066 2416 putant.
1093 2343 1352 2414 Spectare
1382 2354 1482 2396 nos
1502 2338 1698 2395 caelum

152 2447 262 2501 Deus
285 2444 461 2510 voluit,
495 2445 684 2515 utique
710 2457 815 2498 non
848 2440 1069 2496 frustra.
1094 2437 1229 2495 Nam
1259 2446 1314 2493 et
1339 2449 1468 2491 aves
1497 2476 1512 2501 ,
1556 2442 1607 2488 et
1635 2447 1704 2488 ex

149 2539 279 2594 mutis
301 2554 427 2609 pene
458 2537 645 2593 omnia
675 2536 871 2593 caelum
901 2533 1123 2599 vident;
1173 2531 1267 2587 sed
1298 2527 1454 2585 nobis
1487 2525 1703 2598 proprie

148 2632 292 2687 datum
317 2641 411 2699 est,
442 2632 642 2688 caelum
674 2629 859 2701 rigidis
886 2642 952 2684 ac
977 2626 1248 2682 stantibus
1278 2621 1498 2687 intueri,
1531 2629 1588 2674 ut
1617 2633 1703 2674 re-

147 2727 352 2798 ligionem
374 2727 444 2784 ibi
470 2741 809 2799 quaeramus,
844 2732 901 2778 ttt
931 2723 1128 2788 Deum,
1166 2718 1322 2791 cujus
1370 2716 1528 2772 sedes
1559 2713 1650 2770 illa
1683 2754 1698 2780 ,

149 2820 355 2891 quoniam
373 2820 536 2878 oculis
559 2834 672 2875 non
705 2830 1011 2890 possumus,
1034 2814 1213 2870 animo
1242 2807 1704 2880 contemplemur:

1723 1826 1772 1887 B

1800 514 1924 559 sunt
1944 515 2178 570 terrena,
2208 512 2517 559 veneratur.
2539 503 2831 562 Estautem
2857 505 3257 575 pravissimum,
3278 522 3403 564 cum

1801 598 1940 653 ratio
1968 597 2214 668 corporis
2250 607 2395 653 recta
2420 599 2511 666 sit,
2542 597 2685 668 quod
2712 606 2798 655 est
2829 599 3129 669 temporale
3154 642 3169 667 ,
3221 601 3400 671 ipsum

1800 706 1930 746 vero
1965 692 2226 758 animum,
2267 691 2356 762 qui
2388 692 2459 746 sit
2495 698 2764 759 aeternus,
2796 692 3053 749 humilem
3082 692 3201 750 ﬁeri
3227 710 3243 761 ;
3274 709 3399 750 cum

1804 782 1972 853 ﬁgura
2009 793 2064 840 et
2091 793 2264 839 status
2300 783 2438 839 nihil
2475 783 2619 840 aliud
2648 783 2989 855 signiﬁcent,
3031 786 3131 842 nisi
3164 797 3402 845 mentem

1803 874 2037 932 hominis
2075 892 2141 932 eo
2165 886 2411 948 spectare
2431 887 2704 948 Oportere,
2733 893 2841 949 quo
2862 880 3068 935 vultum
3087 890 3141 936 et
3162 880 3399 937 animum

1806 979 1914 1026 tam
1946 982 2154 1028 rectum
2186 987 2308 1028 esse
2335 972 2553 1039 debere,
2580 988 2737 1044 quam
2755 988 2975 1046 corpus,
2999 986 3057 1030 ut
3085 976 3160 1045 id,
3187 977 3275 1033 cui
3303 977 3403 1033 do-

1803 1064 1997 1119 minari
2024 1066 2206 1131 debet,
2260 1066 2518 1122 imitetur.
2554 1065 2752 1123 Verum
2782 1066 3054 1137 homines,
3081 1076 3136 1125 et
3163 1070 3401 1128 nominis

1804 1156 1907 1223 sui,
1936 1166 1991 1213 et
2016 1158 2240 1213 rationis
2276 1158 2448 1225 obliti,
2480 1158 2667 1214 oculos
2710 1174 2839 1215 suos
2883 1160 2951 1216 ab
2976 1161 3088 1215 alto
3115 1161 3400 1233 dejiciunt,

1803 1253 2026 1324 soloque
2051 1252 2291 1324 deﬁgunt
2315 1293 2330 1318 ,
2361 1261 2524 1324 atque
2553 1254 2746 1309 timent
2765 1268 2932 1325 opera
2957 1254 3247 1326 digitorum
3278 1272 3403 1315 suo—

1805 1362 1958 1413 rum,
1998 1348 2152 1418 quasi
2182 1362 2310 1404 vero
2359 1347 2651 1420 quidquam
2678 1364 2800 1406 esse
2841 1349 3014 1421 possit
3054 1351 3263 1408 artiﬁce
3302 1367 3403 1410 suo

1804 1456 1997 1509 majus.

2434 1566 2663 1626 CAPUT
2692 1569 2755 1625 11.

1803 1702 1931 1769 Qua:
1957 1703 2111 1774 fuerit
2149 1704 2315 1774 prima
2347 1708 2510 1759 "causa
2535 1706 2764 1778 fingendi
2807 1706 3116 1775 simulacra;
3173 1710 3237 1766 de
3292 1729 3409 1770 vera

2119 1795 2219 1852 Dei
2253 1798 2491 1869 imagine,
2522 1809 2569 1854 et
2594 1800 2704 1872 ejus
2738 1816 2854 1856 uera
2891 1801 3056 1858 cultu.

1878 1956 2007 2023 Quae
2051 1955 2208 2029 igitur
2245 1957 2482 2014 amentia
2512 1965 2624 2026 est,
2658 1967 2751 2015 aut
2786 1974 2850 2016 ea
2896 1959 3101 2033 ﬁngere
3139 1978 3259 2034 quae
3300 1962 3405 2035 ipsi

1809 2051 2148 2120 postmodum
2182 2053 2427 2119 timeant,
2451 2065 2541 2108 aut
2575 2054 2767 2110 timere
2795 2071 2914 2126 qua:
2944 2055 3245 2113 ﬁnxerint?
3282 2057 3403 2114 Non

1808 2145 1942 2215 ipsa,
1973 2145 2240 2216 inquiunt,
2274 2146 2548 2215 timemus,
2577 2146 2677 2203 sed
2705 2163 2822 2215 eos,
2853 2148 2920 2204 ad
2948 2164 3180 2221 quorum
3213 2150 3411 2223 imagi-

1811 2256 1932 2297 nem
1982 2240 2124 2307 ﬁcta,
2171 2250 2228 2298 et
2267 2256 2495 2313 quorum
2545 2242 2853 2299 nominibus
2891 2256 3209 2300 consecrata
3256 2256 3403 2302 sunt.

1802 2332 2008 2405 Nempe
2034 2333 2155 2389 ideo
2200 2334 2420 2401 timetis,
2451 2334 2593 2405 quod
2621 2349 2717 2391 eos
2743 2350 2866 2392 esse
2911 2338 2965 2393 in
3003 2337 3142 2393 caelo
3173 2337 3407 2394 arbitra-

1804 2428 1934 2485 mini
1961 2445 1977 2482 :
2009 2444 2185 2500 neque
2210 2430 2376 2496 enim,
2406 2428 2451 2484 si
2477 2429 2550 2484 dii
2577 2441 2724 2498 sunt,
2756 2431 2914 2488 aliter
2937 2433 3052 2488 ﬁeri
3076 2443 3271 2504 potest.
3296 2432 3408 2490 Cur

1804 2522 1964 2595 igitur
1986 2523 2173 2579 oculos
2217 2523 2269 2577 in
2296 2523 2493 2580 emtum
2526 2540 2632 2579 non
2667 2525 2891 2596 tollitis};
2924 2535 2980 2582 et
3017 2527 3295 2584 advocatis
3316 2545 3409 2589 eo-

1806 2632 1927 2672 rum
1956 2616 2265 2672 nominibus
2285 2657 2302 2683 ,
2333 2617 2385 2671 in
2413 2627 2602 2687 aperto
2626 2616 2889 2674 sacriﬁcia
2919 2619 3209 2680 celebratis
3234 2625 3257 2679 ?
3296 2624 3407 2684 Cur

1812 2709 1878 2763 ad
1909 2709 2160 2781 parietes,
2190 2716 2246 2764 et
2295 2709 2459 2780 ligna,
2493 2700 2549 2765 et
2598 2710 2804 2781 lapides
2848 2713 3220 2786 potissimum,
3251 2736 3412 2791 quam

1814 2802 1909 2857 illo
1933 2798 2191 2872 spectatis
2209 2841 2226 2869 ,
2269 2799 2359 2856 ubi
2388 2813 2486 2855 eos
2518 2815 2643 2858 esse
2669 2800 2928 2861 creditis?
2957 2804 3098 2874 Quid
3126 2807 3230 2865 sibi
3273 2820 3413 2867 tem-

1392 2940 1759 3002 VARIORUM
1794 2937 2025 2998 NOTAE.

152 3117 289 3155 νει...
319 3098 608 3168 οπυηάαηι,
643 3096 738 3152 lib.
771 3111 846 3151 vu
875 3091 1181 3168 :_Tenebrtu,
1210 3084 1707 3168 quibusoﬂ'gndelmf
1733 3083 1780 3147 C

150 3173 315 3227 (telum.
346 3156 417 3227 be
443 3171 523 3226 lra
551 3214 566 3238 ,
591 3156 743 3237 'cap.
776 3169 803 3223 1
841 3186 853 3221 :
888 3165 1082 3234 Quibus
1122 3156 1408 3235 (tenebris)
1436 3156 1606 3226 affusa
1634 3165 1707 3212 est

151 3246 330 3317 hominis
352 3244 605 3317 cogitatio.
630 3241 803 3317 ΙᾷυΐῐσΔ
849 3309 865 3317 ,
1060 3308 1071 3317 .
1162 3316 1165 3317 ,
1216 3315 1223 3317 ξ
1349 3304 1361 3317 .
1555 3303 1565 3314 -

208 3304 437 3370 Naturam
458 3314 696 3379 corporis
723 3311 822 3367 sui.
849 3308 1101 3378 lntelligit
1123 3304 1566 3379 statum‘humani
1587 3316 1709 3357 cor-

151 3390 268 3456 poris
293 3398 504 3444 rectum.
529 3375 698 3453 “Quod
727 3375 1143 3456 argumentum,
1193 3388 1249 3434 ut
1296 3376 1403 3445 hic,
1433 3375 1511 3456 sic
1560 3388 1708 3456 saepe

151 3447 291 3529 urget.
321 3462 373 3515 In
402 3447 681 3515 nonnullis
718 3447 935 3511 secutus
961 3460 1045 3508 est
1069 3451 1412 3529 Ciceronem,
1438 3447 1533 3529 lib.
1570 3461 1593 3529 r
1640 3447 1708 3529 de

150 3517 282 3603 Legg.
305 3546 415 3600 cap.
455 3531 489 3587 9
532 3549 545 3584 :
579 3529 714 3603 Cum
749 3536 956 3581 crateras
980 3524 1289 3603 animantes
1311 3519 1600 3601 abjecisset
1640 3517 1709 3571 ad

151 3590 337 3671 initum,
363 3590 520 3658 solum
551 3600 818 3656 honrinem
851 3597 1034 3671 erexit,
1065 3597 1133 3648 ad
1177 3593 1418 3671 caelique,
1451 3590 1598 3671 quasi
1620 3605 1709 3643 ca-

151 3662 367 3743 pitationis
378 3674 724 3742 domiciliique
739 3669 937 3743 pristini
959 3677 1228 3743 conspectu
1236 3662 1704 3743 nt‘excitauitaLJI,

152 3736 205 3799 de
223 3746 328 3802 Nat.
354 3747 525 3814 deor.,
557 3736 685 3813 cap.
714 3736 818 3796 56:
846 3740 987 3795 Deus
1016 3738 1243 3814 [contines
1272 3738 1430 3814 humu
1463 3736 1710 3789 excitatos

152 3818 282 3872 celsos
311 3829 353 3873 et
378 3808 562 3873 erectas
588 3808 877 3879 constituit,
917 3822 969 3866 ut
1002 3812 1214 3865 deorum
1241 3808 1582 3880 cognitionem
1611 3821 1711 3861 cae-

153 3888 237 3943 lum
260 3892 491 3945 intuentes
511 3903 701 3961 capere
727 3893 947 3957 possent.
979 3882 1110 3938 Buu.

206 3980 344 4053 Cujus
365 3983 633 4053 originem,
662 3987 769 4053 etc.
802 3977 927 4031 llaec
955 3974 1117 4053 verba
1140 3981 1327 4053 extant
1348 3970 1708 4053 in_:_tntiqni§s.

152 4040 325 4120 Bonan,
355 4040 464 4109 ms:
481 4065 537 4109 et
590 4040 631 4107 1⁷
674 4051 912 4105 Clarum.
954 4056 1020 4120 Aet
1056 4047 1122 4120 Ain
1159 4045 1327 4120 editis
1382 4040 1603 4120 Thom},
1637 4040 1706 4098 ls.

151 4113 502 4196 Tltys.,'Gall.,
553 4121 755 4196 Spark.
799 4131 855 4177 et
896 4117 1108 4175 Walch.
1158 4118 1210 4171 in
1242 4116 1453 4196 ueteris
1491 4113 1705 4196 desunt.

154 4186 399 4252 Ea'tameu
422 4186 715 4252 retinenda
763 4199 909 4257 sunt,
953 4200 1067 4245 tum
1113 4198 1330 4259 propter
1365 4186 1708 4257 elegantiam,

155 4272 243 4341 tuo)
266 4269 401 4341 quod
428 4278 551 4339 apte
578 4274 888 4341 congruunt
925 4278 1045 4319 cum
1077 4277 1133 4316 re
1155 4260 1222 4341 de
1244 4276 1349 4341 qua
1387 4260 1473 4341 hic
1498 4259 1708 4341 agitur.

208 4329 519 4395 ltfhumutn.
575 4329 928 4394 Heuiuannus
974 4343 1120 4389 recte
1166 4332 1371 4402 iudicat
1425 4329 1712 4402 delendum

154 4423 250 4466 esse
270 4413 335 4481 in,
367 4406 509 4483 quod
529 4412 685 4483 juxta
728 4407 989 4464 Lactantii
1020 4401 1259 4476 phraSim
1279 4401 1580 4473 elegantius
1606 4409 1708 4455 est.

210 4505 328 4561 Eunt
347 4525 459 4563 vero
475 4523 539 4564 ea:
565 4507 722 4560 humo
749 4505 1083 4565 subleuatum,
1112 4509 1218 4556 etc.
1238 4499 1372 4553 Cum
1396 4493 1710 4559 Thomasio,
1740 4493 1792 4555 D

154 4586 196 4631 et
218 4593 275 4649 ex
298 4595 421 4635 mss.
450 4580 485 4637 9
535 4579 697 4649 Reg,
728 4578 754 4632 l
775 4576 1034 4649 ABononz.
1060 4573 1254 4649 anti_q.,
1297 4570 1330 4625 5
1359 4567 1541 4649 Culb.,
1560 4566 1706 4649 gos-

156 4648 293 4717 toch.,
319 4652 451 4718 PaL,
475 4638 731 4708 Cantab}.
762 4646 951 4718 Cauta,
984 4645 1134 4708 Jun.,
1159 4642 1322 4718 Ulth
1362 4640 1531 4718 tribus
1560 4638 1709 4718 van.

155 4711 295 4785 canis,
318 4733 371 4778 et
388 4711 476 4778 ed.
508 4724 670 4777 Rom.
706 4718 876 4782 M70,
905 4715 1225 4779 Genevensi,
1257 4712 1447 4785 Torn._,
1483 4711 1709 4777 Soubr.,

158 4789 232 4857 ls.,
255 4783 389 4850 hunc
412 4796 591 4850 lucum
624 4794 697 4847 ita
741 4790 1027 4861 legendum
1060 4801 1181 4861 esse
1211 4783 1482 4861 contendo
1507 4825 1519 4847 ,
1564 4796 1670 4861 non
1694 4824 1709 4848 ,

158 4871 203 4917 ut
222 4852 398 4922 'vitiose
424 4867 474 4921 in
507 4866 669 4922 editis
693 4852 1257 4934 plcrisque,4enimvera
1279 4872 1347 4934 ea;
1368 4856 1520 4934 Imma
1541 4852 1712 4934 subte-

156 4937 264 4990 varit
288 4952 304 4991 :
327 4939 499 4993 nullus
521 4925 718 4992 sensus
748 4925 890 5001 erit;
910 4933 953 4987 si
972 4925 1099 4985 haec
1123 4927 1281 4985 lectio
1307 4928 1387 5001 sit
1403 4925 1712 5001 retinenda;

158 5015 198 5059 et
222 5007 484 5064 dicendum
514 5019 662 5065 esset
684 5006 805 5063 ideo
836 4997 1108 5059 hominem
1148 5016 1269 5056 csse
1304 4999 1504 5054 animal
1553 4997 1714 5052 ratio-

158 5077 227 5133 nis
245 5096 417 5149 capax,
447 5083 571 5151 quia
603 5081 766 5145 Deus,
796 5093 920 5133 eum
944 5074 1332 5151 sublevavitex
1361 5071 1547 5151 humo,
1575 5066 1718 5139 quod

159 5142 416 5221 absurdum
446 5142 570 5209 esse
622 5142 765 5221 patet
822 5151 875 5204 in
924 5146 1139 5203 caeteris
1180 5142 1542 5207 animalibus,
1585 5155 1720 5221 qua:

160 5220 337 5279 etiamsi
364 5239 427 5281 ex
469 5212 637 5278 humo
665 5230 950 5289 constent,
982 5232 1090 5273 non
1125 5226 1302 5271 tamen
1345 5223 1470 5270 sunt
1498 5212 1721 5268 rationis

160 5298 366 5362 capacia.
400 5295 483 5351 Ex
502 5295 768 5353 GALLAEO.

220 5388 383 5445 erci.
412 5392 548 5449 Vide
569 5392 850 5448 Platonem
874 5390 926 5444 in
954 5386 1168 5459 Cratylo
1194 5394 1248 5456 et
1268 5385 1320 5440 in
1344 5383 1582 5449 Timaeo;
1611 5389 1721 5436 tum

162 5461 297 5517 ctiam
322 5462 599 5519 Philonem
630 5463 896 5520 Judaeum.

226 5551 367 5610 Nobis
401 5556 580 5610 datum
615 5567 755 5611 est...
788 5554 967 5627 rigidis
995 5570 1052 5607 ac
1075 5549 1569 5627 stantibusjutueri.
1606 5547 1729 5627 Dic-

166 5630 277 5689 tum,
312 5638 367 5682 ttt
407 5629 495 5683 illa
535 5627 752 5691 Claud.,
786 5620 878 5682 lib.
912 5628 1028 5691 1,in
1074 5624 1253 5680 Ruﬁn.
1301 5621 1509 5677 Natura
1558 5620 1728 5675 beatis

164 5698 361 5754 omnibus
385 5716 488 5755 esse
512 5699 700 5766 dedit;
733 5700 787 5755 id
817 5708 922 5762 est,
956 5708 1148 5753 natura
1175 5696 1428 5766 omnibus
1458 5692 1731 5766 concessit

167 5778 268 5822 esse
289 5768 485 5828 beatos.
521 5764 705 5828 Horat.
736 5788 776 5838 ι,
824 5774 1028 5833 Serm.,
1060 5769 1116 5841 4,
1139 5768 1208 5826 56
1240 5785 1254 5824 :
1289 5765 1526 5822 Dederim
1551 5764 1732 5836 quibus

169 5851 255 5893 esse
280 5845 457 5913 poetis;
490 5843 562 5902 de
586 5843 705 5902 Art.
731 5852 874 5917 poet.
906 5841 1011 5899 572
1037 5859 1048 5895 :

2154 3075 2487 3142 mediocribus
2507 3090 2621 3142 esse
2644 3082 2805 3142 poetis

1966 3139 2075 3191 Non
2098 3138 2346 3202 homines,
2369 3153 2469 3190 non
2491 3140 2562 3202 di,
2583 3138 2680 3192 no'n
2705 3155 3005 3197 concessere
3029 3146 3287 3202 columnae.

1885 3246 2109 3326 Rigjdis.
2155 3245 2208 3326 l_d
2235 3255 2317 3326 est
2345 3246 2516 3326 rectis.
2544 3246 2662 3326 Li‘b.
2689 3263 2809 3326 Ire.
2846 3250 2946 3326 l7;
2969 3251 3243 3326 Hominem
3291 3257 3416 3326 rigi-

1811 3324 1931 3402 dum
1956 3317 2214 3402 ﬁguravit.
2241 3317 2319 3402 Ile
2338 3317 2480 3389 Opil‘.
2517 3333 2566 3374 c.
2593 3320 2662 3377 8:
2698 3319 2852 3375 Hunc
2871 3322 2941 3377 ad
2966 3325 3081 3380 caeli
3104 3317 3417 3402 contempia-

1814 3389 2009 3446 tionem
2039 3390 2218 3444 erexit.
2254 3389 2386 3445 BUN.

1886 3462 2162 3527 Quoniam.
2198 3461 2286 3515 Sic
2313 3477 2380 3517 ex
2408 3477 2540 3518 mss.
2576 3477 2747 3533 prope
2773 3464 3026 3522 omnibus
3057 3470 3413 3529 restituimus.

1812 3534 1869 3589 lu
1899 3534 1931 3587 4
1967 3532 2362 3608 recentioribus
2380 3542 2446 3608 et
2491 3535 2542 3588 in
2577 3532 2807 3608 vulgatis
2838 3547 3122 3608 est‘quem.
3172 3541 3299 3599 Haec
3331 3554 3413 3599 ta-

1813 3606 2126 3685 tnerrlcctio
2150 3619 2255 3659 non
2279 3606 2721 3685 estinconcinua.
2751 3607 2809 3662 In
2831 3623 2849 3663 1
2874 3606 3108 3666 Clarum.
3142 3617 3282 3685 quia.
3307 3615 3415 3673 Sed

1813 3677 2190 3747 amplectimur
2218 3676 2394 3747 potius
2422 3692 2554 3732 mss.
2589 3678 2825 3735 codices.

1814 3820 1863 3875 le
1902 3748 2012 3873 fit.
2070 3748 2145 3873 Illa
2174 3763 2365 3804 omnes
2410 3764 2540 3805 mss.
2573 3760 2631 3808 et
2664 3762 2770 3807 vel.
2803 3750 2925 3808 edd.
2948 3752 3006 3809 In
3036 3756 3104 3810 12
3133 3757 3415 3830 impressis

1866 3837 1916 3875 ut
1946 3835 2008 3875 ur
2033 3837 2084 3875 es
2112 3860 2126 3875 .

1834 3830 2008 3890 egitur
2033 3830 2126 3876 est.

1891 3890 1962 3948 Ut
1987 3892 2062 3960 id,
2094 3892 2176 3946 cui
2227 3893 2484 3947 dominari
2508 3893 2673 3961 debet,
2706 3895 2952 3952 imitetur.
2984 3897 3058 3953 Ita
3104 3902 3417 3960 emendavi-

1817 3979 1936 4048 [ρης.
1981 3980 2069 4048 ex“
2093 3979 2226 4019 mss.
2262 3965 2562 4048 .Ctidicib'us
2614 3966 2819 4048 Regiis,
2873 3968 3289 4048 gorgon._antiq.
3311 3976 3356 4048 ,ᾗ
3382 3975 3417 4032 6

1814 4036 1997 4113 Col_b.,
2029 4034 2220 4113 gnum,
2254 4035 2403 4113 Jun.,
2468 4034 2848 4113 Ultrlljips,
2898 4042 3035 4113 ξομ,
3090 4034 3420 4113 Ρθιι.,”1ἱόε·

1818 4109 2000 4186 Lech”
2033 4107 2296 4174 Tornes.,
2320 4109 2548 4186 _Betul._,
2595 4107 2865 4186 Clarum._._
2889 4107 3239 4186 Cantabrig,
3265 4118 3414 4185 Em.,

1819 4178 2099 4261 protrahet
2125 4186 2232 4261 v_et.
2266 4181 2424 4261 editis
2451 4182 2486 4237 5
2513 4182 2794 4261 Romanis,
2819 4183 3024 4261 feriet:
3046 4178 3413 4261 “QQ—Paris;

1818 4251 1980 4326 [59.5,
2008 4250 2238 4326 Graph.,
2270 4252 2764 4326 Be_tul.,_‘Autuerp.
2811 4255 2972 4321 1559,
3004 4258 3100 4326 13.,
3132 4250 3331 4317 Cellar.
3353 4279 3420 4318 ac

1818 4321 2110 4404 βοηθῇ-διά
2141 4339 2311 4395 marg.
2339 4324 2395 4404 In
2422 4324 2582 4404 editis
2610 4321 2724 4404 rec:
2754 4336 2879 4382 octo
2904 4338 3006 4394 est,
3036 4321 3100 4385 ne
3124 4332 3208 4397 id,
3229 4347 3415 4404 prave.

1817 4393 2135 4477 Legettduru
2158 4393 2432 4477 essentid
2461 4398 2659 4477 asserit
2686 4397 2848 4477 Isaeus
2863 4412 2918 4477 e_t
2941 4393 3119 4477 textus
3150 4393 3265 4475 ipse
3285 4421 3418 4463 con-

1817 4467 2015 4549 vincit,
2051 4467 2305 4523 videlicet
2340 4477 2399 4523 ut
2437 4469 2649 4549 animus
2679 4470 2940 4549 erigendo
2971 4486 3031 4528 se
3055 4473 3123 4529 ad
3168 4467 3367 4534 caelum
3396 4520 3414 4548 ,

1818 4540 2062 4612 imitetur
2087 4549 2297 4612 statum
2322 4540 2570 4612 corporis
2597 4542 2742 4612 quod
2772 4540 3016 4601 erectum
3045 4556 3148 4601 est.

1890 4610 2051 4674 Quasi
2066 4627 2200 4666 vero.
2218 4609 2539 4666 Addidimus
2554 4609 2671 4668 vero
2689 4629 2756 4669 ex
2774 4629 2904 4670 mss.
2926 4616 3203 4674 codiCibus
3214 4629 3267 4675 et
3280 4619 3413 4677 edit.

1816 4680 2422 4764 Sottbron.§t_Torttes.
2456 4685 2608 4764 Quod
2650 4693 2829 4764 tamen
2859 4687 3014 4743 deest
3061 4692 3117 4764 in
3147 4693 3411 4764 vulgatis.

1888 4752 2075 4834 igitur.
2095 4753 2426 4834 Rohanneus
2452 4755 2622 4834 codex
2661 4757 2790 4828 legit
2816 4775 2956 4834 ergo,
2971 4761 3119 4834 quod
3144 4752 3283 4819 idem
3312 4774 3412 4820 est.

1857 4826 2014 4907 .Nan
2042 4826 2177 4907 ipsa,
2209 4826 2464 4907 inquiunt,
2512 4826 2763 4907 timemus,
2789 4826 2894 4907 ech
2927 4826 3203 4907 Sic‘etiam
3246 4834 3419 4892 Euse-

1817 4895 1969 4980 bius,
2018 4899 2226 4980 praefat.
2270 4895 2367 4954 lib.
2400 4914 2475 4966 1v,
2508 4899 2826 4980 rel'ert_hoc
2852 4900 3158 4980 Gentilibus
3196 4906 3416 4976 planum

1818 4965 2305 5053 fuisse,_'intagines
2354 4985 2464 5053 non
2510 4972 2828 5053 esse__deos.
2869 4974 3038 5029 Verba
3081 4965 3214 5045 ejus'
3246 4988 3413 5035 sunt:

1842 5050 1932 5127 91-:
2072 5035 2244 5097 οὖν-οὐ
2278 5043 2377 5127 θεοὶ
2400 5039 2593 5125 ἅψυχᾳ
2610 5043 2785 5127 gentm.
2816 5049 3063 5127 «pungui;
3090 5035 3175 5127 ξαὶ
3200 5050 3417 5127 ριρτοῖς.

1823 5111 2083 5192 ξθμῃίίρῐη
2130 5111 2747 5192 θχοθρεὶᾳηεὶῃςῦίόθεὶξ
2777 5111 3153 5192 apud'_Arnob_.
3200 5120 3297 5176 lib.
3343 5111 3418 5192 vi,

1822 5181 2042 5260 Qriggn.
2072 5181 2445 5255 contraCels.,
2474 5186 2566 5242 lib.
2599 5200 2696 5253 vn,
2722 5181 3006 5260 Augustin.
3050 5191 3103 5246 in
3120 5190 3209 5247 Ps.
3234 5181 3420 5258 CXIII;

1953 5255 2213 5313 GALLEO.

1899 5326 2096 5383 Eorum
2121 5329 2428 5385 nominibus.
2459 5329 2550 5386 Sic
2577 5331 2917 5400 reposuimus
2944 5347 3011 5389 ex
3040 5347 3173 5391 mss.
3199 5343 3255 5391 et
3284 5335 3416 5393 edit.

1829 5401 2057 5456 Tornes.
2077 5416 2164 5476 _ac
2192 5401 2462 5476 soubron.
2493 5400 2634 5470 quod
2674 5405 2954 5476 venustius
2982 5417 3067 5461 est
3110 5422 3270 5476 quam
3301 5409 3425 5465 deo-

1828 5490 1965 5540 rum,
1996 5471 2127 5546 utin
2153 5473 2383 5546 vulgatis
2407 5488 2528 5546 cum
2560 5488 2662 5546 vox
2695 5474 2767 5528 dii
2808 5491 2930 5532 mox
2975 5471 3330 5546 praecesserit.
3354 5512 3427 5522 —

1831 5544 2196 5617 Advocatis....
2228 5545 2533 5617 nominibus.
2566 5543 2657 5600 Sic
2683 5563 2872 5604 omnes
2900 5543 3045 5614 libri,
3072 5548 3124 5603 id
3145 5561 3228 5605 est
3246 5593 3261 5617 ,
3285 5553 3429 5608 inva-

1833 5615 2215 5689 catisaltcrum
2243 5616 2397 5683 infra,
2429 5614 2656 5689 Nomina
2679 5618 2910 5688 precibus
2932 5621 3202 5677 advocare.
3222 5614 3340 5679 Lib.
3370 5640 3427 5689 ιι,

1834 5688 2019 5765 cap.__5
2048 5705 2061 5741 :
2096 5686 2289 5765 Quibus
2323 5704 2574 5765 quantque
2603 5686 2860 5765 (stellanti)
2911 5692 3222 5762 nominibus,
3252 5686 3432 5765 quibus

1836 5760 2067 5833 precibus
2089 5758 2406 5836 alligamus.
2433 5758 2630 5819 Lexica
2653 5761 2797 5819 hunc
2818 5758 3179 5836 signiﬁcatum
3207 5758 3315 5824 non
3338 5769 3436 5829 ob-

1837 5830 2135 5893 servarunt.
2168 5830 2300 5888 Bun.
