3986 6358
202 335 290 393 265

1226 326 1432 384 LIBER
1470 324 1532 381 Il.
1577 324 1666 380 DE
1696 320 1980 380 ORIGINE
2020 318 2342 377 ERRORIS.

3344 320 3449 375 266

197 450 354 512 homo,
381 443 466 501 sed
492 440 720 498 hominis
743 440 1144 513 receptaculum
1169 448 1290 507 est;
1321 441 1478 512 cujus
1504 439 1742 509 qualitas
1773 444 1820 501 Α
1848 437 2092 493 excelsos
2112 437 2324 491 animos
2349 433 2595 501 avocari,
2623 441 2784 504 atque
2812 431 2867 489 in
2897 441 3099 489 terram
3122 433 3330 506 premi,
3354 435 3451 492 sed

197 549 244 597 et
262 541 432 610 figura,
461 550 562 591 non
584 550 651 590 ex
683 533 1031 590 lineamentis
1053 534 1254 589 vasculi
1282 549 1391 604 quo
1417 533 1741 596 continetur,

199 633 282 691 sed
307 649 366 689 ex
389 630 535 687 factis
559 637 614 686 et
638 628 881 684 moribus
910 626 1249 698 pervidetur.
1273 626 1375 695 Qui
1408 640 1537 697 ergo
1564 624 1750 680 colunt

198 726 471 788 simulacra,
497 737 722 794 corpora
750 732 876 777 sunt
901 720 1212 777 hominibus
1235 719 1499 786 carentia,
1538 718 1658 788 quia
1691 732 1751 772 se

196 816 531 890 corporalibus
578 814 937 880 dediderunt,
993 828 1096 870 nec
1142 813 1326 869 vident
1376 812 1495 881 plus
1548 808 1751 881 aliquid

195 923 349 971 mente
394 926 548 983 quam
594 923 851 980 corpore;
897 923 1018 964 cum
1064 907 1140 963 sit
1176 906 1343 962 animi
1408 904 1643 960 officium
1688 918 1751 958 ea

194 1010 413 1069 subtilius
432 1021 673 1070 cernere.
703 990 825 1077 qusi
845 1004 992 1060 acies
1014 1002 1316 1075 corporalis
1345 1015 1452 1057 non
1475 1008 1653 1071 potest
1674 999 1756 1053 in-

196 1102 333 1161 tueri.
359 1104 501 1168 Quos
531 1098 779 1155 homines
808 1097 952 1152 idem
982 1095 1079 1152 ille
1118 1093 1475 1166 philosophus
1505 1107 1570 1146 ac
1599 1099 1754 1163 poeta

191 1195 396 1268 gravitrr
426 1202 657 1259 accusat,
705 1202 978 1263 tamquam
1017 1189 1249 1244 humiles
1275 1195 1331 1243 et
1372 1187 1636 1256 abjectos,
1666 1186 1753 1253 qui

195 1296 353 1344 COI'III'ZI
382 1293 578 1340 ΙΙῧῑυΓίῐι
604 1299 718 1341 suae
739 1284 1003 1338 I'DIIOIIE‘I'II
1026 1282 1092 1337 ad
1124 1279 1429 1336 veneranda
1462 1288 1674 1334 terrena
1700 1292 1760 1332 SC

194 1390 503 1454 prosternant
535 1398 549 1436 :
580 1379 657 1435 ait
698 1379 842 1435 enim
872 1375 1125 1451 (Lucret.,
1152 1375 1242 1431 lib.
1272 1391 1323 1429 vi
1352 1374 1415 1429 de
1446 1371 1652 1427 Natura
1675 1386 1761 1424 re-

190 1492 305 1540 rum,
334 1491 377 1529 υ.
411 1473 501 1543 5|)
531 1490 543 1527 :

291 1587 345 1639 Et
363 1587 536 1639 faciunt
550 1587 741 1636 animos
762 1584 978 1635 humiles
1000 1582 1266 1633 formidine
1285 1581 1474 1644 divum,

293 1651 663 1715 Depressosque
690 1656 923 1713 premunt
943 1647 1004 1696 ad
1025 1654 1229 1697 terram.

242 1760 382 1816 Aliud
404 1758 752 1831 quidemille,
771 1773 894 1814 cum
928 1756 1043 1813 haec
1069 1756 1293 1823 diceret,
1314 1752 1613 1819 sentiebat;
1631 1748 1765 1806 nihil

1851 529 1986 585 nihil
2009 528 2153 585 aliud
2184 543 2343 599 quam
2371 528 2616 585 caelestia
2648 527 2911 598 cogitare.

1920 622 2249 694 Impugnatm
2289 632 2414 677 sunt
2444 637 2573 694 ergo
2597 638 2626 675 a
2652 622 3087 693 prudentioribus
3128 624 3276 680 falsae
3319 625 3450 681 reli-

1851 715 2060 786 giones,
2080 714 2203 786 quia
2231 715 2669 770 sentiebantesse
2696 713 2858 769 falsas
2883 732 2896 769 :
2922 715 3016 770 sed
3040 730 3145 770 non
3168 725 3249 771 est
3266 717 3454 773 induc-

1856 820 1905 865 ta
1927 826 2075 875 vera,
2103 809 2227 881 quia
2241 808 2435 880 qualis,
2468 816 2561 863 aut
2588 808 2678 864 ubi
2705 818 2871 869 esset.
2900 809 3237 879 ignorabant.
3270 812 3456 883 Itaque

1854 904 1936 960 sic
1975 903 2307 968 habuerunt,
2352 910 2605 972 tanquam
2654 902 2799 957 nulla
2848 913 2992 958 esset
3039 904 3295 968 omnino,
3328 907 3454 977 quia

1858 1010 2037 1051 veram
2062 1009 2169 1049 non
2203 1002 2451 1064 poterant
2480 993 2745 1048 invenire.
2781 993 2851 1048 Et
2878 1009 2945 1050 eo
2968 995 3127 1051 modo
3150 997 3457 1054 inciderunt

1859 1086 1913 1141 in
1959 1101 2200 1141 errorem
2233 1085 2404 1141 multo
2435 1084 2696 1155 majorem
2743 1100 2902 1155 quam
2934 1086 3011 1141 illi
3039 1087 3131 1157 qui
3160 1088 3346 1144 falsam
3382 1101 3459 1145 te-

1860 1179 2082 1235 nebant.
2128 1178 2259 1233 Nam
2290 1179 2375 1233 isti
2427 1178 2692 1250 fragilium
2735 1179 3004 1247 cultores,
3061 1184 3306 1249 quamvis
3352 1187 3461 1239 sint

1863 1272 2064 1342 inepti,
2112 1271 2234 1343 quia
2256 1273 2496 1328 scelestia
2523 1273 2859 1327 constituunt
2888 1273 2938 1326 in
2988 1273 3149 1328 relms
3191 1278 3461 1345 corrupti-

1864 1362 2059 1418 bilibus
2083 1372 2242 1433 atque
2273 1364 2532 1428 terrenis,
2563 1364 2763 1434 aliquid
2810 1376 2984 1419 tamen
3014 1366 3292 1434 sapientiae
3323 1371 3457 1424 reti-

1864 1464 2016 1523 nent,
2046 1465 2100 1511 et
2131 1454 2331 1511 habere
2358 1456 2566 1510 veniam
2602 1466 2845 1526 possunt,
2876 1458 2999 1527 quia
3041 1473 3310 1514 sununum
3360 1462 3459 1516 lto-

1864 1550 2024 1604 minis
2051 1547 2309 1613 officium,
2342 1549 2441 1603 etsi
2486 1565 2589 1602 non
2636 1549 2834 1617 reipsa,
2868 1559 3043 1606 tamen
3077 1553 3355 1621 proposito
3382 1563 3460 1608 te-

1868 1650 2032 1698 nent:
2058 1641 2322 1713 siquidem
2352 1640 2630 1697 hominum
2655 1651 2815 1711 atqne
2835 1653 3129 1712 mutorum,
3163 1646 3243 1699 vel
3269 1646 3463 1714 solum,

1870 1734 1955 1791 vel
1999 1744 2147 1789 certe
2195 1733 2486 1788 maximum
2518 1735 2569 1787 in
2615 1734 2874 1806 religione
2914 1734 3204 1791 discrimen
3248 1746 3351 1793 est.
3400 1737 3468 1793 lii

200 1859 359 1929 utique
390 1870 507 1912 esse
531 1853 842 1919 colendum,
872 1853 998 1924 quia
1040 1851 1112 1907 dii
1158 1851 1387 1905 humana
1414 1864 1521 1903 ηοη
1551 1854 1759 1903 curem.
1796 1847 1844 1907 Β
1871 1842 1998 1884 vero
2025 1836 2225 1896 quanto
2250 1826 2461 1882 fuerunt
2491 1827 2867 1897 sapientiores,
2899 1828 3043 1898 quod
3081 1828 3470 1887 intellexerunt

249 1948 469 2019 Denique
520 1946 633 2001 alio
683 1946 803 2000 loco
856 1944 1146 2015 religiones
1197 1942 1422 1997 deorum
1473 1947 1529 1995 et
1581 1938 1758 1994 cultus

195 2038 331 2094 inane
354 2051 471 2094 esse
511 2034 751 2093 officium
799 2034 1087 2091 confitetur
1114 2030 1341 2106 (Idem,
1374 2030 1465 2086 lib.
1494 2046 1562 2094 v,
1591 2027 1658 2083 ad
1704 2026 1766 2081 li-

201 2148 305 2188 nem
319 2130 362 2203 ):

261 2230 355 2297 δερ
375 2234 532 2297 pietas
549 2230 777 2297 aliaest,
798 2229 1016 2281 velatum
1040 2241 1174 2293 saepe
1198 2228 1358 2279 videri

260 2288 459 2357 Vertere
482 2309 539 2345 se
562 2295 627 2344 ad
653 2288 887 2357 lapidem,
905 2300 1056 2355 atque
1082 2288 1258 2342 omnes
1279 2290 1525 2357 accedere
1547 2288 1606 2357 ad
1631 2301 1765 2354 aras,

260 2356 316 2421 Et
331 2358 661 2421 procumbere
677 2352 813 2421 humi
840 2352 1160 2419 prostratum,
1184 2354 1478 2421 etpauderc
1499 2352 1685 2416 palmas

262 2416 380 2471 Ante
403 2421 551 2470 deum
572 2417 816 2481 delubra,
842 2416 935 2467 nec
958 2430 1067 2466 aras
1085 2416 1329 2481 sanguine
1346 2416 1500 2465 multo

264 2484 504 2547 Spargere
524 2481 929 2547 quadrupedum,
948 2493 1044 2529 nec
1069 2481 1195 2530 votis
1217 2484 1425 2530 nectere
1451 2483 1582 2529 vota.

185 2586 294 2656 Qua:
322 2588 553 2660 proiecto
577 2586 627 2644 si
653 2600 807 2643 cassa
836 2594 983 2652 sunt,
1032 2597 1138 2639 non
1167 2591 1382 2654 oportet
1407 2581 1667 2639 sublimes
1712 2587 1771 2637 et

1869 1921 2019 1977 falsae
2049 1920 2325 1992 religionis
2352 1934 2616 1984 errorem,
2652 1929 2798 1974 tanto
2825 1918 2949 1975 facti
2991 1931 3113 1975 sunt
3145 1922 3460 1988 stultiores,

1867 2015 2009 2088 quod
2053 2030 2173 2071 esse
2215 2014 2450 2085 aliquam
2498 2028 2675 2069 veram
2731 2029 2836 2068 non
2880 2023 3216 2083 putaverunt.
3272 2015 3459 2087 Itaque

1868 2108 2121 2181 quoniam
2165 2106 2372 2161 facilius
2415 2116 2499 2161 est
2541 2105 2607 2160 de
2646 2106 2835 2161 alienis
2859 2105 3102 2175 judicare
3127 2148 3143 2174 ,
3182 2123 3342 2179 quam
3392 2108 3462 2167 de

1869 2203 2018 2266 suis;
2050 2201 2179 2256 dum
2207 2199 2432 2255 aliorum
2464 2197 2822 2268 praecipitium
2853 2199 3075 2267 vident',
3106 2215 3213 2255 non
3247 2216 3469 2272 prospe-

1869 2301 2066 2350 xerunt
2090 2290 2217 2363 quid
2242 2301 2367 2346 ante
2390 2303 2517 2344 suos
2543 2289 2709 2359 pedes
2739 2298 2908 2345 esset.
2942 2289 2997 2345 lu
3030 2301 3257 2363 utraque
3303 2294 3467 2365 igitur

1873 2396 2052 2459 parte,
2084 2394 2139 2440 et
2165 2397 2378 2440 summa
2402 2381 2626 2437 stultitia
2666 2382 2936 2438 invenitur
2956 2424 2971 2449 ,
3003 2392 3059 2438 et
3083 2383 3219 2439 odor
3248 2385 3466 2456 quidam

1872 2479 2150 2551 sapientiae
2178 2493 2193 2532 :
2224 2485 2282 2531 ut
2307 2475 2479 2547 possis
2497 2473 2766 2541 dubitare,
2792 2488 2927 2542 quos
2943 2473 3092 2530 dicas
3118 2477 3461 2545 potissimum

1874 2574 2188 2640 stultiores,
2232 2570 2423 2626 illosne
2448 2567 2540 2640 qui
2569 2566 2762 2624 falsam
2793 2568 3109 2641 religionem
3137 2572 3470 2644 suscipiunt,

1529 2717 1893 2779 VARIORUM
1928 2713 2163 2773 NOTAE.

247 2867 354 2923 Non
378 2870 544 2924 homo.
582 2867 664 2924 De
694 2866 798 2922 hoc
826 2862 952 2921 vide
997 2877 1160 2935 supra
1206 2876 1323 2932 cap.
1370 2862 1424 2927 1,
1478 2859 1584 2916 col.
1616 2857 1726 2914 255
1750 2898 1766 2926 ,

189 2954 218 2994 n

222 2949 458 3081 0iiorpora
483 3020 602 3067 sunt
632 3008 923 3081 hominibus
962 3005 1325 3081 carentia._Sic
1370 3001 1656 3081 legendum
1687 3008 1769 3081 est

190 3073 445 3139 hominibus
492 3099 556 3139 ex
610 3095 744 3136 mss.
775 3081 812 3133 ἓ
858 3080 1091 3145 Bonum,
1142 3078 1177 3132 9
1222 3077 1377 3147 Reg,
1425 3073 1768 3147 5gVatic._.__5

1879 2850 2162 2909 calestibus
2186 2848 2432 2902 intentam
2458 2844 2669 2900 bonis...
2703 2844 2765 2899 ab
2803 2845 3176 2905 immortalibus
3213 2853 3318 2909 suis
3340 2854 3484 2914 bouis

1879 2924 2122 2980 avocari.
2153 2921 2438 2976 Bassum.

1953 2995 2021 3050 Et
2044 3012 2100 3049 eo
2125 2993 2296 3047 modo.
2331 2989 2421 3045 Sic
2444 2988 2730 3059 legendum
2754 3004 2875 3044 esse
2899 3006 3019 3045 cum
3053 2991 3327 3051 Tltomasio
3355 3013 3485 3054 cen-

1876 3085 1971 3127 seo
1993 3084 2056 3123 ex
2087 3066 2319 3123 Bonon..
2350 3060 2511 3120 Ultr..
2541 3060 2577 3114 2
2618 3060 2808 3124 Brun.,
2839 3062 3066 3130 aliisque
3093 3080 3245 3126 mss..
3281 3080 3337 3122 ut
3361 3086 3486 3127 sen-

772 3132 915 3230 Pgli,
939 3132 1161 3230 Dens}
1195 3132 1451 3211 Sorbon.,
1476 3142 1770 3230 Lipsunl-
1798 3166 1844 3230 ρ
1875 3156 1970 3197 sus
2014 3141 2126 3230 sit,-
2177 3132 2421 3230 refutatis
2461 3132 2612 3187 falsis
2656 3132 3007 3230 religionibus
3051 3145 3117 3230 etl
3154 3139 3483 3230 nullaicertn

189 3216 602 3290 ιτ.,1’01οι·οηί.,
643 3216 1065 3290 Eni.,Cantab.,
1100 3221 1264 3275 Brun.
1310 3231 1363 3274 et
1410 3234 1479 3290 ex
1525 3216 1769 3290 pluribus

193 3287 361 3369 editis;
388 3313 503 3369 qua:
526 3287 633 3352 vox
681 3287 822 3369 idem
872 3304 1030 3369 sonat
1072 3292 1216 3364 quod
1259 3289 1528 3345 animabus
1570 3289 1623 3342 in
1671 3287 1771 3369 hac

189 3360 555 3426 Platonicbrum
585 3367 880 3423 sententia.
913 3365 969 3421 In
999 3364 1035 3418 4
1068 3360 1198 3418 mss.
1239 3378 1350 3418 rec.
1386 3371 1441 3416 et
1491 3360 1770 3415 nonnullis

188 3439 323 3495 editis
349 3450 428 3497 est
449 3439 759 3502 animabus;
802 3437 896 3491 sed
946 3436 1228 3498 legendum
1282 3432 1592 3497 hominibus,
1626 3429 1771 3502 quod

192 3520 264 3566 est
283 3513 442 3567 multo
466 3512 775 3581 elegantius
801 3507 1338 3581 justaThomasinm;
1368 3505 1603 3581 hominis
1625 3503 1770 3581 enim

190 3584 447 3639 essentiam
486 3594 541 3639 et
555 3571 838 3638 rationem
870 3579 922 3634 in
954 3581 1129 3633 anima
1162 3579 1346 3631 statuit
1373 3577 1624 3631 Plato.—
1640 3571 1771 3629 Cor-

191 3670 357 3722 pora...
374 3656 662 3710 hominibus
679 3653 925 3707 carentia.
949 3649 1258 3707 Lactantius
1278 3649 1526 3722 audiatur
1542 3646 1609 3702 de
1629 3644 1771 3722 Qpif.

189 3718 230 3779 ὸ.
258 3728 278 3781 l
308 3728 531 3798 :Corpus
557 3742 652 3780 uas
677 3734 819 3798 est...
838 3740 939 3794 quo
981 3723 1203 3798 animus,
1238 3722 1295 3774 id
1322 3729 1416 3798 est_
1444 3718 1619 3798 ltomo_
1662 3718 1777 3798 ipse

188 3811 329 3853 verus
353 3788 659 3854 continetur.
693 3795 825 3851 Ibid.
851 3788 974 3865 cap.
1010 3795 1077 3849 l9
1100 3811 1113 3847 :
1134 3791 1571 3865 Corpusculum...
1604 3788 1780 3865 homi-

190 3870 260 3922 nis
307 3870 677 3940 receptaculum
722 3877 794 3921 est
817 3860 977 3940 ,_lib.
1035 3881 1087 3931 v,
1121 3860 1246 3936 cap.
1280 3864 1347 3918 ‘21
1385 3862 1642 3917 :Animus
1670 3903 1684 3929 ,
1723 3860 1777 3914 in

189 3956 274 4011 quo
301 3938 499 3998 solo'est
527 3943 704 4003 homo,
726 3950 830 3993 etc.
849 3938 1131 4011 Daunum.

248 4011 569 4067 Dediderunt.
602 4012 689 4067 Ita
712 4010 920 4065 restitui
960 4025 1026 4064 ex
1072 4004 1202 4064 edit.
1248 4006 1317 4062 Is.
1347 4014 1402 4061 et
1428 4004 1639 4061 cunctis
1665 4002 1781 4060 fere

339 4084 390 4139 In
422 4085 457 4138 Ξ
481 4080 977 4149 ϐοιὺετιηοεθυοη
1011 4079 1240 4134 Cantab.
1277 4089 1329 4133 et
1358 4079 1410 4132 in
1437 4077 1668 4148 vulgatis
1699 4084 1785 4131 est

223 4172 246 4209 ε
280 4166 437 4209 erunt.

223 4166 437 4212 ederunt.

256 4229 393 4283 Acies
439 4227 754 4301 corporalis.
786 4225 907 4281 Lib.
939 4239 1038 4291 vti,
1073 4238 1220 4301 cap._
1248 4221 1337 4301 1'5,
1385 4220 1560 4301 Quum
1600 4218 1785 4301 mentis

191 4302 317 4355 acies
343 4302 501 4355 multo
531 4289 803 4356 clarior...
836 4313 989 4369 quam
1011 4289 1267 4369 corporis.
1299 4291 1488 4369 Aeietn
1518 4289 1785 4369 deoculis

191 4370 281 4443 dici
333 4372 526 4428 frustra
598 4369 823 4443 quidam
848 4361 873 4443 Ἀ
893 4361 1117 4443 negant;
1171 4365 1291 4443 Ipse
1348 4361 1539 4443 Cicero
1594 4362 1689 4443 lib.
1750 4376 1785 4415 v

192 4440 320 4566 Ιὲἰιι..
345 4459 461 4515 cap.
489 4445 563 4503 28
587 4434 834 4499 {Bonum
856 4434 1129 4496 incolumis
1148 4438 1312 4502 acies,
1348 4435 1535 4490 misera
1556 4434 1782 4490 cazcitas.

232 4530 449 4566 UNEIAN-

232 4530 449 4572 UNEIAN.

262 4584 502 4642 Velatum.
533 4587 636 4643 Ms.
671 4586 696 4641 1
732 4586 942 4641 Bonon.
974 4582 1168 4651 antiq.,
1200 4579 1483 4651 vulgatum.
1515 4576 1621 4633 Sed
1652 4591 1779 4651 vera
1807 4577 1862 4637 D

194 4658 322 4726 prior
360 4659 555 4723 lectio;
606 4659 699 4727 qui
754 4658 897 4712 enim
944 4656 1075 4710 deos
1109 4648 1547 4727 venerabantur,
1579 4648 1779 4727 _velato

192 4720 325 4801 erant
352 4720 550 4801 capite.
575 4720 716 4786 Vide
744 4728 1091 4801 Plutarchum
1112 4723 1542 4801 ,_iv‘Pwua_¢_aoEc;
1577 4720 1776 4786 Plaut.,

195 4793 476 4869 Amphitri;
509 4802 727 4868 Virgil.,
771 4799 864 4855 lib.
892 4814 950 4854 ut
981 4796 1223 4861 Aine-id,
1249 4793 1451 4850 v.'545.

266 4860 539 4929 Vertere'se
566 4860 637 4927 ad
661 4860 906 4943 lapidem.
940 4870 1027 4925 Sic
1064 4870 1183 4939 lego
1212 4882 1334 4943 cum
1368 4862 1637 4919 veteribus
1665 4860 1781 4943 edi.

197 4941 256 4996 tis
283 4943 459 5009 Rom.,
485 4945 682 5009 Torn.;
717 4937 1020 5007 'Soubronq
1056 4937 1392 4995 ac'omnibus
1420 4949 1550 4991 mss.
1585 4942 1781 5009 pra-ter

196 5027 294 5069 rec.
325 5005 465 5082 Em.,
491 5005 724 5071 Cantab.
757 5026 809 5069 et
838 5014 966 5069 edit.
1003 5005 1091 5073 η.
1124 5012 1175 5065 in
1214 5010 1407 5079 quibus
1436 5016 1548 5082 est,
1597 5005 1782 5082 vertier

197 5085 255 5156 ad
281 5075 516 5156 lapidein,
540 5099 600 5143 ut
629 5087 826 5155 legitur
864 5084 1004 5153 apud
1057 5075 1478 5156 Lucretium_.—
1500 5075 1781 5156 Vertierad

198 5146 419 5226 lapid'em.
468 5146 563 5215 Sic
614 5146 741 5212 libri
780 5146 1111 5222 Lucretiani,
1160 5163 1322 5224 atque
1357 5150 1605 5226 Lucretio
1649 5146 1780 5203 illud

198 5224 381 5299 vertier,
406 5231 544 5287 libro
570 5247 588 5284 1
611 5270 626 5294 ,
662 5244 783 5299 pag.
827 5237 881 5282 et
920 5228 957 5282 Ι.
990 5226 1046 5294 2,
1076 5226 1205 5299 aes.
1239 5238 1453 5299 qunque
1503 5224 1776 5299 usitatum.

199 5291 521 5372 I’rzel'eremla
556 5291 718 5372 igitur
734 5291 872 5355 Ἰηεο
898 5291 1045 5364 Aldi,
1088 5291 1269 5372 (Erat,
1303 5291 1529 5368 Gymn.,
1566 5291 1781 5372 Gri_ph.,

201 5368 382 5438 Botul.,
398 5362 793 5439 Bost.,vParis.,
813 5362 1081 5436 Parrbas.,
1099 5362 1326 5426 Tornes.
1341 5362 1553 5439 uertere,
1562 5380 1634 5418 se.
1651 5362 1779 5418 BUN.

267 5441 323 5496 Et
345 5446 690 5515 procumbere.
736 5444 828 5499 Sic
867 5457 997 5497 mss.
1027 5452 1080 5496 et
1118 5442 1246 5515 edit.
1291 5439 1472 5503 Rom.,
1515 5438 1689 5503 Grat.,
1732 5442 1788 5490 et

204 5509 355 5588 Turn:
384 5516 437 5570 In
468 5516 730 5588 vulgatis,
762 5531 854 5588 nec
904 5512 1247 5588 procumbere.

266 5586 493 5642 Arocari.
541 5583 619 5642 lia
645 5585 861 5643 correxi
887 5601 955 5641 ex
980 5583 1185 5639 cunctis
1217 5584 1386 5640 ferme
1416 5597 1545 5637 mss.
1577 5591 1628 5634 et
1675 5586 1781 5633 vet.

207 5653 365 5712 editis.
410 5660 467 5714 1n
496 5660 533 5714 ‘2
560 5673 692 5713 mss.
724 5674 834 5714 rec.
862 5667 917 5712 et
967 5656 1148 5720 editis,
1177 5655 1449 5718 advocari;
1492 5657 1543 5707 in
1594 5652 1784 5713 Brun.,

208 5731 734 5796 evocari.-Avocari.
762 5728 1157 5785 Contirmamus
1200 5743 1267 5783 ex
1314 5726 1431 5796 ipso
1478 5723 1788 5796 Lactantio,

209 5795 244 5850 1.
273 5814 344 5865 Vl,
386 5818 432 5858 c.
463 5801 529 5857 li:
565 5800 636 5857 Ut
662 5820 694 5856 a
722 5800 1005 5858 eiulatibus
1027 5808 1314 5855 avocatum
1335 5793 1658 5865 terrenisque
1702 5793 1792 5848 de-

212 5885 476 5931 mersum...
511 5874 858 5941 interﬁciant;
904 5872 1038 5927 infra
1065 5887 1080 5926 :
1112 5869 1295 5943 Neque
1343 5872 1425 5945 (as
1452 5877 1528 5925 est
1554 5868 1789 5923 animam

632 5966 907 6032 PATROL.
963 5964 1075 6035 VI.

1873 3213 2186 3269 constituta.
2212 3224 2277 3262 eo
2308 3216 2579 3275 tamquam
2601 3205 2762 3258 modo
2799 3213 2852 3260 et
2873 3207 2955 3258 via
2980 3207 3208 3275 quadam
3234 3212 3484 3269 inductos

1873 3300 1995 3341 esse
2018 3279 2439 3353 reprehensores
2467 3276 2808 3353 religionum,
2841 3286 2897 3331 ut
2934 3279 3133 3333 nullam
3166 3296 3287 3336 esse
3337 3286 3486 3341 dicc-

1875 3365 2021 3419 rent,
2051 3347 2141 3422 (ιίιί
2192 3366 2347 3422 crrgr
2374 3347 2591 3422 gravior
2629 3348 2725 3400 fuit
2750 3363 2907 3422 quam
2934 3364 3120 3422 eorum
3160 3353 3248 3421 qui
3297 3352 3483 3412 falsam

1875 3419 2247 3483 sectabantur.
2278 3420 2476 3475 Eodem
2524 3428 2706 3472 autem
2760 3419 2948 3485 modo,
3001 3433 3056 3475 ut
3105 3421 3157 3475 in
3181 3419 3220 3478 ’8
3245 3425 3402 3481 editis
3432 3439 3488 3483 et

1876 3497 2153 3568 impressis
2204 3504 2325 3568 est,
2378 3491 2479 3559 legi
2526 3488 2695 3568 nttl_l0_
2731 3490 2889 3544 modo
2917 3501 3162 3568 _p0_t_est;
3216 3500 3335 3568 quia
3381 3516 3489 3555 non

1876 3559 2068 3626 eodem
2122 3566 2315 3630 mndo,
2365 3576 2539 3633 neque
2582 3559 2785 3633 eisdem
2829 3563 3126 3618 rationibus
3179 3559 3370 3633 aliquis
3408 3571 3491 3627 ef-

1878 3642 2056 3698 ﬁcitur
2084 3642 2425 3705 eontemptor
2456 3631 2808 3705 religionum,
2840 3634 2919 3686 vel
2965 3646 3198 3689 sectator
3227 3631 3372 3693 falsa:
3401 3658 3492 3698 re-

1879 3714 2124 3785 ligionis,
2154 3703 2549 3785 sed_contrario
2580 3703 2762 3771 modo,
2796 3714 2850 3758 et
2886 3705 3047 3776 plane
3070 3714 3489 3780 repugnantibus

1885 3779 2212 3841 rationibus.
2247 3779 2542 3836 GALLaaus.

1955 3877 2223 3948 Siquidem
2272 3872 2536 3948 hominum
2565 3878 2716 3948 atque
2742 3879 2995 3948 mutorum
3013 3913 3026 3937 ,
3058 3873 3250 3929 crimen
3295 3887 3486 3934 est.....

1881 3942 2180 4009 Vide'inl'ra
2212 3948 2313 4001 hoc
2352 3942 2545 3998 eodem
2574 3942 2735 4007 libro,
2774 3956 2823 3996 c.
2856 3942 2912 4003 9.
2945 3943 3035 3997 lib.
3062 3960 3145 4008 ιιι.
3176 3948 3353 4013 0.10;
3389 3951 3484 4008 lib,

1883 4024 1951 4080 de
1977 4023 2060 4078 Ira
2087 4020 2203 4085 Dei,
2227 4034 2276 4073 c.
2308 4018 2360 4071 7.
2396 4014 2527 4069 Haec
2556 4012 2738 4085 opinio
2766 4028 2794 4067 a
2829 4013 3130 4085 Pythagora
3158 4020 3209 4072 iu
3252 4012 3347 4074 sua
3374 4024 3487 4079 Me-

1884 4084 2213 4166 tempsycosi
2236 4102 2487 4166 manasse
2507 4084 2745 4166 creditur
2777 4102 2790 4137 :
2823 4084 3066 4166 quamet
3097 4089 3265 4166 Plato‘
3280 4092 3483 4163 habuit,

1882 4177 1938 4223 et
1966 4155 2035 4222 de
2055 4155 2510 4236 (inalflutarclms
2540 4155 2755 4236 scribit”,
2790 4171 2830 4236 v_
2850 4156 3129 4236 Placitqu
3160 4162 3330 4236 οἴει),
3386 4155 3489 4223 Su;

1882 4239 1963 4295 bit
1994 4226 2179 4292 mirari
2210 4226 2545 4305 Basiliumin
2570 4226 2769 4281 Homil.
2799 4226 2867 4281 de
2890 4227 3150 4305 Paradiso
3180 4233 3483 4305 dicentem,

1883 4310 2039 4365 bruta
2068 4305 2247 4363 omnia
2282 4304 2447 4358 fuisse
2470 4303 2612 4354 inter
2636 4313 2696 4353 se
2739 4309 2865 4374 ante
2894 4299 3087 4374 Adami
3110 4303 3316 4374 lapsum
3348 4299 3487 4363 con;

1886 4382 2122 4436 corditer
2145 4376 2375 4433 viventia
2396 4414 2411 4437 ,
2438 4385 2664 4443 qumque
2691 4370 2942 4443 audirent
2961 4371 3104 4429 inter
3123 4370 3201 4439 se,
3227 4387 3281 4431 et
3303 4390 3489 4437 mutuo

1886 4454 2237 4522 loquerentur
2264 4441 2638 4522 sen_sat_é.__Scd
2664 4442 3107 4522 contraﬁdisserit
3126 4445 3182 4502 S.
3237 4453 3486 4522 August.,

1886 4512 1980 4581 iib'.
2014 4540 2051 4578 II
2078 4524 2142 4576 de
2170 4517 2365 4577 Genesi
2394 4516 2459 4570 ad
2494 4515 2748 4579 litteram,
2772 4529 2822 4586 c.
2851 4512 2941 4568 29.
2980 4514 3218 4586 Denique
3247 4512 3349 4574 soli
3392 4512 3488 4579 bo;

1885 4596 2018 4652 mini
2051 4594 2313 4651 rationem
2357 4587 2612 4644 tributam
2638 4599 2759 4639 esse
2785 4585 2945 4641 docet
2987 4585 3218 4656 Spiritus
3265 4605 3486 4650 sanctus

1884 4668 2082 4723 Psalni.
2111 4680 2236 4720 xxxi
2255 4681 2268 4717 :
2287 4660 2433 4717 Sicut
2463 4674 2616 4728 equus
2646 4665 2693 4709 et
2733 4655 2922 4722 mulus,
2953 4655 3131 4727 quibus
3157 4678 3259 4715 non
3286 4674 3360 4717 est
3408 4667 3489 4720 in-

1883 4740 2132 4795 tellectus.
2178 4747 2233 4792 et
2263 4733 2404 4789 Psal.
2432 4745 2560 4786 xuv
2590 4745 2602 4781 :
2634 4728 2971 4801 (gomparatus
2995 4741 3071 4784 est
3092 4734 3339 4801 jumentis
3363 4737 3489 4791 insi-

1922 4810 2157 4866 ientibus.
2192 4804 2348 4876 Quod
2401 4814 2453 4858 et
2509 4798 3223 4876 ipse_La.clantiusﬁasséruit
3254 4805 3391 4863 libro
3420 4809 3488 4866 de

1909 4900 1965 4938 ra
1992 4882 2106 4947 Dei,
2132 4871 2251 4948 cap.
2285 4877 2391 4931 7et
2424 4876 2511 4948 15,
2532 4871 2599 4948 et
2621 4872 2687 4925 de
2712 4871 2935 4948 Qpitieio
2969 4873 3083 4948 Dei,
3128 4889 3248 4948 cap.
3282 4877 3317 4930 ‘2
3348 4890 3401 4933 et
3426 4882 3483 4937 5.

1883 4956 2015 5011 Eam
2042 4943 2289 5007 heresim
2322 4948 2389 5002 de
2435 4944 2609 5001 brutis
2659 4943 2868 4997 ratione
2900 4943 3246 5013 participibus
3280 4948 3486 5007 Philas-

1884 5027 2019 5083 trius
2042 5023 2228 5080 tribuit
2250 5018 2518 5077 Gnosticis
2545 5023 2600 5070 et
2624 5013 2946 5069 Manicltaeis.
2977 5015 3165 5071 Isazus.

1961 5117 2191 5174 Facilius
2238 5122 2311 5168 est
2333 5112 2396 5168 de
2422 5109 2621 5166 alienis.
2649 5106 2904 5178 ReSpexit
2931 5107 2995 5162 ad
3020 5109 3255 5168 Terentii
3309 5113 3486 5175 locum

1887 5192 2174 5246 additi-tum
2203 5202 2232 5241 a
2259 5184 2556 5258 Lactantio,
2593 5181 2628 5234 l.
2676 5194 2758 5258 Ill,
2786 5194 2835 5233 c.
2870 5180 2934 5258 «5;
2981 5180 3199 5250 Senec.,
3227 5201 3314 5258 ep.
3343 5190 3484 5248 109:

1893 5263 2139 5318 Homines
2168 5258 2363 5330 plusin
2394 5256 2562 5330 alieno
2593 5251 3045 5330 negotiohridere,
3073 5271 3224 5325 quam
3260 5251 3326 5312 ’ξιι
3354 5279 3446 5316 suo
3472 5281 3488 5320 ;

1888 5333 2026 5401 Cic.,
2053 5334 2144 5388 lib.
2168 5320 2237 5387 ἰιι
2258 5327 2473 5385 'I‘uscul.
2500 5367 2514 5390 ,
2548 5320 2763 5401 c_.__3l):_
2795 5320 3095 5401 Proprium;
3131 5338 3203 5380 est
3260 5332 3492 5390 stultitia:

1890 5394 2109 5462 aliorum
2132 5404 2251 5459 vitia
2281 5415 2503 5463 cernere,
2535 5394 2763 5450 oblivisci
2789 5410 3019 5449 suorum.
3063 5396 3340 5457 Bassum.

1967 5500 2111 5555 Odor
2138 5495 2347 5569 quidam
2376 5489 2661 5569 sapientiae.
2692 5486 2747 5541 Id
2773 5494 2873 5569 est,
2902 5487 3186 5569 vestigium
3213 5496 3487 5569 quoddam

1893 5559 2189 5642 sapientiai.
2207 5597 2277 5607 —-
2296 5559 2666 5642 Odor’qnidam
2694 5559 2976 5642 sapientia.
3011 5559 3315 5642 Admodum
3344 5582 3492 5642 eum

1899 5631 2035 5704 lia-nc
2074 5642 2374 5710 elegantem
2420 5631 2771 5710 locutionem,
3049 5648 3168 5710 cap.
3204 5636 3291 5710 l2,
3327 5641 3489 5708 Quasi

1892 5702 2064 5773 Odore
2090 5702 2564 5784 “adamaverit-alis
2589 5702 2955 5784 Ῡείεῖηίιῃηδ·
2989 5719 3038 5758 (δ’
3069 5704 3141 5760 2⁵2
3166 5725 3178 5760 ε
3208 5702 3370 5775 Quem
3397 5732 3488 5770 nec

1898 5788 2033 5844 odor
2059 5774 2263 5857 quidem
2288 5779 2491 5857 virtutis
2515 5777 2757 5857 attigerit.
2785 5774 2902 5830 Lib.
2937 5790 3029 5843 vn,
3061 5792 3179 5847 cap.
3214 5774 3277 5837 li:
3308 5782 3493 5842 Philo-

1898 5859 2050 5933 sophi
2072 5847 2337 5913 ueritatem
2365 5853 2436 5908 ita
2461 5847 2634 5907 leviter
2655 5847 2928 5917 odoratos,
2953 5858 3005 5902 ut
3028 5858 3196 5903 tamen
3225 5856 3360 5912 unde
3411 5878 3494 5923 εοε

3189 5944 3229 6010 0
