3986 6358
518 310 624 366 267

1588 302 1628 357 Ρ
1633 300 1775 358 11111.
1817 300 2181 358 LACTANTII
2219 300 2423 358 DIVIN.
2455 301 2699 360 INSTIT.

3667 307 3756 366 268

513 436 580 475 an
611 435 708 476 eos
727 419 819 490 qui
846 419 1063 473 nullam.
1093 414 1197 470 Sed
1231 411 1489 486 (utdixi)
1517 413 1672 470 venia
1694 416 1914 472 concedi
1938 423 2115 487 potest
2139 419 2193 477 Α
2218 431 2488 472 summum
2539 417 2636 473 fuit
2678 416 2929 471 humanae
2969 412 3253 484 sapientia:
3297 416 3515 471 assecuti
3549 429 3686 488 sunt,
3709 433 3758 481 ut

522 512 805 582 imperitis,
835 517 889 564 et
921 508 1008 579 qui
1042 522 1102 562 se
1127 505 1402 576 sapientes
1451 520 1558 560 non
1581 520 1704 562 esse
1723 506 2122 563 fateanturzhis

529 622 656 661 vero
689 620 794 660 non
826 609 1002 672 potest
1024 601 1113 671 qui
1139 641 1155 665 ,
1188 599 1506 670 sapientiam
1545 597 1806 669 professi,
1839 600 2121 656 stultitiam

526 697 702 767 potius
728 694 1013 750 exhibent.
1041 691 1159 748 Non
1207 707 1328 747 sum
1359 691 1607 762 equidem
1638 700 1745 746 tam
1793 693 2036 764 iniquus,
2064 702 2123 750 ut

523 807 620 848 eos
649 801 828 861 putem
851 787 1094 844 divinare
1117 787 1358 859 potuisse
1374 829 1389 854 ,
1417 795 1476 842 ut
1501 785 1781 843 veritatem
1799 802 1895 856 per
1914 788 2121 858 seipsos

524 887 865 951 invenirent;
891 882 1037 956 quod
1067 883 1184 940 fleri
1214 897 1316 953 ego
1365 896 1474 937 non
1518 896 1676 950 posse
1701 879 1983 937 confiteor.
2012 881 2122 937 Sed

521 979 623 1034 hoc
647 979 716 1034 ab
747 977 830 1032 his
860 976 1036 1046 exigo,
1085 974 1228 1045 quod
1259 974 1474 1030 ratione
1503 973 1618 1044 ipsa
1642 982 1902 1045 przestare
1934 985 2122 1044 potue-

522 1079 665 1127 runt.
707 1069 975 1125 Facerent
1024 1067 1167 1123 enim
1192 1065 1551 1138 prudentius.|
1575 1067 1621 1122 si
1657 1076 1712 1121 et
1763 1065 2124 1136 intelligerent

519 1183 641 1226 esse
660 1167 894 1240 aliquam
923 1179 1108 1222 veram
1129 1163 1474 1236 religionem,
1506 1172 1561 1220 et
1593 1161 1744 1218 falsis
1771 1162 2119 1233 impugnatis,

517 1271 704 1334 aperte
745 1260 1179 1334 pronuntiarent,
1210 1273 1503 1329 eam,qute
1531 1273 1660 1316 vera
1702 1266 1878 1324 esset,
1925 1257 1994 1313 ab
2025 1257 2120 1314 ho-

519 1356 752 1413 minibus
777 1371 886 1411 non
913 1354 1107 1411 teneri.

590 1448 698 1506 Sed
746 1447 977 1503 moverit
1003 1460 1098 1502 eos
1126 1445 1355 1502 fortasse
1386 1443 1516 1500 illud
1539 1485 1554 1510 ,
1582 1443 1725 1516 quod
1769 1442 1816 1498 si
1842 1457 1948 1514 qua
1993 1456 2118 1498 vera

516 1550 660 1598 esset
696 1539 886 1612 religio
906 1580 923 1608 ,
952 1546 1200 1595 exereret
1223 1552 1284 1594 se
1311 1551 1376 1593 ac
1402 1535 1740 1604 vindicaret,
1773 1549 1876 1592 nec
1902 1543 2120 1604 patere-

517 1643 603 1690 tur
627 1648 749 1690 esse
791 1631 934 1687 aliud
975 1630 1290 1703 quidquam.
1320 1629 1519 1686 Videre
1563 1630 1708 1686 enim
1754 1627 1906 1684 nullo
1955 1626 2118 1683 modo

515 1734 780 1799 poterant,
812 1732 1110 1798 quare,aut
1130 1738 1158 1778 a
1187 1738 1314 1794 quo,
1347 1731 1401 1779 et
1425 1721 1879 1792 quemadmodum
1909 1719 2118 1792 Religio

2223 509 2587 581 intelligerent
2615 507 2743 580 quid
2770 523 2879 564 non
2900 507 2973 563 sit
3001 523 3016 560 :
3047 506 3178 562 illud
3195 508 3406 579 assequi
3429 511 3759 584 nequiverunt,

2223 611 2280 656 ut
2305 600 2552 657 dicerent
2579 600 2706 673 quid
2753 600 2843 657 sit.
2871 598 3006 655 Nota
3036 599 3313 656 Ciceronis
3353 615 3454 656 vos
3490 609 3567 658 est
3605 603 3759 675 (Litm

2223 694 2288 750 de
2341 694 2544 751 Natura
2573 694 2864 766 deorum):
2895 712 2915 747 ι
2957 692 3169 750 Utinam
3202 702 3312 749 tam
3359 693 3508 753 facile
3546 712 3658 754 vera
3696 702 3762 757 in-

2221 790 2408 846 venire
2456 804 2694 860 possem,
2722 803 2884 861 quam
2919 787 3051 843 falsa
3078 785 3417 843 convincere.
3457 807 3477 842 »
3499 789 3638 858 Quod
3662 794 3762 863 quia

2223 881 2366 938 vires
2395 882 2644 937 humanae
2672 881 2996 938 conditionis
3024 880 3258 948 excedit,
3281 880 3394 950 ejus
3435 881 3587 938 officii
3625 883 3764 941 facul-

2223 983 2306 1031 tas
2333 975 2488 1030 nobis
2513 984 2596 1030 est
2635 975 2914 1042 attributa,
2951 963 3152 1046 quibus
3187 973 3404 1029 tradidit
3443 973 3578 1030 Deus
3620 978 3764 1033 scien-

2225 1069 2351 1123 tiam
2396 1067 2674 1134 veritatis;
2725 1067 2812 1123 eui
2862 1065 3196 1138 explicandae
3215 1075 3442 1136 quatuor
3484 1070 3767 1137 posteriores

2221 1162 2344 1218 libri
2386 1161 2645 1218 servient.
2671 1162 2820 1218 Nunc
2864 1161 3082 1218 interim
3111 1161 3268 1229 falsa,
3299 1171 3360 1218 ut
3403 1163 3667 1234 capimus,
3690 1165 3767 1223 de-

2225 1265 2486 1327 tegamus.

2819 1347 3070 1406 CAPUT.
3123 1348 3214 1404 IV.

2224 1441 2300 1499 De
2338 1442 2666 1510 Simulacris,
2705 1443 3117 1514 ornamentisque
3173 1443 3510 1512 templorum,
3552 1454 3598 1500 et
3627 1461 3773 1504 eorum

2490 1545 2802 1609 contemptu,
2826 1537 2980 1592 etiam
2999 1536 3064 1591 ab
3085 1536 3212 1607 ipsis
3226 1535 3526 1594 Gentilibus.

2292 1630 2432 1698 Quid
2457 1631 2620 1702 igitur
2647 1631 2945 1703 majestatis
2991 1639 3216 1702 possunt
3261 1630 3464 1689 habere
3501 1631 3769 1703 simulacra,

2222 1738 2342 1795 quae
2373 1723 2594 1780 fuerunt
2653 1723 2708 1779 in
2749 1722 3064 1779 homunculi
3125 1731 3416 1795 potestate,
3459 1725 3540 1781 vel
3581 1733 3634 1780 ut
3655 1723 3771 1780 aliud

515 1835 642 1877 vera
697 1817 1126 1890 opprimeretur;
1157 1815 1299 1887 quod
1328 1824 1412 1872 est
1453 1815 1620 1871 divini
1667 1814 2013 1880 sacramenti,
2063 1823 2120 1870 et
2149 1812 2200 1874 B
2227 1818 2436 1884 fierent,
2470 1817 2556 1872 vel
2604 1825 2662 1873 ut
2703 1818 2927 1874 omnino
2983 1832 3090 1873 non
3141 1817 3372 1875 fierent?
3414 1816 3610 1875 Idcirco
3659 1817 3772 1890 apud

516 1912 755 1970 caelestis
785 1909 990 1966 arcani.
1023 1909 1078 1965 ld
1104 1923 1261 1976 vero,
1291 1909 1392 1964 nisi
1418 1908 1707 1976 doceatur,
1753 1907 1947 1979 aliquis
1977 1907 2118 1964 seire

506 2007 840 2075 nullo.pacto
872 2010 1068 2073 potest.
1114 2001 1336 2057 Summa
1386 2002 1463 2057 rei
1489 2001 1603 2056 huic
1633 2010 1718 2056 est
1747 2018 1760 2055 :
1791 2000 2026 2072 imperiti
2064 2010 2120 2057 et

513 2097 831 2166 insipientes
873 2093 1037 2149 falsas
1067 2093 1358 2164 religiones
1391 2108 1487 2163 pro
1522 2100 1664 2149 veris
1707 2093 1946 2162 habent,
1993 2093 2117 2164 quia

514 2204 691 2257 neque
722 2202 904 2242 veram
936 2186 1136 2253 sciunt,
1171 2200 1348 2256 neque
1392 2185 1580 2240 falsam
1628 2186 1948 2258 intelligunt.
1983 2187 2117 2242 Pru-

507 2280 784 2336 dentiores
810 2293 960 2346 vero,
993 2279 1116 2348 quia
1144 2293 1326 2334 veram
1353 2279 1602 2334 nesciunt
1627 2320 1642 2344 ,
1675 2287 1768 2334 aut
1795 2282 1846 2334 in
1871 2280 1954 2345 iis,
1985 2294 2117 2350 quas

507 2372 672 2428 falsas
698 2387 823 2428 esse
874 2371 1212 2442 intelligunt.
1269 2382 1648 2442 perseverant,
1690 2383 1750 2429 ut
1796 2373 2116 2445 aliquidte-

507 2483 637 2524 nere
668 2467 972 2532 videantur,
1003 2474 1094 2520 aut
1114 2466 1336 2521 omnino
1361 2467 1491 2521 nihil
1518 2469 1728 2534 colunt,
1763 2483 1831 2524 ne
1871 2469 2115 2524 incidant

511 2563 564 2617 in
598 2575 862 2626 errorem,
885 2573 1009 2616 cum
1055 2559 1106 2614 id
1137 2561 1310 2629 ipsum
1342 2561 1568 2615 maximi
1606 2562 1674 2616 sit
1697 2562 1898 2617 erroris
1951 2562 2112 2617 vitam

504 2654 767 2726 pecudum
797 2655 895 2710 sub
927 2655 1091 2726 figura
1125 2653 1360 2709 hominis
1389 2655 1842 2712 imitari.Falsnm
1871 2673 1999 2712 vero
2027 2659 2111 2713 in-

506 2748 769 2819 telligere,
803 2757 886 2802 est
917 2746 1132 2817 quidem
1164 2746 1462 2817 sapientiae,
1515 2749 1611 2804 sed
1659 2747 1928 2804 humanae.
1961 2749 2111 2806 Ultra

506 2841 650 2898 hunc
679 2842 904 2914 gradum
933 2840 1153 2912 procedi
1182 2840 1250 2894 ab
1279 2840 1498 2897 homine
1543 2857 1650 2897 non
1679 2853 1893 2912 potest;
1928 2844 2110 2916 itaque

505 2935 658 2990 multi
681 2932 1127 3006 phil050phorum
1178 2932 1467 3003 religiones
1497 2934 1589 3004 (ut
1619 2931 1813 3004 docui)
1873 2934 2109 2990 sustule-

499 3037 627 3082 runt
659 3043 674 3080 τ
703 3042 894 3081 verum
924 3035 1103 3080 autem
1133 3024 1275 3079 scire
1323 3025 1520 3080 divina:
1543 3035 1626 3081 est
1665 3028 1961 3095 sapientiai.
1999 3029 2107 3084 llo-

499 3137 589 3177 mo
614 3130 793 3176 autem
829 3134 925 3190 per
950 3120 1187 3189 seipsum
1219 3119 1503 3189 pervenire
1530 3120 1597 3174 ad
1643 3120 1787 3176 hanc
1816 3122 2098 3179 scientiam

2223 1915 2499 1971 Horatium
2534 1913 2755 1984 Priapus
2797 1914 2866 1969 ita
2895 1913 3157 1985 loquitur:

2345 2005 2473 2058 Olim
2499 2012 2701 2057 truncus
2719 2018 2856 2057 eram
2878 2005 3104 2069 ficulnus,
3129 2006 3305 2056 inutile
3328 2005 3540 2068 lignum;

2343 2069 2462 2120 Cum
2481 2070 2616 2120 faber
2641 2073 2879 2131 incertus,
2895 2082 3144 2119 scamnum
3167 2070 3425 2120 faceretne
3445 2070 3677 2132 Priapum,

2343 2133 2513 2196 Maluit
2540 2146 2652 2182 esse
2677 2134 2845 2183 deum.
2874 2132 3010 2182 Deus
3026 2132 3139 2183 inde
3166 2145 3284 2196 ego,
3309 2132 3469 2182 furum
3494 2133 3726 2195 aviumque

2344 2194 2555 2246 Maxima
2579 2196 2804 2245 formido.

2219 2280 2348 2349 Quis
2377 2296 2481 2335 non
2510 2280 2579 2334 sit
2609 2288 2757 2333 tanto
2790 2280 2890 2334 hoc
2913 2277 3138 2334 custode
3166 2278 3438 2335 securus?
3463 2277 3624 2334 Fures
3647 2279 3767 2334 enim

2221 2386 2327 2430 tant
2349 2375 2500 2432 stulti
2522 2382 2669 2441 sunt,
2698 2383 2756 2430 ut
2793 2371 2968 2444 Priapi
3014 2372 3336 2444 tentiginem
3373 2372 3621 2439 timeant;
3665 2386 3768 2427 cum

2217 2484 2346 2525 aves
2375 2470 2526 2540 ipsas,
2557 2481 2690 2539 quas
2714 2475 2920 2523 terrore
2947 2465 3099 2522 falcis
3121 2474 3214 2521 aut
3239 2465 3478 2538 inguinis
3507 2466 3639 2538 abigi
3664 2466 3780 2521 esis-

2219 2564 2444 2629 timant,
2503 2561 2808 2618 simulacris
2861 2560 3207 2626 fabrefactis,
3260 2559 3316 2616 id
3359 2569 3483 2629 est,
3536 2561 3779 2616 hominum

2215 2657 2375 2728 plane
2403 2653 2687 2720 similibus,
2725 2653 2979 2716 insidant.
3012 2651 3314 2718 nidificent,
3354 2654 3645 2724 inquinent.
3683 2649 3771 2707 Sed

2216 2746 2456 2813 Flaccus,
2499 2757 2558 2802 ut
2588 2745 2810 2817 satyrici
2838 2745 3097 2802 carminis
3129 2746 3386 2816 scriptor,
3418 2746 3600 2802 derisit
3630 2743 3777 2799 homi-

2215 2856 2340 2898 num
2369 2841 2678 2896 vanitatem.
2712 2838 2912 2893 Verum
2953 2837 2990 2892 ii
3028 2839 3120 2909 qui
3164 2838 3392 2904 faciunt,
3424 2840 3614 2895 seriam
3635 2851 3690 2894 se
3713 2835 3778 2891 fa-

2211 2951 2338 2992 cere
2377 2950 2490 2990 rem
2520 2934 2826 3003 opinantur.
2860 2931 3102 3001 Denique
3140 2940 3296 3001 poeta
3329 2932 3609 2998 maximus,
3636 2929 3774 2984 homo

2210 3029 2264 3084 in
2285 3025 2497 3083 caeteris
2526 3024 2780 3096 prudens,
2815 3023 2866 3078 in
2902 3022 3004 3079 hoc
3027 3022 3146 3078 solo
3174 3040 3281 3080 non
3313 3025 3545 3096 poetice,
3571 3023 3659 3082 sed
3677 3024 3774 3079 ani-

2214 3123 2334 3179 liter
2389 3121 2664 3193 desipuit;
2707 3135 2830 3175 cum
2889 3120 2941 3174 in
2986 3118 3090 3174 illis
3138 3120 3597 3178 emendatissimis
3649 3117 3778 3174 libris

496 3232 604 3272 non
630 3223 827 3288 potest,
863 3214 964 3270 nisi
996 3211 1257 3270 doceatur
1283 3227 1314 3270 a
1347 3213 1474 3270 Deo.
1517 3213 1594 3270 fta
1622 3214 1928 3288 philosophi
1959 3216 2104 3289 quod
2130 3208 2175 3272 C
2208 3217 2369 3274 etiam
2398 3216 2510 3273 fieri
2554 3215 2656 3271 hoc
2680 3214 2871 3287 jubet:

1881 3354 2105 3412 VARIOI

2215 3354 2239 3412 ί
2278 3353 2503 3412 NOTAE.

492 3497 626 3553 odor
649 3497 737 3551 ille
756 3492 1019 3565 sapientia:
1041 3490 1386 3565 _tam_suavis,
1441 3501 1545 3544 tam
1573 3491 1841 3562 jucundus
1868 3489 2101 3560 afﬂaret,

497 3570 642 3622 nullo
684 3561 835 3621 modo
863 3563 1128 3619 senserint.
1172 3561 1454 3618 BUNEIAN.

569 3639 790 3696 Concedi
817 3645 998 3710 potest.
1048 3634 1134 3710 Ita-
1168 3635 1506 3710 reposuimus
1538 3650 1604 3710 e_x
1647 3636 1898 3710 omnibus
1938 3651 2107 3708 prope

499 3728 626 3767 mss.
673 3721 725 3766 et
750 3703 1022 3765 nonnullis
1052 3703 1243 3760 editis.
1275 3703 1471 3761 Caeteri
1497 3705 1696 3777 vulgati
1728 3718 1782 3764 et
1823 3703 2097 3764 duo—mss.

498 3799 606 3840 rec.
619 3826 632 3849 ,
662 3793 848 3852 posset.

572 3875 638 3930 Et
663 3876 750 3946 qui
780 3890 833 3928 se
846 3873 1110 3946 sapientes
1137 3887 1369 3946 nonfsse
1379 3875 1672 3946 fateantur.
1705 3873 1794 3946 S_ic
1817 3872 2098 3946 legendum

495 3963 561 4003 ex
588 3942 813 4016 utroque
845 3942 1191 4016 Bononiensi,
1245 3943 1451 4016 Regiis,
1492 3943 1684 4016 caue,
1727 3942 1884 4016 Tax.,
1921 3945 2093 4013 Lips.,

499 4019 611 4073 Pal.
643 4027 696 4072 et
724 4012 884 4071 editis
927 4016 1071 4075 Iste,
1117 4013 1312 4084 Tltys.,
1337 4012 1502 4080 Gall.,
1533 4014 1752 4084 Spark.,
1782 4012 2006 4080 Cellae,
2034 4031 2098 4070 ac

495 4089 707 4158 negatio
758 4086 1001 4158 ponenda
1038 4095 1121 4140 est
1142 4098 1266 4158 ante
1297 4101 1428 4151 esse,
1484 4101 1587 4140 non
1616 4087 1930 4158 immediate
1975 4096 2100 4144 ante

496 4157 1001 4234 fateantur,sieutin
1033 4157 1303 4211 nonnullis
1327 4173 1454 4213 mss.
1486 4168 1540 4212 et
1562 4157 1738 4213 editis.

569 4251 822 4307 Potuisse.
844 4248 919 4304 Ita
953 4248 1160 4303 restitui
1184 4265 1248 4319 ex
1277 4251 1485 4304 cunctis
1507 4266 1642 4319 pene
1671 4265 1799 4306 mss.
1827 4263 1880 4308 et
1909 4255 2102 4308 veteri-

493 4325 592 4380 bus
621 4324 778 4448 ediitlif
798 4325 934 4406 bene
955 4321 1155 4375 multis.
1184 4317 1241 4374 In
1271 4321 1301 4374 7
1331 4317 1546 4392 scriptis
1579 4323 1913 4394 totidemque
1940 4325 2100 4382 editis

497 4411 633 4452 rec..
704 4413 726 4448 α
765 4410 920 4449 uisse.

596 4438 633 4460 .,
665 4413 920 4449 aeautsse.

566 4467 803 4522 Ratione.
838 4464 979 4520 Idem
1009 4463 1171 4518 etiam
1193 4462 1352 4520 docet
1373 4463 1644 4535 Apostol.,
1676 4467 1844 4538 Epist.
1884 4467 1951 4522 ad
1980 4467 2086 4523 Ro-
2115 4489 2172 4549 ιι)
2273 4462 2538 4524 Fiotilitus.
2573 4462 2826 4549 Ficulitus
2861 4462 3182 4537 proverbiali
3212 4469 3380 4538 figura
3411 4469 3670 4540 significat
3694 4465 3762 4546 in-

566 4557 664 4612 ιη..
694 4554 816 4612 0-].
853 4553 904 4590 νο
940 4535 1028 4600 19,
1057 4534 1148 4600 20.
1180 4535 1279 4612 Ἡ),
1304 4545 1411 4612 Qte.
1545 4609 1583 4612 __
1966 4611 1971 4612 γ
2198 4542 2327 4596 utile
2355 4550 2408 4596 et
2438 4539 2644 4612 fragile.
2678 4540 3158 4612 Ficulnuslignum
3197 4541 3424 4595 omnino
3461 4548 3762 4607 contempti-

496 4555 664 4602 man.,
694 4554 745 4593 c.
780 4554 816 4598 ι,
853 4553 904 4590 v.
940 4535 1028 4600 19,
1057 4534 1148 4600 20,
1180 4535 1272 4601 21,
1304 4545 1411 4591 etc.

568 4611 692 4666 Esse
720 4609 944 4675 aliquant
975 4623 1145 4661 verant
1188 4607 1501 4681 religionem.
1545 4609 1728 4664 Veram
1761 4611 1976 4681 reposui
2025 4627 2091 4668 ex

493 4684 561 4738 27
593 4699 721 4737 mss.
755 4681 1132 4750 veteribusque
1159 4678 1348 4745 editis,
1375 4681 1550 4736 tribus
1580 4678 1860 4750 Romanis,
1891 4682 2087 4740 Venet.

497 4755 658 4821 M90,
690 4753 888 4815 Betul.,
910 4751 1097 4818 'l‘oru.,
1122 4751 1428 4826 _Soubron.,
1451 4754 1662 4826 quibus
1685 4753 1838 4826 deest
1885 4756 2094 4826 religio-

497 4845 608 4881 nem
634 4844 652 4880 :
681 4841 838 4894 quam
874 4838 1058 4895 vocem
1115 4823 1352 4895 (absque
1375 4827 1604 4895 _veram)
1650 4823 1851 4879 habent
1896 4823 2027 4881 mss.
2056 4826 2093 4880 Ξ

495 4893 728 4958 Ronon..
781 4895 973 4959 Cauc.,
1035 4894 1320 4960 Rostoeh.,
1365 4893 1672 4959 .lun.,edit.
1725 4895 1944 4963 Thom.,
1991 4897 2090 4963 Is.,

494 4969 684 5040 Thys.,
717 4967 881 5032 Gall.,
906 4963 1100 5040 Spark.
1129 4963 1426 5040 Utramque
1451 4965 1651 5040 habent
1677 4981 1807 5040 mss.
1845 4967 2088 5040 Vatican.

493 5050 548 5095 et
575 5035 732 5112 Ultr_.,
751 5055 877 5112 cum
902 5035 1060 5112 editis
1081 5035 1232 5112 _Ald_.,
1259 5035 1448 5112 Easit.,
1473 5036 1700 5112 Graph.,
1729 5035 1900 5112 Crat.,
1927 5038 2092 5112 Gym-

497 5113 629 5171 nir..
670 5110 893 5170 Cellar.,
924 5107 1135 5163 Walch.
1169 5106 1236 5161 Et
1261 5106 1614 5164 inducendam
1646 5124 1769 5164 esse
1797 5106 2088 5167 dictionem

495 5199 665 5236 veram
713 5181 988 5235 contendit
1036 5179 1076 5233 Τ
1084 5179 1388 5243 homasius;
1446 5181 1567 5249 quia
1595 5182 1694 5235 etsi
1739 5197 1919 5236 veram
1966 5183 2093 5238 reli-

495 5254 708 5321 giouem
761 5253 1092 5322 ignorarent,
1120 5262 1295 5323 tamen
1340 5251 1572 5320 aliquam
1604 5266 1726 5323 esse
1773 5255 2089 5323 religionem

498 5320 800 5392 intelligere
826 5330 1154 5391 potuerunt:
1186 5321 1251 5376 ad
1280 5320 1383 5376 hoc
1418 5323 1560 5376 enim
1607 5320 2089 5381 demonstrandum

493 5395 650 5461 longa
682 5395 936 5460 deinceps
957 5393 1202 5448 oratione
1230 5393 1396 5448 utitur
1437 5394 1765 5449 Lactantius.

571 5463 994 5537 Sacrumenti.“
1022 5473 1106 5537 est
1136 5466 1396 5536 mysterii.
1449 5466 1556 5519 Aut
1606 5467 1854 5537 intelligit
1902 5484 2090 5526 sacras

493 5537 803 5591 christianae
853 5535 1126 5602 religionis
1183 5535 1542 5602 (κει-1111011138,
1595 5548 1688 5592 aut
1737 5535 1954 5594 tulerunt
1995 5556 2087 5596 sa-

496 5609 709 5678 pientiae
760 5608 1095 5729 mystqrium,
1126 5606 1193 5661 de
1244 5621 1349 5678 qua
1399 5608 1598 5664 Paulus
1640 5610 1660 5664 1
1699 5609 1766 5665 ad
1812 5610 2087 5680 Corinth.,

496 5694 607 5729 ΒΜ).
643 5695 700 5729 ll-
732 5692 870 5729 vers.
947 5716 959 5728 .

488 5694 607 5749 cap.
643 5695 700 5744 ιι,
732 5692 892 5749 vers,
916 5692 959 5749 ιν.

563 5746 632 5803 Id
679 5765 816 5813 vero,
844 5748 941 5802 nisi
988 5746 1255 5812 doceatur,
1303 5760 1404 5805 etc.
1455 5752 1730 5810 Adversus
1771 5754 2088 5812 Saciuianos

495 5823 687 5880 tnilitat
717 5821 831 5876 hate
857 5819 1116 5876 sententia
1140 5859 1154 5886 ,
1187 5827 1375 5892 estque
1418 5823 1680 5894 Apostolo
1730 5825 2028 5886 conformis
2066 5828 2088 5884 1

2207 3493 2450 3622 miihi}:
2477 3494 2867 3634 zun'c4qradtttn.
2914 3565 3048 3637 Quia
3082 3577 3444 3637 nequecaro,
3479 3579 3646 3637 neque
3668 3577 3775 3620 san-

2242 3637 2323 3693 uis
2355 3647 2529 3705 poteSt
2555 3636 2825 3692 Christum
2876 3636 3150 3702 revelare.
3185 3635 3280 3692 sed
3314 3638 3479 3694 Pater
3497 3635 3584 3708 qui
3609 3637 3658 3691 in
3679 3649 3772 3692 co:-

2228 3711 2270 3764 is
2292 3719 2392 3764 est.

2280 3801 2418 3871 Quid
2444 3821 2542 3858 non
2583 3804 2714 3858 sit...
2743 3819 2892 3867 quant
2919 3803 3044 3873 quid
3072 3802 3155 3857 sit.
3193 3801 3270 3857 Ex
3303 3803 3444 3870 Cic.,
3478 3803 3550 3859 lib
3587 3800 3651 3859 de
3673 3799 3772 3873 Nat.

2203 3870 2379 3937 dcor.,
2411 3889 2528 3943 cap.
2564 3875 2654 3928 2f.
2687 3917 2702 3940 ,
2738 3875 2828 3928 fin.
2866 3870 3006 3942 Quid
3054 3889 3154 3929 non
3208 3875 3272 3929 sit
3299 3876 3478 3943 citius,
3506 3891 3653 3947 quam
3674 3870 3776 3945 quid

2203 3947 2300 4011 sit,
2333 3947 2567 4002 dixerim.
2596 3947 2877 4002 Bonum.

2278 4038 2416 4104 Quid
2444 4039 2599 4110 igitur
2627 4040 2906 4110 majestatis
2937 4048 3165 4108 possunt,
3199 4050 3305 4094 etc.
3330 4039 3468 4095 Vide
3493 4040 3560 4095 de
3586 4038 3660 4093 his
3682 4035 3775 4092 dis-

2203 4121 2472 4165 serentem
2512 4112 2562 4164 in
2607 4113 2747 4165 notis
2779 4111 2992 4171 Isaeum.
3024 4121 3078 4166 et
3119 4112 3414 4180 ipsummet
3444 4110 3773 4171 Lactantium,

2206 4182 2302 4236 lib.
2326 4181 2392 4236 de
2417 4180 2498 4236 [ra
2525 4183 2638 4250 Dei,
2663 4197 2780 4253 cap.
2807 4183 2894 4246 16,
2923 4183 3010 4236 ubi
3033 4183 3106 4236 ait
3135 4198 3254 4247 eos,
3277 4185 3478 4252 quibus
3491 4194 3773 4254 persuasum

2205 4263 2289 4326 est
2322 4255 2430 4309 Deo
2456 4255 2967 4324 placerejuslitiatn,
2999 4254 3244 4326 venerari
3271 4269 3402 4310 eum
3435 4255 3674 4326 precibus
3697 4265 3771 4326 as;

2207 4325 2398 4397 siduis,
2424 4320 2868 4397 etfrequentibus
2900 4328 3060 4391 Votis,
3091 4327 3140 4380 ei
3187 4325 3328 4380 dona
3356 4336 3412 4382 et
3432 4320 3684 4382 sacrificia
3705 4320 3772 4378 of-

2203 4396 2366 4463 ferre,
2392 4397 2550 4467 justis
2581 4396 2812 4468 denique
2843 4398 3096 4466 operibus
3123 4412 3246 4458 enm
3275 4397 3568 4454 demereri.

2273 4465 2538 4540 Ficuluus.
2573 4465 2826 4525 Ficulitus
2861 4465 3182 4537 proverbiali
3212 4469 3380 4538 figura
3411 4469 3670 4540 significat
3694 4465 3766 4520 in-

2197 4614 2302 4669 bile
2328 4624 2384 4668 et
2410 4611 2616 4682 fragile.
2643 4612 2911 4668 Caeterum
2931 4611 3235 4680 huiusmodi
3254 4613 3456 4682 figuras
3485 4613 3766 4680 Priaporum

2196 4685 2249 4756 in
2275 4685 2672 4756 Gazephylacia
2702 4699 2798 4739 sua
2825 4683 3145 4756 retulerunt
3175 4683 3398 4749 eruditi,
3457 4698 3589 4754 quas
3627 4682 3769 4756 etiam

2195 4752 2482 4811 irriserunt
2500 4752 2688 4827 'poetm
2718 4765 2949 4820 veteres,
2977 4765 3036 4808 ut
3063 4755 3250 4809 videre
3279 4764 3366 4827 est
3393 4756 3450 4810 in
3475 4752 3689 4824 antiquo
3711 4752 3767 4804 li-

2195 4829 2361 4890 bello,
2393 4828 2478 4882 cui
2512 4825 2699 4882 iitulus
2722 4838 2806 4883 est
2836 4827 3076 4897 Priapeia
3099 4867 3115 4895 ,
3144 4828 3258 4881 sive
3284 4825 3626 4883 diversorum
3654 4835 3766 4896 poc-

2196 4909 2369 4955 tarum
2401 4900 2455 4953 in
2485 4897 2741 4972 Priapum
2779 4898 2968 4954 Lusus.

2269 4993 2396 5061 Quis
2423 5009 2523 5048 non
2540 4995 2622 5055 sit,
2650 5001 2754 5048 etc.
2779 4992 2894 5048 Non
2911 5004 2992 5048 est
3008 4991 3412 5048 hemistichium
3434 4990 3763 5061 horatianum,

2195 5074 2251 5119 ut
2274 5055 2334 5120 in
2363 5065 2681 5136 quibusdam
2712 5066 2986 5134 impressis
3021 5063 3391 5119 existimatum
3408 5071 3660 5136 apparet,
3684 5055 3763 5113 sed

2195 5151 2350 5206 prosa
2380 5137 2547 5208 ipsius
2575 5137 2835 5192 Lactantii
2862 5136 3064 5192 ironice
3087 5136 3380 5206 loquentis.
3407 5135 3591 5192 lassus.

2263 5227 2600 5301 Tentigiuem.
2636 5229 2859 5299 Prurigo
2879 5229 3096 5284 veneris
3123 5237 3226 5295 est,
3257 5242 3367 5299 quo
3397 5227 3563 5284 verbo
3589 5232 3638 5282 et
3664 5221 3764 5278 Vir-

2192 5300 2346 5372 gilius
2373 5300 2427 5356 et
2456 5301 2706 5356 Horatius
2737 5307 2976 5356 utuntur.

2269 5397 2522 5452 Insident.
2559 5397 2649 5452 Sic
2675 5396 2796 5467 lego
2830 5411 2953 5467 cum
2984 5393 3381 5466 antiquioribus
3407 5403 3465 5450 et
3495 5389 3761 5467 potioribus

2190 5486 2320 5525 mss.
2356 5471 2510 5539 Reg.,
2559 5459 2796 5532 Βοηοῐῖ..
2821 5469 2855 5522 ι1ι
2883 5466 3036 5522 Coll).
3068 5459 3340 5539 aliisque;
3379 5469 3432 5539 in
3481 5459 3514 5522 1
3548 5464 3692 5539 Reg.,
3735 5459 3757 5512 1

2189 5542 2366 5606 Colb.,
2416 5537 2456 5594 l'
2484 5542 2721 5596 Clarum.
2769 5549 2824 5596 et
2864 5540 3114 5595 omnibus
3144 5537 3259 5594 fere
3278 5538 3464 5602 editis,
3495 5537 3762 5591 insideant:

2190 5612 2243 5668 in
2269 5613 2387 5667 aliis
2413 5613 2448 5668 5
2475 5612 2632 5682 Reg.,
2666 5613 2690 5666 1
2723 5611 2904 5678 Colb.,
2936 5611 2962 5665 1
2995 5610 3258 5675 Clarom.,
3284 5611 3562 5682 insidiaut,
3592 5616 3757 5678 prave.

2261 5683 2328 5738 In
2375 5684 2469 5738 hoc
2503 5681 2632 5738 solo.
2668 5683 2743 5739 lta
2794 5684 3005 5739 restitui
3035 5698 3103 5740 ex
3149 5681 3403 5738 omnibus
3433 5696 3562 5737 mss.
3595 5691 3645 5733 et
3664 5682 3757 5729 vet.

2186 5754 2505 5882 editioRom.
2536 5755 2752 5827 Vulgati
2781 5755 2982 5812 habent
3003 5755 3203 5819 solum;
3232 5754 3258 5809 1
3287 5750 3554 5816 Clarom.,
3582 5748 3758 5804 solum-

2188 5843 2270 5882 uto
2346 5867 2358 5882 .

2188 5843 2338 5883 moao
2346 5867 2358 5882 .
