  <div class='ocr_page' id='page_1' title='image "/cluster/home/n/w/nwhite01/storage/ocr_20150623/6/hvd.32044015471238/141.png"; bbox 0 0 3986 6358; ppageno 0'>
   <div class='ocr_carea' id='block_1_1' title="bbox 596 270 702 326">
    <p class='ocr_par' dir='ltr' id='par_1_1' title="bbox 596 270 702 326">
     <span class='ocr_line' id='line_1_1' title="bbox 596 270 702 326; baseline -0.009 -1"><span class='ocrx_word' id='word_1_1' title='bbox 596 270 702 326; x_wconf 67' lang='grc'><strong>271</strong></span> 
     </span>
    </p>
   </div>
   <div class='ocr_carea' id='block_1_2' title="bbox 1676 268 3818 361">
    <p class='ocr_par' dir='ltr' id='par_1_2' title="bbox 1676 268 3818 361">
     <span class='ocr_line' id='line_1_2' title="bbox 1676 268 3818 361; baseline 0.007 -33"><span class='ocrx_word' id='word_1_2' title='bbox 1676 268 1868 328; x_wconf 77' lang='lat' dir='ltr'><strong>FIRM.</strong></span> <span class='ocrx_word' id='word_1_3' title='bbox 1903 268 2274 332; x_wconf 81' lang='lat' dir='ltr'><strong>LACTANTll</strong></span> <span class='ocrx_word' id='word_1_4' title='bbox 2312 273 2516 336; x_wconf 84' lang='lat' dir='ltr'><strong>DIVIN.</strong></span> <span class='ocrx_word' id='word_1_5' title='bbox 2556 277 2796 340; x_wconf 81' lang='lat' dir='ltr'><strong>INSTIT.</strong></span> <span class='ocrx_word' id='word_1_6' title='bbox 3739 303 3818 361; x_wconf 65' lang='lat' dir='ltr'><strong>27g</strong></span> 
     </span>
    </p>
   </div>
   <div class='ocr_carea' id='block_1_3' title="bbox 593 387 3816 486">
    <p class='ocr_par' dir='ltr' id='par_1_3' title="bbox 593 387 3816 486">
     <span class='ocr_line' id='line_1_3' title="bbox 593 387 3816 486; baseline 0.008 -41"><span class='ocrx_word' id='word_1_7' title='bbox 593 389 738 486; x_wconf 79' lang='lat' dir='ltr'><strong>enirn</strong></span> <span class='ocrx_word' id='word_1_8' title='bbox 763 401 981 486; x_wconf 86' lang='lat' dir='ltr'><strong>sensum</strong></span> <span class='ocrx_word' id='word_1_9' title='bbox 1009 387 1423 486; x_wconf 85' lang='lat' dir='ltr'><strong>consecratione</strong></span> <span class='ocrx_word' id='word_1_10' title='bbox 1449 397 1825 486; x_wconf 68' lang='lat' dir='ltr'><strong>sumpserunt.</strong></span> <span class='ocrx_word' id='word_1_11' title='bbox 1856 388 1974 446; x_wconf 85' lang='lat' dir='ltr'><strong>Non</strong></span> <span class='ocrx_word' id='word_1_12' title='bbox 2005 390 2187 461; x_wconf 89' lang='lat' dir='ltr'><strong>place-</strong></span> <span class='ocrx_word' id='word_1_13' title='bbox 2215 400 2268 461; x_wconf 80' lang='grc' dir='ltr'><strong>Α</strong></span> <span class='ocrx_word' id='word_1_14' title='bbox 2293 413 2399 452; x_wconf 89' lang='lat' dir='ltr'><strong>non</strong></span> <span class='ocrx_word' id='word_1_15' title='bbox 2444 413 2476 454; x_wconf 89' lang='lat' dir='ltr'><strong>a</strong></span> <span class='ocrx_word' id='word_1_16' title='bbox 2501 399 2819 470; x_wconf 82' lang='lat' dir='ltr'><strong>virginibus,</strong></span> <span class='ocrx_word' id='word_1_17' title='bbox 2872 415 3103 475; x_wconf 86' lang='lat' dir='ltr'><strong>quarum</strong></span> <span class='ocrx_word' id='word_1_18' title='bbox 3133 403 3343 464; x_wconf 89' lang='lat' dir='ltr'><strong>lusibus</strong></span> <span class='ocrx_word' id='word_1_19' title='bbox 3373 409 3516 467; x_wconf 85' lang='lat' dir='ltr'><strong>venia</strong></span> <span class='ocrx_word' id='word_1_20' title='bbox 3543 410 3642 468; x_wconf 87' lang='lat' dir='ltr'><strong>dari</strong></span> <span class='ocrx_word' id='word_1_21' title='bbox 3664 426 3816 486; x_wconf 81' lang='lat' dir='ltr'><strong>pulest,</strong></span> 
     </span>
    </p>
   </div>
   <div class='ocr_carea' id='block_1_4' title="bbox 593 481 2192 553">
    <p class='ocr_par' dir='ltr' id='par_1_4' title="bbox 593 481 2192 553">
     <span class='ocr_line' id='line_1_4' title="bbox 593 481 2192 553; baseline 0.002 -15"><span class='ocrx_word' id='word_1_22' title='bbox 593 481 686 538; x_wconf 88' lang='lat' dir='ltr'><strong>bat</strong></span> <span class='ocrx_word' id='word_1_23' title='bbox 708 482 913 543; x_wconf 90' lang='lat' dir='ltr'><strong>Persio.</strong></span> <span class='ocrx_word' id='word_1_24' title='bbox 963 483 1102 553; x_wconf 92' lang='lat' dir='ltr'><strong>quod</strong></span> <span class='ocrx_word' id='word_1_25' title='bbox 1126 498 1288 538; x_wconf 88' lang='lat' dir='ltr'><strong>aurea</strong></span> <span class='ocrx_word' id='word_1_26' title='bbox 1317 497 1444 538; x_wconf 90' lang='lat' dir='ltr'><strong>vasa</strong></span> <span class='ocrx_word' id='word_1_27' title='bbox 1495 484 1713 553; x_wconf 79' lang='lat' dir='ltr'><strong>templis</strong></span> <span class='ocrx_word' id='word_1_28' title='bbox 1744 483 2066 551; x_wconf 86' lang='lat' dir='ltr'><strong>inferantur,</strong></span> <span class='ocrx_word' id='word_1_29' title='bbox 2103 500 2192 541; x_wconf 89' lang='lat' dir='ltr'><strong>su-</strong></span> 
     </span>
    </p>
   </div>
   <div class='ocr_carea' id='block_1_5' title="bbox 594 575 2187 646">
    <p class='ocr_par' dir='ltr' id='par_1_5' title="bbox 594 575 2187 646">
     <span class='ocr_line' id='line_1_5' title="bbox 594 575 2187 646; baseline 0.002 -18"><span class='ocrx_word' id='word_1_30' title='bbox 594 589 920 645; x_wconf 87' lang='lat' dir='ltr'><strong>pervacuum</strong></span> <span class='ocrx_word' id='word_1_31' title='bbox 952 575 1155 642; x_wconf 91' lang='lat' dir='ltr'><strong>putanti</strong></span> <span class='ocrx_word' id='word_1_32' title='bbox 1207 589 1330 631; x_wconf 90' lang='lat' dir='ltr'><strong>esse</strong></span> <span class='ocrx_word' id='word_1_33' title='bbox 1367 577 1508 630; x_wconf 90' lang='lat' dir='ltr'><strong>inter</strong></span> <span class='ocrx_word' id='word_1_34' title='bbox 1549 575 1866 646; x_wconf 90' lang='lat' dir='ltr'><strong>religiones,</strong></span> <span class='ocrx_word' id='word_1_35' title='bbox 1899 576 2046 646; x_wconf 90' lang='lat' dir='ltr'><strong>quod</strong></span> <span class='ocrx_word' id='word_1_36' title='bbox 2079 593 2187 631; x_wconf 88' lang='lat' dir='ltr'><strong>non</strong></span> 
     </span>
    </p>
   </div>
   <div class='ocr_carea' id='block_1_6' title="bbox 593 667 2194 736">
    <p class='ocr_par' dir='ltr' id='par_1_6' title="bbox 593 667 2194 736">
     <span class='ocr_line' id='line_1_6' title="bbox 593 667 2194 736; baseline 0.002 -13"><span class='ocrx_word' id='word_1_37' title='bbox 593 667 916 736; x_wconf 69' lang='lat' dir='ltr'><strong>sanctitatis,</strong></span> <span class='ocrx_word' id='word_1_38' title='bbox 949 668 1044 724; x_wconf 91' lang='lat' dir='ltr'><strong>sed</strong></span> <span class='ocrx_word' id='word_1_39' title='bbox 1073 669 1316 724; x_wconf 61' lang='lat' dir='ltr'><strong>avaritiae</strong></span> <span class='ocrx_word' id='word_1_40' title='bbox 1338 671 1408 724; x_wconf 92' lang='lat' dir='ltr'><strong>sit</strong></span> <span class='ocrx_word' id='word_1_41' title='bbox 1434 670 1876 725; x_wconf 91' lang='lat' dir='ltr'><strong>instrumentum.</strong></span> <span class='ocrx_word' id='word_1_42' title='bbox 1922 671 2020 726; x_wconf 91' lang='lat' dir='ltr'><strong>Illa</strong></span> <span class='ocrx_word' id='word_1_43' title='bbox 2051 671 2194 726; x_wconf 91' lang='lat' dir='ltr'><strong>enim</strong></span> 
     </span>
    </p>
   </div>
   <div class='ocr_carea' id='block_1_7' title="bbox 591 761 2191 835">
    <p class='ocr_par' dir='ltr' id='par_1_7' title="bbox 591 761 2191 835">
     <span class='ocr_line' id='line_1_7' title="bbox 591 761 2191 835; baseline 0.003 -19"><span class='ocrx_word' id='word_1_44' title='bbox 591 761 760 816; x_wconf 86' lang='lat' dir='ltr'><strong>satius</strong></span> <span class='ocrx_word' id='word_1_45' title='bbox 777 772 858 817; x_wconf 90' lang='lat' dir='ltr'><strong>est</strong></span> <span class='ocrx_word' id='word_1_46' title='bbox 878 761 1012 829; x_wconf 90' lang='lat' dir='ltr'><strong>Deo,</strong></span> <span class='ocrx_word' id='word_1_47' title='bbox 1037 778 1198 834; x_wconf 89' lang='lat' dir='ltr'><strong>quem</strong></span> <span class='ocrx_word' id='word_1_48' title='bbox 1217 772 1364 820; x_wconf 91' lang='lat' dir='ltr'><strong>recte</strong></span> <span class='ocrx_word' id='word_1_49' title='bbox 1386 764 1556 831; x_wconf 90' lang='lat' dir='ltr'><strong>colas,</strong></span> <span class='ocrx_word' id='word_1_50' title='bbox 1575 763 1775 820; x_wconf 86' lang='lat' dir='ltr'><strong>inferre</strong></span> <span class='ocrx_word' id='word_1_51' title='bbox 1817 779 1916 835; x_wconf 95' lang='lat' dir='ltr'><strong>pro</strong></span> <span class='ocrx_word' id='word_1_52' title='bbox 1946 780 2191 822; x_wconf 89' lang='lat' dir='ltr'><strong>munere.</strong></span> 
     </span>
    </p>
   </div>
   <div class='ocr_carea' id='block_1_8' title="bbox 681 877 2101 943">
    <p class='ocr_par' dir='ltr' id='par_1_8' title="bbox 681 877 2101 943">
     <span class='ocr_line' id='line_1_8' title="bbox 681 877 2101 943; baseline 0.001 -16"><span class='ocrx_word' id='word_1_53' title='bbox 681 877 1016 943; x_wconf 66' lang='lat' dir='ltr'><strong>Compositum</strong></span> <span class='ocrx_word' id='word_1_54' title='bbox 1036 877 1136 941; x_wconf 89' lang='lat' dir='ltr'><strong>jus,</strong></span> <span class='ocrx_word' id='word_1_55' title='bbox 1161 877 1335 942; x_wconf 85' lang='lat' dir='ltr'><strong>fasque</strong></span> <span class='ocrx_word' id='word_1_56' title='bbox 1360 880 1529 943; x_wconf 89' lang='lat' dir='ltr'><strong>animi,</strong></span> <span class='ocrx_word' id='word_1_57' title='bbox 1547 885 1841 943; x_wconf 89' lang='lat' dir='ltr'><strong>sanctosque</strong></span> <span class='ocrx_word' id='word_1_58' title='bbox 1869 892 2101 930; x_wconf 82' lang='lat' dir='ltr'><strong>recessus</strong></span> 
     </span>
    </p>
   </div>
   <div class='ocr_carea' id='block_1_9' title="bbox 685 941 1949 1006">
    <p class='ocr_par' dir='ltr' id='par_1_9' title="bbox 685 941 1949 1006">
     <span class='ocr_line' id='line_1_9' title="bbox 685 941 1949 1006; baseline 0 -16"><span class='ocrx_word' id='word_1_59' title='bbox 685 941 888 1004; x_wconf 79' lang='lat' dir='ltr'><strong>Mentis,</strong></span> <span class='ocrx_word' id='word_1_60' title='bbox 914 946 968 991; x_wconf 86' lang='lat' dir='ltr'><strong>et</strong></span> <span class='ocrx_word' id='word_1_61' title='bbox 990 943 1235 992; x_wconf 89' lang='lat' dir='ltr'><strong>incoctum</strong></span> <span class='ocrx_word' id='word_1_62' title='bbox 1255 955 1505 1006; x_wconf 85' lang='lat' dir='ltr'><strong>generoso</strong></span> <span class='ocrx_word' id='word_1_63' title='bbox 1516 941 1700 1006; x_wconf 82' lang='lat' dir='ltr'><strong>pectus</strong></span> <span class='ocrx_word' id='word_1_64' title='bbox 1721 941 1949 993; x_wconf 74' lang='lat' dir='ltr'><strong>hunesto.</strong></span> 
     </span>
    </p>
   </div>
   <div class='ocr_carea' id='block_1_10' title="bbox 586 1048 2232 1122">
    <p class='ocr_par' dir='ltr' id='par_1_10' title="bbox 586 1048 2232 1122">
     <span class='ocr_line' id='line_1_10' title="bbox 586 1048 2232 1122; baseline -0.004 -16"><span class='ocrx_word' id='word_1_65' title='bbox 586 1048 840 1122; x_wconf 77' lang='lat' dir='ltr'><strong>Egregie,</strong></span> <span class='ocrx_word' id='word_1_66' title='bbox 889 1049 1268 1120; x_wconf 91' lang='lat' dir='ltr'><strong>sapienterque</strong></span> <span class='ocrx_word' id='word_1_67' title='bbox 1313 1050 1502 1106; x_wconf 88' lang='lat' dir='ltr'><strong>sensit.</strong></span> <span class='ocrx_word' id='word_1_68' title='bbox 1559 1049 1761 1106; x_wconf 82' lang='lat' dir='ltr'><strong>Verum</strong></span> <span class='ocrx_word' id='word_1_69' title='bbox 1808 1049 1938 1105; x_wconf 94' lang='lat' dir='ltr'><strong>illud</strong></span> <span class='ocrx_word' id='word_1_70' title='bbox 1969 1049 2232 1106; x_wconf 84' lang='lat' dir='ltr'><strong>ridicule.</strong></span> 
     </span>
    </p>
   </div>
   <div class='ocr_carea' id='block_1_11' title="bbox 589 1140 2048 1214">
    <p class='ocr_par' dir='ltr' id='par_1_11' title="bbox 589 1140 2048 1214">
     <span class='ocr_line' id='line_1_11' title="bbox 589 1140 2048 1214; baseline 0 -16"><span class='ocrx_word' id='word_1_71' title='bbox 589 1141 861 1198; x_wconf 85' lang='lat' dir='ltr'><strong>subdidit:</strong></span> <span class='ocrx_word' id='word_1_72' title='bbox 893 1140 999 1198; x_wconf 89' lang='lat' dir='ltr'><strong>hoc</strong></span> <span class='ocrx_word' id='word_1_73' title='bbox 1020 1157 1144 1199; x_wconf 92' lang='lat' dir='ltr'><strong>esse</strong></span> <span class='ocrx_word' id='word_1_74' title='bbox 1171 1157 1362 1197; x_wconf 90' lang='lat' dir='ltr'><strong>aurum</strong></span> <span class='ocrx_word' id='word_1_75' title='bbox 1390 1142 1444 1197; x_wconf 91' lang='lat' dir='ltr'><strong>in</strong></span> <span class='ocrx_word' id='word_1_76' title='bbox 1477 1143 1718 1213; x_wconf 89' lang='lat' dir='ltr'><strong>templis,</strong></span> <span class='ocrx_word' id='word_1_77' title='bbox 1745 1142 1888 1214; x_wconf 91' lang='lat' dir='ltr'><strong>quod</strong></span> <span class='ocrx_word' id='word_1_78' title='bbox 1918 1141 2048 1208; x_wconf 90' lang='lat' dir='ltr'><strong>sint,</strong></span> 
     </span>
    </p>
   </div>
   <div class='ocr_carea' id='block_1_12' title="bbox 1090 1259 1971 1324">
    <p class='ocr_par' dir='ltr' id='par_1_12' title="bbox 1090 1259 1971 1324">
     <span class='ocr_line' id='line_1_12' title="bbox 1090 1259 1971 1324; baseline 0.002 -14"><span class='ocrx_word' id='word_1_79' title='bbox 1090 1259 1279 1311; x_wconf 85' lang='lat' dir='ltr'><strong>Veneri</strong></span> <span class='ocrx_word' id='word_1_80' title='bbox 1302 1260 1498 1311; x_wconf 68' lang='lat' dir='ltr'><strong>donatae</strong></span> <span class='ocrx_word' id='word_1_81' title='bbox 1521 1272 1549 1310; x_wconf 92' lang='lat' dir='ltr'><strong>a</strong></span> <span class='ocrx_word' id='word_1_82' title='bbox 1572 1260 1767 1324; x_wconf 78' lang='lat' dir='ltr'><strong>virgine</strong></span> <span class='ocrx_word' id='word_1_83' title='bbox 1791 1273 1932 1324; x_wconf 66' lang='lat' dir='ltr'><strong>pupa:</strong></span> <span class='ocrx_word' id='word_1_84' title='bbox 1957 1274 1971 1313; x_wconf 87' lang='lat'><strong>:</strong></span> 
     </span>
    </p>
   </div>
   <div class='ocr_carea' id='block_1_13' title="bbox 588 1362 2194 1437">
    <p class='ocr_par' dir='ltr' id='par_1_13' title="bbox 588 1362 2194 1437">
     <span class='ocr_line' id='line_1_13' title="bbox 588 1362 2194 1437; baseline 0 -19"><span class='ocrx_word' id='word_1_85' title='bbox 588 1379 724 1436; x_wconf 89' lang='lat' dir='ltr'><strong>quas</strong></span> <span class='ocrx_word' id='word_1_86' title='bbox 746 1364 836 1420; x_wconf 90' lang='lat' dir='ltr'><strong>ille</strong></span> <span class='ocrx_word' id='word_1_87' title='bbox 864 1365 934 1421; x_wconf 93' lang='lat' dir='ltr'><strong>ob</strong></span> <span class='ocrx_word' id='word_1_88' title='bbox 956 1364 1237 1420; x_wconf 91' lang='lat' dir='ltr'><strong>minutiem</strong></span> <span class='ocrx_word' id='word_1_89' title='bbox 1267 1365 1498 1421; x_wconf 89' lang='lat' dir='ltr'><strong>l&#39;ortasse</strong></span> <span class='ocrx_word' id='word_1_90' title='bbox 1519 1364 1929 1437; x_wconf 87' lang='lat' dir='ltr'><strong>contempserit.</strong></span> <span class='ocrx_word' id='word_1_91' title='bbox 1963 1362 2080 1419; x_wconf 85' lang='lat' dir='ltr'><strong>Non</strong></span> <span class='ocrx_word' id='word_1_92' title='bbox 2113 1363 2194 1418; x_wconf 89' lang='lat' dir='ltr'><strong>vi-</strong></span> 
     </span>
    </p>
   </div>
   <div class='ocr_carea' id='block_1_14' title="bbox 594 1456 2194 1529">
    <p class='ocr_par' dir='ltr' id='par_1_14' title="bbox 594 1456 2194 1529">
     <span class='ocr_line' id='line_1_14' title="bbox 594 1456 2194 1529; baseline -0.003 -16"><span class='ocrx_word' id='word_1_93' title='bbox 594 1457 767 1514; x_wconf 89' lang='lat' dir='ltr'><strong>debat</strong></span> <span class='ocrx_word' id='word_1_94' title='bbox 797 1459 964 1523; x_wconf 90' lang='lat' dir='ltr'><strong>euim,</strong></span> <span class='ocrx_word' id='word_1_95' title='bbox 991 1457 1276 1513; x_wconf 88' lang='lat' dir='ltr'><strong>simulacra</strong></span> <span class='ocrx_word' id='word_1_96' title='bbox 1305 1458 1417 1527; x_wconf 92' lang='lat' dir='ltr'><strong>ipsa</strong></span> <span class='ocrx_word' id='word_1_97' title='bbox 1439 1467 1495 1513; x_wconf 92' lang='lat' dir='ltr'><strong>et</strong></span> <span class='ocrx_word' id='word_1_98' title='bbox 1521 1457 1730 1529; x_wconf 84' lang='lat' dir='ltr'><strong>efﬁgies</strong></span> <span class='ocrx_word' id='word_1_99' title='bbox 1757 1457 2003 1523; x_wconf 90' lang='lat' dir='ltr'><strong>deorum,</strong></span> <span class='ocrx_word' id='word_1_100' title='bbox 2037 1456 2194 1527; x_wconf 88' lang='lat' dir='ltr'><strong>Poly-</strong></span> 
     </span>
    </p>
   </div>
   <div class='ocr_carea' id='block_1_15' title="bbox 586 1551 2193 1623">
    <p class='ocr_par' dir='ltr' id='par_1_15' title="bbox 586 1551 2193 1623">
     <span class='ocr_line' id='line_1_15' title="bbox 586 1551 2193 1623; baseline -0.001 -15"><span class='ocrx_word' id='word_1_101' title='bbox 586 1553 731 1618; x_wconf 90' lang='lat' dir='ltr'><strong>cleti,</strong></span> <span class='ocrx_word' id='word_1_102' title='bbox 764 1561 819 1608; x_wconf 91' lang='lat' dir='ltr'><strong>et</strong></span> <span class='ocrx_word' id='word_1_103' title='bbox 847 1552 1233 1623; x_wconf 85' lang='lat' dir='ltr'><strong>Euphranoris,</strong></span> <span class='ocrx_word' id='word_1_104' title='bbox 1274 1565 1328 1608; x_wconf 89' lang='lat' dir='ltr'><strong>et</strong></span> <span class='ocrx_word' id='word_1_105' title='bbox 1356 1551 1562 1608; x_wconf 75' lang='lat' dir='ltr'><strong>Phidize</strong></span> <span class='ocrx_word' id='word_1_106' title='bbox 1593 1568 1756 1608; x_wconf 89' lang='lat' dir='ltr'><strong>manu</strong></span> <span class='ocrx_word' id='word_1_107' title='bbox 1784 1567 1848 1608; x_wconf 84' lang='lat' dir='ltr'><strong>ex</strong></span> <span class='ocrx_word' id='word_1_108' title='bbox 1873 1567 2008 1607; x_wconf 93' lang='lat' dir='ltr'><strong>auro</strong></span> <span class='ocrx_word' id='word_1_109' title='bbox 2029 1563 2193 1622; x_wconf 90' lang='lat' dir='ltr'><strong>atque</strong></span> 
     </span>
    </p>
   </div>
   <div class='ocr_carea' id='block_1_16' title="bbox 587 1644 2188 1718">
    <p class='ocr_par' dir='ltr' id='par_1_16' title="bbox 587 1644 2188 1718">
     <span class='ocr_line' id='line_1_16' title="bbox 587 1644 2188 1718; baseline -0.002 -16"><span class='ocrx_word' id='word_1_110' title='bbox 587 1646 754 1703; x_wconf 89' lang='lat' dir='ltr'><strong>ebore</strong></span> <span class='ocrx_word' id='word_1_111' title='bbox 782 1646 1065 1718; x_wconf 85' lang='lat' dir='ltr'><strong>perfectas,</strong></span> <span class='ocrx_word' id='word_1_112' title='bbox 1086 1645 1219 1702; x_wconf 91' lang='lat' dir='ltr'><strong>nihil</strong></span> <span class='ocrx_word' id='word_1_113' title='bbox 1241 1644 1385 1702; x_wconf 90' lang='lat' dir='ltr'><strong>aliud</strong></span> <span class='ocrx_word' id='word_1_114' title='bbox 1405 1659 1527 1702; x_wconf 87' lang='lat' dir='ltr'><strong>esse</strong></span> <span class='ocrx_word' id='word_1_115' title='bbox 1549 1660 1708 1718; x_wconf 91' lang='lat' dir='ltr'><strong>quam</strong></span> <span class='ocrx_word' id='word_1_116' title='bbox 1733 1644 1965 1718; x_wconf 80' lang='lat' dir='ltr'><strong>grandes</strong></span> <span class='ocrx_word' id='word_1_117' title='bbox 1995 1659 2188 1716; x_wconf 85' lang='lat' dir='ltr'><strong>pupas,</strong></span> 
     </span>
    </p>
   </div>
   <div class='ocr_carea' id='block_1_17' title="bbox 2297 490 3820 579">
    <p class='ocr_par' dir='ltr' id='par_1_17' title="bbox 2297 490 3820 579">
     <span class='ocr_line' id='line_1_17' title="bbox 2297 490 3820 579; baseline 0.014 -35"><span class='ocrx_word' id='word_1_118' title='bbox 2297 490 2392 545; x_wconf 90' lang='lat' dir='ltr'><strong>sed</strong></span> <span class='ocrx_word' id='word_1_119' title='bbox 2422 508 2449 546; x_wconf 91' lang='lat' dir='ltr'><strong>a</strong></span> <span class='ocrx_word' id='word_1_120' title='bbox 2478 493 2719 549; x_wconf 85' lang='lat' dir='ltr'><strong>barbatis</strong></span> <span class='ocrx_word' id='word_1_121' title='bbox 2747 495 3058 553; x_wconf 90' lang='lat' dir='ltr'><strong>hominibus</strong></span> <span class='ocrx_word' id='word_1_122' title='bbox 3094 511 3454 557; x_wconf 87' lang='lat' dir='ltr'><strong>consecratas.</strong></span> <span class='ocrx_word' id='word_1_123' title='bbox 3486 504 3654 561; x_wconf 85' lang='lat' dir='ltr'><strong>Merito</strong></span> <span class='ocrx_word' id='word_1_124' title='bbox 3696 511 3820 579; x_wconf 78' lang='lat' dir='ltr'><strong>igitur</strong></span> 
     </span>
    </p>
   </div>
   <div class='ocr_carea' id='block_1_18' title="bbox 2298 582 3819 670">
    <p class='ocr_par' dir='ltr' id='par_1_18' title="bbox 2298 582 3819 670">
     <span class='ocr_line' id='line_1_18' title="bbox 2298 582 3819 670; baseline 0.011 -33"><span class='ocrx_word' id='word_1_125' title='bbox 2298 582 2461 637; x_wconf 89' lang='lat' dir='ltr'><strong>etiam</strong></span> <span class='ocrx_word' id='word_1_126' title='bbox 2487 597 2680 639; x_wconf 91' lang='lat' dir='ltr'><strong>senum</strong></span> <span class='ocrx_word' id='word_1_127' title='bbox 2710 586 2992 642; x_wconf 88' lang='lat' dir='ltr'><strong>stultitiam</strong></span> <span class='ocrx_word' id='word_1_128' title='bbox 3017 589 3224 645; x_wconf 87' lang='lat' dir='ltr'><strong>Seneca</strong></span> <span class='ocrx_word' id='word_1_129' title='bbox 3254 592 3475 649; x_wconf 86' lang='lat' dir='ltr'><strong>deridet.</strong></span> <span class='ocrx_word' id='word_1_130' title='bbox 3523 595 3644 660; x_wconf 87' lang='lat' dir='ltr'><strong>Non,</strong></span> <span class='ocrx_word' id='word_1_131' title='bbox 3671 599 3819 670; x_wconf 84' lang='lat' dir='ltr'><strong>inquit,</strong></span> 
     </span>
    </p>
   </div>
   <div class='ocr_carea' id='block_1_19' title="bbox 2299 675 3822 762">
    <p class='ocr_par' dir='ltr' id='par_1_19' title="bbox 2299 675 3822 762">
     <span class='ocr_line' id='line_1_19' title="bbox 2299 675 3822 762; baseline 0.014 -33"><span class='ocrx_word' id='word_1_132' title='bbox 2299 675 2382 730; x_wconf 89' lang='lat' dir='ltr'><strong>bis</strong></span> <span class='ocrx_word' id='word_1_133' title='bbox 2422 680 2572 747; x_wconf 88' lang='lat' dir='ltr'><strong>pueri</strong></span> <span class='ocrx_word' id='word_1_134' title='bbox 2601 695 2788 736; x_wconf 88' lang='lat' dir='ltr'><strong>sumus</strong></span> <span class='ocrx_word' id='word_1_135' title='bbox 2811 681 2889 755; x_wconf 90' lang='lat' dir='ltr'><strong>(ut</strong></span> <span class='ocrx_word' id='word_1_136' title='bbox 2914 683 3073 755; x_wconf 88' lang='lat' dir='ltr'><strong>vulgo</strong></span> <span class='ocrx_word' id='word_1_137' title='bbox 3099 684 3317 758; x_wconf 89' lang='lat' dir='ltr'><strong>dicitur)</strong></span> <span class='ocrx_word' id='word_1_138' title='bbox 3351 705 3366 753; x_wconf 91' lang='lat'><strong>;</strong></span> <span class='ocrx_word' id='word_1_139' title='bbox 3397 689 3486 744; x_wconf 91' lang='lat' dir='ltr'><strong>sed</strong></span> <span class='ocrx_word' id='word_1_140' title='bbox 3515 705 3717 762; x_wconf 85' lang='lat' dir='ltr'><strong>semper.</strong></span> <span class='ocrx_word' id='word_1_141' title='bbox 3739 695 3822 750; x_wconf 64' lang='grc' dir='ltr'><strong>γε-</strong></span> 
     </span>
    </p>
   </div>
   <div class='ocr_carea' id='block_1_20' title="bbox 2298 770 3824 858">
    <p class='ocr_par' dir='ltr' id='par_1_20' title="bbox 2298 770 3824 858">
     <span class='ocr_line' id='line_1_20' title="bbox 2298 770 3824 858; baseline 0.013 -35"><span class='ocrx_word' id='word_1_142' title='bbox 2298 785 2417 824; x_wconf 91' lang='lat' dir='ltr'><strong>rum</strong></span> <span class='ocrx_word' id='word_1_143' title='bbox 2460 770 2563 826; x_wconf 92' lang='lat' dir='ltr'><strong>hoc</strong></span> <span class='ocrx_word' id='word_1_144' title='bbox 2593 773 2839 842; x_wconf 86' lang='lat' dir='ltr'><strong>interest,</strong></span> <span class='ocrx_word' id='word_1_145' title='bbox 2884 777 3028 847; x_wconf 92' lang='lat' dir='ltr'><strong>quod</strong></span> <span class='ocrx_word' id='word_1_146' title='bbox 3074 778 3277 851; x_wconf 83' lang='lat' dir='ltr'><strong>majora</strong></span> <span class='ocrx_word' id='word_1_147' title='bbox 3310 795 3406 837; x_wconf 88' lang='lat' dir='ltr'><strong>nos</strong></span> <span class='ocrx_word' id='word_1_148' title='bbox 3460 781 3686 839; x_wconf 90' lang='lat' dir='ltr'><strong>ludimus.</strong></span> <span class='ocrx_word' id='word_1_149' title='bbox 3719 787 3824 858; x_wconf 78' lang='lat' dir='ltr'><strong>Ergo</strong></span> 
     </span>
    </p>
   </div>
   <div class='ocr_carea' id='block_1_21' title="bbox 2299 862 3825 950">
    <p class='ocr_par' dir='ltr' id='par_1_21' title="bbox 2299 862 3825 950">
     <span class='ocr_line' id='line_1_21' title="bbox 2299 862 3825 950; baseline 0.012 -32"><span class='ocrx_word' id='word_1_150' title='bbox 2299 862 2386 920; x_wconf 89' lang='lat' dir='ltr'><strong>bis</strong></span> <span class='ocrx_word' id='word_1_151' title='bbox 2438 865 2680 934; x_wconf 88' lang='lat' dir='ltr'><strong>ludicris,</strong></span> <span class='ocrx_word' id='word_1_152' title='bbox 2739 877 2795 925; x_wconf 92' lang='lat' dir='ltr'><strong>et</strong></span> <span class='ocrx_word' id='word_1_153' title='bbox 2842 873 3071 940; x_wconf 90' lang='lat' dir='ltr'><strong>ornatis,</strong></span> <span class='ocrx_word' id='word_1_154' title='bbox 3100 882 3155 929; x_wconf 88' lang='lat' dir='ltr'><strong>et</strong></span> <span class='ocrx_word' id='word_1_155' title='bbox 3206 876 3490 946; x_wconf 89' lang='lat' dir='ltr'><strong>grandibus</strong></span> <span class='ocrx_word' id='word_1_156' title='bbox 3519 880 3655 950; x_wconf 91' lang='lat' dir='ltr'><strong>pupis</strong></span> <span class='ocrx_word' id='word_1_157' title='bbox 3693 892 3825 937; x_wconf 86' lang='lat' dir='ltr'><strong>eluu-</strong></span> 
     </span>
    </p>
   </div>
   <div class='ocr_carea' id='block_1_22' title="bbox 2300 963 3826 1041">
    <p class='ocr_par' dir='ltr' id='par_1_22' title="bbox 2300 963 3826 1041">
     <span class='ocr_line' id='line_1_22' title="bbox 2300 963 3826 1041; baseline 0.013 -31"><span class='ocrx_word' id='word_1_158' title='bbox 2300 967 2520 1028; x_wconf 88' lang='lat' dir='ltr'><strong>guenta,</strong></span> <span class='ocrx_word' id='word_1_159' title='bbox 2555 969 2610 1016; x_wconf 94' lang='lat' dir='ltr'><strong>et</strong></span> <span class='ocrx_word' id='word_1_160' title='bbox 2639 963 2818 1030; x_wconf 88' lang='lat' dir='ltr'><strong>thura,</strong></span> <span class='ocrx_word' id='word_1_161' title='bbox 2851 973 2908 1019; x_wconf 90' lang='lat' dir='ltr'><strong>et</strong></span> <span class='ocrx_word' id='word_1_162' title='bbox 2934 964 3131 1021; x_wconf 93' lang='lat' dir='ltr'><strong>odores</strong></span> <span class='ocrx_word' id='word_1_163' title='bbox 3170 966 3442 1023; x_wconf 89' lang='lat' dir='ltr'><strong>inferunt:</strong></span> <span class='ocrx_word' id='word_1_164' title='bbox 3477 969 3553 1024; x_wconf 90' lang='lat' dir='ltr'><strong>his</strong></span> <span class='ocrx_word' id='word_1_165' title='bbox 3596 973 3826 1041; x_wconf 85' lang='lat' dir='ltr'><strong>opitnaset</strong></span> 
     </span>
    </p>
   </div>
   <div class='ocr_carea' id='block_1_23' title="bbox 2299 1053 3825 1132">
    <p class='ocr_par' dir='ltr' id='par_1_23' title="bbox 2299 1053 3825 1132">
     <span class='ocr_line' id='line_1_23' title="bbox 2299 1053 3825 1132; baseline 0.01 -27"><span class='ocrx_word' id='word_1_166' title='bbox 2299 1053 2528 1122; x_wconf 84' lang='lat' dir='ltr'><strong>pingues</strong></span> <span class='ocrx_word' id='word_1_167' title='bbox 2557 1055 2760 1109; x_wconf 84' lang='lat' dir='ltr'><strong>hostias</strong></span> <span class='ocrx_word' id='word_1_168' title='bbox 2784 1055 3086 1126; x_wconf 89' lang='lat' dir='ltr'><strong>immolant,</strong></span> <span class='ocrx_word' id='word_1_169' title='bbox 3121 1060 3315 1130; x_wconf 89' lang='lat' dir='ltr'><strong>quibus</strong></span> <span class='ocrx_word' id='word_1_170' title='bbox 3343 1071 3426 1117; x_wconf 88' lang='lat' dir='ltr'><strong>est</strong></span> <span class='ocrx_word' id='word_1_171' title='bbox 3451 1062 3644 1132; x_wconf 88' lang='lat' dir='ltr'><strong>quidem</strong></span> <span class='ocrx_word' id='word_1_172' title='bbox 3670 1081 3736 1130; x_wconf 89' lang='lat' dir='ltr'><strong>os,</strong></span> <span class='ocrx_word' id='word_1_173' title='bbox 3758 1069 3825 1123; x_wconf 78' lang='lat' dir='ltr'><strong>sed</strong></span> 
     </span>
    </p>
   </div>
   <div class='ocr_carea' id='block_1_24' title="bbox 2299 1145 3828 1229">
    <p class='ocr_par' dir='ltr' id='par_1_24' title="bbox 2299 1145 3828 1229">
     <span class='ocr_line' id='line_1_24' title="bbox 2299 1145 3828 1229; baseline 0.009 -29"><span class='ocrx_word' id='word_1_174' title='bbox 2299 1158 2492 1201; x_wconf 88' lang='lat' dir='ltr'><strong>carens</strong></span> <span class='ocrx_word' id='word_1_175' title='bbox 2512 1145 2695 1202; x_wconf 89' lang='lat' dir='ltr'><strong>officio</strong></span> <span class='ocrx_word' id='word_1_176' title='bbox 2721 1147 2965 1204; x_wconf 93' lang='lat' dir='ltr'><strong>dentium</strong></span> <span class='ocrx_word' id='word_1_177' title='bbox 2991 1169 3004 1205; x_wconf 85' lang='lat'><strong>:</strong></span> <span class='ocrx_word' id='word_1_178' title='bbox 3038 1150 3122 1206; x_wconf 91' lang='lat' dir='ltr'><strong>his</strong></span> <span class='ocrx_word' id='word_1_179' title='bbox 3149 1154 3340 1223; x_wconf 93' lang='lat' dir='ltr'><strong>peplos</strong></span> <span class='ocrx_word' id='word_1_180' title='bbox 3361 1163 3416 1208; x_wconf 90' lang='lat' dir='ltr'><strong>et</strong></span> <span class='ocrx_word' id='word_1_181' title='bbox 3442 1154 3721 1212; x_wconf 89' lang='lat' dir='ltr'><strong>indumenta</strong></span> <span class='ocrx_word' id='word_1_182' title='bbox 3743 1175 3828 1229; x_wconf 53' lang='lat' dir='ltr'><strong>pro.</strong></span> 
     </span>
    </p>
   </div>
   <div class='ocr_carea' id='block_1_25' title="bbox 2301 1239 3827 1309">
    <p class='ocr_par' dir='ltr' id='par_1_25' title="bbox 2301 1239 3827 1309">
     <span class='ocr_line' id='line_1_25' title="bbox 2301 1239 3827 1309; baseline 0.009 -17"><span class='ocrx_word' id='word_1_183' title='bbox 2301 1239 2460 1305; x_wconf 90' lang='lat' dir='ltr'><strong>tiosa,</strong></span> <span class='ocrx_word' id='word_1_184' title='bbox 2493 1239 2686 1309; x_wconf 87' lang='lat' dir='ltr'><strong>quibus</strong></span> <span class='ocrx_word' id='word_1_185' title='bbox 2710 1256 2836 1296; x_wconf 91' lang='lat' dir='ltr'><strong>usus</strong></span> <span class='ocrx_word' id='word_1_186' title='bbox 2862 1242 3144 1299; x_wconf 85' lang='lat' dir='ltr'><strong>velaminis</strong></span> <span class='ocrx_word' id='word_1_187' title='bbox 3173 1245 3352 1300; x_wconf 92' lang='lat' dir='ltr'><strong>nullus</strong></span> <span class='ocrx_word' id='word_1_188' title='bbox 3377 1255 3486 1301; x_wconf 91' lang='lat' dir='ltr'><strong>est:</strong></span> <span class='ocrx_word' id='word_1_189' title='bbox 3514 1247 3590 1302; x_wconf 92' lang='lat' dir='ltr'><strong>his</strong></span> <span class='ocrx_word' id='word_1_190' title='bbox 3617 1264 3772 1305; x_wconf 88' lang='lat' dir='ltr'><strong>aurum</strong></span> <span class='ocrx_word' id='word_1_191' title='bbox 3789 1261 3827 1307; x_wconf 86' lang='lat' dir='ltr'><strong>et</strong></span> 
     </span>
    </p>
   </div>
   <div class='ocr_carea' id='block_1_26' title="bbox 2300 1342 3828 1415">
    <p class='ocr_par' dir='ltr' id='par_1_26' title="bbox 2300 1342 3828 1415">
     <span class='ocr_line' id='line_1_26' title="bbox 2300 1342 3828 1415; baseline 0.008 -27"><span class='ocrx_word' id='word_1_192' title='bbox 2300 1343 2581 1404; x_wconf 86' lang='lat' dir='ltr'><strong>argentum</strong></span> <span class='ocrx_word' id='word_1_193' title='bbox 2611 1348 2950 1404; x_wconf 90' lang='lat' dir='ltr'><strong>consecrant,</strong></span> <span class='ocrx_word' id='word_1_194' title='bbox 2979 1354 3099 1410; x_wconf 66' lang='lat' dir='ltr'><strong>quae</strong></span> <span class='ocrx_word' id='word_1_195' title='bbox 3127 1349 3235 1396; x_wconf 90' lang='lat' dir='ltr'><strong>tam</strong></span> <span class='ocrx_word' id='word_1_196' title='bbox 3263 1357 3371 1396; x_wconf 93' lang='lat' dir='ltr'><strong>non</strong></span> <span class='ocrx_word' id='word_1_197' title='bbox 3403 1342 3591 1398; x_wconf 88' lang='lat' dir='ltr'><strong>habent</strong></span> <span class='ocrx_word' id='word_1_198' title='bbox 3617 1345 3694 1415; x_wconf 91' lang='lat' dir='ltr'><strong>qui</strong></span> <span class='ocrx_word' id='word_1_199' title='bbox 3721 1347 3828 1402; x_wconf 83' lang='lat' dir='ltr'><strong>acci-</strong></span> 
     </span>
    </p>
   </div>
   <div class='ocr_carea' id='block_1_27' title="bbox 2301 1428 3217 1500">
    <p class='ocr_par' dir='ltr' id='par_1_27' title="bbox 2301 1428 3217 1500">
     <span class='ocr_line' id='line_1_27' title="bbox 2301 1428 3217 1500; baseline 0.008 -19"><span class='ocrx_word' id='word_1_200' title='bbox 2301 1428 2475 1498; x_wconf 86' lang='lat' dir='ltr'><strong>piunt,</strong></span> <span class='ocrx_word' id='word_1_201' title='bbox 2499 1444 2658 1500; x_wconf 93' lang='lat' dir='ltr'><strong>quam</strong></span> <span class='ocrx_word' id='word_1_202' title='bbox 2686 1430 2776 1500; x_wconf 94' lang='lat' dir='ltr'><strong>qui</strong></span> <span class='ocrx_word' id='word_1_203' title='bbox 2809 1430 2897 1485; x_wconf 87' lang='lat' dir='ltr'><strong>illa</strong></span> <span class='ocrx_word' id='word_1_204' title='bbox 2924 1430 3217 1488; x_wconf 88' lang='lat' dir='ltr'><strong>donarunt.</strong></span> 
     </span>
    </p>
   </div>
   <div class='ocr_carea' id='block_1_28' title="bbox 2374 1543 3829 1624">
    <p class='ocr_par' dir='ltr' id='par_1_28' title="bbox 2374 1543 3829 1624">
     <span class='ocr_line' id='line_1_28' title="bbox 2374 1543 3829 1624; baseline 0.006 -24"><span class='ocrx_word' id='word_1_205' title='bbox 2374 1543 2484 1600; x_wconf 85' lang='lat' dir='ltr'><strong>Nec</strong></span> <span class='ocrx_word' id='word_1_206' title='bbox 2511 1545 2780 1601; x_wconf 91' lang='lat' dir='ltr'><strong>immerito</strong></span> <span class='ocrx_word' id='word_1_207' title='bbox 2803 1545 3109 1619; x_wconf 83' lang='lat' dir='ltr'><strong>Dionysius,</strong></span> <span class='ocrx_word' id='word_1_208' title='bbox 3132 1549 3327 1604; x_wconf 70' lang='lat' dir='ltr'><strong>Sicilia:</strong></span> <span class='ocrx_word' id='word_1_209' title='bbox 3343 1559 3609 1622; x_wconf 81' lang='lat' dir='ltr'><strong>tyrannus,</strong></span> <span class='ocrx_word' id='word_1_210' title='bbox 3633 1563 3733 1624; x_wconf 91' lang='lat' dir='ltr'><strong>post</strong></span> <span class='ocrx_word' id='word_1_211' title='bbox 3750 1555 3829 1610; x_wconf 82' lang='lat' dir='ltr'><strong>vic-</strong></span> 
     </span>
    </p>
   </div>
   <div class='ocr_carea' id='block_1_29' title="bbox 2301 1637 3828 1718">
    <p class='ocr_par' dir='ltr' id='par_1_29' title="bbox 2301 1637 3828 1718">
     <span class='ocr_line' id='line_1_29' title="bbox 2301 1637 3828 1718; baseline 0.007 -25"><span class='ocrx_word' id='word_1_212' title='bbox 2301 1637 2493 1693; x_wconf 90' lang='lat' dir='ltr'><strong>toriam</strong></span> <span class='ocrx_word' id='word_1_213' title='bbox 2526 1637 2734 1695; x_wconf 67' lang='lat' dir='ltr'><strong>Graecia</strong></span> <span class='ocrx_word' id='word_1_214' title='bbox 2766 1639 2988 1710; x_wconf 89' lang='lat' dir='ltr'><strong>potitus,</strong></span> <span class='ocrx_word' id='word_1_215' title='bbox 3013 1640 3148 1698; x_wconf 90' lang='lat' dir='ltr'><strong>deos</strong></span> <span class='ocrx_word' id='word_1_216' title='bbox 3173 1641 3310 1699; x_wconf 88' lang='lat' dir='ltr'><strong>tales</strong></span> <span class='ocrx_word' id='word_1_217' title='bbox 3331 1647 3659 1717; x_wconf 87' lang='lat' dir='ltr'><strong>contempsit,</strong></span> <span class='ocrx_word' id='word_1_218' title='bbox 3681 1649 3828 1718; x_wconf 84' lang='lat' dir='ltr'><strong>spolia-</strong></span> 
     </span>
    </p>
   </div>
   <div class='ocr_carea' id='block_1_30' title="bbox 1941 1777 2571 1838">
    <p class='ocr_par' dir='ltr' id='par_1_30' title="bbox 1941 1777 2571 1838">
     <span class='ocr_line' id='line_1_30' title="bbox 1941 1777 2571 1838; baseline -0.01 0"><span class='ocrx_word' id='word_1_219' title='bbox 1941 1777 2306 1838; x_wconf 76' lang='lat' dir='ltr'><strong>VARIORUM</strong></span> <span class='ocrx_word' id='word_1_220' title='bbox 2337 1777 2571 1836; x_wconf 69' lang='grc' dir='ltr'><strong>ΝΟΤίΕ.</strong></span> 
     </span>
    </p>
   </div>
   <div class='ocr_carea' id='block_1_31' title="bbox 580 1919 3826 2003">
    <p class='ocr_par' dir='ltr' id='par_1_31' title="bbox 580 1919 3826 2003">
     <span class='ocr_line' id='line_1_31' title="bbox 580 1919 3826 2003; baseline 0.003 -24"><span class='ocrx_word' id='word_1_221' title='bbox 580 1924 935 2003; x_wconf 69' lang='grc' dir='ltr'><strong>ῃήἱιοιορὴοε.</strong></span> <span class='ocrx_word' id='word_1_222' title='bbox 985 1923 1252 2003; x_wconf 58' lang='lat' dir='ltr'><strong>(laterum</strong></span> <span class='ocrx_word' id='word_1_223' title='bbox 1284 1923 1530 2003; x_wconf 79' lang='lat' dir='ltr'><strong>toga_il_la</strong></span> <span class='ocrx_word' id='word_1_224' title='bbox 1559 1921 1662 2003; x_wconf 71' lang='lat' dir='ltr'><strong>fuit</strong></span> <span class='ocrx_word' id='word_1_225' title='bbox 1691 1922 1835 2003; x_wconf 82' lang='lat' dir='ltr'><strong>varia</strong></span> <span class='ocrx_word' id='word_1_226' title='bbox 1869 1920 2174 2003; x_wconf 77' lang='lat' dir='ltr'><strong>procondi-</strong></span> <span class='ocrx_word' id='word_1_227' title='bbox 2203 1926 2251 1986; x_wconf 89' lang='lat' dir='ltr'><strong>B</strong></span> <span class='ocrx_word' id='word_1_228' title='bbox 2277 1927 2330 2003; x_wconf 79' lang='lat' dir='ltr'><strong>et</strong></span> <span class='ocrx_word' id='word_1_229' title='bbox 2355 1919 2630 2003; x_wconf 73' lang='lat' dir='ltr'><strong>plerisque</strong></span> <span class='ocrx_word' id='word_1_230' title='bbox 2659 1921 2838 1979; x_wconf 84' lang='lat' dir='ltr'><strong>editis.</strong></span> <span class='ocrx_word' id='word_1_231' title='bbox 2871 1923 3090 2003; x_wconf 74' lang='lat' dir='ltr'><strong>laedit.</strong></span> <span class='ocrx_word' id='word_1_232' title='bbox 3123 1925 3388 1984; x_wconf 89' lang='lat' dir='ltr'><strong>Thomas.</strong></span> <span class='ocrx_word' id='word_1_233' title='bbox 3419 1937 3474 1986; x_wconf 91' lang='lat' dir='ltr'><strong>et</strong></span> <span class='ocrx_word' id='word_1_234' title='bbox 3503 1929 3676 2003; x_wconf 86' lang='lat' dir='ltr'><strong>Thysii</strong></span> <span class='ocrx_word' id='word_1_235' title='bbox 3722 1930 3826 1988; x_wconf 87' lang='lat' dir='ltr'><strong>haud</strong></span> 
     </span>
    </p>
   </div>
   <div class='ocr_carea' id='block_1_32' title="bbox 579 1994 2173 2066">
    <p class='ocr_par' dir='ltr' id='par_1_32' title="bbox 579 1994 2173 2066">
     <span class='ocr_line' id='line_1_32' title="bbox 579 1994 2173 2066; baseline -0.002 -16"><span class='ocrx_word' id='word_1_236' title='bbox 579 1994 731 2052; x_wconf 80' lang='lat' dir='ltr'><strong>tione</strong></span> <span class='ocrx_word' id='word_1_237' title='bbox 775 2011 963 2051; x_wconf 87' lang='lat' dir='ltr'><strong>eorum</strong></span> <span class='ocrx_word' id='word_1_238' title='bbox 994 1996 1188 2066; x_wconf 86' lang='lat' dir='ltr'><strong>quibus</strong></span> <span class='ocrx_word' id='word_1_239' title='bbox 1216 1995 1374 2050; x_wconf 88' lang='lat' dir='ltr'><strong>funus</strong></span> <span class='ocrx_word' id='word_1_240' title='bbox 1404 1995 1582 2050; x_wconf 89' lang='lat' dir='ltr'><strong>fiebat.</strong></span> <span class='ocrx_word' id='word_1_241' title='bbox 1620 1994 1750 2049; x_wconf 86' lang='lat' dir='ltr'><strong>Nam</strong></span> <span class='ocrx_word' id='word_1_242' title='bbox 1797 1995 1850 2049; x_wconf 91' lang='lat' dir='ltr'><strong>in</strong></span> <span class='ocrx_word' id='word_1_243' title='bbox 1893 1994 2048 2065; x_wconf 89' lang='lat' dir='ltr'><strong>vulgo</strong></span> <span class='ocrx_word' id='word_1_244' title='bbox 2087 1995 2173 2066; x_wconf 21' lang='lat' dir='ltr'><strong>Aci-</strong></span> 
     </span>
    </p>
   </div>
   <div class='ocr_carea' id='block_1_33' title="bbox 579 2064 2171 2137">
    <p class='ocr_par' dir='ltr' id='par_1_33' title="bbox 579 2064 2171 2137">
     <span class='ocr_line' id='line_1_33' title="bbox 579 2064 2171 2137; baseline -0.002 -15"><span class='ocrx_word' id='word_1_245' title='bbox 579 2067 728 2123; x_wconf 85' lang='lat' dir='ltr'><strong>vium</strong></span> <span class='ocrx_word' id='word_1_246' title='bbox 759 2077 814 2123; x_wconf 88' lang='lat' dir='ltr'><strong>et</strong></span> <span class='ocrx_word' id='word_1_247' title='bbox 854 2064 1022 2122; x_wconf 82' lang='lat' dir='ltr'><strong>tacito</strong></span> <span class='ocrx_word' id='word_1_248' title='bbox 1059 2066 1264 2129; x_wconf 87' lang='lat' dir='ltr'><strong>funere,</strong></span> <span class='ocrx_word' id='word_1_249' title='bbox 1317 2066 1589 2137; x_wconf 83' lang='lat' dir='ltr'><strong>vulgarem</strong></span> <span class='ocrx_word' id='word_1_250' title='bbox 1625 2077 1822 2137; x_wconf 85' lang='lat' dir='ltr'><strong>togam,</strong></span> <span class='ocrx_word' id='word_1_251' title='bbox 1879 2064 2000 2136; x_wconf 57' lang='lat' dir='ltr'><strong>quas</strong></span> <span class='ocrx_word' id='word_1_252' title='bbox 2051 2064 2171 2120; x_wconf 91' lang='lat' dir='ltr'><strong>alba</strong></span> 
     </span>
    </p>
   </div>
   <div class='ocr_carea' id='block_1_34' title="bbox 580 2137 2168 2209">
    <p class='ocr_par' dir='ltr' id='par_1_34' title="bbox 580 2137 2168 2209">
     <span class='ocr_line' id='line_1_34' title="bbox 580 2137 2168 2209; baseline -0.003 -14"><span class='ocrx_word' id='word_1_253' title='bbox 580 2148 718 2202; x_wconf 89' lang='lat' dir='ltr'><strong>erat,</strong></span> <span class='ocrx_word' id='word_1_254' title='bbox 751 2147 1062 2209; x_wconf 87' lang='lat' dir='ltr'><strong>usurpatam</strong></span> <span class='ocrx_word' id='word_1_255' title='bbox 1093 2139 1364 2194; x_wconf 79' lang='lat' dir='ltr'><strong>cxiStimo.</strong></span> <span class='ocrx_word' id='word_1_256' title='bbox 1390 2137 1458 2191; x_wconf 90' lang='lat' dir='ltr'><strong>Et</strong></span> <span class='ocrx_word' id='word_1_257' title='bbox 1490 2137 1558 2193; x_wconf 93' lang='lat' dir='ltr'><strong>de</strong></span> <span class='ocrx_word' id='word_1_258' title='bbox 1590 2139 1689 2193; x_wconf 90' lang='lat' dir='ltr'><strong>hac</strong></span> <span class='ocrx_word' id='word_1_259' title='bbox 1715 2137 2009 2206; x_wconf 90' lang='lat' dir='ltr'><strong>capiendus</strong></span> <span class='ocrx_word' id='word_1_260' title='bbox 2043 2137 2168 2209; x_wconf 89' lang='lat' dir='ltr'><strong>Plu-</strong></span> 
     </span>
    </p>
   </div>
   <div class='ocr_carea' id='block_1_35' title="bbox 580 2208 2174 2276">
    <p class='ocr_par' dir='ltr' id='par_1_35' title="bbox 580 2208 2174 2276">
     <span class='ocr_line' id='line_1_35' title="bbox 580 2208 2174 2276; baseline -0.001 -11"><span class='ocrx_word' id='word_1_261' title='bbox 580 2211 800 2266; x_wconf 81' lang='lat' dir='ltr'><strong>tarchus</strong></span> <span class='ocrx_word' id='word_1_262' title='bbox 829 2208 1180 2265; x_wconf 31' lang='lat' dir='ltr'><strong>iu’Problem.</strong></span> <span class='ocrx_word' id='word_1_263' title='bbox 1209 2211 1297 2276; x_wconf 86' lang='lat' dir='ltr'><strong>qui</strong></span> <span class='ocrx_word' id='word_1_264' title='bbox 1348 2211 1488 2263; x_wconf 86' lang='lat' dir='ltr'><strong>inter</strong></span> <span class='ocrx_word' id='word_1_265' title='bbox 1515 2209 1647 2263; x_wconf 84' lang='lat' dir='ltr'><strong>alias</strong></span> <span class='ocrx_word' id='word_1_266' title='bbox 1685 2223 1897 2275; x_wconf 86' lang='lat' dir='ltr'><strong>causas,</strong></span> <span class='ocrx_word' id='word_1_267' title='bbox 1947 2225 2042 2264; x_wconf 90' lang='lat' dir='ltr'><strong>cur</strong></span> <span class='ocrx_word' id='word_1_268' title='bbox 2075 2208 2174 2264; x_wconf 72' lang='lat' dir='ltr'><strong>fm-</strong></span> 
     </span>
    </p>
   </div>
   <div class='ocr_carea' id='block_1_36' title="bbox 577 2281 2171 2347">
    <p class='ocr_par' dir='ltr' id='par_1_36' title="bbox 577 2281 2171 2347">
     <span class='ocr_line' id='line_1_36' title="bbox 577 2281 2171 2347; baseline -0.001 -11"><span class='ocrx_word' id='word_1_269' title='bbox 577 2283 741 2337; x_wconf 65' lang='lat' dir='ltr'><strong>miuaa</strong></span> <span class='ocrx_word' id='word_1_270' title='bbox 774 2284 824 2334; x_wconf 90' lang='lat' dir='ltr'><strong>in</strong></span> <span class='ocrx_word' id='word_1_271' title='bbox 857 2282 1001 2336; x_wconf 92' lang='lat' dir='ltr'><strong>luctu</strong></span> <span class='ocrx_word' id='word_1_272' title='bbox 1032 2290 1248 2336; x_wconf 89' lang='lat' dir='ltr'><strong>utantur</strong></span> <span class='ocrx_word' id='word_1_273' title='bbox 1275 2281 1412 2335; x_wconf 87' lang='lat' dir='ltr'><strong>albis</strong></span> <span class='ocrx_word' id='word_1_274' title='bbox 1436 2281 1692 2341; x_wconf 87' lang='lat' dir='ltr'><strong>vestibus,</strong></span> <span class='ocrx_word' id='word_1_275' title='bbox 1717 2281 1879 2334; x_wconf 87' lang='lat' dir='ltr'><strong>etiam</strong></span> <span class='ocrx_word' id='word_1_276' title='bbox 1912 2281 2051 2335; x_wconf 84' lang='lat' dir='ltr'><strong>hanc</strong></span> <span class='ocrx_word' id='word_1_277' title='bbox 2075 2296 2171 2347; x_wconf 92' lang='lat' dir='ltr'><strong>po-</strong></span> 
     </span>
    </p>
   </div>
   <div class='ocr_carea' id='block_1_37' title="bbox 580 2352 2169 2422">
    <p class='ocr_par' dir='ltr' id='par_1_37' title="bbox 580 2352 2169 2422">
     <span class='ocr_line' id='line_1_37' title="bbox 580 2352 2169 2422; baseline -0.002 -15"><span class='ocrx_word' id='word_1_278' title='bbox 580 2355 679 2413; x_wconf 83' lang='lat' dir='ltr'><strong>nit.</strong></span> <span class='ocrx_word' id='word_1_279' title='bbox 707 2353 846 2422; x_wconf 90' lang='lat' dir='ltr'><strong>qttod</strong></span> <span class='ocrx_word' id='word_1_280' title='bbox 877 2355 990 2422; x_wconf 90' lang='lat' dir='ltr'><strong>ipse</strong></span> <span class='ocrx_word' id='word_1_281' title='bbox 1009 2365 1252 2407; x_wconf 89' lang='lat' dir='ltr'><strong>mortuus</strong></span> <span class='ocrx_word' id='word_1_282' title='bbox 1269 2353 1338 2406; x_wconf 90' lang='lat' dir='ltr'><strong>sit</strong></span> <span class='ocrx_word' id='word_1_283' title='bbox 1360 2352 1731 2418; x_wconf 86' lang='lat' dir='ltr'><strong>hujuscemodi</strong></span> <span class='ocrx_word' id='word_1_284' title='bbox 1756 2363 1904 2406; x_wconf 89' lang='lat' dir='ltr'><strong>veste</strong></span> <span class='ocrx_word' id='word_1_285' title='bbox 1931 2352 2169 2407; x_wconf 88' lang='lat' dir='ltr'><strong>indutus.</strong></span> 
     </span>
    </p>
   </div>
   <div class='ocr_carea' id='block_1_38' title="bbox 578 2422 2177 2495">
    <p class='ocr_par' dir='ltr' id='par_1_38' title="bbox 578 2422 2177 2495">
     <span class='ocr_line' id='line_1_38' title="bbox 578 2422 2177 2495; baseline -0.001 -16"><span class='ocrx_word' id='word_1_286' title='bbox 578 2425 751 2493; x_wconf 81' lang='lat' dir='ltr'><strong>Hujus</strong></span> <span class='ocrx_word' id='word_1_287' title='bbox 777 2424 934 2492; x_wconf 68' lang='lat' dir='ltr'><strong>ritus,</strong></span> <span class='ocrx_word' id='word_1_288' title='bbox 958 2427 1045 2495; x_wconf 89' lang='lat' dir='ltr'><strong>qui</strong></span> <span class='ocrx_word' id='word_1_289' title='bbox 1076 2424 1343 2494; x_wconf 81' lang='lat' dir='ltr'><strong>hodieque</strong></span> <span class='ocrx_word' id='word_1_290' title='bbox 1379 2423 1522 2495; x_wconf 94' lang='lat' dir='ltr'><strong>apud</strong></span> <span class='ocrx_word' id='word_1_291' title='bbox 1546 2423 1767 2478; x_wconf 62' lang='lat' dir='ltr'><strong>Grzecos</strong></span> <span class='ocrx_word' id='word_1_292' title='bbox 1797 2425 1958 2495; x_wconf 83' lang='lat' dir='ltr'><strong>etiam</strong></span> <span class='ocrx_word' id='word_1_293' title='bbox 1989 2422 2177 2477; x_wconf 77' lang='lat' dir='ltr'><strong>Chris-</strong></span> 
     </span>
    </p>
   </div>
   <div class='ocr_carea' id='block_1_39' title="bbox 579 2493 2178 2566">
    <p class='ocr_par' dir='ltr' id='par_1_39' title="bbox 579 2493 2178 2566">
     <span class='ocr_line' id='line_1_39' title="bbox 579 2493 2178 2566; baseline 0 -16"><span class='ocrx_word' id='word_1_294' title='bbox 579 2497 758 2551; x_wconf 90' lang='lat' dir='ltr'><strong>tianos</strong></span> <span class='ocrx_word' id='word_1_295' title='bbox 807 2493 988 2566; x_wconf 73' lang='lat' dir='ltr'><strong>viget,</strong></span> <span class='ocrx_word' id='word_1_296' title='bbox 1037 2493 1285 2550; x_wconf 86' lang='lat' dir='ltr'><strong>meminit</strong></span> <span class='ocrx_word' id='word_1_297' title='bbox 1333 2493 1549 2566; x_wconf 85' lang='lat' dir='ltr'><strong>quoque</strong></span> <span class='ocrx_word' id='word_1_298' title='bbox 1597 2495 1861 2549; x_wconf 90' lang='lat' dir='ltr'><strong>llomerus</strong></span> <span class='ocrx_word' id='word_1_299' title='bbox 1904 2493 2082 2566; x_wconf 85' lang='lat' dir='ltr'><strong>lliad.,</strong></span> <span class='ocrx_word' id='word_1_300' title='bbox 2111 2494 2178 2550; x_wconf 92' lang='lat' dir='ltr'><strong>de</strong></span> 
     </span>
    </p>
   </div>
   <div class='ocr_carea' id='block_1_40' title="bbox 578 2565 2176 2634">
    <p class='ocr_par' dir='ltr' id='par_1_40' title="bbox 578 2565 2176 2634">
     <span class='ocr_line' id='line_1_40' title="bbox 578 2565 2176 2634; baseline -0.003 -11"><span class='ocrx_word' id='word_1_301' title='bbox 578 2568 811 2623; x_wconf 82' lang='lat' dir='ltr'><strong>Patrocli</strong></span> <span class='ocrx_word' id='word_1_302' title='bbox 834 2565 1042 2622; x_wconf 85' lang='lat' dir='ltr'><strong>funere.</strong></span> <span class='ocrx_word' id='word_1_303' title='bbox 1063 2567 1338 2634; x_wconf 77' lang='lat' dir='ltr'><strong>Pauperes</strong></span> <span class='ocrx_word' id='word_1_304' title='bbox 1356 2565 1562 2630; x_wconf 85' lang='lat' dir='ltr'><strong>tamen,</strong></span> <span class='ocrx_word' id='word_1_305' title='bbox 1590 2579 1641 2618; x_wconf 86' lang='lat' dir='ltr'><strong>et</strong></span> <span class='ocrx_word' id='word_1_306' title='bbox 1663 2567 1922 2620; x_wconf 89' lang='lat' dir='ltr'><strong>tenuioris</strong></span> <span class='ocrx_word' id='word_1_307' title='bbox 1945 2565 2176 2619; x_wconf 68' lang='lat' dir='ltr'><strong>fortuna:</strong></span> 
     </span>
    </p>
   </div>
   <div class='ocr_carea' id='block_1_41' title="bbox 579 2636 2180 2703">
    <p class='ocr_par' dir='ltr' id='par_1_41' title="bbox 579 2636 2180 2703">
     <span class='ocr_line' id='line_1_41' title="bbox 579 2636 2180 2703; baseline -0.001 -10"><span class='ocrx_word' id='word_1_308' title='bbox 579 2639 850 2703; x_wconf 84' lang='lat' dir='ltr'><strong>homines,</strong></span> <span class='ocrx_word' id='word_1_309' title='bbox 880 2654 987 2694; x_wconf 90' lang='lat' dir='ltr'><strong>non</strong></span> <span class='ocrx_word' id='word_1_310' title='bbox 1020 2637 1270 2693; x_wconf 87' lang='lat' dir='ltr'><strong>videntur</strong></span> <span class='ocrx_word' id='word_1_311' title='bbox 1295 2637 1422 2691; x_wconf 87' lang='lat' dir='ltr'><strong>elati</strong></span> <span class='ocrx_word' id='word_1_312' title='bbox 1463 2639 1516 2690; x_wconf 87' lang='lat' dir='ltr'><strong>in</strong></span> <span class='ocrx_word' id='word_1_313' title='bbox 1548 2636 1704 2699; x_wconf 72' lang='lat' dir='ltr'><strong>albis,</strong></span> <span class='ocrx_word' id='word_1_314' title='bbox 1739 2649 1993 2692; x_wconf 88' lang='lat' dir='ltr'><strong>monente</strong></span> <span class='ocrx_word' id='word_1_315' title='bbox 2021 2639 2180 2692; x_wconf 87' lang='lat' dir='ltr'><strong>Arte-</strong></span> 
     </span>
    </p>
   </div>
   <div class='ocr_carea' id='block_1_42' title="bbox 581 2708 2178 2779">
    <p class='ocr_par' dir='ltr' id='par_1_42' title="bbox 581 2708 2178 2779">
     <span class='ocr_line' id='line_1_42' title="bbox 581 2708 2178 2779; baseline -0.002 -14"><span class='ocrx_word' id='word_1_316' title='bbox 581 2712 810 2773; x_wconf 57' lang='grc' dir='ltr'><strong>ηιίνιυτο,</strong></span> <span class='ocrx_word' id='word_1_317' title='bbox 847 2712 939 2766; x_wconf 90' lang='lat' dir='ltr'><strong>lib.</strong></span> <span class='ocrx_word' id='word_1_318' title='bbox 974 2726 1034 2776; x_wconf 85' lang='lat' dir='ltr'><strong>tt,</strong></span> <span class='ocrx_word' id='word_1_319' title='bbox 1068 2725 1186 2779; x_wconf 77' lang='lat' dir='ltr'><strong>Cap.</strong></span> <span class='ocrx_word' id='word_1_320' title='bbox 1222 2709 1277 2763; x_wconf 79' lang='grc'><strong>5.</strong></span> <span class='ocrx_word' id='word_1_321' title='bbox 1326 2711 1395 2762; x_wconf 82' lang='lat' dir='ltr'><strong>At</strong></span> <span class='ocrx_word' id='word_1_322' title='bbox 1429 2710 1525 2761; x_wconf 89' lang='lat' dir='ltr'><strong>hos</strong></span> <span class='ocrx_word' id='word_1_323' title='bbox 1563 2709 1757 2762; x_wconf 76' lang='lat' dir='ltr'><strong>vulilius</strong></span> <span class='ocrx_word' id='word_1_324' title='bbox 1789 2711 1980 2778; x_wconf 82' lang='lat' dir='ltr'><strong>patinis</strong></span> <span class='ocrx_word' id='word_1_325' title='bbox 2015 2708 2178 2763; x_wconf 88' lang='lat' dir='ltr'><strong>fuisse</strong></span> 
     </span>
    </p>
   </div>
   <div class='ocr_carea' id='block_1_43' title="bbox 579 2779 2174 2844">
    <p class='ocr_par' dir='ltr' id='par_1_43' title="bbox 579 2779 2174 2844">
     <span class='ocr_line' id='line_1_43' title="bbox 579 2779 2174 2844; baseline -0.002 -8"><span class='ocrx_word' id='word_1_326' title='bbox 579 2783 854 2836; x_wconf 83' lang='lat' dir='ltr'><strong>involutos</strong></span> <span class='ocrx_word' id='word_1_327' title='bbox 880 2782 1151 2844; x_wconf 78' lang='lat' dir='ltr'><strong>existimo,</strong></span> <span class='ocrx_word' id='word_1_328' title='bbox 1179 2781 1415 2834; x_wconf 91' lang='lat' dir='ltr'><strong>monitus</strong></span> <span class='ocrx_word' id='word_1_329' title='bbox 1437 2779 1505 2832; x_wconf 92' lang='lat' dir='ltr'><strong>ab</strong></span> <span class='ocrx_word' id='word_1_330' title='bbox 1531 2779 1766 2834; x_wconf 89' lang='lat' dir='ltr'><strong>Eusebio</strong></span> <span class='ocrx_word' id='word_1_331' title='bbox 1790 2783 1842 2834; x_wconf 91' lang='lat' dir='ltr'><strong>in</strong></span> <span class='ocrx_word' id='word_1_332' title='bbox 1871 2780 2174 2835; x_wconf 89' lang='lat' dir='ltr'><strong>Chronicis:</strong></span> 
     </span>
    </p>
   </div>
   <div class='ocr_carea' id='block_1_44' title="bbox 582 2852 2181 2923">
    <p class='ocr_par' dir='ltr' id='par_1_44' title="bbox 582 2852 2181 2923">
     <span class='ocr_line' id='line_1_44' title="bbox 582 2852 2181 2923; baseline -0.001 -16"><span class='ocrx_word' id='word_1_333' title='bbox 582 2853 788 2908; x_wconf 79' lang='lat' dir='ltr'><strong>Cassius</strong></span> <span class='ocrx_word' id='word_1_334' title='bbox 822 2853 1066 2918; x_wconf 76' lang='lat' dir='ltr'><strong>Severus,</strong></span> <span class='ocrx_word' id='word_1_335' title='bbox 1097 2864 1273 2906; x_wconf 86' lang='lat' dir='ltr'><strong>orator</strong></span> <span class='ocrx_word' id='word_1_336' title='bbox 1303 2852 1559 2922; x_wconf 84' lang='lat' dir='ltr'><strong>egregius,</strong></span> <span class='ocrx_word' id='word_1_337' title='bbox 1600 2852 1840 2923; x_wconf 82' lang='lat' dir='ltr'><strong>vigesimo</strong></span> <span class='ocrx_word' id='word_1_338' title='bbox 1869 2853 2045 2923; x_wconf 87' lang='lat' dir='ltr'><strong>quinto</strong></span> <span class='ocrx_word' id='word_1_339' title='bbox 2074 2853 2181 2906; x_wconf 70' lang='lat' dir='ltr'><strong>exi-</strong></span> 
     </span>
    </p>
   </div>
   <div class='ocr_carea' id='block_1_45' title="bbox 579 2923 2181 2991">
    <p class='ocr_par' dir='ltr' id='par_1_45' title="bbox 579 2923 2181 2991">
     <span class='ocr_line' id='line_1_45' title="bbox 579 2923 2181 2991; baseline -0.001 -12"><span class='ocrx_word' id='word_1_340' title='bbox 579 2925 640 2979; x_wconf 90' lang='lat' dir='ltr'><strong>lii</strong></span> <span class='ocrx_word' id='word_1_341' title='bbox 664 2927 743 2978; x_wconf 86' lang='lat' dir='ltr'><strong>sui</strong></span> <span class='ocrx_word' id='word_1_342' title='bbox 770 2942 905 2979; x_wconf 87' lang='lat' dir='ltr'><strong>anno</strong></span> <span class='ocrx_word' id='word_1_343' title='bbox 930 2941 1128 2978; x_wconf 82' lang='lat' dir='ltr'><strong>summa</strong></span> <span class='ocrx_word' id='word_1_344' title='bbox 1169 2924 1345 2990; x_wconf 72' lang='lat' dir='ltr'><strong>inania</strong></span> <span class='ocrx_word' id='word_1_345' title='bbox 1370 2923 1604 2985; x_wconf 87' lang='lat' dir='ltr'><strong>moritur,</strong></span> <span class='ocrx_word' id='word_1_346' title='bbox 1639 2927 1720 2976; x_wconf 80' lang='lat' dir='ltr'><strong>vix</strong></span> <span class='ocrx_word' id='word_1_347' title='bbox 1753 2940 1923 2991; x_wconf 83' lang='lat' dir='ltr'><strong>panno</strong></span> <span class='ocrx_word' id='word_1_348' title='bbox 1963 2924 2181 2977; x_wconf 77' lang='lat' dir='ltr'><strong>uerenda</strong></span> 
     </span>
    </p>
   </div>
   <div class='ocr_carea' id='block_1_46' title="bbox 579 2995 2181 3052">
    <p class='ocr_par' dir='ltr' id='par_1_46' title="bbox 579 2995 2181 3052">
     <span class='ocr_line' id='line_1_46' title="bbox 579 2995 2181 3052; baseline -0.001 0"><span class='ocrx_word' id='word_1_349' title='bbox 579 3006 857 3052; x_wconf 85' lang='lat' dir='ltr'><strong>contectus.</strong></span> <span class='ocrx_word' id='word_1_350' title='bbox 890 2995 1025 3050; x_wconf 88' lang='lat' dir='ltr'><strong>Nam</strong></span> <span class='ocrx_word' id='word_1_351' title='bbox 1055 2996 1186 3049; x_wconf 89' lang='lat' dir='ltr'><strong>alias</strong></span> <span class='ocrx_word' id='word_1_352' title='bbox 1215 2995 1476 3049; x_wconf 83' lang='lat' dir='ltr'><strong>cadavera</strong></span> <span class='ocrx_word' id='word_1_353' title='bbox 1507 2995 1559 3048; x_wconf 94' lang='lat' dir='ltr'><strong>in</strong></span> <span class='ocrx_word' id='word_1_354' title='bbox 1607 2995 1985 3050; x_wconf 83' lang='lat' dir='ltr'><strong>honestissima</strong></span> <span class='ocrx_word' id='word_1_355' title='bbox 2029 3005 2181 3050; x_wconf 85' lang='lat' dir='ltr'><strong>veste</strong></span> 
     </span>
    </p>
   </div>
   <div class='ocr_carea' id='block_1_47' title="bbox 579 3066 2259 3136">
    <p class='ocr_par' dir='ltr' id='par_1_47' title="bbox 579 3066 2259 3136">
     <span class='ocr_line' id='line_1_47' title="bbox 579 3066 2259 3136; baseline -0.002 -11"><span class='ocrx_word' id='word_1_356' title='bbox 579 3069 760 3125; x_wconf 78' lang='lat' dir='ltr'><strong>efferri</strong></span> <span class='ocrx_word' id='word_1_357' title='bbox 789 3083 906 3122; x_wconf 91' lang='lat' dir='ltr'><strong>mos</strong></span> <span class='ocrx_word' id='word_1_358' title='bbox 937 3075 1072 3122; x_wconf 87' lang='lat' dir='ltr'><strong>erat.</strong></span> <span class='ocrx_word' id='word_1_359' title='bbox 1104 3066 1284 3122; x_wconf 78' lang='lat' dir='ltr'><strong>Valer.</strong></span> <span class='ocrx_word' id='word_1_360' title='bbox 1328 3066 1588 3120; x_wconf 79' lang='lat' dir='ltr'><strong>Maximus</strong></span> <span class='ocrx_word' id='word_1_361' title='bbox 1618 3066 1710 3120; x_wconf 90' lang='lat' dir='ltr'><strong>lib.</strong></span> <span class='ocrx_word' id='word_1_362' title='bbox 1741 3081 1814 3130; x_wconf 85' lang='lat' dir='ltr'><strong>tv,</strong></span> <span class='ocrx_word' id='word_1_363' title='bbox 1847 3082 1965 3136; x_wconf 90' lang='lat' dir='ltr'><strong>cap.</strong></span> <span class='ocrx_word' id='word_1_364' title='bbox 2011 3068 2078 3122; x_wconf 82' lang='lat'><strong>5:</strong></span> <span class='ocrx_word' id='word_1_365' title='bbox 2113 3066 2184 3122; x_wconf 90' lang='lat' dir='ltr'><strong>Ut</strong></span> <span class='ocrx_word' id='word_1_366' title='bbox 2213 3066 2259 3132; x_wconf 88' lang='lat' dir='ltr'>C</span> 
     </span>
    </p>
   </div>
   <div class='ocr_carea' id='block_1_48' title="bbox 581 3138 2180 3213">
    <p class='ocr_par' dir='ltr' id='par_1_48' title="bbox 581 3138 2180 3213">
     <span class='ocr_line' id='line_1_48' title="bbox 581 3138 2180 3213; baseline -0.001 -18"><span class='ocrx_word' id='word_1_367' title='bbox 581 3143 793 3213; x_wconf 77' lang='lat' dir='ltr'><strong>fratrem</strong></span> <span class='ocrx_word' id='word_1_368' title='bbox 813 3155 1112 3213; x_wconf 82' lang='lat' dir='ltr'><strong>germanum</strong></span> <span class='ocrx_word' id='word_1_369' title='bbox 1140 3155 1246 3213; x_wconf 77' lang='lat' dir='ltr'><strong>esse</strong></span> <span class='ocrx_word' id='word_1_370' title='bbox 1273 3138 1526 3213; x_wconf 77' lang='lat' dir='ltr'><strong>cognovit,</strong></span> <span class='ocrx_word' id='word_1_371' title='bbox 1557 3140 1771 3213; x_wconf 76' lang='lat' dir='ltr'><strong>multum</strong></span> <span class='ocrx_word' id='word_1_372' title='bbox 1799 3155 1860 3191; x_wconf 87' lang='lat' dir='ltr'><strong>ac</strong></span> <span class='ocrx_word' id='word_1_373' title='bbox 1888 3140 1977 3192; x_wconf 86' lang='lat' dir='ltr'><strong>diu</strong></span> <span class='ocrx_word' id='word_1_374' title='bbox 2008 3141 2180 3193; x_wconf 78' lang='lat' dir='ltr'><strong>convi—</strong></span> 
     </span>
    </p>
   </div>
   <div class='ocr_carea' id='block_1_49' title="bbox 580 3210 2183 3281">
    <p class='ocr_par' dir='ltr' id='par_1_49' title="bbox 580 3210 2183 3281">
     <span class='ocr_line' id='line_1_49' title="bbox 580 3210 2183 3281; baseline 0 -15"><span class='ocrx_word' id='word_1_375' title='bbox 580 3210 661 3266; x_wconf 70' lang='lat' dir='ltr'><strong>cio</strong></span> <span class='ocrx_word' id='word_1_376' title='bbox 708 3210 828 3265; x_wconf 78' lang='lat' dir='ltr'><strong>deos</strong></span> <span class='ocrx_word' id='word_1_377' title='bbox 875 3210 934 3264; x_wconf 89' lang='lat' dir='ltr'><strong>ob</strong></span> <span class='ocrx_word' id='word_1_378' title='bbox 982 3211 1171 3263; x_wconf 86' lang='lat' dir='ltr'><strong>donum</strong></span> <span class='ocrx_word' id='word_1_379' title='bbox 1203 3211 1375 3279; x_wconf 74' lang='lat' dir='ltr'><strong>impiae</strong></span> <span class='ocrx_word' id='word_1_380' title='bbox 1425 3210 1648 3262; x_wconf 68' lang='lat' dir='ltr'><strong>victoriae</strong></span> <span class='ocrx_word' id='word_1_381' title='bbox 1675 3210 1974 3276; x_wconf 78' lang='lat' dir='ltr'><strong>insectatus,</strong></span> <span class='ocrx_word' id='word_1_382' title='bbox 2024 3228 2183 3281; x_wconf 82' lang='lat' dir='ltr'><strong>prope</strong></span> 
     </span>
    </p>
   </div>
   <div class='ocr_carea' id='block_1_50' title="bbox 581 3281 2182 3352">
    <p class='ocr_par' dir='ltr' id='par_1_50' title="bbox 581 3281 2182 3352">
     <span class='ocr_line' id='line_1_50' title="bbox 581 3281 2182 3352; baseline -0.001 -15"><span class='ocrx_word' id='word_1_383' title='bbox 581 3294 754 3337; x_wconf 81' lang='lat' dir='ltr'><strong>castra</strong></span> <span class='ocrx_word' id='word_1_384' title='bbox 779 3281 1058 3346; x_wconf 81' lang='lat' dir='ltr'><strong>transtulit,</strong></span> <span class='ocrx_word' id='word_1_385' title='bbox 1091 3291 1136 3334; x_wconf 85' lang='lat' dir='ltr'><strong>et</strong></span> <span class='ocrx_word' id='word_1_386' title='bbox 1166 3284 1386 3351; x_wconf 86' lang='lat' dir='ltr'><strong>pretiosa</strong></span> <span class='ocrx_word' id='word_1_387' title='bbox 1409 3290 1544 3334; x_wconf 85' lang='lat' dir='ltr'><strong>veste</strong></span> <span class='ocrx_word' id='word_1_388' title='bbox 1568 3292 1801 3352; x_wconf 69' lang='lat' dir='ltr'><strong>opertum</strong></span> <span class='ocrx_word' id='word_1_389' title='bbox 1840 3298 1968 3352; x_wconf 83' lang='lat' dir='ltr'><strong>rogo</strong></span> <span class='ocrx_word' id='word_1_390' title='bbox 2011 3282 2182 3350; x_wconf 89' lang='lat' dir='ltr'><strong>impo-</strong></span> 
     </span>
    </p>
   </div>
   <div class='ocr_carea' id='block_1_51' title="bbox 578 3350 2184 3424">
    <p class='ocr_par' dir='ltr' id='par_1_51' title="bbox 578 3350 2184 3424">
     <span class='ocr_line' id='line_1_51' title="bbox 578 3350 2184 3424; baseline -0.001 -14"><span class='ocrx_word' id='word_1_391' title='bbox 578 3356 703 3410; x_wconf 88' lang='lat' dir='ltr'><strong>suit.</strong></span> <span class='ocrx_word' id='word_1_392' title='bbox 733 3354 1090 3424; x_wconf 83' lang='lat' dir='ltr'><strong>Hieronymus</strong></span> <span class='ocrx_word' id='word_1_393' title='bbox 1118 3350 1172 3406; x_wconf 91' lang='lat' dir='ltr'><strong>in</strong></span> <span class='ocrx_word' id='word_1_394' title='bbox 1208 3352 1323 3406; x_wconf 83' lang='lat' dir='ltr'><strong>Vita</strong></span> <span class='ocrx_word' id='word_1_395' title='bbox 1358 3353 1580 3424; x_wconf 76' lang='lat' dir='ltr'><strong>Parthe:</strong></span> <span class='ocrx_word' id='word_1_396' title='bbox 1611 3350 1715 3406; x_wconf 87' lang='lat' dir='ltr'><strong>Cur</strong></span> <span class='ocrx_word' id='word_1_397' title='bbox 1744 3350 1969 3408; x_wconf 80' lang='lat' dir='ltr'><strong>mortuos</strong></span> <span class='ocrx_word' id='word_1_398' title='bbox 1993 3365 2184 3409; x_wconf 85' lang='lat' dir='ltr'><strong>vestros</strong></span> 
     </span>
    </p>
   </div>
   <div class='ocr_carea' id='block_1_52' title="bbox 581 3423 2183 3496">
    <p class='ocr_par' dir='ltr' id='par_1_52' title="bbox 581 3423 2183 3496">
     <span class='ocr_line' id='line_1_52' title="bbox 581 3423 2183 3496; baseline 0.001 -17"><span class='ocrx_word' id='word_1_399' title='bbox 581 3427 774 3480; x_wconf 84' lang='lat' dir='ltr'><strong>auratis</strong></span> <span class='ocrx_word' id='word_1_400' title='bbox 800 3423 1060 3480; x_wconf 83' lang='lat' dir='ltr'><strong>obttolvitis</strong></span> <span class='ocrx_word' id='word_1_401' title='bbox 1079 3424 1322 3478; x_wconf 82' lang='lat' dir='ltr'><strong>vestibus?</strong></span> <span class='ocrx_word' id='word_1_402' title='bbox 1341 3423 1636 3478; x_wconf 81' lang='lat' dir='ltr'><strong>Suetonius</strong></span> <span class='ocrx_word' id='word_1_403' title='bbox 1661 3427 1710 3478; x_wconf 89' lang='lat' dir='ltr'><strong>itt</strong></span> <span class='ocrx_word' id='word_1_404' title='bbox 1731 3424 1943 3480; x_wconf 85' lang='lat' dir='ltr'><strong>Nerone</strong></span> <span class='ocrx_word' id='word_1_405' title='bbox 1971 3444 1982 3479; x_wconf 89' lang='lat'>:</span> <span class='ocrx_word' id='word_1_406' title='bbox 2005 3441 2061 3480; x_wconf 89' lang='lat' dir='ltr'><strong>ca</strong></span> <span class='ocrx_word' id='word_1_407' title='bbox 2072 3442 2183 3496; x_wconf 83' lang='lat' dir='ltr'><strong>p.t.:</strong></span> 
     </span>
    </p>
   </div>
   <div class='ocr_carea' id='block_1_53' title="bbox 582 3496 2186 3568">
    <p class='ocr_par' dir='ltr' id='par_1_53' title="bbox 582 3496 2186 3568">
     <span class='ocr_line' id='line_1_53' title="bbox 582 3496 2186 3568; baseline 0.001 -17"><span class='ocrx_word' id='word_1_408' title='bbox 582 3498 877 3552; x_wconf 84' lang='lat' dir='ltr'><strong>Funeratus</strong></span> <span class='ocrx_word' id='word_1_409' title='bbox 907 3506 979 3550; x_wconf 86' lang='lat' dir='ltr'><strong>est</strong></span> <span class='ocrx_word' id='word_1_410' title='bbox 1026 3497 1258 3565; x_wconf 86' lang='lat' dir='ltr'><strong>impensa</strong></span> <span class='ocrx_word' id='word_1_411' title='bbox 1281 3497 1616 3568; x_wconf 79' lang='lat' dir='ltr'><strong>ducentorum</strong></span> <span class='ocrx_word' id='word_1_412' title='bbox 1659 3496 1900 3564; x_wconf 86' lang='lat' dir='ltr'><strong>millium,</strong></span> <span class='ocrx_word' id='word_1_413' title='bbox 1941 3499 2186 3568; x_wconf 85' lang='lat' dir='ltr'><strong>stragulis</strong></span> 
     </span>
    </p>
   </div>
   <div class='ocr_carea' id='block_1_54' title="bbox 582 3565 2186 3641">
    <p class='ocr_par' dir='ltr' id='par_1_54' title="bbox 582 3565 2186 3641">
     <span class='ocr_line' id='line_1_54' title="bbox 582 3565 2186 3641; baseline 0 -17"><span class='ocrx_word' id='word_1_414' title='bbox 582 3570 713 3624; x_wconf 84' lang='lat' dir='ltr'><strong>albis</strong></span> <span class='ocrx_word' id='word_1_415' title='bbox 740 3586 868 3623; x_wconf 87' lang='lat' dir='ltr'><strong>auro</strong></span> <span class='ocrx_word' id='word_1_416' title='bbox 908 3569 1133 3641; x_wconf 69' lang='lat' dir='ltr'><strong>intextis,</strong></span> <span class='ocrx_word' id='word_1_417' title='bbox 1167 3569 1349 3641; x_wconf 79' lang='lat' dir='ltr'><strong>quibus</strong></span> <span class='ocrx_word' id='word_1_418' title='bbox 1379 3584 1500 3622; x_wconf 83' lang='lat' dir='ltr'><strong>usus</strong></span> <span class='ocrx_word' id='word_1_419' title='bbox 1533 3565 1760 3622; x_wconf 84' lang='lat' dir='ltr'><strong>Kalend.</strong></span> <span class='ocrx_word' id='word_1_420' title='bbox 1802 3565 2186 3641; x_wconf 54' lang='lat' dir='ltr'><strong>Januarii&#39;fue-</strong></span> 
     </span>
    </p>
   </div>
   <div class='ocr_carea' id='block_1_55' title="bbox 582 3639 2186 3710">
    <p class='ocr_par' dir='ltr' id='par_1_55' title="bbox 582 3639 2186 3710">
     <span class='ocr_line' id='line_1_55' title="bbox 582 3639 2186 3710; baseline -0.001 -14"><span class='ocrx_word' id='word_1_421' title='bbox 582 3651 684 3696; x_wconf 88' lang='lat' dir='ltr'><strong>rat.</strong></span> <span class='ocrx_word' id='word_1_422' title='bbox 707 3642 839 3695; x_wconf 91' lang='lat' dir='ltr'><strong>llinc</strong></span> <span class='ocrx_word' id='word_1_423' title='bbox 862 3641 950 3710; x_wconf 92' lang='lat' dir='ltr'><strong>qui</strong></span> <span class='ocrx_word' id='word_1_424' title='bbox 975 3639 1186 3709; x_wconf 90' lang='lat' dir='ltr'><strong>publice</strong></span> <span class='ocrx_word' id='word_1_425' title='bbox 1213 3639 1580 3710; x_wconf 71' lang='lat' dir='ltr'><strong>magistratum</strong></span> <span class='ocrx_word' id='word_1_426' title='bbox 1607 3651 1909 3707; x_wconf 83' lang='lat' dir='ltr'><strong>gesserant.</strong></span> <span class='ocrx_word' id='word_1_427' title='bbox 1935 3643 2015 3695; x_wconf 90' lang='lat' dir='ltr'><strong>vel</strong></span> <span class='ocrx_word' id='word_1_428' title='bbox 2044 3639 2186 3696; x_wconf 82' lang='lat' dir='ltr'><strong>bello</strong></span> 
     </span>
    </p>
   </div>
   <div class='ocr_carea' id='block_1_56' title="bbox 583 3710 2188 3782">
    <p class='ocr_par' dir='ltr' id='par_1_56' title="bbox 583 3710 2188 3782">
     <span class='ocr_line' id='line_1_56' title="bbox 583 3710 2188 3782; baseline 0.001 -15"><span class='ocrx_word' id='word_1_429' title='bbox 583 3712 846 3768; x_wconf 86' lang='lat' dir='ltr'><strong>honorem</strong></span> <span class='ocrx_word' id='word_1_430' title='bbox 870 3711 970 3766; x_wconf 88' lang='lat' dir='ltr'><strong>sibi</strong></span> <span class='ocrx_word' id='word_1_431' title='bbox 993 3713 1371 3778; x_wconf 79' lang='lat' dir='ltr'><strong>quzesiverant,</strong></span> <span class='ocrx_word' id='word_1_432' title='bbox 1400 3710 1762 3782; x_wconf 80' lang='lat' dir='ltr'><strong>iudnehantur</strong></span> <span class='ocrx_word' id='word_1_433' title='bbox 1785 3711 2041 3776; x_wconf 87' lang='lat' dir='ltr'><strong>vestibus,</strong></span> <span class='ocrx_word' id='word_1_434' title='bbox 2068 3729 2188 3782; x_wconf 74' lang='lat' dir='ltr'><strong>qua:</strong></span> 
     </span>
    </p>
   </div>
   <div class='ocr_carea' id='block_1_57' title="bbox 588 3780 2190 3852">
    <p class='ocr_par' dir='ltr' id='par_1_57' title="bbox 588 3780 2190 3852">
     <span class='ocr_line' id='line_1_57' title="bbox 588 3780 2190 3852; baseline 0 -14"><span class='ocrx_word' id='word_1_435' title='bbox 588 3784 780 3838; x_wconf 88' lang='lat' dir='ltr'><strong>harum</strong></span> <span class='ocrx_word' id='word_1_436' title='bbox 809 3799 988 3838; x_wconf 89' lang='lat' dir='ltr'><strong>rerum</strong></span> <span class='ocrx_word' id='word_1_437' title='bbox 1014 3782 1219 3837; x_wconf 88' lang='lat' dir='ltr'><strong>iudices</strong></span> <span class='ocrx_word' id='word_1_438' title='bbox 1245 3791 1428 3838; x_wconf 71' lang='lat' dir='ltr'><strong>essent</strong></span> <span class='ocrx_word' id='word_1_439' title='bbox 1450 3780 1745 3852; x_wconf 82' lang='lat' dir='ltr'><strong>(Polybius,</strong></span> <span class='ocrx_word' id='word_1_440' title='bbox 1772 3783 1917 3852; x_wconf 74' lang='lat' dir='ltr'><strong>LVI).</strong></span> <span class='ocrx_word' id='word_1_441' title='bbox 1936 3793 2040 3839; x_wconf 83' lang='lat' dir='ltr'><strong>etc.</strong></span> <span class='ocrx_word' id='word_1_442' title='bbox 2059 3780 2190 3838; x_wconf 89' lang='lat' dir='ltr'><strong>Tes-</strong></span> 
     </span>
    </p>
   </div>
   <div class='ocr_carea' id='block_1_58' title="bbox 581 3853 2186 3921">
    <p class='ocr_par' dir='ltr' id='par_1_58' title="bbox 581 3853 2186 3921">
     <span class='ocr_line' id='line_1_58' title="bbox 581 3853 2186 3921; baseline -0.001 -12"><span class='ocrx_word' id='word_1_443' title='bbox 581 3863 764 3910; x_wconf 91' lang='lat' dir='ltr'><strong>tantur</strong></span> <span class='ocrx_word' id='word_1_444' title='bbox 792 3853 844 3908; x_wconf 90' lang='lat' dir='ltr'><strong>id</strong></span> <span class='ocrx_word' id='word_1_445' title='bbox 873 3857 1044 3920; x_wconf 88' lang='lat' dir='ltr'><strong>ipsum</strong></span> <span class='ocrx_word' id='word_1_446' title='bbox 1070 3853 1253 3908; x_wconf 86' lang='lat' dir='ltr'><strong>Livius</strong></span> <span class='ocrx_word' id='word_1_447' title='bbox 1284 3854 1320 3907; x_wconf 91' lang='lat' dir='ltr'><strong>l.</strong></span> <span class='ocrx_word' id='word_1_448' title='bbox 1347 3869 1529 3914; x_wconf 75' lang='lat' dir='ltr'><strong>xxxrv,</strong></span> <span class='ocrx_word' id='word_1_449' title='bbox 1559 3865 1612 3907; x_wconf 92' lang='lat' dir='ltr'><strong>et</strong></span> <span class='ocrx_word' id='word_1_450' title='bbox 1643 3854 1822 3909; x_wconf 87' lang='lat' dir='ltr'><strong>Valer.</strong></span> <span class='ocrx_word' id='word_1_451' title='bbox 1852 3855 1994 3909; x_wconf 78' lang='lat' dir='ltr'><strong>Max.</strong></span> <span class='ocrx_word' id='word_1_452' title='bbox 2018 3855 2107 3908; x_wconf 91' lang='lat' dir='ltr'><strong>lib.</strong></span> <span class='ocrx_word' id='word_1_453' title='bbox 2131 3871 2186 3921; x_wconf 89' lang='lat' dir='ltr'><strong>v,</strong></span> 
     </span>
    </p>
   </div>
   <div class='ocr_carea' id='block_1_59' title="bbox 586 3925 2191 3996">
    <p class='ocr_par' dir='ltr' id='par_1_59' title="bbox 586 3925 2191 3996">
     <span class='ocr_line' id='line_1_59' title="bbox 586 3925 2191 3996; baseline 0.001 -15"><span class='ocrx_word' id='word_1_454' title='bbox 586 3942 709 3996; x_wconf 80' lang='lat' dir='ltr'><strong>Cap.</strong></span> <span class='ocrx_word' id='word_1_455' title='bbox 741 3928 793 3981; x_wconf 90' lang='grc'><strong>1.</strong></span> <span class='ocrx_word' id='word_1_456' title='bbox 825 3925 939 3979; x_wconf 81' lang='lat' dir='ltr'><strong>Non</strong></span> <span class='ocrx_word' id='word_1_457' title='bbox 961 3936 1138 3979; x_wconf 92' lang='lat' dir='ltr'><strong>autem</strong></span> <span class='ocrx_word' id='word_1_458' title='bbox 1163 3925 1348 3979; x_wconf 73' lang='lat' dir='ltr'><strong>Roma:</strong></span> <span class='ocrx_word' id='word_1_459' title='bbox 1366 3925 1564 3985; x_wconf 86' lang='lat' dir='ltr'><strong>solum,</strong></span> <span class='ocrx_word' id='word_1_460' title='bbox 1588 3926 1680 3978; x_wconf 86' lang='lat' dir='ltr'><strong>sed</strong></span> <span class='ocrx_word' id='word_1_461' title='bbox 1706 3935 1761 3979; x_wconf 90' lang='lat' dir='ltr'><strong>et</strong></span> <span class='ocrx_word' id='word_1_462' title='bbox 1801 3926 2191 3982; x_wconf 62' lang='lat' dir='ltr'><strong>Lacedaemone</strong></span> 
     </span>
    </p>
   </div>
   <div class='ocr_carea' id='block_1_60' title="bbox 587 3995 2187 4066">
    <p class='ocr_par' dir='ltr' id='par_1_60' title="bbox 587 3995 2187 4066">
     <span class='ocr_line' id='line_1_60' title="bbox 587 3995 2187 4066; baseline 0.001 -15"><span class='ocrx_word' id='word_1_463' title='bbox 587 3995 930 4051; x_wconf 80' lang='lat' dir='ltr'><strong>honestiores</strong></span> <span class='ocrx_word' id='word_1_464' title='bbox 961 3997 1132 4050; x_wconf 86' lang='lat' dir='ltr'><strong>elatos</strong></span> <span class='ocrx_word' id='word_1_465' title='bbox 1168 3999 1414 4066; x_wconf 77' lang='lat' dir='ltr'><strong>legimus.</strong></span> <span class='ocrx_word' id='word_1_466' title='bbox 1450 3995 1604 4065; x_wconf 86' lang='lat' dir='ltr'><strong>Apud</strong></span> <span class='ocrx_word' id='word_1_467' title='bbox 1654 3998 1926 4051; x_wconf 81' lang='lat' dir='ltr'><strong>Romanos</strong></span> <span class='ocrx_word' id='word_1_468' title='bbox 1957 3999 2187 4052; x_wconf 87' lang='lat' dir='ltr'><strong>vestium</strong></span> 
     </span>
    </p>
   </div>
   <div class='ocr_carea' id='block_1_61' title="bbox 586 4067 2190 4132">
    <p class='ocr_par' dir='ltr' id='par_1_61' title="bbox 586 4067 2190 4132">
     <span class='ocr_line' id='line_1_61' title="bbox 586 4067 2190 4132; baseline 0.001 -9"><span class='ocrx_word' id='word_1_469' title='bbox 586 4070 900 4130; x_wconf 88' lang='lat' dir='ltr'><strong>discrimen,</strong></span> <span class='ocrx_word' id='word_1_470' title='bbox 938 4082 1043 4120; x_wconf 92' lang='lat' dir='ltr'><strong>non</strong></span> <span class='ocrx_word' id='word_1_471' title='bbox 1077 4070 1128 4122; x_wconf 90' lang='lat' dir='ltr'><strong>in</strong></span> <span class='ocrx_word' id='word_1_472' title='bbox 1158 4067 1287 4121; x_wconf 85' lang='lat' dir='ltr'><strong>viris</strong></span> <span class='ocrx_word' id='word_1_473' title='bbox 1321 4076 1525 4121; x_wconf 90' lang='lat' dir='ltr'><strong>tantum</strong></span> <span class='ocrx_word' id='word_1_474' title='bbox 1555 4067 1655 4122; x_wconf 87' lang='lat' dir='ltr'><strong>fuit</strong></span> <span class='ocrx_word' id='word_1_475' title='bbox 1695 4069 2061 4132; x_wconf 82' lang='lat' dir='ltr'><strong>observatum,</strong></span> <span class='ocrx_word' id='word_1_476' title='bbox 2096 4070 2190 4124; x_wconf 91' lang='lat' dir='ltr'><strong>sed</strong></span> 
     </span>
    </p>
   </div>
   <div class='ocr_carea' id='block_1_62' title="bbox 589 4139 2191 4209">
    <p class='ocr_par' dir='ltr' id='par_1_62' title="bbox 589 4139 2191 4209">
     <span class='ocr_line' id='line_1_62' title="bbox 589 4139 2191 4209; baseline 0 -15"><span class='ocrx_word' id='word_1_477' title='bbox 589 4141 715 4195; x_wconf 88' lang='lat' dir='ltr'><strong>etin</strong></span> <span class='ocrx_word' id='word_1_478' title='bbox 750 4140 1031 4194; x_wconf 85' lang='lat' dir='ltr'><strong>matronis.</strong></span> <span class='ocrx_word' id='word_1_479' title='bbox 1064 4139 1302 4207; x_wconf 81' lang='lat' dir='ltr'><strong>Quarum</strong></span> <span class='ocrx_word' id='word_1_480' title='bbox 1334 4139 1476 4192; x_wconf 87' lang='lat' dir='ltr'><strong>enim</strong></span> <span class='ocrx_word' id='word_1_481' title='bbox 1521 4139 1609 4192; x_wconf 88' lang='lat' dir='ltr'><strong>lilii</strong></span> <span class='ocrx_word' id='word_1_482' title='bbox 1645 4143 1986 4209; x_wconf 80' lang='lat' dir='ltr'><strong>magistratus</strong></span> <span class='ocrx_word' id='word_1_483' title='bbox 2031 4157 2191 4195; x_wconf 83' lang='lat' dir='ltr'><strong>curu-</strong></span> 
     </span>
    </p>
   </div>
   <div class='ocr_carea' id='block_1_63' title="bbox 591 4210 2193 4282">
    <p class='ocr_par' dir='ltr' id='par_1_63' title="bbox 591 4210 2193 4282">
     <span class='ocr_line' id='line_1_63' title="bbox 591 4210 2193 4282; baseline 0.001 -16"><span class='ocrx_word' id='word_1_484' title='bbox 591 4212 672 4267; x_wconf 89' lang='lat' dir='ltr'><strong>les</strong></span> <span class='ocrx_word' id='word_1_485' title='bbox 709 4212 1026 4282; x_wconf 85' lang='lat' dir='ltr'><strong>gessissent.</strong></span> <span class='ocrx_word' id='word_1_486' title='bbox 1059 4225 1151 4265; x_wconf 91' lang='lat' dir='ltr'><strong>eas</strong></span> <span class='ocrx_word' id='word_1_487' title='bbox 1187 4212 1239 4265; x_wconf 90' lang='lat' dir='ltr'><strong>in</strong></span> <span class='ocrx_word' id='word_1_488' title='bbox 1272 4210 1619 4282; x_wconf 77' lang='lat' dir='ltr'><strong>honoratiore</strong></span> <span class='ocrx_word' id='word_1_489' title='bbox 1668 4223 1817 4268; x_wconf 87' lang='lat' dir='ltr'><strong>veste</strong></span> <span class='ocrx_word' id='word_1_490' title='bbox 1846 4213 2016 4268; x_wconf 88' lang='lat' dir='ltr'><strong>elatas</strong></span> <span class='ocrx_word' id='word_1_491' title='bbox 2047 4223 2193 4282; x_wconf 84' lang='lat' dir='ltr'><strong>patet</strong></span> 
     </span>
    </p>
   </div>
   <div class='ocr_carea' id='block_1_64' title="bbox 589 4281 1548 4354">
    <p class='ocr_par' dir='ltr' id='par_1_64' title="bbox 589 4281 1548 4354">
     <span class='ocr_line' id='line_1_64' title="bbox 589 4281 1548 4354; baseline -0.005 -14"><span class='ocrx_word' id='word_1_492' title='bbox 589 4299 656 4340; x_wconf 84' lang='lat' dir='ltr'><strong>ex</strong></span> <span class='ocrx_word' id='word_1_493' title='bbox 683 4281 966 4354; x_wconf 86' lang='lat' dir='ltr'><strong>Propertio</strong></span> <span class='ocrx_word' id='word_1_494' title='bbox 996 4281 1089 4338; x_wconf 87' lang='lat' dir='ltr'><strong>lib.</strong></span> <span class='ocrx_word' id='word_1_495' title='bbox 1124 4298 1196 4348; x_wconf 87' lang='lat' dir='ltr'><strong>tv,</strong></span> <span class='ocrx_word' id='word_1_496' title='bbox 1227 4282 1378 4352; x_wconf 87' lang='lat' dir='ltr'><strong>Eleg.</strong></span> <span class='ocrx_word' id='word_1_497' title='bbox 1410 4281 1505 4336; x_wconf 90' lang='lat' dir='ltr'><strong>ult.</strong></span> <span class='ocrx_word' id='word_1_498' title='bbox 1536 4299 1548 4335; x_wconf 86' lang='lat'><strong>:</strong></span> 
     </span>
    </p>
   </div>
   <div class='ocr_carea' id='block_1_65' title="bbox 715 4419 1909 4482">
    <p class='ocr_par' dir='ltr' id='par_1_65' title="bbox 715 4419 1909 4482">
     <span class='ocr_line' id='line_1_65' title="bbox 715 4419 1909 4482; baseline -0.003 -10"><span class='ocrx_word' id='word_1_499' title='bbox 715 4419 779 4472; x_wconf 87' lang='lat' dir='ltr'><strong>Et</strong></span> <span class='ocrx_word' id='word_1_500' title='bbox 800 4425 970 4470; x_wconf 79' lang='lat' dir='ltr'><strong>tamen</strong></span> <span class='ocrx_word' id='word_1_501' title='bbox 994 4420 1183 4469; x_wconf 85' lang='lat' dir='ltr'><strong>emerui</strong></span> <span class='ocrx_word' id='word_1_502' title='bbox 1207 4431 1484 4482; x_wconf 83' lang='lat' dir='ltr'><strong>generosos</strong></span> <span class='ocrx_word' id='word_1_503' title='bbox 1507 4422 1661 4471; x_wconf 90' lang='lat' dir='ltr'><strong>vestis</strong></span> <span class='ocrx_word' id='word_1_504' title='bbox 1677 4420 1909 4471; x_wconf 85' lang='lat' dir='ltr'><strong>honores.</strong></span> 
     </span>
    </p>
   </div>
   <div class='ocr_carea' id='block_1_66' title="bbox 2277 1992 3229 2062">
    <p class='ocr_par' dir='ltr' id='par_1_66' title="bbox 2277 1992 3229 2062">
     <span class='ocr_line' id='line_1_66' title="bbox 2277 1992 3229 2062; baseline 0.006 -14"><span class='ocrx_word' id='word_1_505' title='bbox 2277 1992 2417 2048; x_wconf 89' lang='lat' dir='ltr'><strong>bene</strong></span> <span class='ocrx_word' id='word_1_506' title='bbox 2450 1993 2644 2062; x_wconf 84' lang='lat' dir='ltr'><strong>legitur</strong></span> <span class='ocrx_word' id='word_1_507' title='bbox 2669 2012 2902 2052; x_wconf 87' lang='lat' dir='ltr'><strong>aureum.</strong></span> <span class='ocrx_word' id='word_1_508' title='bbox 2935 1997 3229 2056; x_wconf 69' lang='lat' dir='ltr'><strong>GALLEUS.</strong></span> 
     </span>
    </p>
   </div>
   <div class='ocr_carea' id='block_1_67' title="bbox 2350 2063 3831 2142">
    <p class='ocr_par' dir='ltr' id='par_1_67' title="bbox 2350 2063 3831 2142">
     <span class='ocr_line' id='line_1_67' title="bbox 2350 2063 3831 2142; baseline 0.009 -25"><span class='ocrx_word' id='word_1_509' title='bbox 2350 2063 2574 2120; x_wconf 62' lang='lat' dir='ltr'><strong>Donata:</strong></span> <span class='ocrx_word' id='word_1_510' title='bbox 2602 2083 2636 2121; x_wconf 88' lang='lat' dir='ltr'><strong>a</strong></span> <span class='ocrx_word' id='word_1_511' title='bbox 2664 2067 2859 2142; x_wconf 72' lang='lat' dir='ltr'><strong>virgine</strong></span> <span class='ocrx_word' id='word_1_512' title='bbox 2879 2085 3055 2142; x_wconf 68' lang='grc' dir='ltr'><strong>ραρᾳε.</strong></span> <span class='ocrx_word' id='word_1_513' title='bbox 3083 2071 3198 2126; x_wconf 84' lang='lat' dir='ltr'><strong>Hoc</strong></span> <span class='ocrx_word' id='word_1_514' title='bbox 3229 2073 3436 2142; x_wconf 90' lang='lat' dir='ltr'><strong>pariter</strong></span> <span class='ocrx_word' id='word_1_515' title='bbox 3473 2090 3538 2131; x_wconf 85' lang='lat' dir='ltr'><strong>ex</strong></span> <span class='ocrx_word' id='word_1_516' title='bbox 3587 2075 3745 2132; x_wconf 89' lang='lat' dir='ltr'><strong>Persio</strong></span> <span class='ocrx_word' id='word_1_517' title='bbox 3765 2076 3831 2131; x_wconf 82' lang='lat' dir='ltr'><strong>tle-</strong></span> 
     </span>
    </p>
   </div>
   <div class='ocr_carea' id='block_1_68' title="bbox 2277 2141 3831 2280">
    <p class='ocr_par' dir='ltr' id='par_1_68' title="bbox 2277 2141 3831 2280">
     <span class='ocr_line' id='line_1_68' title="bbox 2277 2141 3831 2280; baseline 0.008 -89"><span class='ocrx_word' id='word_1_518' title='bbox 2277 2146 2554 2280; x_wconf 56' lang='lat' dir='ltr'><strong>zumptum</strong></span> <span class='ocrx_word' id='word_1_519' title='bbox 2602 2147 2718 2207; x_wconf 88' lang='lat' dir='ltr'><strong>est,</strong></span> <span class='ocrx_word' id='word_1_520' title='bbox 2751 2141 2948 2214; x_wconf 86' lang='lat' dir='ltr'><strong>Satyra</strong></span> <span class='ocrx_word' id='word_1_521' title='bbox 2983 2141 3039 2211; x_wconf 74' lang='lat'><strong>2,</strong></span> <span class='ocrx_word' id='word_1_522' title='bbox 3087 2141 3245 2214; x_wconf 86' lang='lat' dir='ltr'><strong>cujus</strong></span> <span class='ocrx_word' id='word_1_523' title='bbox 3277 2146 3335 2201; x_wconf 92' lang='lat' dir='ltr'><strong>hi</strong></span> <span class='ocrx_word' id='word_1_524' title='bbox 3363 2156 3490 2202; x_wconf 89' lang='lat' dir='ltr'><strong>sunt</strong></span> <span class='ocrx_word' id='word_1_525' title='bbox 3543 2151 3831 2204; x_wconf 81' lang='lat' dir='ltr'><strong>versitsintc-</strong></span> 
     </span>
     <span class='ocr_line' id='line_1_69' title="bbox 2318 2225 2399 2264; baseline 0.012 -1"><span class='ocrx_word' id='word_1_526' title='bbox 2318 2225 2399 2264; x_wconf 90' lang='lat' dir='ltr'><strong>rt:</strong></span> 
     </span>
    </p>
   </div>
   <div class='ocr_carea' id='block_1_69' title="bbox 2318 2225 2399 2264">
    <p class='ocr_par' dir='ltr' id='par_1_69' title="bbox 2318 2225 2399 2264">
     <span class='ocr_line' id='line_1_70' title="bbox 2318 2225 2399 2264; baseline 0 0"><span class='ocrx_word' id='word_1_527' title='bbox 2318 2225 2399 2264; x_wconf 72' lang='lat' dir='ltr'><strong>l‘l:</strong></span> 
     </span>
    </p>
   </div>
   <div class='ocr_carea' id='block_1_70' title="bbox 2709 2337 3667 2458">
    <p class='ocr_par' dir='ltr' id='par_1_70' title="bbox 2709 2337 3667 2458">
     <span class='ocr_line' id='line_1_71' title="bbox 2709 2337 3667 2458; baseline 0.009 -19"><span class='ocrx_word' id='word_1_528' title='bbox 2709 2389 2924 2458; x_wconf 75' lang='lat' dir='ltr'><strong>utiﬁces,</strong></span> <span class='ocrx_word' id='word_1_529' title='bbox 2939 2392 3001 2458; x_wconf 86' lang='lat' dir='ltr'><strong>_i_n</strong></span> <span class='ocrx_word' id='word_1_530' title='bbox 3031 2405 3173 2458; x_wconf 83' lang='lat' dir='ltr'><strong>sacro</strong></span> <span class='ocrx_word' id='word_1_531' title='bbox 3187 2394 3306 2458; x_wconf 84' lang='lat' dir='ltr'><strong>quid</strong></span> <span class='ocrx_word' id='word_1_532' title='bbox 3331 2395 3452 2447; x_wconf 81' lang='lat' dir='ltr'><strong>facit</strong></span> <span class='ocrx_word' id='word_1_533' title='bbox 3474 2337 3667 2447; x_wconf 45' lang='lat' dir='ltr'><strong>ﬁxing?</strong></span> 
     </span>
    </p>
   </div>
   <div class='ocr_carea' id='block_1_71' title="bbox 2684 2455 3761 2524">
    <p class='ocr_par' dir='ltr' id='par_1_71' title="bbox 2684 2455 3761 2524">
     <span class='ocr_line' id='line_1_72' title="bbox 2684 2455 3761 2524; baseline 0.005 -22"><span class='ocrx_word' id='word_1_534' title='bbox 2684 2466 2762 2516; x_wconf 88' lang='lat' dir='ltr'><strong>oe,</strong></span> <span class='ocrx_word' id='word_1_535' title='bbox 2786 2455 2916 2518; x_wconf 88' lang='lat' dir='ltr'><strong>quod</strong></span> <span class='ocrx_word' id='word_1_536' title='bbox 2939 2455 3130 2507; x_wconf 89' lang='lat' dir='ltr'><strong>Veneri</strong></span> <span class='ocrx_word' id='word_1_537' title='bbox 3150 2455 3341 2508; x_wconf 77' lang='lat' dir='ltr'><strong>donatae</strong></span> <span class='ocrx_word' id='word_1_538' title='bbox 3365 2473 3394 2508; x_wconf 89' lang='lat' dir='ltr'><strong>a</strong></span> <span class='ocrx_word' id='word_1_539' title='bbox 3411 2462 3601 2522; x_wconf 84' lang='lat' dir='ltr'><strong>virgine</strong></span> <span class='ocrx_word' id='word_1_540' title='bbox 3626 2474 3761 2524; x_wconf 65' lang='lat' dir='ltr'><strong>pupaa.</strong></span> 
     </span>
    </p>
   </div>
   <div class='ocr_carea' id='block_1_72' title="bbox 2432 2386 2619 2452">
    <p class='ocr_par' dir='ltr' id='par_1_72' title="bbox 2432 2386 2619 2452">
     <span class='ocr_line' id='line_1_73' title="bbox 2432 2386 2619 2452; baseline 0.011 -16"><span class='ocrx_word' id='word_1_541' title='bbox 2432 2386 2594 2452; x_wconf 74' lang='lat' dir='ltr'><strong>Dicite</strong></span> <span class='ocrx_word' id='word_1_542' title='bbox 2605 2429 2619 2452; x_wconf 93' lang='lat'><strong>,</strong></span> 
     </span>
    </p>
   </div>
   <div class='ocr_carea' id='block_1_73' title="bbox 2434 2451 2626 2514">
    <p class='ocr_par' dir='ltr' id='par_1_73' title="bbox 2434 2451 2626 2514">
     <span class='ocr_line' id='line_1_74' title="bbox 2434 2451 2626 2514; baseline 0.005 -13"><span class='ocrx_word' id='word_1_543' title='bbox 2434 2451 2626 2514; x_wconf 84' lang='lat' dir='ltr'><strong>Nempe</strong></span> 
     </span>
    </p>
   </div>
   <div class='ocr_carea' id='block_1_74' title="bbox 2281 2596 3837 2682">
    <p class='ocr_par' dir='ltr' id='par_1_74' title="bbox 2281 2596 3837 2682">
     <span class='ocr_line' id='line_1_75' title="bbox 2281 2596 3837 2682; baseline 0.008 -31"><span class='ocrx_word' id='word_1_544' title='bbox 2281 2596 2444 2668; x_wconf 73' lang='lat' dir='ltr'><strong>Pupre</strong></span> <span class='ocrx_word' id='word_1_545' title='bbox 2477 2599 2638 2682; x_wconf 67' lang='lat' dir='ltr'><strong>igitur</strong></span> <span class='ocrx_word' id='word_1_546' title='bbox 2667 2617 2697 2658; x_wconf 92' lang='lat' dir='ltr'><strong>a</strong></span> <span class='ocrx_word' id='word_1_547' title='bbox 2728 2603 3045 2682; x_wconf 71' lang='lat' dir='ltr'><strong>virginibus</strong></span> <span class='ocrx_word' id='word_1_548' title='bbox 3077 2609 3424 2682; x_wconf 88' lang='lat' dir='ltr'><strong>pubertatem</strong></span> <span class='ocrx_word' id='word_1_549' title='bbox 3457 2613 3736 2668; x_wconf 87' lang='lat' dir='ltr'><strong>consecutis</strong></span> <span class='ocrx_word' id='word_1_550' title='bbox 3771 2619 3837 2665; x_wconf 85' lang='lat' dir='ltr'><strong>aut</strong></span> 
     </span>
    </p>
   </div>
   <div class='ocr_carea' id='block_1_75' title="bbox 2282 2672 3834 2756">
    <p class='ocr_par' dir='ltr' id='par_1_75' title="bbox 2282 2672 3834 2756">
     <span class='ocr_line' id='line_1_76' title="bbox 2282 2672 3834 2756; baseline 0.008 -33"><span class='ocrx_word' id='word_1_551' title='bbox 2282 2672 2532 2753; x_wconf 80' lang='lat' dir='ltr'><strong>nupturis</strong></span> <span class='ocrx_word' id='word_1_552' title='bbox 2558 2672 2755 2756; x_wconf 81' lang='lat' dir='ltr'><strong>Veneri</strong></span> <span class='ocrx_word' id='word_1_553' title='bbox 2781 2672 2956 2756; x_wconf 59' lang='lat' dir='ltr'><strong>solitfe</strong></span> <span class='ocrx_word' id='word_1_554' title='bbox 2995 2672 3280 2756; x_wconf 77' lang='lat' dir='ltr'><strong>dica_ri,_ut</strong></span> <span class='ocrx_word' id='word_1_555' title='bbox 3303 2684 3396 2756; x_wconf 86' lang='lat' dir='ltr'><strong>ab</strong></span> <span class='ocrx_word' id='word_1_556' title='bbox 3438 2684 3650 2755; x_wconf 80' lang='lat' dir='ltr'><strong>ephebis</strong></span> <span class='ocrx_word' id='word_1_557' title='bbox 3686 2684 3834 2738; x_wconf 80' lang='lat' dir='ltr'><strong>buli-.u:</strong></span> 
     </span>
    </p>
   </div>
   <div class='ocr_carea' id='block_1_76' title="bbox 2286 2751 3832 2823">
    <p class='ocr_par' dir='ltr' id='par_1_76' title="bbox 2286 2751 3832 2823">
     <span class='ocr_line' id='line_1_77' title="bbox 2286 2751 3832 2823; baseline 0.008 -29"><span class='ocrx_word' id='word_1_558' title='bbox 2286 2751 2411 2823; x_wconf 82' lang='lat' dir='ltr'><strong>quia</strong></span> <span class='ocrx_word' id='word_1_559' title='bbox 2443 2751 2492 2797; x_wconf 93' lang='lat' dir='ltr'><strong>in</strong></span> <span class='ocrx_word' id='word_1_560' title='bbox 2527 2751 2672 2800; x_wconf 90' lang='lat' dir='ltr'><strong>outni</strong></span> <span class='ocrx_word' id='word_1_561' title='bbox 2735 2751 3054 2823; x_wconf 81' lang='lat' dir='ltr'><strong>mutatione,</strong></span> <span class='ocrx_word' id='word_1_562' title='bbox 3115 2753 3348 2823; x_wconf 86' lang='lat' dir='ltr'><strong>insignia</strong></span> <span class='ocrx_word' id='word_1_563' title='bbox 3398 2751 3488 2811; x_wconf 78' lang='lat' dir='ltr'><strong>vel</strong></span> <span class='ocrx_word' id='word_1_564' title='bbox 3536 2759 3832 2810; x_wconf 76' lang='lat' dir='ltr'><strong>inStrunienta</strong></span> 
     </span>
    </p>
   </div>
   <div class='ocr_carea' id='block_1_77' title="bbox 2287 2820 3834 2884">
    <p class='ocr_par' dir='ltr' id='par_1_77' title="bbox 2287 2820 3834 2884">
     <span class='ocr_line' id='line_1_78' title="bbox 2287 2820 3834 2884; baseline 0.007 -17"><span class='ocrx_word' id='word_1_565' title='bbox 2287 2820 2412 2869; x_wconf 84' lang='lat' dir='ltr'><strong>vitae</strong></span> <span class='ocrx_word' id='word_1_566' title='bbox 2434 2827 2697 2874; x_wconf 80' lang='lat' dir='ltr'><strong>anteacue</strong></span> <span class='ocrx_word' id='word_1_567' title='bbox 2724 2820 2827 2875; x_wconf 91' lang='lat' dir='ltr'><strong>diis</strong></span> <span class='ocrx_word' id='word_1_568' title='bbox 2862 2835 3189 2880; x_wconf 89' lang='lat' dir='ltr'><strong>consecrare</strong></span> <span class='ocrx_word' id='word_1_569' title='bbox 3221 2820 3392 2881; x_wconf 67' lang='lat' dir='ltr'><strong>{noris</strong></span> <span class='ocrx_word' id='word_1_570' title='bbox 3437 2838 3572 2883; x_wconf 89' lang='lat' dir='ltr'><strong>erat.</strong></span> <span class='ocrx_word' id='word_1_571' title='bbox 3603 2827 3834 2884; x_wconf 85' lang='lat' dir='ltr'><strong>lloratius:</strong></span> 
     </span>
    </p>
   </div>
   <div class='ocr_carea' id='block_1_78' title="bbox 3213 2961 3646 3027">
    <p class='ocr_par' dir='ltr' id='par_1_78' title="bbox 3213 2961 3646 3027">
     <span class='ocr_line' id='line_1_79' title="bbox 3213 2961 3646 3027; baseline 0.014 -19"><span class='ocrx_word' id='word_1_572' title='bbox 3213 2961 3481 3027; x_wconf 79' lang='lat' dir='ltr'><strong>Vetanius,</strong></span> <span class='ocrx_word' id='word_1_573' title='bbox 3507 2965 3646 3014; x_wconf 88' lang='lat' dir='ltr'><strong>armis</strong></span> 
     </span>
    </p>
   </div>
   <div class='ocr_carea' id='block_1_79' title="bbox 2411 3012 3636 3090">
    <p class='ocr_par' dir='ltr' id='par_1_79' title="bbox 2411 3012 3636 3090">
     <span class='ocr_line' id='line_1_80' title="bbox 2411 3012 3636 3090; baseline 0.01 -26"><span class='ocrx_word' id='word_1_574' title='bbox 2411 3012 2644 3067; x_wconf 85' lang='lat' dir='ltr'><strong>Herculis</strong></span> <span class='ocrx_word' id='word_1_575' title='bbox 2667 3017 2727 3067; x_wconf 90' lang='lat' dir='ltr'><strong>ad</strong></span> <span class='ocrx_word' id='word_1_576' title='bbox 2748 3026 2942 3082; x_wconf 90' lang='lat' dir='ltr'><strong>postem</strong></span> <span class='ocrx_word' id='word_1_577' title='bbox 2966 3019 3099 3086; x_wconf 83' lang='lat' dir='ltr'><strong>lixis,</strong></span> <span class='ocrx_word' id='word_1_578' title='bbox 3135 3021 3259 3075; x_wconf 86' lang='lat' dir='ltr'><strong>latet</strong></span> <span class='ocrx_word' id='word_1_579' title='bbox 3283 3012 3481 3078; x_wconf 74' lang='lat' dir='ltr'><strong>abditus</strong></span> <span class='ocrx_word' id='word_1_580' title='bbox 3505 3012 3636 3090; x_wconf 71' lang='lat' dir='ltr'><strong>agro.</strong></span> 
     </span>
    </p>
   </div>
   <div class='ocr_carea' id='block_1_80' title="bbox 2287 3141 2648 3201">
    <p class='ocr_par' dir='ltr' id='par_1_80' title="bbox 2287 3141 2648 3201">
     <span class='ocr_line' id='line_1_81' title="bbox 2287 3141 2648 3201; baseline 0.011 -4"><span class='ocrx_word' id='word_1_581' title='bbox 2287 3141 2435 3201; x_wconf 87' lang='lat' dir='ltr'><strong>Idem</strong></span> <span class='ocrx_word' id='word_1_582' title='bbox 2463 3146 2589 3201; x_wconf 88' lang='lat' dir='ltr'><strong>alihi</strong></span> <span class='ocrx_word' id='word_1_583' title='bbox 2636 3165 2648 3201; x_wconf 92' lang='lat'><strong>:</strong></span> 
     </span>
    </p>
   </div>
   <div class='ocr_carea' id='block_1_81' title="bbox 2795 3283 3480 3352">
    <p class='ocr_par' dir='ltr' id='par_1_81' title="bbox 2795 3283 3480 3352">
     <span class='ocr_line' id='line_1_82' title="bbox 2795 3283 3480 3352; baseline 0.015 -18"><span class='ocrx_word' id='word_1_584' title='bbox 2795 3283 3042 3338; x_wconf 89' lang='lat' dir='ltr'><strong>Donasset</strong></span> <span class='ocrx_word' id='word_1_585' title='bbox 3063 3289 3231 3352; x_wconf 89' lang='lat' dir='ltr'><strong>jamne</strong></span> <span class='ocrx_word' id='word_1_586' title='bbox 3250 3297 3480 3344; x_wconf 87' lang='lat' dir='ltr'><strong>catenam</strong></span> 
     </span>
    </p>
   </div>
   <div class='ocr_carea' id='block_1_82' title="bbox 2410 3343 3156 3412">
    <p class='ocr_par' dir='ltr' id='par_1_82' title="bbox 2410 3343 3156 3412">
     <span class='ocr_line' id='line_1_83' title="bbox 2410 3343 3156 3412; baseline 0.012 -18"><span class='ocrx_word' id='word_1_587' title='bbox 2410 3343 2485 3394; x_wconf 81' lang='lat' dir='ltr'><strong>Ex</strong></span> <span class='ocrx_word' id='word_1_588' title='bbox 2506 3352 2622 3397; x_wconf 88' lang='lat' dir='ltr'><strong>voto</strong></span> <span class='ocrx_word' id='word_1_589' title='bbox 2645 3345 2855 3399; x_wconf 88' lang='lat' dir='ltr'><strong>Laribus</strong></span> <span class='ocrx_word' id='word_1_590' title='bbox 2877 3343 3156 3412; x_wconf 65' lang='lat' dir='ltr'><strong>quaerebat.</strong></span> 
     </span>
    </p>
   </div>
   <div class='ocr_carea' id='block_1_83' title="bbox 2286 3469 3837 3553">
    <p class='ocr_par' dir='ltr' id='par_1_83' title="bbox 2286 3469 3837 3553">
     <span class='ocr_line' id='line_1_84' title="bbox 2286 3469 3837 3553; baseline 0.004 -26"><span class='ocrx_word' id='word_1_591' title='bbox 2286 3469 2396 3553; x_wconf 81' lang='lat' dir='ltr'><strong>Sic_</strong></span> <span class='ocrx_word' id='word_1_592' title='bbox 2426 3488 2616 3553; x_wconf 83' lang='lat' dir='ltr'><strong>zonam</strong></span> <span class='ocrx_word' id='word_1_593' title='bbox 2675 3475 2989 3553; x_wconf 65' lang='lat' dir='ltr'><strong>virginnlcm</strong></span> <span class='ocrx_word' id='word_1_594' title='bbox 3043 3481 3453 3550; x_wconf 83' lang='lat' dir='ltr'><strong>suspendebant</strong></span> <span class='ocrx_word' id='word_1_595' title='bbox 3504 3493 3758 3553; x_wconf 69' lang='lat' dir='ltr'><strong>nupturae,</strong></span> <span class='ocrx_word' id='word_1_596' title='bbox 3799 3488 3837 3534; x_wconf 83' lang='lat' dir='ltr'><strong>et</strong></span> 
     </span>
    </p>
   </div>
   <div class='ocr_carea' id='block_1_84' title="bbox 2289 3545 3837 3628">
    <p class='ocr_par' dir='ltr' id='par_1_84' title="bbox 2289 3545 3837 3628">
     <span class='ocr_line' id='line_1_85' title="bbox 2289 3545 3837 3628; baseline 0.01 -30"><span class='ocrx_word' id='word_1_597' title='bbox 2289 3545 2454 3628; x_wconf 83' lang='lat' dir='ltr'><strong>multa</strong></span> <span class='ocrx_word' id='word_1_598' title='bbox 2488 3545 2813 3628; x_wconf 64' lang='lat' dir='ltr'><strong>testimonia.</strong></span> <span class='ocrx_word' id='word_1_599' title='bbox 2845 3549 2987 3628; x_wconf 76' lang='lat' dir='ltr'><strong>Pupa</strong></span> <span class='ocrx_word' id='word_1_600' title='bbox 3010 3561 3120 3628; x_wconf 80' lang='lat' dir='ltr'><strong>est.</strong></span> <span class='ocrx_word' id='word_1_601' title='bbox 3143 3545 3420 3628; x_wconf 69' lang='grc' dir='ltr'><strong>’πλαγγὼν,</strong></span> <span class='ocrx_word' id='word_1_602' title='bbox 3451 3545 3592 3611; x_wconf 77' lang='lat' dir='ltr'><strong>unde</strong></span> <span class='ocrx_word' id='word_1_603' title='bbox 3635 3554 3837 3626; x_wconf 75' lang='lat' dir='ltr'><strong>plangim-</strong></span> 
     </span>
    </p>
   </div>
   <div class='ocr_carea' id='block_1_85' title="bbox 2290 3616 3172 3686">
    <p class='ocr_par' dir='ltr' id='par_1_85' title="bbox 2290 3616 3172 3686">
     <span class='ocr_line' id='line_1_86' title="bbox 2290 3616 3172 3686; baseline 0.009 -18"><span class='ocrx_word' id='word_1_604' title='bbox 2290 3616 2409 3669; x_wconf 86' lang='lat' dir='ltr'><strong>cula</strong></span> <span class='ocrx_word' id='word_1_605' title='bbox 2435 3618 2576 3686; x_wconf 87' lang='lat' dir='ltr'><strong>apud</strong></span> <span class='ocrx_word' id='word_1_606' title='bbox 2605 3617 2782 3673; x_wconf 89' lang='lat' dir='ltr'><strong>Cicer.</strong></span> <span class='ocrx_word' id='word_1_607' title='bbox 2816 3621 2881 3675; x_wconf 87' lang='lat' dir='ltr'><strong>ad</strong></span> <span class='ocrx_word' id='word_1_608' title='bbox 2913 3616 3172 3678; x_wconf 75' lang='lat' dir='ltr'><strong>Atticum.</strong></span> 
     </span>
    </p>
   </div>
   <div class='ocr_carea' id='block_1_86' title="bbox 2368 3687 3835 3769">
    <p class='ocr_par' dir='ltr' id='par_1_86' title="bbox 2368 3687 3835 3769">
     <span class='ocr_line' id='line_1_87' title="bbox 2368 3687 3835 3769; baseline 0.005 -30"><span class='ocrx_word' id='word_1_609' title='bbox 2368 3687 2643 3769; x_wconf 75' lang='lat' dir='ltr'><strong>Polycleti,</strong></span> <span class='ocrx_word' id='word_1_610' title='bbox 2676 3700 2781 3769; x_wconf 77' lang='lat' dir='ltr'><strong>etc.</strong></span> <span class='ocrx_word' id='word_1_611' title='bbox 2916 3697 3303 3769; x_wconf 76' lang='lat' dir='ltr'><strong>erant___eximii</strong></span> <span class='ocrx_word' id='word_1_612' title='bbox 3336 3698 3597 3752; x_wconf 90' lang='lat' dir='ltr'><strong>statuarii.</strong></span> <span class='ocrx_word' id='word_1_613' title='bbox 3629 3694 3835 3768; x_wconf 82' lang='lat' dir='ltr'><strong>Polycleti</strong></span> 
     </span>
    </p>
   </div>
   <div class='ocr_carea' id='block_1_87' title="bbox 2291 3762 3834 3838">
    <p class='ocr_par' dir='ltr' id='par_1_87' title="bbox 2291 3762 3834 3838">
     <span class='ocr_line' id='line_1_88' title="bbox 2291 3762 3834 3838; baseline 0.003 -25"><span class='ocrx_word' id='word_1_614' title='bbox 2291 3762 2496 3838; x_wconf 65' lang='lat' dir='ltr'><strong>mentio</strong></span> <span class='ocrx_word' id='word_1_615' title='bbox 2517 3770 2599 3815; x_wconf 89' lang='lat' dir='ltr'><strong>est</strong></span> <span class='ocrx_word' id='word_1_616' title='bbox 2624 3762 2765 3838; x_wconf 85' lang='lat' dir='ltr'><strong>apud</strong></span> <span class='ocrx_word' id='word_1_617' title='bbox 2807 3763 3036 3838; x_wconf 78' lang='lat' dir='ltr'><strong>Plinium</strong></span> <span class='ocrx_word' id='word_1_618' title='bbox 3071 3767 3208 3821; x_wconf 90' lang='lat' dir='ltr'><strong>libro</strong></span> <span class='ocrx_word' id='word_1_619' title='bbox 3237 3783 3415 3823; x_wconf 78' lang='lat' dir='ltr'><strong>xxxrv</strong></span> <span class='ocrx_word' id='word_1_620' title='bbox 3444 3812 3459 3834; x_wconf 94' lang='lat'><strong>,</strong></span> <span class='ocrx_word' id='word_1_621' title='bbox 3508 3762 3834 3838; x_wconf 68' lang='lat' dir='ltr'><strong>Quintilianum</strong></span> 
     </span>
    </p>
   </div>
   <div class='ocr_carea' id='block_1_88' title="bbox 2292 3829 3834 3913">
    <p class='ocr_par' dir='ltr' id='par_1_88' title="bbox 2292 3829 3834 3913">
     <span class='ocr_line' id='line_1_89' title="bbox 2292 3829 3834 3913; baseline 0.005 -31"><span class='ocrx_word' id='word_1_622' title='bbox 2292 3839 2352 3913; x_wconf 62' lang='lat' dir='ltr'><strong>et</strong></span> <span class='ocrx_word' id='word_1_623' title='bbox 2378 3829 2752 3913; x_wconf 28' lang='lat' dir='ltr'><strong>Eliauutn’de</strong></span> <span class='ocrx_word' id='word_1_624' title='bbox 2780 3835 2922 3889; x_wconf 86' lang='lat' dir='ltr'><strong>varia</strong></span> <span class='ocrx_word' id='word_1_625' title='bbox 2949 3837 3204 3913; x_wconf 59' lang='lat' dir='ltr'><strong>llistoria.</strong></span> <span class='ocrx_word' id='word_1_626' title='bbox 3245 3841 3392 3895; x_wconf 76' lang='lat' dir='ltr'><strong>Vixit</strong></span> <span class='ocrx_word' id='word_1_627' title='bbox 3420 3829 3708 3913; x_wconf 61' lang='lat' dir='ltr'><strong>Polycletus</strong></span> <span class='ocrx_word' id='word_1_628' title='bbox 3729 3841 3834 3913; x_wconf 80' lang='lat' dir='ltr'><strong>circa</strong></span> 
     </span>
    </p>
   </div>
   <div class='ocr_carea' id='block_1_89' title="bbox 2292 3899 3833 3982">
    <p class='ocr_par' dir='ltr' id='par_1_89' title="bbox 2292 3899 3833 3982">
     <span class='ocr_line' id='line_1_90' title="bbox 2292 3899 3833 3982; baseline 0.005 -27"><span class='ocrx_word' id='word_1_629' title='bbox 2292 3899 2663 3982; x_wconf 72' lang='lat' dir='ltr'><strong>Olympiadem</strong></span> <span class='ocrx_word' id='word_1_630' title='bbox 2697 3921 2932 3961; x_wconf 77' lang='lat' dir='ltr'><strong>Lxxxvu.</strong></span> <span class='ocrx_word' id='word_1_631' title='bbox 2959 3908 3282 3978; x_wconf 86' lang='lat' dir='ltr'><strong>Euphranor</strong></span> <span class='ocrx_word' id='word_1_632' title='bbox 3312 3899 3594 3968; x_wconf 43' lang='lat' dir='ltr'><strong>Praxite’lis</strong></span> <span class='ocrx_word' id='word_1_633' title='bbox 3639 3909 3833 3982; x_wconf 58' lang='lat' dir='ltr'><strong>aequalis,</strong></span> 
     </span>
    </p>
   </div>
   <div class='ocr_carea' id='block_1_90' title="bbox 2294 3973 3834 4053">
    <p class='ocr_par' dir='ltr' id='par_1_90' title="bbox 2294 3973 3834 4053">
     <span class='ocr_line' id='line_1_91' title="bbox 2294 3973 3834 4053; baseline 0.003 -28"><span class='ocrx_word' id='word_1_634' title='bbox 2294 3973 2393 4053; x_wconf 71' lang='lat' dir='ltr'><strong>fuit</strong></span> <span class='ocrx_word' id='word_1_635' title='bbox 2423 3978 2701 4053; x_wconf 73' lang='lat' dir='ltr'><strong>et_pictor</strong></span> <span class='ocrx_word' id='word_1_636' title='bbox 2732 3988 2786 4032; x_wconf 91' lang='lat' dir='ltr'><strong>et</strong></span> <span class='ocrx_word' id='word_1_637' title='bbox 2835 3973 3128 4053; x_wconf 72' lang='lat' dir='ltr'><strong>statuarius</strong></span> <span class='ocrx_word' id='word_1_638' title='bbox 3169 3983 3418 4052; x_wconf 88' lang='lat' dir='ltr'><strong>insignis,</strong></span> <span class='ocrx_word' id='word_1_639' title='bbox 3471 3973 3834 4053; x_wconf 64' lang='lat' dir='ltr'><strong>vixitque&#39;circt</strong></span> 
     </span>
    </p>
   </div>
   <div class='ocr_carea' id='block_1_91' title="bbox 2293 4043 3835 4116">
    <p class='ocr_par' dir='ltr' id='par_1_91' title="bbox 2293 4043 3835 4116">
     <span class='ocr_line' id='line_1_92' title="bbox 2293 4043 3835 4116; baseline 0.003 -18"><span class='ocrx_word' id='word_1_640' title='bbox 2293 4043 2664 4116; x_wconf 82' lang='lat' dir='ltr'><strong>Olympiadem</strong></span> <span class='ocrx_word' id='word_1_641' title='bbox 2696 4063 2782 4102; x_wconf 81' lang='lat' dir='ltr'><strong>crv</strong></span> <span class='ocrx_word' id='word_1_642' title='bbox 2807 4065 2820 4114; x_wconf 92' lang='lat'><strong>;</strong></span> <span class='ocrx_word' id='word_1_643' title='bbox 2851 4051 2917 4106; x_wconf 92' lang='lat' dir='ltr'><strong>de</strong></span> <span class='ocrx_word' id='word_1_644' title='bbox 2942 4067 3007 4106; x_wconf 88' lang='lat' dir='ltr'><strong>eo</strong></span> <span class='ocrx_word' id='word_1_645' title='bbox 3033 4050 3092 4106; x_wconf 86' lang='lat' dir='ltr'><strong>fit</strong></span> <span class='ocrx_word' id='word_1_646' title='bbox 3121 4043 3322 4110; x_wconf 78' lang='lat' dir='ltr'><strong>mentio</strong></span> <span class='ocrx_word' id='word_1_647' title='bbox 3346 4043 3626 4111; x_wconf 46' lang='lat' dir='ltr'><strong>in&#39;eodetn&#39;</strong></span> <span class='ocrx_word' id='word_1_648' title='bbox 3645 4054 3771 4108; x_wconf 89' lang='lat' dir='ltr'><strong>Plinii</strong></span> <span class='ocrx_word' id='word_1_649' title='bbox 3793 4051 3835 4104; x_wconf 92' lang='lat' dir='ltr'><strong>li-</strong></span> 
     </span>
    </p>
   </div>
   <div class='ocr_carea' id='block_1_92' title="bbox 2295 4116 3836 4196">
    <p class='ocr_par' dir='ltr' id='par_1_92' title="bbox 2295 4116 3836 4196">
     <span class='ocr_line' id='line_1_93' title="bbox 2295 4116 3836 4196; baseline 0.003 -26"><span class='ocrx_word' id='word_1_650' title='bbox 2295 4116 2414 4171; x_wconf 87' lang='lat' dir='ltr'><strong>bro.</strong></span> <span class='ocrx_word' id='word_1_651' title='bbox 2440 4117 2659 4196; x_wconf 83' lang='lat' dir='ltr'><strong>Phidias</strong></span> <span class='ocrx_word' id='word_1_652' title='bbox 2683 4136 2812 4196; x_wconf 86' lang='lat' dir='ltr'><strong>vero</strong></span> <span class='ocrx_word' id='word_1_653' title='bbox 2861 4137 2964 4196; x_wconf 78' lang='lat' dir='ltr'><strong>non</strong></span> <span class='ocrx_word' id='word_1_654' title='bbox 2997 4125 3174 4178; x_wconf 89' lang='lat' dir='ltr'><strong>minus</strong></span> <span class='ocrx_word' id='word_1_655' title='bbox 3219 4136 3508 4196; x_wconf 72' lang='lat' dir='ltr'><strong>przestaus,</strong></span> <span class='ocrx_word' id='word_1_656' title='bbox 3555 4124 3836 4196; x_wconf 82' lang='lat' dir='ltr'><strong>Atheniensis</strong></span> 
     </span>
    </p>
   </div>
   <div class='ocr_carea' id='block_1_93' title="bbox 2294 4191 3831 4268">
    <p class='ocr_par' dir='ltr' id='par_1_93' title="bbox 2294 4191 3831 4268">
     <span class='ocr_line' id='line_1_94' title="bbox 2294 4191 3831 4268; baseline 0.001 -26"><span class='ocrx_word' id='word_1_657' title='bbox 2294 4198 2431 4251; x_wconf 90' lang='lat' dir='ltr'><strong>erat,</strong></span> <span class='ocrx_word' id='word_1_658' title='bbox 2450 4191 3182 4268; x_wconf 26' lang='lat' dir='ltr'><strong>vixitqueAcircaOlympiad.</strong></span> <span class='ocrx_word' id='word_1_659' title='bbox 3216 4191 3428 4252; x_wconf 73' lang='lat' dir='ltr'><strong>Lxxxtt.</strong></span> <span class='ocrx_word' id='word_1_660' title='bbox 3457 4191 3530 4254; x_wconf 83' lang='lat' dir='ltr'><strong>De</strong></span> <span class='ocrx_word' id='word_1_661' title='bbox 3555 4214 3653 4268; x_wconf 91' lang='lat' dir='ltr'><strong>quo</strong></span> <span class='ocrx_word' id='word_1_662' title='bbox 3676 4195 3831 4268; x_wconf 81' lang='lat' dir='ltr'><strong>mentio</strong></span> 
     </span>
    </p>
   </div>
   <div class='ocr_carea' id='block_1_94' title="bbox 2295 4260 3835 4342">
    <p class='ocr_par' dir='ltr' id='par_1_94' title="bbox 2295 4260 3835 4342">
     <span class='ocr_line' id='line_1_95' title="bbox 2295 4260 3835 4342; baseline 0.001 -28"><span class='ocrx_word' id='word_1_663' title='bbox 2295 4271 2380 4342; x_wconf 71' lang='lat' dir='ltr'><strong>est</strong></span> <span class='ocrx_word' id='word_1_664' title='bbox 2403 4260 2543 4342; x_wconf 64' lang='lat' dir='ltr'><strong>apud</strong></span> <span class='ocrx_word' id='word_1_665' title='bbox 2575 4260 3126 4342; x_wconf 28' lang='lat' dir='ltr'><strong>Plinium-lib‘fxsxv.</strong></span> <span class='ocrx_word' id='word_1_666' title='bbox 3174 4268 3378 4342; x_wconf 91' lang='lat' dir='ltr'><strong>D_ehoc</strong></span> <span class='ocrx_word' id='word_1_667' title='bbox 3429 4260 3724 4342; x_wconf 78' lang='lat' dir='ltr'><strong>argumento</strong></span> <span class='ocrx_word' id='word_1_668' title='bbox 3745 4263 3835 4318; x_wconf 80' lang='lat' dir='ltr'><strong>ride</strong></span> 
     </span>
    </p>
   </div>
   <div class='ocr_carea' id='block_1_95' title="bbox 2298 4332 3668 4398">
    <p class='ocr_par' dir='ltr' id='par_1_95' title="bbox 2298 4332 3668 4398">
     <span class='ocr_line' id='line_1_96' title="bbox 2298 4332 3668 4398; baseline 0.005 -12"><span class='ocrx_word' id='word_1_669' title='bbox 2298 4332 2460 4386; x_wconf 91' lang='lat' dir='ltr'><strong>etiam</strong></span> <span class='ocrx_word' id='word_1_670' title='bbox 2491 4333 2772 4388; x_wconf 86' lang='lat' dir='ltr'><strong>&#39;l‘atianum</strong></span> <span class='ocrx_word' id='word_1_671' title='bbox 2801 4336 2851 4390; x_wconf 90' lang='lat' dir='ltr'><strong>in</strong></span> <span class='ocrx_word' id='word_1_672' title='bbox 2876 4335 3130 4393; x_wconf 88' lang='lat' dir='ltr'><strong>Oratione</strong></span> <span class='ocrx_word' id='word_1_673' title='bbox 3155 4340 3418 4397; x_wconf 89' lang='lat' dir='ltr'><strong>adversus</strong></span> <span class='ocrx_word' id='word_1_674' title='bbox 3438 4332 3668 4398; x_wconf 66' lang='lat' dir='ltr'><strong>Graecos.</strong></span> 
     </span>
    </p>
   </div>
   <div class='ocr_carea' id='block_1_96' title="bbox 2298 4402 3835 4529">
    <p class='ocr_par' dir='ltr' id='par_1_96' title="bbox 2298 4402 3835 4529">
     <span class='ocr_line' id='line_1_97' title="bbox 2298 4402 3835 4529; baseline 0.005 -73"><span class='ocrx_word' id='word_1_675' title='bbox 2298 4473 2341 4529; x_wconf 80' lang='grc' dir='ltr'><strong>Ε</strong></span> <span class='ocrx_word' id='word_1_676' title='bbox 2372 4402 2495 4458; x_wconf 81' lang='lat' dir='ltr'><strong>Non</strong></span> <span class='ocrx_word' id='word_1_677' title='bbox 2524 4403 2598 4457; x_wconf 83' lang='lat' dir='ltr'><strong>bis</strong></span> <span class='ocrx_word' id='word_1_678' title='bbox 2626 4407 2789 4476; x_wconf 85' lang='lat' dir='ltr'><strong>pueri.</strong></span> <span class='ocrx_word' id='word_1_679' title='bbox 2827 4407 2989 4464; x_wconf 83' lang='lat' dir='ltr'><strong>Vetus</strong></span> <span class='ocrx_word' id='word_1_680' title='bbox 3029 4411 3374 4480; x_wconf 87' lang='lat' dir='ltr'><strong>proverbium</strong></span> <span class='ocrx_word' id='word_1_681' title='bbox 3403 4424 3508 4482; x_wconf 86' lang='lat' dir='ltr'><strong>est,</strong></span> <span class='ocrx_word' id='word_1_682' title='bbox 3543 4413 3608 4469; x_wconf 93' lang='lat' dir='ltr'><strong>de</strong></span> <span class='ocrx_word' id='word_1_683' title='bbox 3633 4425 3725 4482; x_wconf 93' lang='lat' dir='ltr'><strong>quo</strong></span> <span class='ocrx_word' id='word_1_684' title='bbox 3746 4404 3835 4463; x_wconf 79' lang='lat' dir='ltr'><strong>ride</strong></span> 
     </span>
     <span class='ocr_line' id='line_1_98' title="bbox 2348 4490 2604 4529; baseline 0 0"><span class='ocrx_word' id='word_1_685' title='bbox 2348 4490 2604 4529; x_wconf 84' lang='lat' dir='ltr'><strong>rasmum.</strong></span> 
     </span>
    </p>
   </div>
   <div class='ocr_carea' id='block_1_97' title="bbox 2348 4490 2604 4530">
    <p class='ocr_par' dir='ltr' id='par_1_97' title="bbox 2348 4490 2604 4530">
     <span class='ocr_line' id='line_1_99' title="bbox 2348 4490 2604 4530; baseline 0.004 -1"><span class='ocrx_word' id='word_1_686' title='bbox 2348 4490 2604 4530; x_wconf 86' lang='lat' dir='ltr'><strong>rasmum.</strong></span> 
     </span>
    </p>
   </div>
   <div class='ocr_carea' id='block_1_98' title="bbox 665 4517 3834 4640">
    <p class='ocr_par' dir='ltr' id='par_1_98' title="bbox 665 4517 3834 4640">
     <span class='ocr_line' id='line_1_100' title="bbox 665 4517 3834 4640; baseline 0 -11"><span class='ocrx_word' id='word_1_687' title='bbox 665 4573 722 4629; x_wconf 84' lang='lat' dir='ltr'><strong>In</strong></span> <span class='ocrx_word' id='word_1_688' title='bbox 743 4571 968 4628; x_wconf 88' lang='lat' dir='ltr'><strong>Oriente</strong></span> <span class='ocrx_word' id='word_1_689' title='bbox 995 4570 1287 4626; x_wconf 89' lang='lat' dir='ltr'><strong>etiamnum</strong></span> <span class='ocrx_word' id='word_1_690' title='bbox 1318 4581 1630 4640; x_wconf 86' lang='lat' dir='ltr'><strong>perseverat</strong></span> <span class='ocrx_word' id='word_1_691' title='bbox 1659 4587 1778 4627; x_wconf 91' lang='lat' dir='ltr'><strong>mos</strong></span> <span class='ocrx_word' id='word_1_692' title='bbox 1803 4572 2084 4629; x_wconf 82' lang='lat' dir='ltr'><strong>deferendi</strong></span> <span class='ocrx_word' id='word_1_693' title='bbox 2121 4571 2189 4628; x_wconf 88' lang='lat' dir='ltr'><strong>ad</strong></span> <span class='ocrx_word' id='word_1_694' title='bbox 2214 4517 2269 4576; x_wconf 69' lang='grc' dir='ltr'><strong>Β</strong></span> <span class='ocrx_word' id='word_1_695' title='bbox 2297 4547 2677 4640; x_wconf 60' lang='lat' dir='ltr'><strong>___9£‘f‘_’f&#39;3{9‘-</strong></span> <span class='ocrx_word' id='word_1_696' title='bbox 2699 4550 2901 4607; x_wconf 57' lang='lat' dir='ltr'><strong>Aliud&quot;</strong></span> <span class='ocrx_word' id='word_1_697' title='bbox 2924 4552 2991 4607; x_wconf 72' lang='lat' dir='ltr'><strong>ad</strong></span> <span class='ocrx_word' id='word_1_698' title='bbox 3013 4551 3142 4609; x_wconf 60' lang='lat' dir='ltr'><strong>illud</strong></span> <span class='ocrx_word' id='word_1_699' title='bbox 3166 4554 3511 4613; x_wconf 64' lang='grc' dir='ltr'><strong>θίλνίάίθυηιε</strong></span> <span class='ocrx_word' id='word_1_700' title='bbox 3535 4556 3603 4612; x_wconf 77' lang='grc'><strong>0³</strong></span> <span class='ocrx_word' id='word_1_701' title='bbox 3631 4555 3782 4609; x_wconf 62' lang='lat' dir='ltr'><strong><em>halm“</em></strong></span> <span class='ocrx_word' id='word_1_702' title='bbox 3801 4557 3834 4602; x_wconf 60' lang='grc'><strong>⁸⁸</strong></span> 
     </span>
    </p>
   </div>
   <div class='ocr_carea' id='block_1_99' title="bbox 592 4642 2190 4716">
    <p class='ocr_par' dir='ltr' id='par_1_99' title="bbox 592 4642 2190 4716">
     <span class='ocr_line' id='line_1_101' title="bbox 592 4642 2190 4716; baseline -0.001 -14"><span class='ocrx_word' id='word_1_703' title='bbox 592 4644 947 4716; x_wconf 79' lang='lat' dir='ltr'><strong>Sepulcrum,</strong></span> <span class='ocrx_word' id='word_1_704' title='bbox 1000 4642 1425 4716; x_wconf 84' lang='lat' dir='ltr'><strong>inhumandique</strong></span> <span class='ocrx_word' id='word_1_705' title='bbox 1483 4645 1896 4716; x_wconf 87' lang='lat' dir='ltr'><strong>christianorum</strong></span> <span class='ocrx_word' id='word_1_706' title='bbox 1961 4661 2190 4715; x_wconf 88' lang='lat' dir='ltr'><strong>corpora</strong></span> 
     </span>
    </p>
   </div>
   <div class='ocr_carea' id='block_1_100' title="bbox 592 4715 2193 4791">
    <p class='ocr_par' dir='ltr' id='par_1_100' title="bbox 592 4715 2193 4791">
     <span class='ocr_line' id='line_1_102' title="bbox 592 4715 2193 4791; baseline 0.001 -21"><span class='ocrx_word' id='word_1_707' title='bbox 592 4715 1009 4791; x_wconf 82' lang='lat' dir='ltr'><strong>pretiosiorihus</strong></span> <span class='ocrx_word' id='word_1_708' title='bbox 1039 4715 1150 4769; x_wconf 71' lang='lat' dir='ltr'><strong>suis</strong></span> <span class='ocrx_word' id='word_1_709' title='bbox 1172 4715 1421 4791; x_wconf 89' lang='lat' dir='ltr'><strong>_vestihus</strong></span> <span class='ocrx_word' id='word_1_710' title='bbox 1451 4715 1633 4791; x_wconf 80' lang='lat' dir='ltr'><strong>induta</strong></span> <span class='ocrx_word' id='word_1_711' title='bbox 1654 4718 1749 4791; x_wconf 46' lang='lat' dir='ltr'><strong>sin</strong></span> <span class='ocrx_word' id='word_1_712' title='bbox 1774 4717 2081 4791; x_wconf 83' lang='lat' dir='ltr'><strong>Occidente</strong></span> <span class='ocrx_word' id='word_1_713' title='bbox 2105 4732 2193 4772; x_wconf 87' lang='lat' dir='ltr'><strong>sa-</strong></span> 
     </span>
    </p>
   </div>
   <div class='ocr_carea' id='block_1_101' title="bbox 591 4785 1836 4856">
    <p class='ocr_par' dir='ltr' id='par_1_101' title="bbox 591 4785 1836 4856">
     <span class='ocr_line' id='line_1_103' title="bbox 591 4785 1836 4856; baseline -0.002 -10"><span class='ocrx_word' id='word_1_714' title='bbox 591 4785 870 4846; x_wconf 71' lang='lat' dir='ltr'><strong>cerdotum</strong></span> <span class='ocrx_word' id='word_1_715' title='bbox 900 4798 954 4842; x_wconf 89' lang='lat' dir='ltr'><strong>et</strong></span> <span class='ocrx_word' id='word_1_716' title='bbox 976 4785 1228 4842; x_wconf 88' lang='lat' dir='ltr'><strong>monach.</strong></span> <span class='ocrx_word' id='word_1_717' title='bbox 1258 4797 1459 4840; x_wconf 88' lang='lat' dir='ltr'><strong>tantum</strong></span> <span class='ocrx_word' id='word_1_718' title='bbox 1489 4787 1836 4856; x_wconf 88' lang='lat' dir='ltr'><strong>quotidianis.</strong></span> 
     </span>
    </p>
   </div>
   <div class='ocr_carea' id='block_1_102' title="bbox 664 4879 2193 5009">
    <p class='ocr_par' dir='ltr' id='par_1_102' title="bbox 664 4879 2193 5009">
     <span class='ocr_line' id='line_1_104' title="bbox 664 4879 2193 5009; baseline 0.002 -72"><span class='ocrx_word' id='word_1_719' title='bbox 664 4882 984 5009; x_wconf 73' lang='lat' dir='ltr'><strong>llttferantut&#39;.</strong></span> <span class='ocrx_word' id='word_1_720' title='bbox 1019 4881 1114 4936; x_wconf 81' lang='lat' dir='ltr'><strong>Ms.</strong></span> <span class='ocrx_word' id='word_1_721' title='bbox 1147 4879 1314 4935; x_wconf 88' lang='lat' dir='ltr'><strong>Brun.</strong></span> <span class='ocrx_word' id='word_1_722' title='bbox 1349 4891 1403 4936; x_wconf 88' lang='lat' dir='ltr'><strong>et</strong></span> <span class='ocrx_word' id='word_1_723' title='bbox 1430 4880 1671 4950; x_wconf 85' lang='lat' dir='ltr'><strong>Latinus,</strong></span> <span class='ocrx_word' id='word_1_724' title='bbox 1714 4882 2048 4954; x_wconf 78' lang='lat' dir='ltr'><strong>inferrentur,</strong></span> <span class='ocrx_word' id='word_1_725' title='bbox 2085 4899 2193 4941; x_wconf 91' lang='lat' dir='ltr'><strong>non</strong></span> 
     </span>
     <span class='ocr_line' id='line_1_105' title="bbox 664 4971 760 5009; baseline 0 0"><span class='ocrx_word' id='word_1_726' title='bbox 664 4972 684 5009; x_wconf 88' lang='lat' dir='ltr'><strong>a</strong></span> <span class='ocrx_word' id='word_1_727' title='bbox 710 4971 760 5009; x_wconf 90' lang='lat' dir='ltr'><strong>e.</strong></span> 
     </span>
    </p>
   </div>
   <div class='ocr_carea' id='block_1_103' title="bbox 598 4970 760 5012">
    <p class='ocr_par' dir='ltr' id='par_1_103' title="bbox 598 4970 760 5012">
     <span class='ocr_line' id='line_1_106' title="bbox 598 4970 760 5012; baseline -0.025 0"><span class='ocrx_word' id='word_1_728' title='bbox 598 4970 760 5012; x_wconf 89' lang='lat' dir='ltr'><strong>male.</strong></span> 
     </span>
    </p>
   </div>
   <div class='ocr_carea' id='block_1_104' title="bbox 667 5047 2198 5121">
    <p class='ocr_par' dir='ltr' id='par_1_104' title="bbox 667 5047 2198 5121">
     <span class='ocr_line' id='line_1_107' title="bbox 667 5047 2198 5121; baseline 0.002 -17"><span class='ocrx_word' id='word_1_729' title='bbox 667 5050 1032 5121; x_wconf 80' lang='lat' dir='ltr'><strong>Compositum.</strong></span> <span class='ocrx_word' id='word_1_730' title='bbox 1072 5047 1204 5121; x_wconf 74' lang='lat' dir='ltr'><strong>Vide</strong></span> <span class='ocrx_word' id='word_1_731' title='bbox 1253 5047 1404 5121; x_wconf 82' lang='lat' dir='ltr'><strong>Pers.</strong></span> <span class='ocrx_word' id='word_1_732' title='bbox 1452 5047 1634 5119; x_wconf 91' lang='lat' dir='ltr'><strong>Satyr.</strong></span> <span class='ocrx_word' id='word_1_733' title='bbox 1681 5049 1736 5111; x_wconf 63' lang='lat'><strong>“2.</strong></span> <span class='ocrx_word' id='word_1_734' title='bbox 1771 5049 1870 5104; x_wconf 84' lang='lat' dir='ltr'><strong>sul)</strong></span> <span class='ocrx_word' id='word_1_735' title='bbox 1902 5049 2084 5106; x_wconf 88' lang='lat' dir='ltr'><strong>linem.</strong></span> <span class='ocrx_word' id='word_1_736' title='bbox 2128 5052 2198 5107; x_wconf 84' lang='lat' dir='ltr'><strong>At</strong></span> 
     </span>
    </p>
   </div>
   <div class='ocr_carea' id='block_1_105' title="bbox 595 5119 2192 5192">
    <p class='ocr_par' dir='ltr' id='par_1_105' title="bbox 595 5119 2192 5192">
     <span class='ocr_line' id='line_1_108' title="bbox 595 5119 2192 5192; baseline 0.001 -15"><span class='ocrx_word' id='word_1_737' title='bbox 595 5119 928 5192; x_wconf 79' lang='lat' dir='ltr'><strong>compositum</strong></span> <span class='ocrx_word' id='word_1_738' title='bbox 945 5124 1059 5190; x_wconf 81' lang='lat' dir='ltr'><strong>jus,</strong></span> <span class='ocrx_word' id='word_1_739' title='bbox 1088 5131 1166 5173; x_wconf 89' lang='lat' dir='ltr'><strong>est</strong></span> <span class='ocrx_word' id='word_1_740' title='bbox 1189 5120 1278 5189; x_wconf 91' lang='lat' dir='ltr'><strong>jus</strong></span> <span class='ocrx_word' id='word_1_741' title='bbox 1311 5119 1601 5172; x_wconf 89' lang='lat' dir='ltr'><strong>ltumanum</strong></span> <span class='ocrx_word' id='word_1_742' title='bbox 1631 5121 1892 5190; x_wconf 90' lang='lat' dir='ltr'><strong>scriptum</strong></span> <span class='ocrx_word' id='word_1_743' title='bbox 1909 5133 1962 5176; x_wconf 91' lang='lat' dir='ltr'><strong>et</strong></span> <span class='ocrx_word' id='word_1_744' title='bbox 1992 5135 2192 5190; x_wconf 89' lang='lat' dir='ltr'><strong>ratum;</strong></span> 
     </span>
    </p>
   </div>
   <div class='ocr_carea' id='block_1_106' title="bbox 598 5192 1725 5263">
    <p class='ocr_par' dir='ltr' id='par_1_106' title="bbox 598 5192 1725 5263">
     <span class='ocr_line' id='line_1_109' title="bbox 598 5192 1725 5263; baseline -0.003 -16"><span class='ocrx_word' id='word_1_745' title='bbox 598 5193 734 5248; x_wconf 88' lang='lat' dir='ltr'><strong>sicut</strong></span> <span class='ocrx_word' id='word_1_746' title='bbox 759 5197 834 5263; x_wconf 76' lang='lat' dir='ltr'><strong>{as</strong></span> <span class='ocrx_word' id='word_1_747' title='bbox 855 5202 938 5247; x_wconf 89' lang='lat' dir='ltr'><strong>est</strong></span> <span class='ocrx_word' id='word_1_748' title='bbox 959 5193 1048 5262; x_wconf 88' lang='lat' dir='ltr'><strong>jus</strong></span> <span class='ocrx_word' id='word_1_749' title='bbox 1074 5206 1286 5246; x_wconf 89' lang='lat' dir='ltr'><strong>sacrum</strong></span> <span class='ocrx_word' id='word_1_750' title='bbox 1317 5201 1371 5245; x_wconf 92' lang='lat' dir='ltr'><strong>et</strong></span> <span class='ocrx_word' id='word_1_751' title='bbox 1395 5192 1725 5261; x_wconf 87' lang='lat' dir='ltr'><strong>religiosum.</strong></span> 
     </span>
    </p>
   </div>
   <div class='ocr_carea' id='block_1_107' title="bbox 671 5263 2194 5333">
    <p class='ocr_par' dir='ltr' id='par_1_107' title="bbox 671 5263 2194 5333">
     <span class='ocr_line' id='line_1_110' title="bbox 671 5263 2194 5333; baseline 0.002 -17"><span class='ocrx_word' id='word_1_752' title='bbox 671 5263 953 5318; x_wconf 83' lang='lat' dir='ltr'><strong>Incoctunt.</strong></span> <span class='ocrx_word' id='word_1_753' title='bbox 1002 5265 1095 5317; x_wconf 81' lang='lat' dir='ltr'><strong>Ms.</strong></span> <span class='ocrx_word' id='word_1_754' title='bbox 1149 5264 1173 5316; x_wconf 83' lang='grc'><strong>1</strong></span> <span class='ocrx_word' id='word_1_755' title='bbox 1231 5263 1435 5318; x_wconf 78' lang='lat' dir='ltr'><strong>Bonan.</strong></span> <span class='ocrx_word' id='word_1_756' title='bbox 1487 5265 1679 5333; x_wconf 82' lang='lat' dir='ltr'><strong>antiq.,</strong></span> <span class='ocrx_word' id='word_1_757' title='bbox 1707 5264 1761 5317; x_wconf 88' lang='lat' dir='ltr'><strong>in</strong></span> <span class='ocrx_word' id='word_1_758' title='bbox 1790 5274 1939 5318; x_wconf 74' lang='lat' dir='ltr'><strong>cwtu.</strong></span> <span class='ocrx_word' id='word_1_759' title='bbox 1980 5296 2052 5305; x_wconf 96' lang='lat'>—</span> <span class='ocrx_word' id='word_1_760' title='bbox 2096 5265 2194 5320; x_wconf 85' lang='lat' dir='ltr'><strong>ln-</strong></span> 
     </span>
    </p>
   </div>
   <div class='ocr_carea' id='block_1_108' title="bbox 596 5333 2197 5404">
    <p class='ocr_par' dir='ltr' id='par_1_108' title="bbox 596 5333 2197 5404">
     <span class='ocr_line' id='line_1_111' title="bbox 596 5333 2197 5404; baseline 0.001 -13"><span class='ocrx_word' id='word_1_761' title='bbox 596 5346 816 5391; x_wconf 85' lang='lat' dir='ltr'><strong>coctum.</strong></span> <span class='ocrx_word' id='word_1_762' title='bbox 850 5336 1006 5388; x_wconf 90' lang='lat' dir='ltr'><strong>Plura</strong></span> <span class='ocrx_word' id='word_1_763' title='bbox 1037 5344 1163 5388; x_wconf 82' lang='lat' dir='ltr'><strong>noto</strong></span> <span class='ocrx_word' id='word_1_764' title='bbox 1184 5335 1250 5389; x_wconf 88' lang='lat' dir='ltr'><strong>ad</strong></span> <span class='ocrx_word' id='word_1_765' title='bbox 1287 5335 1379 5388; x_wconf 90' lang='lat' dir='ltr'><strong>lib.</strong></span> <span class='ocrx_word' id='word_1_766' title='bbox 1411 5335 1477 5389; x_wconf 90' lang='lat' dir='ltr'><strong>dc</strong></span> <span class='ocrx_word' id='word_1_767' title='bbox 1508 5333 1587 5387; x_wconf 89' lang='lat' dir='ltr'><strong>lra</strong></span> <span class='ocrx_word' id='word_1_768' title='bbox 1619 5351 1740 5404; x_wconf 88' lang='lat' dir='ltr'><strong>cap.</strong></span> <span class='ocrx_word' id='word_1_769' title='bbox 1763 5337 1847 5403; x_wconf 79' lang='lat' dir='ltr'><strong>l5,</strong></span> <span class='ocrx_word' id='word_1_770' title='bbox 1879 5335 1944 5391; x_wconf 87' lang='lat' dir='ltr'><strong>In</strong></span> <span class='ocrx_word' id='word_1_771' title='bbox 1970 5338 2197 5394; x_wconf 83' lang='lat' dir='ltr'><strong>humidis</strong></span> 
     </span>
    </p>
   </div>
   <div class='ocr_carea' id='block_1_109' title="bbox 592 5405 1829 5470">
    <p class='ocr_par' dir='ltr' id='par_1_109' title="bbox 592 5405 1829 5470">
     <span class='ocr_line' id='line_1_112' title="bbox 592 5405 1829 5470; baseline -0.002 -6"><span class='ocrx_word' id='word_1_772' title='bbox 592 5409 802 5464; x_wconf 87' lang='lat' dir='ltr'><strong>incocta</strong></span> <span class='ocrx_word' id='word_1_773' title='bbox 827 5423 838 5458; x_wconf 87' lang='lat'><strong>:</strong></span> <span class='ocrx_word' id='word_1_774' title='bbox 874 5406 1012 5459; x_wconf 84' lang='lat' dir='ltr'><strong>male</strong></span> <span class='ocrx_word' id='word_1_775' title='bbox 1045 5405 1234 5470; x_wconf 85' lang='lat' dir='ltr'><strong>Gmh.,</strong></span> <span class='ocrx_word' id='word_1_776' title='bbox 1262 5408 1528 5462; x_wconf 85' lang='lat' dir='ltr'><strong>intactum.</strong></span> <span class='ocrx_word' id='word_1_777' title='bbox 1554 5406 1829 5462; x_wconf 67' lang='grc' dir='ltr'><strong>ΒυΝΕιιΑΝ.</strong></span> 
     </span>
    </p>
   </div>
   <div class='ocr_carea' id='block_1_110' title="bbox 673 5477 2193 5552">
    <p class='ocr_par' dir='ltr' id='par_1_110' title="bbox 673 5477 2193 5552">
     <span class='ocr_line' id='line_1_113' title="bbox 673 5477 2193 5552; baseline 0.003 -20"><span class='ocrx_word' id='word_1_778' title='bbox 673 5477 925 5552; x_wconf 78' lang='lat' dir='ltr'><strong>Ridicule.</strong></span> <span class='ocrx_word' id='word_1_779' title='bbox 952 5477 1024 5530; x_wconf 87' lang='lat' dir='ltr'><strong>Ita</strong></span> <span class='ocrx_word' id='word_1_780' title='bbox 1054 5481 1271 5552; x_wconf 74' lang='lat' dir='ltr'><strong>reposui</strong></span> <span class='ocrx_word' id='word_1_781' title='bbox 1300 5494 1367 5533; x_wconf 71' lang='lat' dir='ltr'><strong>ex</strong></span> <span class='ocrx_word' id='word_1_782' title='bbox 1405 5495 1539 5552; x_wconf 50' lang='lat' dir='ltr'><strong>mss:</strong></span> <span class='ocrx_word' id='word_1_783' title='bbox 1562 5481 1864 5552; x_wconf 73' lang='lat' dir='ltr'><strong>veterrimis</strong></span> <span class='ocrx_word' id='word_1_784' title='bbox 1893 5490 1948 5534; x_wconf 89' lang='lat' dir='ltr'><strong>et</strong></span> <span class='ocrx_word' id='word_1_785' title='bbox 1969 5483 2193 5552; x_wconf 89' lang='lat' dir='ltr'><strong>optimis</strong></span> 
     </span>
    </p>
   </div>
   <div class='ocr_carea' id='block_1_111' title="bbox 594 5549 2185 5617">
    <p class='ocr_par' dir='ltr' id='par_1_111' title="bbox 594 5549 2185 5617">
     <span class='ocr_line' id='line_1_114' title="bbox 594 5549 2185 5617; baseline 0.002 -12"><span class='ocrx_word' id='word_1_786' title='bbox 594 5551 828 5612; x_wconf 87' lang='lat' dir='ltr'><strong>Bonon.,</strong></span> <span class='ocrx_word' id='word_1_787' title='bbox 862 5550 1016 5617; x_wconf 64' lang='lat' dir='ltr'><strong>Reg,</strong></span> <span class='ocrx_word' id='word_1_788' title='bbox 1049 5550 1081 5603; x_wconf 80' lang='grc'><strong>5</strong></span> <span class='ocrx_word' id='word_1_789' title='bbox 1133 5550 1394 5616; x_wconf 77' lang='lat' dir='ltr'><strong>ColberL,</strong></span> <span class='ocrx_word' id='word_1_790' title='bbox 1433 5551 1457 5603; x_wconf 83' lang='grc'><strong>1</strong></span> <span class='ocrx_word' id='word_1_791' title='bbox 1501 5549 1763 5615; x_wconf 82' lang='lat' dir='ltr'><strong>Clarom.,</strong></span> <span class='ocrx_word' id='word_1_792' title='bbox 1824 5549 2099 5607; x_wconf 51' lang='lat' dir='ltr'><strong>Brunfln</strong></span> <span class='ocrx_word' id='word_1_793' title='bbox 2158 5555 2185 5608; x_wconf 95' lang='grc'><strong>1</strong></span> 
     </span>
    </p>
   </div>
   <div class='ocr_carea' id='block_1_112' title="bbox 593 5621 2187 5693">
    <p class='ocr_par' dir='ltr' id='par_1_112' title="bbox 593 5621 2187 5693">
     <span class='ocr_line' id='line_1_115' title="bbox 593 5621 2187 5693; baseline 0 -16"><span class='ocrx_word' id='word_1_794' title='bbox 593 5621 748 5677; x_wconf 88' lang='lat' dir='ltr'><strong>Colh.</strong></span> <span class='ocrx_word' id='word_1_795' title='bbox 767 5635 890 5693; x_wconf 10' lang='lat' dir='ltr'><strong>rrec.</strong></span> <span class='ocrx_word' id='word_1_796' title='bbox 911 5632 962 5672; x_wconf 82' lang='lat' dir='ltr'><strong>et</strong></span> <span class='ocrx_word' id='word_1_797' title='bbox 985 5622 1035 5672; x_wconf 90' lang='lat' dir='ltr'><strong>itt</strong></span> <span class='ocrx_word' id='word_1_798' title='bbox 1058 5621 1235 5693; x_wconf 81' lang='lat' dir='ltr'><strong>editis,</strong></span> <span class='ocrx_word' id='word_1_799' title='bbox 1261 5621 1552 5675; x_wconf 85' lang='lat' dir='ltr'><strong>ridiculum.</strong></span> <span class='ocrx_word' id='word_1_800' title='bbox 1574 5621 1810 5693; x_wconf 81' lang='lat' dir='ltr'><strong>Utraque</strong></span> <span class='ocrx_word' id='word_1_801' title='bbox 1830 5623 1990 5678; x_wconf 79' lang='lat' dir='ltr'><strong>leCIio</strong></span> <span class='ocrx_word' id='word_1_802' title='bbox 2023 5627 2187 5681; x_wconf 85' lang='lat' dir='ltr'><strong>bona.</strong></span> 
     </span>
    </p>
   </div>
   <div class='ocr_carea' id='block_1_113' title="bbox 594 5691 1401 5754">
    <p class='ocr_par' dir='ltr' id='par_1_113' title="bbox 594 5691 1401 5754">
     <span class='ocr_line' id='line_1_116' title="bbox 594 5691 1401 5754; baseline -0.004 -5"><span class='ocrx_word' id='word_1_803' title='bbox 594 5693 697 5749; x_wconf 81' lang='lat' dir='ltr'><strong>Iul</strong></span> <span class='ocrx_word' id='word_1_804' title='bbox 730 5692 799 5746; x_wconf 89' lang='lat' dir='ltr'><strong>al.</strong></span> <span class='ocrx_word' id='word_1_805' title='bbox 829 5692 1089 5754; x_wconf 84' lang='lat' dir='ltr'><strong>Clarom.,</strong></span> <span class='ocrx_word' id='word_1_806' title='bbox 1111 5691 1401 5746; x_wconf 83' lang='lat' dir='ltr'><strong>ridiculose.</strong></span> 
     </span>
    </p>
   </div>
   <div class='ocr_carea' id='block_1_114' title="bbox 664 5761 2183 5833">
    <p class='ocr_par' dir='ltr' id='par_1_114' title="bbox 664 5761 2183 5833">
     <span class='ocr_line' id='line_1_117' title="bbox 664 5761 2183 5833; baseline 0.001 -14"><span class='ocrx_word' id='word_1_807' title='bbox 664 5766 862 5820; x_wconf 83' lang='lat' dir='ltr'><strong>Aurum</strong></span> <span class='ocrx_word' id='word_1_808' title='bbox 889 5763 940 5815; x_wconf 90' lang='lat' dir='ltr'><strong>in</strong></span> <span class='ocrx_word' id='word_1_809' title='bbox 959 5761 1174 5830; x_wconf 79' lang='lat' dir='ltr'><strong>templis.</strong></span> <span class='ocrx_word' id='word_1_810' title='bbox 1196 5762 1265 5833; x_wconf 77' lang='lat' dir='ltr'><strong>ita</strong></span> <span class='ocrx_word' id='word_1_811' title='bbox 1296 5763 1577 5833; x_wconf 84' lang='lat' dir='ltr'><strong>legendum</strong></span> <span class='ocrx_word' id='word_1_812' title='bbox 1597 5780 1718 5821; x_wconf 88' lang='lat' dir='ltr'><strong>esse</strong></span> <span class='ocrx_word' id='word_1_813' title='bbox 1739 5780 1936 5822; x_wconf 84' lang='lat' dir='ltr'><strong>censeo</strong></span> <span class='ocrx_word' id='word_1_814' title='bbox 1954 5783 2025 5822; x_wconf 83' lang='lat' dir='ltr'><strong>ex</strong></span> <span class='ocrx_word' id='word_1_815' title='bbox 2051 5782 2183 5823; x_wconf 91' lang='lat' dir='ltr'><strong>mss.</strong></span> 
     </span>
    </p>
   </div>
   <div class='ocr_carea' id='block_1_115' title="bbox 593 5832 2184 5911">
    <p class='ocr_par' dir='ltr' id='par_1_115' title="bbox 593 5832 2184 5911">
     <span class='ocr_line' id='line_1_118' title="bbox 593 5832 2184 5911; baseline -0.001 -15"><span class='ocrx_word' id='word_1_816' title='bbox 593 5838 770 5906; x_wconf 69' lang='lat' dir='ltr'><strong>Rosc,</strong></span> <span class='ocrx_word' id='word_1_817' title='bbox 789 5833 978 5902; x_wconf 69' lang='lat' dir='ltr'><strong>Pal.,2</strong></span> <span class='ocrx_word' id='word_1_818' title='bbox 1001 5833 1187 5903; x_wconf 89' lang='lat' dir='ltr'><strong>Brun.,</strong></span> <span class='ocrx_word' id='word_1_819' title='bbox 1206 5832 1688 5906; x_wconf 68' lang='lat' dir='ltr'><strong>Cauc.,Juu.,Vet.</strong></span> <span class='ocrx_word' id='word_1_820' title='bbox 1723 5839 1952 5911; x_wconf 79' lang='lat' dir='ltr'><strong>aliisque</strong></span> <span class='ocrx_word' id='word_1_821' title='bbox 1978 5840 2184 5909; x_wconf 80' lang='lat' dir='ltr'><strong>multis.</strong></span> 
     </span>
    </p>
   </div>
   <div class='ocr_carea' id='block_1_116' title="bbox 2295 4618 2703 4680">
    <p class='ocr_par' dir='ltr' id='par_1_116' title="bbox 2295 4618 2703 4680">
     <span class='ocr_line' id='line_1_119' title="bbox 2295 4618 2703 4680; baseline 0.007 -8"><span class='ocrx_word' id='word_1_822' title='bbox 2295 4635 2396 4673; x_wconf 89' lang='lat' dir='ltr'><strong>non</strong></span> <span class='ocrx_word' id='word_1_823' title='bbox 2419 4618 2703 4680; x_wconf 81' lang='lat' dir='ltr'><strong>loquentur.</strong></span> 
     </span>
    </p>
   </div>
   <div class='ocr_carea' id='block_1_117' title="bbox 2372 4689 3832 4769">
    <p class='ocr_par' dir='ltr' id='par_1_117' title="bbox 2372 4689 3832 4769">
     <span class='ocr_line' id='line_1_120' title="bbox 2372 4689 3832 4769; baseline 0.005 -25"><span class='ocrx_word' id='word_1_824' title='bbox 2372 4689 2470 4769; x_wconf 79' lang='lat' dir='ltr'><strong>_His</strong></span> <span class='ocrx_word' id='word_1_825' title='bbox 2493 4694 2668 4762; x_wconf 83' lang='lat' dir='ltr'><strong>peplos</strong></span> <span class='ocrx_word' id='word_1_826' title='bbox 2688 4703 2737 4749; x_wconf 89' lang='lat' dir='ltr'><strong>et</strong></span> <span class='ocrx_word' id='word_1_827' title='bbox 2756 4695 3056 4750; x_wconf 83' lang='lat' dir='ltr'><strong>indumenta</strong></span> <span class='ocrx_word' id='word_1_828' title='bbox 3097 4699 3338 4769; x_wconf 84' lang='lat' dir='ltr'><strong>pretiosa.</strong></span> <span class='ocrx_word' id='word_1_829' title='bbox 3368 4699 3450 4754; x_wconf 89' lang='lat' dir='ltr'><strong>Dii</strong></span> <span class='ocrx_word' id='word_1_830' title='bbox 3483 4699 3728 4755; x_wconf 85' lang='lat' dir='ltr'><strong>habebant</strong></span> <span class='ocrx_word' id='word_1_831' title='bbox 3764 4707 3832 4747; x_wconf 74' lang='lat' dir='ltr'><strong>sui!</strong></span> 
     </span>
    </p>
   </div>
   <div class='ocr_carea' id='block_1_118' title="bbox 2297 4763 3834 4839">
    <p class='ocr_par' dir='ltr' id='par_1_118' title="bbox 2297 4763 3834 4839">
     <span class='ocr_line' id='line_1_121' title="bbox 2297 4763 3834 4839; baseline 0.003 -23"><span class='ocrx_word' id='word_1_832' title='bbox 2297 4763 2599 4839; x_wconf 82' lang='lat' dir='ltr'><strong>velamenta</strong></span> <span class='ocrx_word' id='word_1_833' title='bbox 2627 4774 2787 4839; x_wconf 85' lang='lat' dir='ltr'><strong>atque</strong></span> <span class='ocrx_word' id='word_1_834' title='bbox 2817 4769 3068 4836; x_wconf 81' lang='lat' dir='ltr'><strong>amicula,</strong></span> <span class='ocrx_word' id='word_1_835' title='bbox 3097 4763 3290 4839; x_wconf 84' lang='lat' dir='ltr'><strong>quibus</strong></span> <span class='ocrx_word' id='word_1_836' title='bbox 3311 4771 3670 4827; x_wconf 88' lang='lat' dir='ltr'><strong>vestiebantur</strong></span> <span class='ocrx_word' id='word_1_837' title='bbox 3713 4777 3834 4834; x_wconf 78' lang='lat' dir='ltr'><strong>atque</strong></span> 
     </span>
    </p>
   </div>
   <div class='ocr_carea' id='block_1_119' title="bbox 2299 4836 3830 4912">
    <p class='ocr_par' dir='ltr' id='par_1_119' title="bbox 2299 4836 3830 4912">
     <span class='ocr_line' id='line_1_122' title="bbox 2299 4836 3830 4912; baseline -0.001 -24"><span class='ocrx_word' id='word_1_838' title='bbox 2299 4836 2646 4912; x_wconf 77' lang='lat' dir='ltr'><strong>ornabantur.</strong></span> <span class='ocrx_word' id='word_1_839' title='bbox 2676 4837 2900 4912; x_wconf 77' lang='lat' dir='ltr'><strong>suelon.</strong></span> <span class='ocrx_word' id='word_1_840' title='bbox 2927 4841 2979 4894; x_wconf 88' lang='lat' dir='ltr'><strong>in</strong></span> <span class='ocrx_word' id='word_1_841' title='bbox 3008 4836 3210 4909; x_wconf 49' lang='lat' dir='ltr'><strong>Caliga</strong></span> <span class='ocrx_word' id='word_1_842' title='bbox 3236 4841 3303 4895; x_wconf 84' lang='grc' dir='ltr'><strong>1η</strong></span> <span class='ocrx_word' id='word_1_843' title='bbox 3343 4844 3532 4912; x_wconf 85' lang='lat' dir='ltr'><strong>templo</strong></span> <span class='ocrx_word' id='word_1_844' title='bbox 3551 4841 3830 4896; x_wconf 82' lang='lat' dir='ltr'><strong>simulacrum</strong></span> 
     </span>
    </p>
   </div>
   <div class='ocr_carea' id='block_1_120' title="bbox 2299 4907 3834 4984">
    <p class='ocr_par' dir='ltr' id='par_1_120' title="bbox 2299 4907 3834 4984">
     <span class='ocr_line' id='line_1_123' title="bbox 2299 4907 3834 4984; baseline 0.004 -24"><span class='ocrx_word' id='word_1_845' title='bbox 2299 4907 2700 4984; x_wconf 78' lang='lat' dir='ltr'><strong>stabataureum</strong></span> <span class='ocrx_word' id='word_1_846' title='bbox 2726 4911 2969 4984; x_wconf 69' lang='lat' dir='ltr'><strong>iconium,</strong></span> <span class='ocrx_word' id='word_1_847' title='bbox 3013 4907 3456 4984; x_wconf 79' lang='lat' dir='ltr'><strong>amiciebaturque</strong></span> <span class='ocrx_word' id='word_1_848' title='bbox 3492 4915 3701 4984; x_wconf 83' lang='lat' dir='ltr'><strong>quotidie</strong></span> <span class='ocrx_word' id='word_1_849' title='bbox 3737 4915 3834 4984; x_wconf 67' lang='grc' dir='ltr'><strong>υςειε</strong></span> 
     </span>
    </p>
   </div>
   <div class='ocr_carea' id='block_1_121' title="bbox 2299 4931 3832 5054">
    <p class='ocr_par' dir='ltr' id='par_1_121' title="bbox 2299 4931 3832 5054">
     <span class='ocr_line' id='line_1_124' title="bbox 2299 4931 3832 4984; baseline 0.005 -25"><span class='ocrx_word' id='word_1_850' title='bbox 2299 4931 2462 4960; x_wconf 66' lang='lat' dir='ltr'><strong>atauus</strong></span> <span class='ocrx_word' id='word_1_851' title='bbox 2488 4931 2700 4963; x_wconf 83' lang='lat' dir='ltr'><strong>aureum</strong></span> <span class='ocrx_word' id='word_1_852' title='bbox 2726 4931 2969 4972; x_wconf 79' lang='lat' dir='ltr'><strong>womum,</strong></span> <span class='ocrx_word' id='word_1_853' title='bbox 3013 4931 3447 4984; x_wconf 80' lang='lat' dir='ltr'><strong>amicieoaturque</strong></span> <span class='ocrx_word' id='word_1_854' title='bbox 3529 4931 3701 4967; x_wconf 79' lang='lat' dir='ltr'><strong>uouate</strong></span> <span class='ocrx_word' id='word_1_855' title='bbox 3737 4931 3832 4960; x_wconf 67' lang='lat' dir='ltr'><strong>veste</strong></span> 
     </span>
     <span class='ocr_line' id='line_1_125' title="bbox 2299 4931 3832 5054; baseline 0.004 -25"><span class='ocrx_word' id='word_1_856' title='bbox 2299 4980 2438 5054; x_wconf 82' lang='lat' dir='ltr'><strong>quali</strong></span> <span class='ocrx_word' id='word_1_857' title='bbox 2461 4980 2579 5054; x_wconf 78' lang='lat' dir='ltr'><strong>ipse</strong></span> <span class='ocrx_word' id='word_1_858' title='bbox 2608 4991 2849 5035; x_wconf 86' lang='lat' dir='ltr'><strong>uteretur.</strong></span> <span class='ocrx_word' id='word_1_859' title='bbox 2899 4982 3188 5048; x_wconf 77' lang='lat' dir='ltr'><strong>Eleganter</strong></span> <span class='ocrx_word' id='word_1_860' title='bbox 3217 4985 3367 5039; x_wconf 82' lang='lat' dir='ltr'><strong>Philo</strong></span> <span class='ocrx_word' id='word_1_861' title='bbox 3396 4987 3450 5039; x_wconf 92' lang='lat' dir='ltr'><strong>in</strong></span> <span class='ocrx_word' id='word_1_862' title='bbox 3482 4931 3730 5054; x_wconf 55' lang='lat' dir='ltr'><strong>gsplicat.</strong></span> <span class='ocrx_word' id='word_1_863' title='bbox 3756 4980 3832 5054; x_wconf 62' lang='grc' dir='ltr'><strong>νῦν</strong></span> 
     </span>
    </p>
   </div>
   <div class='ocr_carea' id='block_1_122' title="bbox 2300 5051 3832 5128">
    <p class='ocr_par' dir='ltr' id='par_1_122' title="bbox 2300 5051 3832 5128">
     <span class='ocr_line' id='line_1_126' title="bbox 2300 5051 3832 5128; baseline 0 -23"><span class='ocrx_word' id='word_1_864' title='bbox 2300 5051 2473 5128; x_wconf 82' lang='lat' dir='ltr'><strong>calogi</strong></span> <span class='ocrx_word' id='word_1_865' title='bbox 2528 5053 2802 5128; x_wconf 75' lang='lat' dir='ltr'><strong>observat,</strong></span> <span class='ocrx_word' id='word_1_866' title='bbox 2835 5054 3247 5128; x_wconf 80' lang='lat' dir='ltr'><strong>simulacrorum</strong></span> <span class='ocrx_word' id='word_1_867' title='bbox 3295 5057 3538 5112; x_wconf 82' lang='lat' dir='ltr'><strong>artifices</strong></span> <span class='ocrx_word' id='word_1_868' title='bbox 3573 5051 3832 5128; x_wconf 18' lang='lat' dir='ltr'><strong>iszepissittte</strong></span> 
     </span>
    </p>
   </div>
   <div class='ocr_carea' id='block_1_123' title="bbox 2300 5124 3831 5197">
    <p class='ocr_par' dir='ltr' id='par_1_123' title="bbox 2300 5124 3831 5197">
     <span class='ocr_line' id='line_1_127' title="bbox 2300 5124 3831 5197; baseline -0.001 -21"><span class='ocrx_word' id='word_1_869' title='bbox 2300 5124 2550 5197; x_wconf 71' lang='lat' dir='ltr'><strong>omnibus</strong></span> <span class='ocrx_word' id='word_1_870' title='bbox 2579 5125 2811 5179; x_wconf 85' lang='lat' dir='ltr'><strong>miseriis</strong></span> <span class='ocrx_word' id='word_1_871' title='bbox 2858 5126 3178 5193; x_wconf 82' lang='lat' dir='ltr'><strong>conflictari,</strong></span> <span class='ocrx_word' id='word_1_872' title='bbox 3209 5143 3331 5182; x_wconf 91' lang='lat' dir='ltr'><strong>cum</strong></span> <span class='ocrx_word' id='word_1_873' title='bbox 3383 5128 3665 5182; x_wconf 90' lang='lat' dir='ltr'><strong>simulacra</strong></span> <span class='ocrx_word' id='word_1_874' title='bbox 3691 5125 3746 5197; x_wconf 80' lang='lat' dir='ltr'><strong>ab</strong></span> <span class='ocrx_word' id='word_1_875' title='bbox 3785 5124 3831 5197; x_wconf 71' lang='lat' dir='ltr'><strong>iis</strong></span> 
     </span>
    </p>
   </div>
   <div class='ocr_carea' id='block_1_124' title="bbox 2300 5194 3831 5268">
    <p class='ocr_par' dir='ltr' id='par_1_124' title="bbox 2300 5194 3831 5268">
     <span class='ocr_line' id='line_1_128' title="bbox 2300 5194 3831 5268; baseline -0.003 -22"><span class='ocrx_word' id='word_1_876' title='bbox 2300 5194 2422 5247; x_wconf 89' lang='lat' dir='ltr'><strong>licta</strong></span> <span class='ocrx_word' id='word_1_877' title='bbox 2446 5206 2498 5250; x_wconf 90' lang='lat' dir='ltr'><strong>et</strong></span> <span class='ocrx_word' id='word_1_878' title='bbox 2527 5195 2774 5268; x_wconf 85' lang='lat' dir='ltr'><strong>formata,</strong></span> <span class='ocrx_word' id='word_1_879' title='bbox 2826 5212 3060 5268; x_wconf 88' lang='lat' dir='ltr'><strong>purpura</strong></span> <span class='ocrx_word' id='word_1_880' title='bbox 3089 5214 3220 5252; x_wconf 90' lang='lat' dir='ltr'><strong>auro</strong></span> <span class='ocrx_word' id='word_1_881' title='bbox 3268 5201 3585 5267; x_wconf 65' lang='lat' dir='ltr'><strong>ueterisque</strong></span> <span class='ocrx_word' id='word_1_882' title='bbox 3626 5194 3831 5268; x_wconf 86' lang='lat' dir='ltr'><strong>pretiosis</strong></span> 
     </span>
    </p>
   </div>
   <div class='ocr_carea' id='block_1_125' title="bbox 2299 5267 3830 5326">
    <p class='ocr_par' dir='ltr' id='par_1_125' title="bbox 2299 5267 3830 5326">
     <span class='ocr_line' id='line_1_129' title="bbox 2299 5267 3830 5326; baseline -0.005 -9"><span class='ocrx_word' id='word_1_883' title='bbox 2299 5269 2630 5321; x_wconf 88' lang='lat' dir='ltr'><strong>ornamentis</strong></span> <span class='ocrx_word' id='word_1_884' title='bbox 2646 5267 2985 5324; x_wconf 87' lang='lat' dir='ltr'><strong>decorentur.</strong></span> <span class='ocrx_word' id='word_1_885' title='bbox 3012 5269 3516 5326; x_wconf 76' lang='lat' dir='ltr'><strong>&quot;ERALDUS.—Hls.</strong></span> <span class='ocrx_word' id='word_1_886' title='bbox 3529 5309 3566 5324; x_wconf 94' lang='lat'><strong>..</strong></span> <span class='ocrx_word' id='word_1_887' title='bbox 3584 5267 3830 5322; x_wconf 79' lang='lat' dir='ltr'><strong>indumenta</strong></span> 
     </span>
    </p>
   </div>
   <div class='ocr_carea' id='block_1_126' title="bbox 2299 5337 3824 5412">
    <p class='ocr_par' dir='ltr' id='par_1_126' title="bbox 2299 5337 3824 5412">
     <span class='ocr_line' id='line_1_130' title="bbox 2299 5337 3824 5412; baseline 0.001 -22"><span class='ocrx_word' id='word_1_888' title='bbox 2299 5340 2564 5412; x_wconf 61' lang='lat' dir='ltr'><strong>pretiosa.</strong></span> <span class='ocrx_word' id='word_1_889' title='bbox 2606 5341 2751 5393; x_wconf 85' lang='lat' dir='ltr'><strong>his...</strong></span> <span class='ocrx_word' id='word_1_890' title='bbox 2781 5353 3048 5412; x_wconf 87' lang='lat' dir='ltr'><strong>argentum</strong></span> <span class='ocrx_word' id='word_1_891' title='bbox 3093 5352 3408 5396; x_wconf 86' lang='lat' dir='ltr'><strong>consecrant.</strong></span> <span class='ocrx_word' id='word_1_892' title='bbox 3457 5342 3644 5395; x_wconf 83' lang='lat' dir='ltr'><strong>Parum</strong></span> <span class='ocrx_word' id='word_1_893' title='bbox 3693 5337 3824 5392; x_wconf 68' lang='lat' dir='ltr'><strong>abesl.</strong></span> 
     </span>
    </p>
   </div>
   <div class='ocr_carea' id='block_1_127' title="bbox 2299 5411 3828 5482">
    <p class='ocr_par' dir='ltr' id='par_1_127' title="bbox 2299 5411 3828 5482">
     <span class='ocr_line' id='line_1_131' title="bbox 2299 5411 3828 5482; baseline 0.001 -23"><span class='ocrx_word' id='word_1_894' title='bbox 2299 5411 2423 5478; x_wconf 88' lang='lat' dir='ltr'><strong>quin</strong></span> <span class='ocrx_word' id='word_1_895' title='bbox 2445 5411 2697 5478; x_wconf 82' lang='lat' dir='ltr'><strong>recipiam</strong></span> <span class='ocrx_word' id='word_1_896' title='bbox 2718 5411 3001 5468; x_wconf 79' lang='lat' dir='ltr'><strong>lectionem</strong></span> <span class='ocrx_word' id='word_1_897' title='bbox 3026 5415 3255 5482; x_wconf 63' lang='lat' dir='ltr'><strong>Bonum,</strong></span> <span class='ocrx_word' id='word_1_898' title='bbox 3275 5417 3420 5468; x_wconf 83' lang='lat' dir='ltr'><strong>Itis...</strong></span> <span class='ocrx_word' id='word_1_899' title='bbox 3442 5414 3722 5467; x_wconf 78' lang='lat' dir='ltr'><strong>indumenta</strong></span> <span class='ocrx_word' id='word_1_900' title='bbox 3739 5418 3828 5476; x_wconf 70' lang='lat' dir='ltr'><strong>pre-</strong></span> 
     </span>
    </p>
   </div>
   <div class='ocr_carea' id='block_1_128' title="bbox 2299 5483 3828 5557">
    <p class='ocr_par' dir='ltr' id='par_1_128' title="bbox 2299 5483 3828 5557">
     <span class='ocr_line' id='line_1_132' title="bbox 2299 5483 3828 5557; baseline -0.006 -25"><span class='ocrx_word' id='word_1_901' title='bbox 2299 5483 2428 5533; x_wconf 84' lang='lat' dir='ltr'><strong>tiosa</strong></span> <span class='ocrx_word' id='word_1_902' title='bbox 2464 5493 2803 5557; x_wconf 83' lang='lat' dir='ltr'><strong>consecrant,</strong></span> <span class='ocrx_word' id='word_1_903' title='bbox 2851 5485 2996 5539; x_wconf 85' lang='lat' dir='ltr'><strong>his...</strong></span> <span class='ocrx_word' id='word_1_904' title='bbox 3046 5496 3312 5557; x_wconf 86' lang='lat' dir='ltr'><strong>argentum</strong></span> <span class='ocrx_word' id='word_1_905' title='bbox 3361 5487 3638 5557; x_wconf 87' lang='lat' dir='ltr'><strong>conferunt</strong></span> <span class='ocrx_word' id='word_1_906' title='bbox 3679 5487 3828 5557; x_wconf 38' lang='lat' dir='ltr'><strong>:“uatn</strong></span> 
     </span>
    </p>
   </div>
   <div class='ocr_carea' id='block_1_129' title="bbox 2297 5545 3825 5626">
    <p class='ocr_par' dir='ltr' id='par_1_129' title="bbox 2297 5545 3825 5626">
     <span class='ocr_line' id='line_1_133' title="bbox 2297 5545 3825 5626; baseline -0.001 -22"><span class='ocrx_word' id='word_1_907' title='bbox 2297 5554 2724 5626; x_wconf 65' lang='lat' dir='ltr'><strong>praecedentibus</strong></span> <span class='ocrx_word' id='word_1_908' title='bbox 2781 5545 3003 5625; x_wconf 69' lang='lat' dir='ltr'><strong>Singulis</strong></span> <span class='ocrx_word' id='word_1_909' title='bbox 3047 5545 3208 5612; x_wconf 71' lang='lat' dir='ltr'><strong>vei-ba</strong></span> <span class='ocrx_word' id='word_1_910' title='bbox 3255 5573 3350 5612; x_wconf 88' lang='lat' dir='ltr'><strong>sua</strong></span> <span class='ocrx_word' id='word_1_911' title='bbox 3404 5556 3658 5626; x_wconf 78' lang='lat' dir='ltr'><strong>adjunxit.</strong></span> <span class='ocrx_word' id='word_1_912' title='bbox 3702 5545 3825 5602; x_wconf 69' lang='lat' dir='ltr'><strong>(lutil-</strong></span> 
     </span>
    </p>
   </div>
   <div class='ocr_carea' id='block_1_130' title="bbox 2293 5622 3778 5696">
    <p class='ocr_par' dir='ltr' id='par_1_130' title="bbox 2293 5622 3778 5696">
     <span class='ocr_line' id='line_1_134' title="bbox 2293 5622 3778 5696; baseline 0.014 -21"><span class='ocrx_word' id='word_1_913' title='bbox 2293 5622 2466 5696; x_wconf 85' lang='lat' dir='ltr'><strong>Epist.</strong></span> <span class='ocrx_word' id='word_1_914' title='bbox 2499 5640 2550 5679; x_wconf 91' lang='lat' dir='ltr'><strong>c.</strong></span> <span class='ocrx_word' id='word_1_915' title='bbox 2579 5624 2671 5681; x_wconf 76' lang='grc'><strong>25.</strong></span> <span class='ocrx_word' id='word_1_916' title='bbox 2704 5622 2982 5682; x_wconf 65' lang='lat' dir='ltr'><strong>Bessum.</strong></span> <span class='ocrx_word' id='word_1_917' title='bbox 3471 5622 3485 5626; x_wconf 46' lang='grc'>⁷</span> <span class='ocrx_word' id='word_1_918' title='bbox 3694 5693 3702 5696; x_wconf 88' lang='lat'>_</span> <span class='ocrx_word' id='word_1_919' title='bbox 3771 5689 3778 5696; x_wconf 92' lang='lat'><strong>.</strong></span> 
     </span>
    </p>
   </div>
   <div class='ocr_carea' id='block_1_131' title="bbox 2366 5693 3829 5770">
    <p class='ocr_par' dir='ltr' id='par_1_131' title="bbox 2366 5693 3829 5770">
     <span class='ocr_line' id='line_1_135' title="bbox 2366 5693 3829 5770; baseline -0.008 -11"><span class='ocrx_word' id='word_1_920' title='bbox 2366 5693 2493 5759; x_wconf 71' lang='lat' dir='ltr'><strong>Quae</strong></span> <span class='ocrx_word' id='word_1_921' title='bbox 2519 5709 2622 5752; x_wconf 87' lang='lat' dir='ltr'><strong>tam</strong></span> <span class='ocrx_word' id='word_1_922' title='bbox 2650 5714 2754 5752; x_wconf 89' lang='lat' dir='ltr'><strong>non</strong></span> <span class='ocrx_word' id='word_1_923' title='bbox 2797 5698 3001 5753; x_wconf 82' lang='lat' dir='ltr'><strong>habent.</strong></span> <span class='ocrx_word' id='word_1_924' title='bbox 3053 5698 3251 5756; x_wconf 90' lang='lat' dir='ltr'><strong>lterum</strong></span> <span class='ocrx_word' id='word_1_925' title='bbox 3284 5711 3337 5756; x_wconf 90' lang='lat' dir='ltr'><strong>et</strong></span> <span class='ocrx_word' id='word_1_926' title='bbox 3363 5699 3632 5770; x_wconf 84' lang='lat' dir='ltr'><strong>eleganter</strong></span> <span class='ocrx_word' id='word_1_927' title='bbox 3660 5693 3829 5762; x_wconf 69' lang='lat' dir='ltr'><strong>plenius</strong></span> 
     </span>
    </p>
   </div>
   <div class='ocr_carea' id='block_1_132' title="bbox 2289 5765 3736 5838">
    <p class='ocr_par' dir='ltr' id='par_1_132' title="bbox 2289 5765 3736 5838">
     <span class='ocr_line' id='line_1_136' title="bbox 2289 5765 3736 5838; baseline -0.013 -5"><span class='ocrx_word' id='word_1_928' title='bbox 2289 5765 2450 5838; x_wconf 63' lang='lat'><strong>300-.</strong></span> <span class='ocrx_word' id='word_1_929' title='bbox 2495 5784 2609 5838; x_wconf 71' lang='lat' dir='ltr'><strong>quae</strong></span> <span class='ocrx_word' id='word_1_930' title='bbox 2637 5780 2741 5824; x_wconf 90' lang='lat' dir='ltr'><strong>tam</strong></span> <span class='ocrx_word' id='word_1_931' title='bbox 2792 5771 2845 5825; x_wconf 89' lang='lat' dir='ltr'><strong>itt</strong></span> <span class='ocrx_word' id='word_1_932' title='bbox 2877 5786 3030 5825; x_wconf 91' lang='lat' dir='ltr'><strong>usum</strong></span> <span class='ocrx_word' id='word_1_933' title='bbox 3079 5789 3180 5826; x_wconf 87' lang='lat' dir='ltr'><strong>non</strong></span> <span class='ocrx_word' id='word_1_934' title='bbox 3229 5765 3736 5827; x_wconf 59' lang='lat' dir='ltr'><strong>Itribent.&#39;Buuuut.-t.</strong></span> 
     </span>
    </p>
   </div>
   <div class='ocr_carea' id='block_1_133' title="bbox 2363 5828 3827 5915">
    <p class='ocr_par' dir='ltr' id='par_1_133' title="bbox 2363 5828 3827 5915">
     <span class='ocr_line' id='line_1_137' title="bbox 2363 5828 3827 5915; baseline -0.001 -22"><span class='ocrx_word' id='word_1_935' title='bbox 2363 5828 2518 5894; x_wconf 53' lang='lat' dir='ltr'><strong>Post:</strong></span> <span class='ocrx_word' id='word_1_936' title='bbox 2580 5843 2845 5896; x_wconf 80' lang='lat' dir='ltr'><strong>victoriam</strong></span> <span class='ocrx_word' id='word_1_937' title='bbox 2911 5842 3111 5899; x_wconf 69' lang='lat' dir='ltr'><strong>Gracia</strong></span> <span class='ocrx_word' id='word_1_938' title='bbox 3169 5845 3372 5915; x_wconf 83' lang='lat' dir='ltr'><strong>potitus.</strong></span> <span class='ocrx_word' id='word_1_939' title='bbox 3436 5841 3684 5900; x_wconf 67' lang='lat' dir='ltr'><strong>Grmciam</strong></span> <span class='ocrx_word' id='word_1_940' title='bbox 3739 5828 3827 5886; x_wconf 69' lang='lat' dir='ltr'><strong>Ma&#39;</strong></span> 
     </span>
    </p>
   </div>
  </div>
