3986 6358
163 323 254 379 277

1209 311 1414 370 LIBER
1451 311 1518 370 ιι.
1561 310 1654 370 οε
1693 311 1980 371 οιιιιιιιιε
2021 285 2345 372 canoris.

3315 312 3420 368 978

162 434 321 498 vanis,
352 429 529 486 oculos
563 443 628 486 eo
656 427 914 496 tendere,
945 429 1036 484 ubi
1079 429 1272 493 sedes,
1303 429 1392 486 ubi
1450 428 1714 486 habitatio
1738 433 1791 494 Α
1819 430 2054 488 hominis
2098 439 2358 503 perpetua
2407 431 2735 488 necessitate
2784 432 3038 487 famulari
3070 475 3084 498 ,
3118 440 3298 487 tamen
3331 430 3423 486 illa

161 538 230 586 est
255 525 338 581 Dei
361 523 504 588 veri;
544 524 630 594 qui
665 531 864 578 terram
895 522 1075 578 Stabili
1107 523 1360 578 ﬁrmitate
1399 522 1716 594 suspendit;

162 621 237 692 qui
264 618 442 675 caelum
470 615 712 671 distinxit
738 616 900 671 astris
925 614 1294 686 fulgentibus;
1319 615 1408 686 qui
1431 617 1599 672 solem
1628 631 1714 671 reo

159 717 242 773 bus
288 711 523 768 humanis
560 711 955 777 clarissimum,
1001 724 1067 766 ac
1115 709 1386 781 singulare
1416 711 1631 777 lumen,
1665 710 1717 764 in

157 818 496 881 argumentum
543 821 656 863 suae
682 805 856 862 unicae
886 805 1186 876 majestatis
1227 805 1477 861 accendit
1503 822 1517 860 :
1547 805 1708 860 terris

157 913 309 961 autem
338 901 502 957 maria
531 900 904 969 circumfudit,
937 899 1162 956 ﬁumina
1193 900 1532 971 sempiterno
1562 900 1718 972 lapsu

156 978 298 1055 liuere
328 994 598 1068 praecepit.

255 1111 400 1162 Iussit
422 1116 474 1160 et
498 1108 700 1160 extendi
725 1121 940 1172 campos,
966 1107 1228 1160 subsidere
1251 1107 1432 1170 valles,

256 1174 439 1226 Fronde
456 1174 561 1236 tegi
582 1173 748 1236 silvas,
773 1171 1022 1234 lapidesos
1041 1183 1257 1234 surgere
1277 1178 1492 1223 montes.

155 1284 264 1351 Qum
285 1281 458 1352 utique
481 1279 662 1334 omnia
695 1293 801 1334 non
831 1277 1039 1348 Jupiter
1065 1277 1226 1342 fecit,
1257 1276 1348 1348 qui
1378 1284 1505 1332 ante
1545 1289 1720 1332 annos

154 1375 283 1431 mille
308 1373 674 1444 septingentos
703 1379 899 1438 natus;
932 1371 1030 1427 sed
1056 1370 1200 1426 idem
1237 1389 1250 1425 :

252 1486 336 1538 Ille
357 1485 520 1552 opifex
546 1499 735 1552 rerum,
753 1485 919 1536 mundi
943 1484 1167 1536 melioris
1188 1487 1353 1550 origo,

156 1595 230 1667 qui
253 1603 465 1652 vocatur
512 1593 687 1663 Deus,
720 1592 876 1664 cujus
919 1592 1243 1665 principium
1267 1635 1283 1661 ,
1314 1591 1568 1664 quoniam
1612 1607 1721 1648 non

157 1697 304 1761 potest
329 1686 746 1762 comprehendi,
795 1702 864 1744 ne
902 1687 1072 1756 quaeri
1099 1685 1318 1759 quidem
1365 1685 1547 1742 debet.
1579 1684 1724 1742 Satis

154 1789 220 1836 est
247 1780 432 1836 homini
461 1779 530 1835 ad
561 1779 775 1852 plenam
822 1776 1228 1850 perfectamque
1268 1776 1642 1847 prudentiam,
1673 1776 1722 1832 si

155 1872 294 1928 Deum
313 1886 426 1928 esse
445 1869 711 1942 intelligat
738 1891 750 1926 :
771 1871 924 1941 cujus
945 1868 1312 1941 intelligentim
1329 1869 1408 1924 vis
1430 1878 1484 1925 et
1504 1884 1714 1924 summa

155 1965 245 2019 huc
268 1973 368 2032 est,
402 1972 459 2018 ut
484 1963 747 2036 suSpiciat
786 1971 841 2019 et
871 1961 1198 2019 bonoriﬁcet
1241 1978 1585 2018 communem
1619 1978 1714 2034 pa—

155 2068 328 2114 rentem
351 2058 569 2130 generis
603 2056 856 2123 humani,
893 2068 945 2112 et
979 2073 1158 2114 rerum
1190 2057 1514 2112 mirabilinm
1545 2057 1710 2113 fabri-

156 2163 377 2208 calorem.
405 2151 560 2209 Unde
589 2150 807 2222 quidam
834 2150 1042 2207 hebetis
1064 2151 1352 2220 obtusique
1373 2151 1571 2217 cordis,
1601 2152 1710 2207 ele-

151 2255 318 2312 menta,
347 2261 462 2320 quae
491 2254 548 2301 et
571 2243 713 2301 facta
740 2253 867 2301 sunt
896 2256 950 2300 et
979 2252 1168 2300 carent
1195 2259 1360 2299 sensu
1381 2286 1396 2310 ,
1431 2253 1702 2316 tamquam

155 2337 262 2394 deos
287 2337 525 2394 adorant.
557 2337 661 2408 Qui
691 2354 811 2394 cum
846 2339 941 2393 Dei
970 2354 1132 2410 opera
1165 2338 1511 2406 mirarentur,
1547 2339 1598 2394 id
1629 2348 1712 2395 est

149 2432 312 2489 celum
339 2448 456 2490 cum
485 2433 653 2490 variis
681 2433 974 2488 luminibus
995 2475 1011 2502 ,
1048 2442 1244 2488 terram
1277 2449 1399 2488 cum
1429 2435 1634 2505 campis
1659 2443 1714 2491 et

149 2528 385 2586 montibus
405 2569 420 2597 ,
449 2527 624 2585 maria
648 2543 772 2586 cum
808 2526 1121 2583 fluminibus
1159 2535 1215 2582 et
1243 2526 1448 2599 stagnis
1473 2536 1527 2582 et
1553 2526 1713 2583 fonti-

152 2618 264 2688 bus,
292 2636 466 2678 earum
500 2636 688 2677 rerum
721 2619 1081 2676 admiratione
1109 2617 1507 2690 obstupefacti,
1539 2629 1593 2674 et
1625 2619 1708 2690 ip-

149 2712 238 2768 sius
259 2713 468 2770 artiﬁcis
498 2713 692 2782 obliti,
725 2729 886 2784 quem
922 2712 1105 2768 videre
1137 2727 1242 2768 non
1273 2721 1557 2782 poterant,
1590 2713 1706 2786 ejus

145 2817 279 2873 opera
308 2806 544 2860 venerari
569 2813 626 2861 et
650 2805 830 2860 colere
858 2812 1176 2876 coeperunt;
1211 2819 1310 2860 nec
1334 2820 1588 2876 umquam
1622 2805 1706 2859 in-

149 2896 354 2967 telligere
381 2899 706 2969 quiverunt,
755 2907 960 2967 quanto
989 2896 1162 2967 major
1190 2905 1498 2969 quantoque
1543 2898 1706 2952 mira-

147 2988 280 3044 bilior
305 2990 370 3046 sit
391 3033 404 3055 ,
437 2991 528 3064 qui
569 2991 658 3046 illa
700 2989 829 3047 fecit
857 3005 926 3046 ex
967 2989 1156 3046 nihilo.
1188 2989 1317 3058 Quae
1343 3005 1464 3044 cum
1494 2989 1712 3045 videant

142 3081 304 3139 divinis
329 3083 531 3156 legibus
587 3082 941 3155 obsequentia
985 3082 1292 3140 commodis
1321 3092 1484 3154 atque
1523 3083 1710 3139 usibus

1822 523 1954 580 deos
1983 523 2300 580 existimant
2324 539 2467 590 esse;
2500 525 2692 596 ingrati
2714 525 2973 580 adversus
2994 524 3252 581 beneﬁcia
3280 523 3425 578 divi-

1823 631 1928 684 na,
1957 617 2047 686 qui
2079 615 2189 671 Deo
2211 625 2268 672 et
2293 615 2429 686 patri
2452 616 2921 686 indulgentissimo
2965 631 3060 671 sua
3110 617 3212 670 sibi
3256 630 3423 686 opera

1825 711 2197 780 praetulerunt.
2220 708 2327 766 Sed
2344 709 2470 780 quid
2488 709 2680 765 mirum
2705 753 2721 777 ,
2745 711 2791 766 si
2813 718 2906 765 aut
2935 709 3176 775 barbari,
3197 719 3290 764 aut
3317 711 3422 766 im-

1824 804 1984 875 periti
2013 803 2259 858 homines
2285 803 2504 859 errant?
2537 817 2662 859 cum
2691 803 2853 859 etiam
2881 803 3192 874 philosophi
3219 801 3421 860 Stoica;

1825 897 2124 968 disciplinae
2149 897 2198 951 in
2223 895 2410 952 eadem
2438 896 2548 951 sint
2570 897 2846 967 opinione,
2870 907 2926 950 ut
2948 897 3129 952 omnia
3149 895 3418 962 caelestia,

1825 1005 1947 1061 quae
1970 998 2274 1058 moventur,
2302 990 2354 1044 in
2373 988 2598 1046 deorum
2623 1004 2850 1046 numero
2869 989 3114 1046 habenda
3141 1003 3264 1046 esse
3293 1004 3424 1046 ceu-

1824 1092 2013 1149 seant;
2061 1081 2322 1154 siquidem
2356 1082 2594 1138 Lucilius
2642 1080 2860 1138 Stoicus
2909 1081 3052 1154 apud
3100 1079 3420 1139 Ciceronem

1825 1175 1905 1232 sic
1953 1176 2226 1247 loquitur:
2259 1195 2279 1229 ι
2316 1176 2465 1232 lianc
2512 1175 2676 1246 igitur
2717 1176 2772 1231 in
2819 1175 2988 1231 stellis
3019 1177 3414 1243 constantiam,

1825 1269 1966 1326 hanc
1997 1278 2198 1325 tantam
2227 1271 2279 1325 in
2307 1278 2412 1325 tam
2466 1269 2630 1324 variis
2677 1267 2929 1324 cursibus
2949 1269 3004 1323 in
3027 1269 3173 1324 omni
3202 1269 3422 1323 aeterni-

1827 1371 1936 1418 tate
1961 1363 2388 1420 convenientiam
2440 1371 2778 1432 temporum,
2829 1376 2936 1415 non
2969 1375 3187 1428 possum
3217 1361 3420 1417 intelli-

1826 1470 1953 1525 gere
1978 1455 2096 1511 sine
2126 1463 2338 1521 meute,
2372 1455 2579 1510 ratione
2600 1495 2614 1519 ,
2663 1454 2924 1519 consilio;
2956 1469 3078 1525 qum
3105 1469 3229 1510 cum
3260 1455 3312 1511 in
3346 1455 3420 1510 si-

1826 1547 2047 1604 deribus
2075 1563 2198 1604 esse
2227 1548 2522 1614 videamus,
2550 1562 2656 1603 non
2686 1561 2973 1618 possumus
2998 1562 3060 1603 ea
3090 1548 3201 1618 ipsa
3232 1563 3339 1602 non
3369 1547 3422 1604 in

1827 1639 2051 1696 deorum
2083 1656 2308 1696 numero
2352 1655 2638 1712 reponere.
2682 1658 2699 1692 ι
2736 1639 2866 1696 Item
2909 1639 3070 1709 paulo
3113 1641 3362 1709 superius
3405 1658 3418 1692 :

1836 1750 1854 1784 ι
1890 1732 2106 1800 Restat,
2132 1733 2322 1803 inquit,
2352 1741 2409 1788 ut
2439 1742 2615 1788 motus
2645 1741 2917 1788 astrorum
2947 1732 3016 1786 sit
3045 1733 3379 1788 voluntarius
3405 1749 3420 1796 ;

1748 1847 1798 1910 Β
1829 1841 1948 1896 qua:
1994 1826 2084 1897 qui
2118 1825 2287 1881 videat
2312 1867 2326 1890 ,
2373 1840 2479 1881 non
2533 1826 2748 1881 indocte
2795 1825 2968 1880 solum
2994 1867 3007 1890 ,
3042 1840 3228 1880 verum
3260 1826 3421 1880 etiam

1823 1918 1989 1987 impie
2023 1918 2182 1973 faciat
2203 1960 2218 1985 ,
2246 1919 2290 1974 si
2324 1917 2458 1975 deos
2486 1932 2609 1973 csse
2650 1927 2830 1988 neget.
2871 1938 2890 1970 ι
2928 1917 3036 1972 Nos
3067 1932 3196 1972 vero
3224 1925 3280 1973 et
3303 1919 3423 1989 qui-

1819 2011 1942 2066 dem
1971 2021 2282 2066 constanter
2309 2027 2602 2083 negamus,
2630 2027 2693 2067 ac
2724 2027 2852 2078 vos,
2881 2027 2914 2066 ο
2944 2012 3267 2082 philosophi,
3309 2028 3415 2069 non

1816 2104 1992 2160 solum
2022 2104 2266 2160 indoctos
2293 2113 2347 2160 et
2372 2104 2592 2174 impios,
2626 2119 2810 2160 verum
2834 2104 2994 2160 etiam
3022 2119 3197 2160 caecos
3217 2147 3232 2172 ,
3263 2105 3419 2175 inep-

1816 2183 2232 2266 tos'delirosque
2257 2197 2578 2266 probamus,
2623 2196 2715 2268 qui
2744 2196 3100 2267 ignorantiam
3146 2199 3424 2269 imperito-

1817 2303 1936 2342 rum
1966 2288 2197 2344 vanitate
2248 2289 2471 2352 vicistis.
2523 2288 2599 2342 llli
2629 2290 2772 2344 enim
2796 2289 2965 2345 solem
2993 2297 3049 2345 et
3077 2289 3290 2356 lunam,
3326 2307 3425 2349 vos

1816 2382 1980 2438 etiam
2010 2381 2187 2439 sidera
2211 2381 2344 2439 deos
2375 2383 2593 2454 putatis.

1888 2515 2109 2572 Tradite
2141 2518 2302 2587 igitur
2348 2517 2503 2573 nobis
2547 2519 2825 2575 stellarum
2869 2519 3165 2592 mysteria,
3197 2531 3255 2577 ut
3294 2537 3418 2578 aras

1815 2620 1870 2666 et
1901 2611 2098 2680 templa
2121 2610 2346 2682 singulis
2373 2611 2642 2681 erigamus
2667 2631 2681 2678 ;
2725 2622 2782 2668 ut
2824 2615 3060 2669 sciamus
3087 2630 3196 2686 quo
3224 2631 3418 2686 quam-

1816 2723 1923 2778 que
1953 2707 2088 2774 ritu,
2118 2722 2224 2778 quo
2253 2707 2340 2762 die
2370 2707 2610 2763 colamus
2631 2751 2646 2775 ,
2689 2708 2884 2778 quibus
2910 2710 3222 2765 nominibus
3248 2752 3263 2778 ,
3296 2711 3414 2780 qui-

1815 2802 1913 2857 bus
1939 2799 2192 2871 precibus
2221 2800 2570 2865 advocemus;
2628 2803 2728 2857 nisi
2758 2801 2902 2859 forte
2931 2803 3078 2860 nullo
3098 2803 3411 2861 discrimine

1816 2901 1923 2947 tam
1953 2892 2393 2960 innumerabiles,
2428 2904 2536 2948 tam
2565 2894 2801 2950 minutos
2828 2895 2959 2950 deos
2988 2896 3280 2952 acervatim
3321 2912 3415 2954 co-

1814 2986 1929 3042 lere
1952 2986 2236 3044 debemus.
2257 2987 2395 3054 Quid
2418 2988 2561 3059 quod
2589 2998 2966 3060 argumentum
2986 2991 3136 3058 illud,
3167 3008 3272 3064 quo
3292 2993 3411 3049 col-

1817 3080 1988 3151 ligunt
2031 3080 2282 3136 universa
2329 3081 2569 3137 ctelestia
2618 3082 2750 3138 deos
2793 3096 2942 3148 esse,
2991 3085 3041 3138 in
3086 3087 3413 3142 contrarium

1457 3218 1817 3280 VARIORUM
1853 3218 2081 3277 ΝΟΤίΕ.

199 3356 282 3436 Ubi
306 3360 461 3436 s_ede_s_.
516 3360 601 3436 De
629 3359 1037 3436 h_ac_Lactantii
1085 3358 1354 3436 sententia
1399 3358 1527 3436 vide
1563 3359 1696 3416 Plu-
1726 3361 1772 3424 C
1809 3359 2147 3436 Pal_.,_Brun.
2181 3360 2292 3436 (ξιὲ
2319 3358 2586 3436 Clarom._,
2614 3361 2718 3418 nisi
2745 3365 2888 3436 quod
2937 3366 2988 3420 in
3018 3381 3129 3422 uno
3169 3367 3410 3425 Clarom.

143 3431 283 3485 tareh.
309 3431 371 3487 de
397 3432 624 3488 Placitis
654 3431 1105 3503 Philosophorum
1136 3432 1228 3486 lib.
1257 3448 1311 3498 ι,
1345 3446 1466 3502 cap.
1497 3432 1551 3486 6.
1619 3495 1622 3500 _

202 3503 288 3568 Qui
307 3513 483 3559 terram
511 3506 710 3559 stabili.
747 3503 899 3559 Philo
948 3503 1164 3559 Judmus
1208 3503 1346 3558 libro
1375 3503 1442 3558 de
1501 3503 1701 3561 Mundo

141 3575 331 3642 quaerit,
361 3591 477 3645 quae
503 3578 581 3632 sit
608 3576 755 3632 διεὶς
789 3576 1061 3641 universi;
1098 3575 1312 3629 tandem
1343 3574 1553 3645 colligit
1577 3591 1696 3630 eam

143 3660 240 3700 esse
277 3647 436 3716 legem
475 3659 529 3702 et
583 3648 859 3703 decretum
910 3647 1096 3702 aeterni
1143 3647 1235 3701 Dei
1289 3664 1300 3699 :
1349 3645 1454 3701 huc
1498 3645 1702 3702 referas

144 3717 300 3784 psum.
323 3733 539 3784 CXLVIII,
576 3735 720 3774 vers.
751 3717 804 3772 6.

196 3786 448 3845 Terram...
498 3791 787 3859 suspendit.
821 3789 937 3844 Lib.
975 3805 1052 3853 ιιι,
1082 3803 1200 3857 cap.
1235 3789 1268 3843 5
1297 3803 1310 3840 :
1349 3788 1543 3855 Quibus
1574 3789 1698 3858 fun-

143 3858 353 3915 damentis
373 3872 506 3918 terra
528 3858 719 3917 librata
741 3873 827 3915 aut
854 3877 1098 3928 suspensa
1121 3864 1207 3914 sit.
1250 3860 1380 3915 Burt.

197 3928 253 3986 In
275 3945 659 4004 argumentum,
688 3944 794 3988 etc.
825 3931 1026 3989 Similia
1058 3932 1304 4002 leguntur
1327 3931 1468 4002 apud
1499 3931 1556 3988 S.
1587 3931 1697 3985 Au-

143 4007 313 4070 gustin.
339 4005 410 4062 lib
462 4007 530 4061 de
563 4005 765 4060 Genesi
795 4005 859 4059 ad
899 4005 1152 4058 litteram.

197 4072 349 4147 Maria
388 4077 739 4147 circumfudit.
787 4076 860 4132 Ita
894 4077 1073 4145 legunt
1102 4089 1290 4130 omnes
1319 4088 1453 4147 mss.
1496 4073 1695 4147 et_vul-

142 4146 226 4217 gati
245 4189 257 4212 ,
286 4159 472 4216 prteter
493 4149 527 4204 4
554 4145 668 4204 rec.
704 4149 834 4204 edit.
866 4149 1060 4216 quibus
1085 4157 1166 4201 est
1185 4188 1200 4213 ,
1233 4145 1619 4217 circumfundit.

195 4215 356 4272 Iussit.
392 4221 517 4276 limc
545 4235 618 4275 ex
645 4220 802 4275 Ovid.
839 4215 988 4274 initio
1017 4235 1031 4272 t
1057 4217 1410 4287 Metamorpli.

200 4288 284 4353 Qui
308 4302 419 4346 aute
442 4308 613 4347 annos
641 4291 782 4346 mille
808 4293 1153 4361 septingentos
1185 4284 1352 4344 natus.
1374 4284 1688 4342 Ms.Christ.

145 4359 224 4432 Qui
245 4373 344 4430 post
371 4381 532 4419 annos
562 4365 734 4430 mille,
764 4374 870 4418 etc.
904 4359 1143 4432 Utraque
1175 4361 1336 4416 lcetio
1365 4361 1503 4414 bona
1526 4401 1540 4424 ,
1570 4375 1692 4430 qua:

144 4431 255 4486 idem
283 4434 562 4504 significat.
588 4434 866 4490 Lactantio
894 4434 1038 4488 enim
1059 4431 1324 4488 familiare
1351 4441 1451 4495 est,
1483 4446 1604 4504 cum
1624 4433 1692 4485 de

147 4503 349 4578 tempore
375 4511 550 4577 agitur
569 4549 584 4573 ,
616 4520 732 4561 ante
759 4520 1020 4578 usurpare
1047 4519 1145 4578 pro
1173 4513 1305 4574 post,
1324 4513 1387 4578 ut
1409 4503 1581 4578 inlib.
1613 4517 1685 4556 iv.

1808 3442 1863 3488 et
1883 3433 1916 3508 _l
1938 3431 2412 3508 _Reg.__rec_._de_est
2431 3431 2863 3508 et.gsieutin'sex
2891 3437 3050 3493 editis
3081 3454 3182 3493 ms.
3217 3439 3408 3508 Cauc.,

1807 3506 1891 3581 qui
1924 3502 2032 3558 Deo
2067 3502 2215 3581 [fatri
2236 3505 2682 3581 indulgentissimo
2702 3524 2814 3581 suo,
2846 3525 2939 3562 sua
2967 3509 3064 3563 sibi
3090 3527 3246 3581 opera
3269 3528 3288 3566 :
3316 3502 3416 3566 an;

1809 3575 1972 3700 gqute
2016 3575 2159 3630 enim
2189 3575 2455 3632 editiones
2486 3594 2608 3632 suus
2649 3587 2704 3632 et
2730 3579 2818 3632 ille
2850 3575 3157 3650 promiscue
3189 3598 3416 3652 usurpa-

1848 3656 1958 3700 ant.

1848 3656 1958 3700 ant.

1883 3717 2133 3792 Lucilius.
2182 3719 2295 3774 lloc
2342 3735 2408 3774 ex
2435 3718 2697 3775 Cicerone
2723 3721 3062 3792 desumptum
3109 3735 3191 3779 est
3236 3726 3328 3780 lib.
3377 3743 3414 3781 ll

1809 3789 1885 3867 d_e_
1920 3789 2042 3867 Nat.
2092 3791 2443 3867 deor._num.
2491 3793 2589 3867 54,
2613 3793 2702 3848 ubi
2751 3789 3218 3867 reprehenduntur
3257 3797 3289 3850 ii
3319 3799 3408 3867 qui

1806 3861 2073 3937 sideribus
2117 3864 2764 3937 divinitatem‘tribuunt.
2796 3861 2998 3920 Clinias
3050 3867 3212 3922 etiam
3267 3861 3406 3937 apud

1807 3932 2085 3988 Platonem
2136 3935 2226 3990 lib.
2272 3952 2302 3988 x
2351 3934 2419 3988 de
2466 3934 2715 4004 Legibus,
2748 3937 3037 4002 soli,lunae
3064 3948 3117 3992 et
3143 3932 3412 3996 sideri—bus

1803 4006 2039 4082 animam
2071 4007 2269 4082 tri_buit.
2307 4005 2380 4082 [ιιι
2405 4007 2666 4082 scriptum
2696 4008 2906 4082 reperio
2935 4009 2984 4062 in
3017 4025 3146 4064 mss.
3177 4013 3209 4066 9
3249 4010 3407 4082 Reg,

1803 4075 1840 4128 2
1866 4076 2098 4148 Bonon..
2125 4078 2285 4140 Tax.,
2312 4077 2467 4141 Pen..
2493 4075 2527 4132 6
2549 4076 2725 4143 Cnlh.,
2751 4078 3062 4145 2Clarom.,
3094 4082 3234 4148 Eun,
3265 4075 3407 4138 Cavii;

1804 4147 2026 4222 tabrig._,
2060 4149 2233 4222 Bruti.
2257 4150 2308 4202 in
2336 4148 2495 4222 editis
2523 4148 2798 4222 Cymnic.,
2822 4149 3021 4222 Betul.,
3052 4147 3240 4216 'l‘oru.,
3273 4154 3410 4210 Sou-

1806 4217 2100 4295 bron.,_ls_.,
2127 4217 2588 4295 Cellgtr.,‘“[alcl_i.'
2616 4229 2670 4295 et
2691 4223 2832 4290 apud
2859 4217 3175 4278 Ciceronem
3209 4227 3404 4295 ipsum.

1801 4290 1998 4364 Scripti
2039 4291 2210 4364 Lips.,
2234 4292 2385 4364 Juti.,
2415 4291 2592 4364 Bodl.,
2623 4289 2866 4364 Cottum,
2892 4295 3021 4349 edit.
3056 4289 3404 4364 Rom-“70,

1799 4370 1855 4416 et
1881 4363 2026 4417 Crat.
2064 4361 2283 4430 habent,
2310 4361 2595 4428 Lucillius;
2629 4362 2755 4418 editi
2799 4365 2853 4428 7,
2892 4365 3220 4420 Lucillus.—-
3250 4361 3406 4421 Luci;

1798 4433 2376 4508 lius_§toie_us.Cicero
2405 4433 2497 4487 lib.
2543 4450 2595 4502 ι,
2640 4436 2706 4490 dc
2731 4434 2850 4491 Nat.
2884 4437 3038 4492 deor.
3074 4453 3191 4508 cap.
3223 4439 3295 4494 6:
3333 4440 3398 4505 Ω.

1796 4503 2028 4560 Lucilius
2054 4505 2267 4571 Balbus,
2299 4507 2383 4576 qui
2407 4516 2574 4577 tantos
2601 4523 2900 4577 progressus
2923 4503 3215 4564 habebatin
3255 4503 3400 4566 Stoi-

148 4573 294 4653 Divin.
330 4573 752 4653 Institutionum,
775 4573 932 4653 -ρίῳζΔ
952 4577 1018 4653 1-0
1047 4573 1074 4653 ξ
1101 4573 1231 4631 Ante
1279 4577 1413 4653 diem
1442 4573 1692 4653 decimum
1719 4579 1774 4640 D
1799 4577 1894 4643 cis,
1925 4588 1980 4631 ut
1999 4594 2126 4653 eum
2151 4573 2510 4636 excellentibus
2540 4579 2594 4632 in
2622 4573 2888 4650 eo'genere
2915 4579 3107 4636 Graecis
3133 4598 3402 4653 compara-

146 4647 434 4720 calendarum
480 4650 738 4720 Aptilium
759 4647 932 4703 Judtei
952 4647 1208 4703 Christum
1229 4650 1368 4701 cruci
1396 4647 1694 4720 afﬁcerunt;

147 4720 188 4791 in
206 4719 325 4791 libro
350 4717 622 4777 antem'de
639 4721 896 4778 Mortibus
924 4731 1350 4791 persecutorurn,
1378 4734 1497 4791 cap.
1519 4717 1576 4785 2,
1596 4718 1698 4772 itii-

149 4789 208 4843 tio
235 4808 246 4844 :
276 4789 393 4848 Post
431 4794 568 4848 diem
598 4793 847 4848 decimum
877 4789 1205 4846 colendarum
1258 4790 1516 4860 Aprilium
1540 4831 1554 4854 ,
1585 4797 1692 4844 etc.

150 4869 195 4912 ut
217 4862 276 4914 ibi
304 4862 465 4920 fusius
492 4865 1021 4927 demonstrabimus.
1050 4873 1105 4920 et
1129 4864 1183 4918 in
1213 4861 1600 4918 Dissertationc
1629 4860 1697 4918 de

145 4929 225 4987 hoc
246 4934 352 5002 ipso
378 4937 535 4993 libro.

200 5003 500 5078 illeopifex.
531 5007 754 5063 Ovidius
776 5007 865 5062 ubi
893 5021 1052 5078 supra
1083 5005 1240 5076 paulo
1267 5013 1408 5078 post.

203 5075 369 5132 litibus
392 5075 632 5136 hominis.
667 5079 794 5135 Mss.
833 5079 866 5134 5
910 5075 1024 5134 rec.
1059 5075 1190 5148 Reg.
1219 5087 1274 5131 et
1303 5075 1428 5132 editi
1459 5076 1692 5146 habent,

142 5148 283 5222 usibus
303 5152 557 5206 hominum
583 5168 602 5206 :
623 5163 677 5206 at
700 5151 732 5205 6
754 5151 888 5221 Reg.
912 5165 1139 5222 quorum
1162 5149 1269 5222 duo
1291 5157 1414 5203 sunt
1434 5150 1696 5222 antiquis-

143 5217 274 5285 simi,
299 5223 334 5276 2
370 5222 633 5291 Cnlbert.,
660 5224 696 5278 2
723 5217 987 5287 (Σιδιῖοιιὶη
1035 5221 1254 5276 hominis
1277 5261 1290 5282 ,
1324 5221 1464 5275 unde
1495 5217 1695 5276 factum

143 5295 452 5362 cst/iamanis
483 5295 536 5348 in
568 5311 676 5350 rec.
702 5294 736 5347 ‘2
763 5293 987 5362 Reg.,'ri
1014 5291 1196 5358 Colb.,
1230 5292 1376 5359 Em.,
1409 5291 1609 5346 Christ.

190 5361 464 5441 antulari.
497 5367 711 5424 Sublac.
741 5379 795 5424 et
821 5361 954 5441 Yen.
999 5367 1167 5441 prima
1209 5364 1367 5441 ιζιξιζς,
1401 5379 1582 5434 prave,
1610 5365 1695 5441 fa-

143 5434 321 5504 utiliori,
341 5441 425 5492 tibi
450 5448 598 5494 recte
620 5453 748 5494 mss.
775 5449 827 5493 et
848 5434 1025 5501 Hosti,
1047 5435 1182 5492 Ven.
1211 5436 1366 5498 1471,
1390 5446 1444 5491 et
1459 5434 1694 5492 secunda

143 5503 219 5566 73.
247 5503 330 5575 93,
356 5511 443 5577 97,
477 5521 530 5565 et
557 5509 694 5575 aliae,
722 5509 1081 5577 famulari.De
1107 5507 1188 5563 ira
1215 5507 1309 5564 lib.
1347 5523 1500 5572 χχιιι,
1529 5522 1579 5562 c.
1603 5505 1693 5572 Ἥ,

145 5581 389 5653 terrenis...
414 5581 678 5653 fantulari.
723 5581 857 5638 BUN.

206 5648 292 5716 Qui
315 5648 425 5708 Deo
449 5663 497 5708 el
522 5655 655 5724 patri
680 5651 1124 5725 indulgentissimo
1145 5667 1240 5725 sua
1268 5651 1702 5725 sibioperayrtc-

145 5719 356 5777 tulerunt.
413 5725 486 5779 lta
522 5719 650 5781 'cum
699 5719 860 5780 editis
910 5725 1068 5780 Rom.
1103 5723 1242 5779 1468
1273 5735 1326 5778 et
1356 5722 1517 5785 (ΗΟ,
1550 5719 1617 5777 ιε.
1647 5732 1702 5778 et

145 5801 224 5843 sex
254 5796 636 5867 recentioribus
683 5797 960 5867 impressis
1008 5796 1436 5867 antiquiores‘et
1468 5795 1703 5867 potiores

151 5874 261 5917 mss.
288 5866 320 5919 ἓ
347 5867 506 5937 Βοιι.,
539 5867 688 5940 lieg.,
718 5863 877 5936 Tam,
909 5867 1058 5936 Juu.,
1087 5863 1240 5936 l’en.,
1268 5869 1299 5921 li
1325 5863 1504 5934 Colbl,
1531 5863 1703 5936 Lips».

1798 4659 1956 4704 retur.
1989 4646 2158 4706 CELL.

1874 4739 1941 4796 ln
1986 4751 2090 4796 tam
2133 4742 2307 4796 variis.
2339 4739 2532 4796 Addita
2578 4741 2888 4812 praepositio
2935 4744 2989 4798 in
3035 4758 3102 4799 ex
3143 4743 3392 4799 omnibus

1802 4828 1935 4887 mss.
1971 4823 2025 4867 et
2046 4813 2254 4887 cunctis
2285 4814 2393 4887 fere
2415 4813 2574 4868 editis
2607 4831 2622 4868 :
2654 4813 2809 4887 deest
2845 4815 2899 4870 in
2925 4815 2960 4870 5
2986 4816 3215 4887 vulgatis
3244 4830 3358 4872 rec.

1873 4883 2073 4940 Restat.
2104 4884 2218 4941 Hoc
2243 4900 2311 4940 ex
2337 4884 2634 4954 Cicerone,
2667 4885 2798 4950 ibid.
2831 4902 2886 4940 n.
2917 4889 3005 4943 44.

1882 4978 2068 5033 Verum
2095 4978 2246 5032 etiam
2273 4977 2428 5047 impie
2453 4977 2630 5050 faciat,
2649 4979 2693 5032 si
2713 4978 2834 5050 deos
2854 4995 2960 5033 esse
2979 4988 3140 5050 neget.
3166 4979 3317 5035 Plato
3339 4981 3391 5036 iti

1801 5051 2039 5123 Cratylo.
2080 5050 2338 5123 Similiter
2351 5049 2934 5123 stoici,_ut_Posidonius
2947 5049 3086 5123 apud
3099 5052 3395 5108 Stobzcum.

1801 5124 1858 5180 S.
1890 5120 2116 5197 August.
2149 5122 2184 5175 l.
2212 5137 2263 5175 tv
2292 5120 2361 5176 de
2385 5120 2509 5197 Civ._
2531 5121 2622 5175 Dei
2645 5163 2660 5186 ,
2688 5137 2806 5192 cap.
2840 5123 2898 5176 ll
2932 5143 2954 5197 τ’
2983 5120 3175 5197 Dicunt
3201 5123 3402 5197 (stoici)

1801 5195 1972 5268 omnia
1985 5192 2366 5268 isiderafpartes
2392 5192 2536 5268 ovis
2563 5208 2690 5268 esse,
2732 5204 2779 5246 et
2808 5193 2991 5268 omnia
3018 5192 3226 5268 viverep
3249 5192 3401 5268 atque

1800 5266 2080 5320 rationales
2107 5267 2306 5320 animas
2331 5265 2542 5330 habere;
2567 5274 2614 5319 el
2637 5265 2749 5318 ideo
2775 5264 2883 5319 sine
2921 5267 3262 5322 controversia
3276 5264 3398 5323 deos

1801 5355 1926 5394 esse.
1953 5337 2198 5393 Vossws.
2761 5337 2769 5352 ‘

1875 5430 1966 5486 Illi
1993 5430 2126 5486 enim
2150 5430 2306 5484 solem
2332 5439 2378 5483 et
2405 5430 2599 5483 lunam.
2621 5427 2793 5500 variis
2843 5430 3090 5500 gentibus
3133 5447 3254 5488 mos
3277 5432 3398 5500 fuit,

1806 5502 1987 5559 Solem
2020 5512 2074 5557 et
2121 5501 2324 5556 Lunam
2371 5501 2617 5556 adorare.
2654 5499 2730 5555 De
2783 5499 2963 5556 Persis
3011 5502 3315 5560 Herodotus
3346 5499 3398 5560 in

1804 5573 1920 5647 Clio
1949 5594 1962 5630 :
1992 5573 2376 5647 Sacriﬁcantet
2401 5572 2532 5647 Soli,
2560 5581 2613 5647 et
2636 5569 2820 5647 Lunae,
2849 5582 2895 5627 et
2926 5572 3142 5638 Telluri,
3175 5585 3223 5630 et
3250 5575 3394 5647 Igni,

1807 5658 1852 5701 et
1880 5645 2058 5717 Aquat,
2095 5657 2138 5698 et
2182 5643 2352 5698 Ventis
2384 5661 2401 5698 :
2426 5644 2504 5717 his
2533 5644 2666 5717 enim
2694 5644 2816 5699 solis
2841 5654 2896 5698 ut
2921 5647 3233 5716 sacriﬁcent,
3262 5643 3400 5702 a'nli-

1806 5735 1906 5786 qua
1935 5714 2147 5770 ablinttil
2177 5716 2508 5789 consuetudo.
2548 5714 2688 5789 [deus
2709 5760 2720 5776 .
2752 5717 2820 5789 de
2847 5717 3030 5789 Libyae
3059 5714 3267 5788 populis
3288 5762 3301 5785 ,
3340 5721 3396 5774 in

1807 5789 2146 5861 Melpomene
2169 5803 2183 5840 :
2210 5786 2656 5861 Sa_e;riﬁfcantholi
2677 5800 2722 5861 et
2746 5787 2904 5861 Luna:
2922 5786 3070 5856 solis,
3085 5786 3264 5861 quibus
3293 5806 3398 5845 om-

1811 5878 1897 5915 nes
1920 5857 2105 5928 Libya!
2130 5858 2303 5930 populi
2335 5860 2496 5914 solent
2528 5858 2812 5915 immolare.
2839 5857 3119 5918 Senectus.
