3986 6358
564 240 671 300 2'79

1659 241 1843 298 FlllM.
1888 239 2251 299 LACTANTlI
2293 240 2497 299 DIVIN.
2540 238 2786 298 INSTI'I‘.

3693 237 3779 299 180

562 364 726 418 valet.
758 362 888 417 Nam
916 363 959 418 si
988 362 1117 418 deos
1145 375 1263 417 esse
1291 360 1492 417 idcirco
1518 361 1833 433 opinantur,
1874 362 1997 433 quia
2028 376 2152 417 cer-
2178 364 2233 424 Α
2257 376 2365 417 εει-θ
2394 361 2563 431 pictas
2591 358 2900 429 eltictasque
2920 353 3143 413 vidisset
3162 394 3180 424 ,
3212 368 3313 412 suo
3342 354 3428 411 illa
3450 357 3646 413 consilio
3688 375 3782 416 mo-

566 465 649 509 tos
694 464 747 508 et
796 453 1144 508 rationabiles
1190 467 1381 507 cursus
1422 452 1655 515 habent.
1702 461 1905 508 errant.
1938 452 2019 507 Ex
2056 452 2159 509 hoc

565 549 706 604 enim
734 556 957 617 apparet
986 546 1117 602 deos
1146 562 1252 602 non
1282 562 1403 603 esse
1422 590 1435 614 ,
1484 547 1629 618 quod
1660 548 1966 603 exorbitare
1993 547 2099 602 illis
2125 562 2155 603 a

563 639 877 713 praestitutis
901 639 1182 694 itineribus
1200 655 1304 695 noo
1331 641 1474 694 licet.
1497 638 1764 695 Caeterum
1788 640 1833 694 si
1854 639 1926 694 dii
1951 648 2153 707 essent,

562 733 669 787 huc
691 742 850 803 atque
872 732 998 788 illuc
1021 733 1218 802 passim
1243 732 1358 787 sine
1382 732 1489 787 ulla
1511 732 1835 788 necessitate
1858 730 2152 796 ferrentur,

560 828 699 883 sicut
725 828 1032 882 animantes
1072 827 1123 881 in
1177 836 1354 892 terra,
1387 842 1613 898 quarum
1640 827 1763 897 quia
1806 825 1989 881 liberte
2030 834 2158 880 sunt

559 918 897 986 voluntates,
948 920 1052 975 huc
1089 929 1250 991 atque
1290 919 1416 975 illuc
1447 927 1727 990 vagantur,
1778 928 1834 973 ut
1877 917 2067 983 libuit,
2102 925 2159 973 et

560 1026 666 1083 quo
687 1028 959 1083 quamque
980 1028 1134 1068 mens
1158 1012 1405 1081 duxerit,
1429 1028 1496 1068 eo
1526 1012 1713 1068 fertur.
1739 1012 1856 1068 Non
1885 1021 1968 1069 est
1996 1012 2159 1084 igitur

556 1114 824 1159 astrorum
859 1116 1040 1162 mutus
1070 1106 1438 1172 voluntarius,
1469 1106 1565 1162 sed
1613 1107 1985 1175 necessarius,
2031 1105 2157 1177 quia

558 1197 872 1267 prtestitutis
916 1197 1126 1269 legibus
1170 1197 1472 1270 officiisque
1511 1198 1842 1255 deserviunt.
1887 1198 1991 1255 Sed
2033 1214 2157 1254 cum

559 1290 860 1361 disputaret
884 1292 953 1347 de
981 1292 1232 1347 cursibus
1260 1293 1500 1348 siderum
1519 1335 1533 1356 ,
1558 1308 1696 1365 quos
1719 1308 1787 1349 ex
1817 1294 1932 1364 ipsa
1975 1309 2156 1349 rerum

561 1399 626 1439 ac
654 1394 956 1455 temporum
1003 1387 1358 1457 congruentia
1386 1386 1724 1459 iutelligebat
1754 1402 1861 1442 non
1891 1402 2014 1444 esse
2047 1386 2159 1443 for-

561 1480 759 1546 tuitos,
792 1474 1117 1536 existim’avit
1161 1481 1497 1539 voluntarios
1537 1499 1689 1552 esse,
1746 1494 2017 1557 tamquam
2047 1501 2156 1541 non

562 1585 784 1642 possent
827 1587 932 1629 tam
978 1576 1268 1648 disposite,
1318 1589 1425 1634 tam
1474 1578 1724 1636 ordinate
1767 1582 2005 1646 moveri,
2054 1581 2157 1638 nisi

561 1681 755 1723 sensus
783 1669 888 1724 illis
920 1670 1126 1727 inesset
1152 1670 1315 1726 oflieii
1343 1672 1426 1726 sui
1452 1674 1650 1729 sciens.
1684 1675 1730 1729 0
1770 1689 1931 1744 quam
1963 1673 2158 1730 difﬁci-

559 1762 626 1818 lis
654 1774 735 1818 cst
778 1764 1151 1835 ignorantibus
1180 1767 1413 1831 veritas,
1450 1777 1503 1821 et
1531 1783 1690 1838 quam
1734 1767 1907 1825 facilis
1939 1769 2161 1825 scienti-

558 1857 680 1912 bus!
731 1858 786 1914 Si
839 1870 1051 1927 tnotus,
1084 1861 1279 1931 inquit,
1312 1870 1584 1916 astrorum
1620 1861 1825 1917 fortuiti
1854 1878 1959 1918 non
1992 1873 2156 1930 sunt,

563 1950 696 2007 nihil
721 1951 866 2007 aliud
890 1962 1077 2018 restat,
1105 1955 1205 2007 nisi
1242 1963 1300 2008 ut
1324 1954 1613 2008 voluntarii
1641 1955 1787 2021 sint;
1814 1957 1979 2010 immo
2007 1971 2159 2024 vero,

564 2056 623 2100 nt
678 2062 783 2102 non
842 2063 963 2103 esse
1008 2048 1262 2104 fortuitos
1306 2048 1649 2104 manifestum
1681 2060 1764 2105 est
1789 2093 1803 2118 ,
1838 2051 1909 2106 ita
1941 2068 2040 2107 nec
2069 2067 2164 2108 vo-

565 2139 846 2196 luntarios.
879 2141 1161 2210 Quomodo
1210 2142 1369 2213 igitur
1398 2146 1451 2198 in
1481 2144 1835 2200 conﬁciendis
1880 2145 2164 2202 itineribus

561 2235 926 2288 constantiam
966 2250 1121 2290 suam
1151 2237 1405 2292 servant?
1432 2236 1698 2291 Nimirum
1735 2239 1893 2305 Deus,
1926 2238 2164 2293 universi

558 2333 775 2401 artifex,
800 2334 878 2387 sic
910 2334 1000 2388 illa
1031 2334 1331 2405 disposuit,
1365 2336 1443 2391 sic
1474 2335 1813 2390 machinatus
1842 2345 1925 2390 est
1946 2378 1959 2398 ,
1986 2346 2042 2390 ut
2068 2351 2166 2407 per

557 2427 731 2497 spatia
756 2427 880 2481 coeli
916 2426 1098 2481 divina
1130 2437 1183 2481 et
1209 2426 1518 2481 admirabili
1547 2429 1759 2483 ratione
1782 2428 2161 2496 decurrerent,

558 2521 625 2575 ad
658 2519 973 2575 clliciendas
1003 2520 1411 2576 succedentium
1446 2519 1547 2575 sibi
1590 2530 1901 2591 temporum
1934 2522 2166 2577 varieta—

564 2625 668 2670 tes.
706 2620 740 2667 Α
755 2631 785 2668 ιι
814 2614 1169 2670 Archimedes
1198 2612 1410 2669 Siculus
1442 2629 1681 2670 concavo
1720 2628 1831 2670 aere
1860 2614 2167 2670 similitudi-

565 2726 689 2766 nem
731 2710 918 2766 mundi
947 2726 1010 2765 ac
1060 2710 1282 2781 figuram
1317 2710 1491 2779 potuit
1512 2709 1845 2777 machinari,
1874 2710 1925 2764 in
1954 2724 2061 2779 quo
2092 2711 2165 2765 ita

563 2804 736 2859 solem
771 2820 833 2859 ac
863 2804 1045 2859 lunam
1079 2802 1417 2873 composuit,
1453 2813 1510 2857 ut
1537 2803 1833 2874 inaequales
1864 2813 2043 2858 motus
2064 2843 2080 2870 ,
2109 2811 2166 2859 et

562 2897 879 2953 cmicstibus
931 2896 1137 2952 similes
1186 2897 1679 2962 conversionibus,
1732 2897 1962 2969 singulis
2011 2897 2164 2969 quasi

563 2991 756 3048 diebus
785 2991 1068 3048 efficerent
1087 3034 1102 3058 ,
1136 3004 1188 3047 et
1219 3008 1327 3047 non
1355 2991 1519 3048 modo
1546 3005 1805 3048 accessus
1832 2991 1967 3047 solis
1993 2999 2048 3047 et
2077 3005 2165 3046 re-

563 3100 782 3150 cessus,
817 3084 902 3140 vel
954 3085 1286 3141 incrementa
1318 3085 1814 3156 ditninutioneSque
1855 3085 2001 3140 lunae
2024 3126 2039 3150 ,
2072 3099 2167 3141 ve-

563 3193 682 3232 rum
711 3177 871 3232 etiam
904 3176 1208 3246 stellarum,
1238 3178 1326 3233 vel
1350 3179 1734 3245 inerrantium,
1758 3177 1844 3233 vel
1870 3192 2158 3246 vagarum,

562 3272 805 3343 disttares
824 3287 1016 3328 cursus
1042 3272 1191 3329 orbis
1223 3273 1347 3339 ille,
1377 3273 1505 3328 dum
1539 3272 1804 3339 vertitur,
1835 3271 2161 3328 exhiberet?

564 3364 707 3421 Deus
734 3380 863 3435 ergo
895 3366 984 3421 illa
1015 3381 1142 3421 vera
1172 3381 1281 3420 non
1312 3366 1486 3437 potuit
1518 3365 1819 3421 machinari
1844 3375 1898 3419 et
1940 3363 2163 3421 efficere

560 3474 681 3532 qua:
714 3458 887 3529 potuit
915 3459 1134 3515 solertia
1170 3458 1407 3514 hominis
1439 3458 1741 3514 imitatione
1768 3456 2068 3513 simulare?

638 3552 898 3611 Utrumne
925 3554 1088 3626 igitur
1114 3556 1338 3622 stoicus,
1377 3552 1423 3608 si
1450 3564 1720 3607 astrorum
1755 3551 1956 3623 ﬁguras
1982 3551 2038 3605 in
2068 3550 2161 3606 illo

2259 454 2373 510 veri
2401 452 2643 519 diceret,
2677 466 2741 507 ac
2781 465 2891 506 non
2938 449 3118 519 potius
3154 446 3376 505 artiﬁcis
3403 448 3630 520 ingenio?
3663 452 3782 511 Inest

2259 561 2391 616 ergo
2412 545 2682 602 sideribus
2704 544 2840 599 ratio
2857 542 2925 598 ad
2949 540 3289 613 peragendos
3309 551 3504 597 meatus
3520 558 3631 600 suos
3649 554 3782 615 apta:

2259 641 2353 697 sed
2383 641 2474 695 Dei
2504 649 2587 695 est
2620 639 2707 694 illa
2735 636 2874 694 ratio
2894 676 2913 703 ,
2945 636 3037 707 qui
3078 646 3134 692 et
3165 636 3287 691 fecit
3307 677 3323 701 ,
3365 645 3419 692 et
3454 637 3577 708 regit
3609 639 3782 706 omnia,

2261 749 2367 790 non
2399 733 2640 802 ipsorum
2664 730 2904 786 siderum
2921 770 2937 797 ,
2968 743 3091 800 quae
3117 736 3421 784 moventur.
3445 727 3565 783 Nam
3590 729 3629 784 si
3652 731 3787 787 solem

2260 837 2408 883 stare
2437 824 2733 890 voluisset,
2757 832 3054 895 perpetuus
3081 822 3269 892 utique
3298 819 3409 876 dies
3428 828 3577 876 esset.
3602 820 3733 891 Item,
3750 824 3787 880 si

2259 929 2442 975 motus
2467 929 2614 973 astra
2642 931 2749 972 non
2773 915 3061 982 haberent,
3083 915 3205 985 quis
3226 913 3434 969 dubitet
3458 917 3790 984 sempiternam

2260 1026 2472 1071 noctem
2505 1012 2671 1068 fuisse
2700 1010 2973 1067 futuram?
3003 1009 3110 1067 Sed
3158 1018 3218 1065 ut
3261 1008 3371 1065 diei
3396 1024 3456 1063 ac
3481 1009 3636 1066 noctis
3674 1010 3790 1067 vices

2259 1119 2478 1175 essent,
2512 1106 2720 1162 moveri
2745 1121 2809 1162 ea
2837 1103 3013 1161 voluit
3044 1124 3058 1160 :
3093 1113 3148 1160 et
3179 1113 3288 1159 tam
3334 1105 3476 1160 varie
3503 1104 3710 1171 moveri,
3747 1114 3793 1161 ut

2262 1219 2369 1260 non
2402 1201 2564 1258 modo
2589 1200 2728 1258 lucis
2756 1215 2820 1256 ac
2848 1200 3193 1256 tenebrarum
3222 1209 3419 1254 mutuce
3455 1198 3795 1256 vicissitudines

2262 1298 2459 1354 fierent
2478 1340 2491 1363 ,
2524 1296 2723 1368 quibus
2748 1294 2951 1350 laboris
2990 1302 3047 1350 et
3075 1293 3276 1364 quietis
3295 1292 3496 1348 alterna
3519 1293 3673 1364 spatia
3695 1308 3799 1349 cou-

2262 1397 2501 1449 starent;
2529 1387 2625 1444 sed
2655 1387 2821 1443 etiam
2846 1385 3063 1457 frigoris
3090 1397 3144 1441 et
3172 1384 3390 1453 caloris,
3425 1394 3481 1440 ut
3503 1385 3788 1442 diversorum

2265 1493 2568 1553 temporum
2612 1480 2691 1535 vis
2719 1494 2783 1535 ac
2812 1488 3049 1549 potestas
3069 1520 3085 1546 ,
3117 1478 3204 1535 vel
3243 1479 3584 1550 generandis,
3617 1480 3686 1536 vel
3709 1496 3797 1535 ma-

2265 1575 2506 1632 turandis
2533 1573 2774 1646 frugibus
2801 1572 3136 1628 conveniret.
3161 1572 3335 1640 Quam
3368 1573 3625 1628 solertiam
3639 1573 3799 1628 divina:

2264 1667 2551 1740 potestatis
2590 1667 2644 1721 in
2692 1664 3066 1721 machinandis
3097 1664 3382 1720 itineribus
3409 1675 3684 1731 astrorum,
3710 1665 3803 1737 quia

2188 1789 2237 1850 Β
2268 1759 2569 1833 philosophi
2596 1773 2700 1813 non
2729 1757 3010 1822 videbant,
3040 1756 3290 1812 animalia
3316 1772 3440 1815 esse
3479 1759 3643 1814 sidera
3669 1768 3791 1828 puta-

2267 1866 2461 1914 verunt
2504 1874 2519 1925 ;
2549 1868 2821 1927 tamquam
2850 1854 3074 1924 pedibus
3097 1895 3112 1919 ,
3132 1862 3191 1910 et
3207 1863 3424 1925 Sponte,
3445 1868 3549 1909 non
3568 1853 3722 1909 divina
3741 1869 3805 1908 ra-

2269 1952 2415 2007 tione
2437 1948 2814 2021 procederent.
2837 1946 2948 2003 Cur
2974 1957 3154 2003 autem
3177 1947 3270 2002 illa
3291 1947 3662 2019 excogitaverit
3678 1946 3802 2013 Deus,

2268 2044 2388 2115 quis
2405 2058 2512 2097 non
2531 2041 2822 2112 intelligit?
2844 2040 3067 2097 Scilicet
3087 2055 3157 2095 ne
3178 2039 3310 2095 solis
3327 2040 3528 2095 lumine
3543 2037 3805 2099 decedente.

2270 2138 2495 2192 nimium
2545 2151 2687 2191 caeca
2721 2150 2830 2190 nox
2858 2134 3010 2189 tetris
3039 2142 3203 2204 atque
3243 2132 3584 2188 horrentibus
3621 2129 3808 2187 tenebris

2270 2231 2690 2300 ingravesceret,
2714 2237 3042 2297 noceretqne
3056 2226 3379 2281 viventibus.
3402 2224 3579 2297 Itaque
3593 2236 3642 2281 et
3657 2223 3807 2279 ctelum

2269 2304 2429 2378 simul
2462 2322 2594 2376 inira
2622 2320 2883 2375 varietate
2909 2316 3176 2384 distinxit,
3201 2327 3255 2373 et
3279 2317 3534 2373 tenebras
3556 2318 3684 2388 ipsas
3704 2314 3810 2370 mul-

2272 2415 2339 2470 tis
2389 2415 2717 2484 minutisque
2763 2411 3056 2466 luminibus
3085 2411 3428 2480 temperavit.
3462 2410 3661 2478 Quanto
3684 2408 3808 2479 igitur

2277 2507 2418 2564 Naso
2447 2506 2796 2575 prudentius,
2848 2518 3006 2575 quam
3048 2502 3169 2569 illi,
3200 2503 3292 2574 qui
3324 2502 3596 2572 sapientia:
3639 2500 3811 2556 studere

2271 2616 2331 2657 se
2361 2609 2582 2671 putant,
2616 2597 2712 2670 qui
2743 2598 2912 2653 sentit
2940 2610 2971 2650 a
3001 2594 3115 2650 Deo
3137 2594 3343 2649 lumina
3370 2593 3495 2663 illa,
3520 2602 3579 2648 ut
3604 2591 3813 2647 honorem

2272 2693 2614 2749 tenebrarum
2646 2689 3022 2760 depellerent,
3068 2688 3354 2743 instituta!
3386 2688 3436 2742 is
3461 2701 3579 2742 eum
3621 2685 3807 2746 librum,

2270 2802 2377 2856 quo
2404 2785 2674 2857 Φαινόμενα
2701 2781 2941 2838 breviter
2967 2780 3412 2854 comprehendit,
3442 2780 3525 2838 bis
3550 2778 3702 2835 tribus
3721 2789 3812 2830 ver-

2269 2876 2417 2934 sibus
2448 2875 2753 2932 terminavit
2785 2892 2799 2930 :

2425 2968 2521 3032 Tot
2536 2981 2764 3032 numero,
2789 2967 2973 3032 talique
2991 2966 3128 3018 Deus
3151 2968 3413 3019 simulacra
3431 2967 3585 3031 ﬁgura

2425 3030 2658 3095 Imposuit
2682 3030 2829 3094 coelo,
2852 3030 3045 3095 perque
3069 3038 3200 3095 atras
3221 3044 3394 3094 sparsa
3418 3030 3644 3081 tenebras

2428 3092 2567 3145 Clara
2588 3092 2829 3158 pruinosae
2842 3092 2990 3157 jussit
3006 3095 3126 3145 dare
3149 3092 3335 3144 lumina
3359 3095 3509 3145 nocti.

2186 3190 2236 3255 ρ
2268 3176 2422 3247 Quod
2447 3180 2494 3235 si
2526 3178 2640 3234 lieri
2672 3195 2776 3233 non
2806 3187 3004 3249 potest,
3037 3190 3096 3234 ut
3121 3178 3295 3235 stellas
3334 3179 3412 3235 dii
3443 3182 3575 3244 sint;
3607 3187 3718 3245 ergo
3740 3184 3812 3225 nec

2265 3271 2349 3328 sol
2376 3272 2617 3343 quidem,
2650 3287 2753 3328 nec
2784 3272 2909 3328 luna
2939 3272 3013 3328 dii
3042 3287 3165 3328 esse
3205 3282 3471 3343 possunt,
3501 3270 3729 3342 quoniam
3749 3265 3811 3319 lu-

2263 3364 2498 3421 minibus
2522 3374 2817 3433 astrorum,
2847 3380 2953 3421 non
2983 3367 3192 3421 ratione
3217 3365 3501 3431 dill'erunt,
3533 3363 3624 3420 sed
3648 3358 3813 3431 magar

2262 3458 2469 3514 tudine.
2503 3458 2656 3528 Quod
2707 3461 2750 3513 si
2799 3458 2853 3514 hi
2899 3458 2973 3514 dii
3026 3475 3132 3515 non
3181 3471 3347 3530 sunt;
3382 3473 3514 3532 ergo
3541 3472 3633 3515 nec
3657 3453 3811 3512 ctelunt

2261 3549 2501 3621 quidem,
2535 3552 2589 3607 in
2616 3567 2723 3623 quo
2752 3551 2841 3609 illa
2873 3553 3055 3610 omnia
3081 3554 3453 3613 continentur.

1904 3685 2272 3744 VARIORUM
2310 3686 2544 3745 NOTE.

631 3815 1003 3871 Rationnbiles.
1054 3814 1183 3869 Mss.
1230 3812 1397 3868 Bruu.
1430 3809 1746 3875 rationales;
1776 3819 1830 3866 et
1859 3809 1941 3865 sic
1968 3807 2150 3879 legere

560 3888 799 3944 malebat
829 3887 1110 3942 Francius.

629 3958 957 4014 Exorbitare.
991 3956 1247 4029 Cyprian:
1273 3954 1368 4010 lib.
1397 3955 1448 4009 i.
1481 3969 1567 4024 ep.
1602 3952 1690 4008 l2.
1720 3949 2034 4006 Exorbitans
2055 3961 2100 4007 et
2122 3969 2153 4007 a

553 4032 636 4086 uia
665 4031 887 4085 veritatis
919 4027 1178 4084 exet-rans.
1223 4027 1351 4082 BUN.

636 4101 862 4156 Passim.
891 4101 947 4154 id
977 4110 1080 4161 est,
1109 4099 1224 4153 sine
1255 4096 1462 4163 ordine,
1492 4096 1609 4153 sine
1639 4097 1802 4151 certis
1841 4095 2064 4165 legibus,
2096 4105 2157 4152 ut

558 4174 719 4231 libuit
749 4192 762 4227 :
804 4173 943 4227 sicut
986 4171 1164 4225 tnnnia
1198 4172 1379 4235 verba,
1409 4180 1700 4224 contextus
1727 4167 1977 4237 produnt.
2018 4167 2155 4223 Noto

560 4248 626 4301 ad
656 4247 694 4302 l.
723 4262 780 4311 ιι,
815 4261 930 4310 cap.
963 4242 1018 4309 6,
1049 4252 1104 4296 et
1129 4242 1193 4296 ad
1224 4242 1258 4296 Ι.
1291 4257 1368 4304 ιιι,
1400 4257 1519 4311 cap.
1552 4241 1604 4296 9.
1640 4240 1771 4294 Bon.

634 4317 703 4373 Ut
745 4316 907 4371 libuit.
940 4314 1016 4370 Ita
1062 4330 1251 4369 omnes
1275 4313 1404 4370 editi
1434 4322 1489 4369 et
1532 4328 1663 4368 mss.
1696 4322 1890 4383 prmter
1916 4327 2011 4370 sex
2038 4326 2148 4368 rec.

556 4389 610 4443 in
639 4389 832 4448 uuibus
860 4396 970 4454 est,
1000 4395 1053 4440 ut
1081 4388 1216 4440 libet.

629 4460 710 4515 Eo
740 4461 919 4530 fertur.
950 4457 1074 4513 Mss.
1102 4457 1139 4511 2
1165 4472 1299 4524 rec.,
1322 4462 1574 4530 feruntur.
1634 4476 1655 4530 ς

629 4528 753 4587 Non
790 4541 863 4584 est
901 4531 1057 4600 igitur
1082 4528 1335 4583 astrorum
1364 4539 1529 4583 motus
1558 4529 1897 4583 voluntarius.
1931 4528 2157 4586 Veteres

555 4605 743 4661 moveri
768 4603 936 4658 sidera
958 4601 1225 4665 dicebant,
1240 4617 1363 4655 cum
1380 4601 1690 4657 oriebantur
1710 4603 1794 4656 vel
1819 4602 2157 4669 occidebant,

632 4677 863 4748 Oﬂicii...
888 4674 1071 4748 sciens.
1099 4671 1169 4728 Ut
1196 4671 1232 4725 l.
1264 4688 1324 4748 t_t_,
1355 4686 1473 4745 cap.
1500 4674 1582 4737 Mt,
1602 4671 1791 4727 Rerum
1811 4673 1960 4727 scios.
1982 4673 2155 4743 Epist.

557 4745 772 4820 capfb',
800 4762 968 4820 rerum
995 4746 1226 4820 scientes.
1267 4745 1401 4820 lium.

629 4814 707 4875 An
738 4816 1089 4884 Archimedes,
1121 4828 1226 4870 etc.
1258 4814 1371 4871 Cic.
1403 4815 1622 4871 Tuscul.
1670 4832 1709 4870 ι.
1743 4814 1876 4870 Nam
1900 4830 2023 4871 cum
2054 4817 2157 4871 Ar-

556 4893 853 4956 chimedes,
914 4888 1075 4952 lunai,
1129 4888 1291 4952 stilis,
1339 4887 1557 4955 quinque
1579 4888 1859 4942 errantium
1905 4899 2072 4941 motus
2100 4888 2156 4942 in

554 4965 810 5032 spltan'um
844 4960 1080 5032 illigavit,
1111 4957 1274 5032 e/[ecit
1302 4958 1454 5032 idem.
1494 4960 1628 5028 quod
1654 4960 1740 5013 ille
1767 4960 1928 5032 quiin
1959 4958 2154 5015 Timaeo

554 5028 801 5087 mundum
828 5028 1101 5099 mdiﬁcavit
1144 5028 1376 5085 Platonis
1408 5029 1563 5097 Deus,
1599 5041 1654 5084 ut
1684 5031 1941 5094 tarditate,
1970 5033 2154 5085 celeri-

556 5115 658 5158 tate
681 5105 1147 5173 dissimilltmosque
1167 5112 1333 5156 motus
1358 5119 1459 5155 una
1476 5112 1667 5171 regeret
1694 5102 1955 5156 conversio
1978 5118 1997 5156 :
2017 5104 2154 5172 quod

552 5177 598 5229 si
625 5177 677 5228 in
702 5177 793 5229 hoc
819 5175 1007 5229 mundo
1036 5176 1145 5229 sine
1173 5173 1281 5228 Deo
1308 5174 1419 5243 ﬁeri
1449 5189 1549 5227 non
1579 5184 1759 5243 potest,
1788 5190 1849 5227 ne
1875 5174 1928 5227 in
1949 5174 2153 5240 sphaera

553 5246 759 5315 quidem
797 5247 999 5300 eosdem
1045 5254 1209 5299 motus
1259 5245 1582 5299 Archimedes
1610 5247 1718 5299 sine
1742 5246 1912 5299 divino
1946 5246 2151 5314 ingenio

556 5319 798 5385 potuisset
835 5319 1044 5371 imitari.
1070 5317 1178 5372 Jul.
1213 5317 1455 5382 Firmic.,
1486 5317 1578 5371 lib.
1613 5333 1686 5379 vt,
1720 5332 1839 5385 cap.
1863 5318 1897 5371 5
1921 5315 2046 5371 :Hic
2076 5329 2150 5374 est

554 5389 644 5443 ille
674 5398 863 5451 noster,
892 5390 1038 5457 cujus
1062 5390 1265 5461 ingenio
1291 5391 1493 5459 spltwra
1518 5390 1767 5459 fabricata
1807 5389 1919 5442 caeli
1950 5389 2149 5458 lapsum

552 5470 599 5513 et
630 5461 855 5513 omnium
888 5460 1127 5513 siderum
1161 5478 1340 5515 cursus
1369 5461 1600 5529 exemplo
1641 5460 1827 5514 divina:
1853 5461 2150 5516 imitationis

552 5531 791 5584 ostendit.
825 5530 1041 5585 Solinus
1068 5548 1187 5600 cap.
1210 5534 1276 5587 2|
1316 5550 1329 5586 :
1364 5532 1463 5586 Hic
1492 5534 1673 5587 domus
1700 5533 2037 5595 Archimedis,
2061 5533 2149 5602 qui

537 5604 696 5672 juxta
726 5603 969 5673 siderum
1008 5602 1330 5673 disciplinam
1381 5606 1726 5659 macltinarius
1778 5613 2144 5658 commentator

536 5675 658 5743 fuit.
693 5672 803 5728 Nec
834 5684 1008 5726 tamen
1034 5672 1401 5731 hac’machina
1432 5676 1605 5733 Solum
1635 5676 1870 5733 celebris
1899 5676 2014 5738 fuit,
2042 5674 2141 5731 sed

526 5745 648 5818 aliis
670 5746 721 5818 in
742 5744 1024 5818 obsidione
1044 5743 1433 5818 Syracusarum
1460 5748 1528 5803 ab
1546 5749 1795 5804 omnibus
1820 5746 2131 5804 celebratis.

508 5814 651 5871 Item
698 5817 1010 5889 hydraulica
1060 5814 1308 5874 machina
1351 5820 1602 5890 quapiam
1630 5861 1644 5889 ,
1690 5833 1851 5891 quam
1894 5818 2127 5877 Tertull.

2257 3810 2443 3888 laudat
2468 3827 2586 3883 cap.
2615 3814 2706 3888 14,
2738 3813 2830 3888 lib.
2855 3814 2925 3888 de
2944 3815 3136 3871 Anima
3167 3815 3418 3888 :Specta,
3444 3816 3632 3886 inquit,
3654 3817 3813 3888 porten-

2252 3880 2561 3961 tosissitnnm
2595 3886 2911 3961 Archimedis
2948 3880 3378 3958 munificentiam,
3403 3880 3813 3961 organumhydrof

2256 3955 2410 4031 ticum
2432 3955 2568 4025 dico,
2603 3966 2674 4011 tot
2704 3959 2946 4023 membra,
2979 3968 3051 4014 tot
3078 3955 3265 4028 partes,
3302 3972 3376 4017 tot
3400 3955 3705 4031 compagine:
3727 3994 3739 4018 .
3763 3958 3815 4031 ιρι

2258 4026 2441 4101 itinera
2466 4043 2674 4097 vocum,
2719 4040 2788 4083 tot
2835 4026 3138 4101 compendia
3164 4049 3434 4099 sonorum,
3471 4026 3539 4086 tot
3566 4026 3812 4085 commercia

2261 4098 2549 4174 modorum,
2581 4110 2666 4174 tot
2668 4102 2823 4166 acies,
2847 4098 2960 4158 etc.‘
2984 4102 3272 4160 Ban'rmns.
3300 4098 3475 4170 Hujus
3506 4102 3813 4174 sphaera???

2262 4170 2416 4245 mittit
2443 4172 2601 4245 etiam
2620 4169 2818 4245 Cicero
2868 4174 2961 4228 lib.
2986 4191 3023 4229 tt
3045 4176 3113 4231 de
3133 4176 3336 4231 Natura
3358 4169 3603 4235 deorum,
3629 4182 3673 4227 et
3702 4169 3812 4245 litui

2263 4241 2555 4299 Tusculan.
2599 4244 2990 4311 Qua-stionum.
3040 4248 3173 4301 Vide
3221 4249 3388 4304 etiam
3430 4246 3751 4303 Claudianum
3774 4241 3808 4287 in

2262 4312 2661 4384 Epigrammate
2689 4314 2757 4372 de
2779 4316 3124 4373 Archimede.
3155 4348 3227 4359 -—
3247 4320 3596 4374 Archimedes.
3628 4314 3813 4381 Αρρποι

2262 4383 2601 4440 Lactantium
2631 4390 2937 4456 respexisse
2962 4390 3028 4444 ad
3054 4391 3168 4445 Cic.
3190 4390 3285 4445 lib.
3321 4407 3361 4445 ιι
3386 4392 3458 4446 de
3483 4391 3597 4443 Nat.
3613 4386 3807 4456 deorum.

2180 4480 2235 4540 Ι)
2261 4472 2310 4511 c.
2330 4459 2398 4540 {>6
2423 4474 2441 4511 :
2467 4450 2819 4540 Archimedem
2829 4462 3150 4540 arbitrantur
3169 4464 3285 4533 plus
3299 4462 3522 4540 valuisse
3540 4462 3589 4514 in
3604 4450 3811 4540 imitando

2264 4530 2482 4605 spltterte
2505 4533 2933 4605 conversionibus,
2978 4550 3131 4605 quam
3169 4522 3432 4589 'naturam
3483 4536 3536 4587 in
3572 4522 3808 4601 efﬁciendis.

2264 4601 2472 4656 Add.c.
2505 4603 2593 4658 34.
2627 4603 2904 4659 Bonnam.

2339 4672 2627 4745 lanuales
2662 4686 2843 4731 motus.
2870 4677 2943 4733 De
2962 4677 3047 4733 his
3076 4677 3198 4734 vide
3218 4678 3483 4745 Plinium,
3505 4675 3595 4731 lih.
3623 4688 3675 4745 ll.

2333 4742 2779 4819 Conuersionibus.
2849 4748 2901 4802 Id
2957 4758 3042 4803 est
3087 4752 3431 4819 regressibus
3469 4742 3605 4802 solis
3640 4742 3699 4798 ab
3734 4748 3812 4791 ιιιιο

2261 4815 2497 4885 Tropico
2526 4818 2593 4872 ad
2620 4819 2805 4873 alium.
2837 4819 2971 4877 Vide
3001 4815 3233 4877 Plinium
3266 4822 3364 4879 lib.
3399 4834 3552 4876 xvttt.

2345 4887 2436 4943 νει
2488 4890 2845 4965 inerrantium.
2884 4891 3030 4965 llaec
3075 4894 3235 4949 lectio
3292 4902 3382 4949 est
3434 4890 3666 4965 omnium
3710 4894 3810 4965 ηξξξ·

2262 4959 2524 5034 (dempto
2546 4963 2570 5034 _l
2604 4960 2932 5034 Oxoniensi)
2959 4975 3012 5017 ct
3044 4977 3288 5020 veterum
3318 4966 3355 5019 2
3385 4964 3519 5019 edit.
3554 4961 3717 5034 Rom.2

2259 5023 2396 5106 t'tet.,
2425 5023 2602 5106 3490,
2632 5048 2695 5086 ac
2744 5023 2948 5106 Detulf,
2983 5034 3054 5091 Is.
3076 5077 3092 5104 ,
3124 5036 3346 5106 Spark.,
3387 5034 3609 5095 Cellar.,
3638 5023 3808 5106 Vinicii».

2257 5103 2308 5176 id
2336 5114 2441 5170 est,
2474 5104 2720 5176 lixarum.
2752 5105 2876 5160 Edit
2902 5099 3088 5176 plures
3106 5099 3648 5173 Ita-bent,'errantittm,
3670 5099 3806 5156 male:

2256 5174 2399 5230 idem
2430 5175 2570 5251 enim
2592 5184 2763 5251 estgac
2781 5174 3131 5251 fré_uagarum,
3154 5179 3296 5251 quod
3324 5182 3588 5251 sequitur,
3624 5186 3709 5247 pro
3731 5176 3809 5239 quo

2256 5256 2340 5302 est
2361 5247 2655 5318 uagantium
2685 5248 2736 5301 in
2772 5249 2799 5303 1
2827 5247 2968 5304 Clar.
3000 5261 3055 5305 et
3087 5247 3306 5307 Coiton.

2327 5318 2501 5394 Solem
2524 5329 2679 5394 stare.
2718 5319 2847 5394 Vide
2871 5321 3100 5394 Plinium
3132 5323 3222 5378 lib.
3251 5339 3289 5378 ιι
3318 5365 3336 5390 ,
3376 5337 3498 5394 cap.
3531 5319 3614 5375 i9.
3670 5386 3697 5394 _
3727 5383 3736 5393 _

2324 5391 2583 5465 Animalia
2613 5392 2928 5465 esse_sidera.
2973 5393 3029 5448 In
3058 5411 3166 5465 quo
3205 5386 3396 5453 errore
3442 5386 3538 5449 luit
3576 5400 3628 5448 et
3662 5386 3808 5454 Orige-

2252 5463 2429 5534 nes‘in
2465 5462 2600 5534 libro
2623 5464 2690 5534 de
2716 5462 3019 5534 Principiis.

2326 5531 2638 5605 Minntisque
2668 5531 2965 5593 luminibus.
2995 5536 3182 5604 Quoad
3226 5538 3446 5596 oculum
3489 5537 3704 5605 sciliceh
3790 5592 3800 5604 ,

2321 5602 2614 5679 Φαινὸμεέα.
2637 5605 2734 5660 llic
2754 5608 2929 5663 Ovidii
2953 5602 3111 5675 liber,
3134 5612 3248 5667 sive
3280 5611 3568 5667 translatio
3604 5620 3663 5664 ex
3684 5602 3802 5679 Anii

2249 5674 2626 5749 Phteuomenis
2644 5719 2669 5749 ,ν
2691 5679 3007 5749 desumptus
3029 5674 3132 5738 est.
3167 5683 3293 5739 H330
3320 5683 3563 5739 carmina
3587 5694 3646 5734 es
3671 5674 3805 5749 Af)”

2247 5741 2979 5878 gaﬁcecggfeztgPlutarcl-ius
3006 5754 3102 5813 lib.
3133 5770 3169 5811 tt
3217 5754 3287 5811 de
3314 5753 3682 5826 Philosopltor.
3708 5741 3804 5799 Pla-

2247 5831 2392 5889 cttts,
2421 5834 2539 5892 cap.
2576 5831 2668 5882 ιε.
