3986 6358
194 310 312 373 285

1286 318 1495 383 LIBER
1532 317 1597 385 ll.
1638 318 1727 383 DE
1763 316 2047 383 0111611118
2084 320 2405 383 EBBDBIB.

3405 327 3510 385 286

201 431 247 488 si
272 429 460 504 aliqua
495 446 557 491 re
581 430 863 503 indigent?
910 430 996 489 vel
1025 431 1375 505 incorruptos
1396 475 1415 503 ,
1454 434 1501 497 si
1542 434 1804 508 voluptati
1833 444 1884 505 Α
1910 445 2069 508 putas
2095 477 2110 504 ,
2141 452 2270 510 ergo
2295 455 2400 495 non
2426 439 2625 496 credis.
2691 439 2815 497 ideo
2844 441 2989 511 enim
3028 432 3257 517 quaeris,
3307 454 3361 509 ut
3389 460 3508 501 eam

202 523 409 587 habent
452 539 515 583 ea
541 525 597 593 in
633 525 833 598 quibus
858 525 1180 609 appetendis
1222 528 1492 600 cupiditas
1520 528 1802 593 hominum

205 635 313 677 ηοη
366 620 645 687 immerito
692 620 1023 691 damnaturi
1062 620 1298 684 Veniunt
1336 623 1499 695 igitur
1522 624 1589 681 ad
1626 623 1801 695 deos,

199 729 307 775 non
340 721 455 779 tam
484 713 767 786 religionis
803 714 977 785 gratia
999 758 1016 784 ,
1063 731 1185 787 quae
1215 714 1365 777 nulla
1394 725 1568 787 potest
1594 730 1719 777 esse
1749 717 1802 775 in

198 807 365 865 rebus
392 808 541 873 male
572 808 741 880 partis
770 817 826 869 et
849 809 1309 881 corruptibilibus,
1342 826 1502 882 quam
1531 819 1587 871 nt
1613 826 1803 869 aurum

201 901 372 963 oculis
398 901 654 966 hauriant
677 945 692 971 ,
722 902 955 963 nitorem
979 902 1196 975 levigati
1223 904 1530 973 marmoris,
1556 914 1650 961 aut
1674 907 1806 962 eho.

198 994 276 1052 ris
308 997 618 1068 aspiciant;
660 1005 719 1058 ut
739 997 977 1069 insignes
1003 998 1198 1068 lapillis
1229 1008 1285 1055 et
1307 1000 1578 1059 coloribus
1602 1010 1800 1069 vestes,

200 1089 287 1145 rei
327 1087 589 1151 distincta
640 1090 870 1165 gemmis
900 1088 1230 1163 fulgentibus
1276 1092 1467 1162 pocula
1516 1094 1805 1157 insatiabili

197 1184 664 1256 contemplatione
684 1194 1045 1255 contrectant.
1076 1185 1145 1242 Et
1174 1194 1376 1258 quanto
1402 1186 1604 1244 fuerint
1646 1203 1805 1245 orna-

196 1277 334 1340 tiora
362 1277 589 1349 templa,
613 1287 669 1333 et
688 1277 995 1349 pulchriora
1022 1277 1333 1345 simulacra,
1358 1289 1512 1347 tante
1540 1281 1661 1353 plus
1687 1296 1801 1343 ma-

192 1370 412 1442 iestatis
440 1370 644 1431 habere
671 1371 971 1433 creduntur
1000 1390 1014 1429 ι
1044 1372 1186 1431 adeo
1220 1373 1415 1445 religio
1444 1389 1634 1431 eorum
1669 1374 1804 1431 nihil

200 1463 347 1520 aliud
377 1476 483 1531 eet,
516 1479 676 1535 quam
699 1464 842 1531 quod
868 1465 1134 1536 cupiditas
1164 1466 1400 1529 humana
1432 1467 1679 1524 miratur.

267 1555 367 1619 Hs:
392 1566 521 1615 sunt
544 1558 857 1629 religiones,
887 1574 1022 1630 quas
1042 1559 1142 1617 sibi
1170 1575 1200 1615 a
1228 1560 1524 1631 majoribus
1553 1562 1664 1616 suis
1695 1570 1804 1616 tra-

196 1650 339 1709 ditas
376 1650 808 1721 pertinacissime
834 1651 973 1711 tueri
998 1667 1061 1709 ac
1087 1651 1382 1712 defendere
1412 1642 1760 1726 perseverant
1788 1673 1803 1710 :

193 1761 293 1803 nec
310 1744 663 1805 considerant
690 1747 877 1817 quales
906 1745 1049 1813 sint;
1090 1745 1184 1803 sed
1215 1762 1284 1803 ex
1316 1747 1420 1803 hoc
1446 1748 1698 1819 probatas
1718 1757 1805 1805 ειν

1907 528 2171 599 sequaris,
2202 544 2325 586 cum
2348 531 2639 588 inveneris.
2674 533 2986 591 Docetecce
3007 544 3059 591 tc
3088 537 3225 591 ratio
3253 553 3359 593 non
3387 555 3509 595 esse

1906 636 2064 679 veras
2091 622 2379 694 religiones
2406 624 2650 681 deorum.
2683 626 2820 695 Quid
2844 628 3045 685 facies?
3075 629 3379 701 majoresne
3408 646 3508 702 po-

1907 716 2037 784 tius,
2066 731 2134 772 an
2164 719 2430 775 rationem
2461 721 2746 791 sequeris?
2776 738 2896 791 qua:
2933 722 3149 794 quidem
3184 724 3279 779 tibi
3305 740 3412 780 non
3441 723 3510 782 ab

1905 813 2013 869 alio
2042 814 2310 869 insinuata
2337 856 2352 882 ,
2400 814 2495 870 sed
2522 830 2550 869 a
2598 825 2650 872 te
2690 816 2808 886 ipso
2842 816 3065 873 inventa
3107 827 3163 875 et
3191 818 3363 875 electa
3390 828 3508 889 est,

1905 923 2029 965 cum
2060 924 2253 965 omnes
2277 909 2568 981 religiones
2599 910 2855 966 radicitus
2880 912 3090 967 eruisti.
3139 912 3198 971 Si
3243 915 3507 970 rationem

1905 1001 2097 1068 mavis,
2117 999 2399 1057 discedere
2427 1010 2479 1057 te
2503 1016 2728 1058 necesse
2756 1011 2840 1057 est
2865 1002 2932 1058 ab
2954 1003 3210 1060 institutis
3236 1015 3290 1060 et
3316 1015 3506 1061 aucto-

1904 1092 2065 1148 ritate
2095 1092 2393 1164 majorum;
2421 1095 2676 1164 quoniam
2707 1095 2759 1150 id
2806 1095 2982 1151 solum
3012 1106 3215 1153 rectum
3248 1107 3330 1154 est
3360 1098 3506 1170 quod

1905 1186 2047 1242 ratio
2074 1185 2391 1257 praescribit.
2425 1185 2519 1243 Sin
2551 1197 2730 1242 autem
2756 1187 2924 1259 pietas
2950 1190 3187 1259 majores
3209 1191 3361 1261 sequi
3383 1205 3507 1247 sua-

1906 1276 2032 1344 det,
2062 1277 2230 1334 fatere
2258 1278 2438 1350 igitur,
2470 1288 2524 1334 et
2553 1280 2747 1335 stultos
2776 1280 2897 1337 illos
2926 1279 3092 1337 fuisse
3112 1325 3128 1350 ,
3170 1284 3258 1353 qui
3289 1284 3509 1354 excogi-

1907 1371 2033 1426 tatis
2071 1380 2257 1426 contra
2307 1371 2572 1426 rationem
2605 1371 2954 1442 religionibus
2986 1374 3326 1441 servierunt,
3377 1386 3431 1432 et
3458 1385 3511 1434 te

1907 1464 2150 1534 ineptum
2180 1464 2269 1536 qui
2320 1464 2372 1520 id
2402 1466 2569 1533 colas,
2601 1466 2744 1538 quod
2772 1464 2966 1529 falsum
2997 1482 3118 1525 esse
3148 1469 3505 1526 convinceris.

1906 1555 2011 1613 Sed
2044 1566 2218 1626 tamen
2253 1558 2508 1639 quoniam
2539 1559 2695 1623 nobis
2724 1569 3003 1639 tantopere
3034 1561 3295 1635 majorum
3314 1578 3509 1625 nomen

1906 1652 2246 1722 apponitur,
2277 1652 2556 1713 videamus
2605 1653 2818 1713 tandem
2876 1655 2964 1725 qui
3024 1654 3224 1715 fuerint
3278 1658 3509 1727 majores

1908 1745 2009 1812 illi,
2044 1761 2072 1799 a
2105 1762 2333 1818 quorum
2361 1747 2681 1804 auctoritate
2707 1748 2911 1804 discedi
2940 1748 3090 1804 nefas
3118 1749 3350 1806 ducitur.

193 1855 297 1912 que
323 1852 484 1897 veras
502 1852 627 1901 esse
651 1836 965 1906 confidunt,
1010 1838 1155 1911 quod
1194 1854 1286 1896 eas
1315 1848 1529 1897 veteres
1568 1840 1803 1897 tradide-
1832 1851 1880 1915 Β
1978 1841 2241 1898 Romulus
2290 1842 2478 1899 urbem
2510 1843 2862 1909 conditurus,
2914 1851 3159 1913 pastores
3205 1846 3344 1900 inter
3372 1862 3507 1917 quos

192 1944 342 2001 runt,
368 1940 629 2004 tantaque
658 1940 742 1991 est
785 1933 1079 1995 auctoritas
1108 1934 1408 2002 vetustatis,
1442 1946 1501 1995 ut
1530 1935 1803 2008 inquirere

197 2028 250 2085 in
279 2042 402 2084 eam
430 2026 612 2085 scelus
635 2040 757 2087 esse
783 2026 1012 2085 dicatur.
1042 2027 1228 2099 Itaque
1252 2027 1491 2084 creditur
1504 2029 1554 2084 ei
1578 2028 1798 2098 passim,

196 2128 472 2191 tamquam
506 2118 735 2189 cognitae
775 2119 1007 2177 veritati.
1041 2120 1281 2192 Denique
1308 2120 1449 2192 apud
1484 2120 1799 2177 Ciceronem

198 2217 275 2274 sic
300 2215 440 2273 dicit
465 2213 622 2276 Cotta
654 2213 858 2275 Lucilio
890 2233 903 2269 :
934 2233 954 2269 ι
995 2215 1191 2285 llabes,
1234 2215 1420 2278 Balbe,
1453 2215 1582 2286 quid
1619 2215 1797 2285 Cotta,

199 2308 325 2381 quid
352 2306 594 2383 pontifex
626 2307 842 2369 sentiat.
870 2307 976 2369 Fac
1005 2323 1150 2367 nunc
1176 2323 1277 2380 ego
1318 2308 1612 2381 intelligam
1635 2352 1650 2379 ,
1671 2311 1799 2382 quid

201 2412 255 2459 tu
293 2404 537 2470 sentias;
581 2419 611 2463 a
667 2411 718 2461 te
758 2404 904 2465 enim
938 2404 1258 2475 philusopho
1289 2405 1554 2465 rationem
1580 2405 1802 2477 religio-

201 2496 286 2553 nis
313 2496 563 2568 accipere
598 2495 804 2565 debeo,
842 2495 1135 2566 majoribus
1165 2505 1343 2555 autem
1369 2498 1569 2554 nostris
1593 2540 1609 2565 ,
1639 2500 1801 2555 etiam

202 2593 350 2649 nulla
379 2592 593 2651 ratione
618 2591 849 2660 reddita,
868 2591 1091 2649 rationis
1118 2600 1201 2648 est
1226 2590 1502 2647 credere.»
1520 2589 1576 2648 Si
1602 2592 1803 2660 credis,

202 2701 300 2740 cur
329 2698 463 2755 ergo
502 2683 767 2745 rationem
814 2683 1080 2755 requiris,
1128 2697 1251 2752 quae
1282 2691 1459 2754 putest
1492 2683 1710 2742 allicere
1737 2699 1808 2743 ne

203 2777 437 2837 credas?
482 2777 542 2836 Si
572 2793 702 2839 vero
750 2780 1016 2837 rationem
1058 2777 1311 2851 requiris,
1356 2790 1413 2837 et
1455 2781 1805 2853 quaerendam

1910 1935 2221 1991 adoleverat
2243 1937 2582 2005 convocavit,
2612 1951 2843 2007 cumque
2887 1937 2932 1992 is
2980 1953 3237 1994 numerus
3262 1940 3506 1995 conden-

1909 2026 1996 2084 dae
2024 2028 2142 2083 urbi
2172 2043 2358 2099 parum
2382 2028 2608 2085 idoneus
2638 2028 2937 2097 videretur,
2968 2031 3247 2086 constituit
3275 2032 3504 2104 asylum.

1909 2121 1990 2177 Eo
2019 2122 2216 2192 passim
2247 2119 2611 2195 confugerunt
2631 2139 2697 2179 ει
2722 2124 2961 2180 ﬁnitimis
2990 2125 3123 2181 locis
3144 2124 3364 2195 pessimi
3392 2127 3512 2196 qui-

1909 2230 2033 2287 que,
2062 2216 2179 2272 sine
2207 2216 2316 2272 ullo
2339 2216 2666 2272 conditionis
2691 2216 3024 2273 discrimine.
3061 2217 3136 2272 ιω
3167 2218 3420 2275 conflavit
3445 2236 3510 2276 ex

1910 2308 1998 2365 his
2021 2310 2273 2367 omnibus
2304 2311 2557 2383 populum
2582 2329 2596 2379 ;
2637 2312 2870 2383 legitque
2901 2314 2952 2367 in
2985 2322 3230 2368 senatum
3254 2356 3269 2382 ,
3295 2329 3389 2369 eos
3417 2315 3509 2385 qui

1910 2412 2068 2463 actate
2096 2405 2412 2474 anteibant,
2445 2415 2501 2461 et
2525 2406 2713 2462 Patres
2755 2405 3038 2476 appellavit
3066 2448 3081 2473 ,
3123 2421 3349 2476 quorum
3381 2422 3511 2463 con-

1910 2499 2033 2554 silio
2070 2510 2284 2570 gereret
2325 2499 2527 2554 omnia.
2562 2499 2641 2555 De
2676 2514 2784 2570 quo
2823 2508 3011 2554 senatu
3051 2498 3363 2570 Propertius
3390 2499 3512 2556 Ele-

1908 2594 2112 2665 giarum
2144 2591 2377 2663 scriptor
2398 2594 2515 2649 haec
2540 2591 2777 2663 loquitur
2805 2609 2819 2646 :

2032 2730 2252 2799 Buccina
2271 2731 2483 2799 cogebat
2502 2732 2687 2799 priscos
2704 2730 2763 2781 ad
2787 2730 2941 2799 verba
2960 2729 3212 2791 Quirites:

2100 2791 2307 2846 Centum
2328 2792 2401 2843 illi
2426 2795 2474 2843 in
2498 2791 2638 2858 prato
2661 2807 2792 2857 saepe
2814 2792 3030 2844 Senatus
3049 2799 3174 2844 erat.

1522 2919 1889 2979 VARIORUM
1925 2921 2159 2981 NOTAE.

278 3057 1060 3131 Nitoremlevigatiimarmoris,
1092 3065 1201 3114 etc.
1223 3056 1609 3131 VideiTertull.
1637 3060 1795 3130 Apol.
1825 3059 1872 3124 C

202 3130 453 3212 cap_._i2,
488 3129 683 3212 lustio.
718 3130 1067 3212 Mart._Apol.
1097 3146 1155 3212 ιι,
1188 3144 1286 3212 pro
1325 3129 1668 3212 Christianis.

276 3200 424 3259 Adeo
444 3202 621 3273 religio
648 3218 845 3275 eorum.
869 3200 968 3275 ASic
998 3200 1332 3275 restituimur.
1345 3217 1409 3275 ex
1437 3218 1568 3261 mss.
1586 3202 1619 3259 9
1644 3204 1800 3275 liegq

1979 3058 2076 3116 Sin
2104 3070 2274 3115 autem
2301 3062 2463 3132 pietas
2505 3062 2731 3132 majores
2774 3064 2914 3133 sequi
2948 3063 3146 3119 suadet.
3179 3064 3504 3122 Thomasius

1906 3140 2058 3195 notat
2087 3133 2211 3189 huic
2236 3135 2521 3195 sententias
2542 3134 2839 3191 minoribus
2862 3135 3057 3191 litteris
3089 3137 3141 3190 in
3162 3138 3348 3192 codice
3370 3138 3505 3193 Bon.

1907 3202 2025 3260 hare
2053 3204 2216 3263 verba
2243 3204 2409 3261 fuisse
2426 3206 2792 3275 superscripta
2826 3222 2840 3263 :
2887 3206 2983 3261 Sin
3000 3217 3170 3261 autem
3190 3210 3374 3263 ueritas
3399 3226 3510 3263 ma-

195 3274 235 3330 2
284 3271 704 3346 Bonon.,;plur.
764 3272 962 3346 Vatic.,
1002 3271 1235 3346 6Com,
1279 3273 1597 3338 20larom.,
1655 3271 1799 3344 Eni,
1896 3275 1989 3345 jor
2005 3285 2078 3338 est
2106 3291 2220 3346 quae
2245 3278 2444 3333 suadet.
2483 3276 2678 3337 Verum
2705 3271 2774 3335 'in
2823 3278 2968 3334 nullo
2995 3277 3102 3333 alio
3131 3280 3317 3335 codice
3348 3282 3504 3336 nobis

198 3346 439 3403 Cantab.
462 3386 479 3413 ,
523 3344 750 3413 Christ.,
807 3343 1024 3405 Cotton.
1050 3387 1063 3409 ,
1096 3344 1353 3412 Bailliol.,
1384 3354 1438 3403 ct
1477 3345 1608 3401 edit.
1640 3343 1799 3415 Roqt.

198 3419 353 3476 M70
378 3435 391 3472 :
414 3418 661 3488 impressi
693 3418 726 3472 8
749 3459 763 3483 ,
796 3417 924 3488 adeo
950 3416 1131 3488 religio
1162 3415 1407 3483 deorum;
1466 3416 1658 3487 Egnat.
1707 3433 1803 3477 seu

198 3432 353 3476 μω
378 3435 391 3472 :
415 3432 726 3545 tmspresstc
749 3459 763 3483 ,
796 3432 924 3470 aaeo
950 3432 1131 3488 reugto
1162 3432 1407 3499 deorum;
1467 3432 1658 3503 signa}.
1707 3433 1803 3477 seu

198 3490 333 3545 Ald.
362 3488 484 3547 151.
512 3530 527 3555 ,
559 3486 733 3549 Paris.
765 3487 929 3557 1525,
961 3486 1190 3559 Graplt.,
1224 3505 1291 3543 an
1320 3487 1435 3543 ideo
1474 3489 1659 3561 religio
1685 3488 1805 3547 deo-

204 3579 349 3617 rum.

277 3633 473 3704 Scelus
506 3648 616 3688 me
653 3634 873 3704 dicatur.
918 3629 1029 3704 _S_ic
1052 3630 1335 3701 legendum
1376 3640 1459 3687 est
1487 3646 1551 3685 ex
1578 3641 1805 3704 utroque

199 3705 345 3761 Bon.
375 3703 590 3770 codice,
634 3714 689 3758 et
715 3703 883 3759 tribus
916 3702 1221 3767 Vaticanis;
1268 3703 1411 3772 quia,
1454 3703 1625 3773 inquit
1659 3702 1804 3759 Tho-

200 3777 415 3833 masins
434 3814 450 3841 ,
496 3775 639 3831 docti
679 3784 734 3832 et
758 3778 1027 3845 sapientes
1052 3789 1173 3829 cum
1203 3774 1519 3833 simularent
1546 3789 1605 3830 se
1628 3777 1806 3845 magni

200 3847 394 3905 facere
420 3858 662 3903 veterum
687 3847 1062 3905 auctoritatem
1090 3888 1104 3917 ,
1138 3845 1371 3905 dicebant
1396 3845 1610 3917 quidem
1631 3845 1806 3907 scelus

202 3935 329 3975 esse
362 3919 415 3975 in
449 3933 566 3977 eam
597 3919 868 3990 inquirere
888 3959 903 3989 ,
932 3933 1037 3990 non
1071 3926 1246 3973 tamen
1279 3918 1328 3971 id
1360 3919 1536 3972 scelus
1564 3934 1681 3973 esse
1707 3920 1804 3974 di“.

202 3992 412 4058 cebam,
447 4004 568 4045 cum
596 3988 739 4060 saepe
770 3991 865 4060 ipsi
892 3988 1078 4044 multa
1130 4002 1349 4049 suorum
1384 3990 1648 4059 majorum
1679 3990 1806 4045 irri-

202 4062 425 4118 derent.
465 4061 574 4116 Nec
618 4063 788 4116 solum
817 4061 1016 4131 dicatur
1045 4060 1241 4131 habent
1265 4060 1476 4116 codices
1505 4060 1541 4114 2
1571 4060 1804 4131 Βοιιοη.,

202 4134 236 4189 '5
264 4133 443 4192 Vatic.
475 4174 492 4201 ,
541 4134 635 4188 sed
678 4142 733 4188 et
771 4131 805 4187 5
839 4129 1015 4200 Colb.,
1044 4130 1193 4195 Jun..
1224 4130 1369 4199 Lips.
1399 4173 1413 4197 ,
1443 4132 1609 4200 Tax.,
1643 4129 1804 4200 Ultr.,

204 4205 363 4273 Enn,
394 4200 650 4272 Cantab.,
680 4203 967 4269 Rostoch.,
999 4202 1158 4267 Pen.,
1190 4200 1237 4273 2
1262 4200 1496 4273 Clarum.
1529 4212 1583 4258 et
1610 4203 1741 4261 edit.
1772 4205 1810 4261 2

201 4288 317 4332 vet.
350 4272 521 4335 Rom.
573 4291 637 4331 ac
681 4274 750 4331 1s.
775 4317 791 4344 ,
832 4274 969 4331 Gali.
991 4317 1005 4341 ,
1052 4272 1241 4344 Spark.
1276 4317 1290 4341 ,
1320 4272 1540 4341 Cellar.,
1568 4274 1805 4343 Walch.;

203 4351 366 4430 quasi
404 4351 498 4430 'ita
538 4346 719 4430 dicant
739 4361 1076 4430 paganorum
1106 4346 1300 4430 eruditi
1323 4387 1337 4410 .
1370 4347 1654 4430 etsialitpr
1678 4364 1806 4430 sen-

202 4416 372 4478 tiant.
403 4421 462 4476 ln
484 4420 698 4490 scriptis
726 4416 763 4474 Ii
783 4416 942 4491 Reg,
973 4418 1001 4477 1
1028 4416 1206 4486 Colb.,
1239 4417 1407 4477 Brun.
1437 4427 1494 4474 et
1518 4419 1551 4474 8
1581 4418 1811 4491 impres-

205 4495 302 4549 sis.
334 4493 575 4549 ducatur.

205 4495 302 4557 sis,
334 4495 575 4549 ducatur.

283 4566 516 4621 Passim.
544 4563 603 4621 Id
620 4572 724 4635 est,
750 4573 975 4635 temere,
1000 4561 1120 4619 sine
1146 4561 1253 4618 ulla
1283 4562 1510 4620 ratione.
1545 4561 1663 4620 Vid.
1694 4572 1809 4621 not.

206 4655 332 4710 sup.
372 4636 491 4710 etut.
526 4652 604 4710 ut,
632 4652 681 4690 c.
710 4637 764 4692 9.
797 4634 929 4710 Bon.
1197 4693 1213 4708 ,

280 4704 511 4767 Lucilio.
561 4708 636 4765 ita
682 4709 987 4764 reatitutum
1017 4721 1085 4762 ex
1111 4704 1361 4779 omnibus
1398 4704 1570 4779 ferme
1599 4721 1728 4779 mss.
1759 4716 1815 4779 et

148 4822 151 4823 ν
208 4784 399 4839 editis.
453 4780 509 4837 lu
558 4781 580 4835 l
618 4778 750 4851 Reg.
806 4793 1012 4851 rectae
1041 4775 1548 4851 AedilispLucillo;
1594 4777 1645 4833 in
1677 4775 1809 4845 edit.

208 4854 318 4910 Gra
331 4855 451 4920 νιιη
486 4848 723 4907 ιυοιιιιοζ
757 4852 881 4906 llaec
901 4848 1180 4905 Ciceronis
1204 4849 1367 4921 verba
1389 4858 1516 4904 sunt
1544 4866 1610 4907 ex
1636 4850 1726 4921 lib.
1754 4868 1814 4915 ut

209 4928 280 4984 de
311 4925 440 4982 Nat.
469 4924 714 4989 deorum,
734 4938 838 4978 non
868 4923 1023 4993 longe
1042 4936 1073 4993 a
1103 4920 1381 4993 principio.

281 4996 472 5053 Balbe.
529 4995 723 5051 Balbus
771 5003 855 5049 est
904 4991 1295 5067 ipSeLLucilit‘ts
1342 4991 1473 5067 (vid,
1503 5008 1623 5067 cap.
1649 4994 1730 5066 5),
1760 5006 1817 5063 et

210 5067 376 5125 Cotta
405 5075 488 5127 est
515 5067 655 5123 idem
698 5062 957 5138 pomiferi.
998 5062 1110 5123 Cic.
1141 5063 1208 5122 de
1236 5062 1362 5125 Nati
1388 5062 1613 5127 deorum
1642 5062 1734 5127 lib.
1760 5084 1811 5136 ι,

208 5156 333 5213 cap.
368 5139 459 5195 2‘2.

286 5208 533 5267 Rationis
561 5221 633 5267 est
659 5211 876 5267 credere.
928 5209 1138 5267 Absuut
1181 5224 1208 5263 a
1239 5208 1511 5265 Ciceronis
1546 5209 1698 5269 libris
1724 5230 1814 5273 ra-

214 5285 377 5341 tionis
405 5293 506 5351 est;
540 5298 640 5338 nec
668 5298 794 5338 vero
821 5282 1105 5354 displicent
1126 5280 1375 5338 Grutero.
1402 5280 1551 5338 Ceu.

293 5358 428 5424 Qua:
454 5355 658 5421 quidem
690 5354 778 5408 tibi
823 5353 922 5408 non
947 5354 1011 5409 ab
1038 5353 1140 5408 alio
1168 5354 1446 5408 insinuata.
1503 5355 1592 5412 Sic
1620 5354 1817 5421 habent

217 5443 356 5484 mss.
390 5427 425 5481 2
454 5426 684 5494 Bonou.,
714 5425 847 5481 Tas.
871 5467 888 5494 ,
922 5426 1052 5482 Pen.
1078 5466 1090 5492 ,
1118 5425 1153 5482 5
1182 5426 1371 5491 Vatic.,
1404 5427 1439 5483 5
1463 5424 1642 5494 Colb.,
1671 5428 1813 5495 Enn,

217 5499 408 5563 Cant.,
435 5496 624 5565 Cauc.,
649 5499 783 5564 PaL,
810 5497 981 5567 Lips.,
1014 5496 1298 5564 Rostoch.,
1330 5498 1462 5565 Ult.;
1487 5499 1523 5554 ‘2
1552 5498 1813 5568 Clarum,

219 5571 395 5626 Brun.
438 5578 491 5624 et
533 5580 740 5625 veteres
782 5571 910 5625 edit.
960 5569 1118 5625 Rom.
1145 5609 1160 5634 ,
1200 5570 1408 5635 Paris,
1458 5569 1526 5626 Is.
1556 5612 1570 5635 ,
1619 5572 1817 5641 aliique

221 5643 380 5713 Regii
407 5649 631 5713 quatuor
656 5649 711 5697 et
734 5642 1006 5716 nonnulla:
1035 5641 1300 5716 editiones
1320 5652 1505 5698 carent
1535 5642 1623 5699 illa
1655 5659 1818 5716 nega-

225 5717 363 5775 tiva.
396 5730 512 5782 (ιιιιε
542 5715 844 5770 necessario
873 5723 957 5769 est
981 5713 1245 5781 addenda,
1279 5722 1337 5770 ut
1365 5729 1556 5770 sensus
1583 5713 1812 5775 constet.

298 5785 483 5842 Electa
513 5797 604 5840 est.
650 5784 775 5842 Mss.
837 5786 923 5853 id,
969 5786 1104 5845 elata
1141 5796 1236 5841 est.
1269 5786 1463 5845 Verqu
1494 5786 1818 5846 'i‘ltontasius

223 5868 384 5937 putat
407 5858 689 5932 legendum
719 5871 839 5916 esse
873 5875 887 5914 :
920 5856 1076 5917 Etuta
1102 5869 1195 5915 est.

1837 4463 1890 4524 D

1906 3346 2123 3419 quidem
2152 3349 2268 3419 viso
2298 3349 2369 3407 ita
2401 3349 2659 3414 habetur;
2689 3364 2855 3419 quare
2882 3349 3015 3404 nihil
3038 3351 3353 3407 mutandum
3380 3367 3508 3407 cen-

1906 3417 2133 3475 suimus.
2169 3417 2337 3485 GALL,
2356 3451 2428 3461 —
2452 3420 2621 3487 Quam
2648 3417 2932 3479 lectionem
2962 3420 3232 3477 immutari
3262 3439 3366 3477 non
3393 3424 3507 3480 vult

1907 3488 2245 3563 Thomasius
2276 3501 2495 3562 propter
2556 3490 2758 3546 codicis
2810 3493 3200 3563 antiquitatem.
3255 3491 3504 3550 Atlanteo

1908 3560 2208 3619 minoribus
2236 3560 2428 3625 litteris
2455 3563 2648 3632 legitur
2674 3563 2724 3617 in
2756 3560 2954 3621 eodem
2976 3563 3189 3619 codice:
3219 3564 3316 3621 Sin
3333 3576 3503 3621 autent

1908 3632 2092 3706 veritas
2128 3634 2295 3706 maior
2319 3644 2410 3699 est,
2438 3651 2552 3705 qua:
2580 3634 2779 3702 suadet,
2813 3634 2973 3705 [atere
2992 3636 3163 3706 igitur.

1980 3701 2335 3763 FatereQSic
2387 3701 2600 3774 reposui
2646 3721 2713 3768 ex
2759 3701 2886 3765 mss.
2938 3717 2992 3761 et
3012 3701 3301 3763 'veteribus
3346 3706 3505 3764 editis

1910 3772 2065 3847 Rom.
2093 3775 2147 3830 lu
2177 3779 2383 3837 caeteris
2412 3772 2639 3847 vulgatis
2668 3788 2768 3843 cst,
2802 3779 2995 3847 fateris.

1984 3845 2303 3905 Servierunt.
2339 3845 2589 3911 Omnium
2633 3845 2894 3909 ferentes.
2923 3862 3025 3905 est.
3049 3849 3105 3907 ltt
3138 3865 3268 3907 mss.
3296 3849 3419 3906 Jun.
3451 3862 3506 3908 et

1911 3917 1964 3973 in
1997 3929 2103 3972 vet.
2128 3919 2287 3975 editis
2316 3934 2431 3985 sex,
2465 3921 2724 3986 serviunt;
2756 3921 2807 3981 in
2832 3938 2927 3979 sex
2953 3923 3071 3978 aliis
3097 3926 3309 3978 excusis
3335 3964 3348 3985 ,
3399 3940 3505 3977 ser-

1909 3988 2111 4045 vierint.
2138 4020 2210 4031 —
2251 3991 2549 4053 Servierint.
2583 3991 2694 4047 Hoc
2722 3996 2953 4060 rectius,
2985 4011 3145 4060 quam
3178 3996 3333 4049 unius
3365 3995 3500 4052 Bon.

1911 4060 2084 4115 Reim.
2128 4072 2183 4118 et
2221 4060 2386 4118 Goth.
2415 4065 2729 4128 servierunt,
2779 4077 2871 4119 aut
2916 4060 3040 4121 cdd.
3081 4066 3320 4129 Suhlae.,
3347 4066 3499 4122 Rost.

1912 4131 2045 4205 Yeu.
2104 4135 2359 4202 1471-97,
2409 4135 2608 4203 Puris.,
2659 4134 3032 4205 Junt.,Crat.,
3081 4137 3229 4204 Ald.,
3286 4140 3501 4205 Pat'rh.,

1911 4202 2131 4275 Gymn.,
2160 4208 2399 4263 serviunt.
2445 4207 2576 4263 Bos.

1996 4278 2147 4347 Quod
2170 4279 2357 4351 falsum
2387 4295 2493 4351 esse
2513 4280 2841 4335 convinceris.
2897 4279 2971 4335 Ita
3012 4281 3130 4351 lego
3157 4296 3277 4335 cum
3311 4296 3437 4335 mss.
3468 4282 3502 4338 5

1912 4352 2122 4422 Regiis,
2172 4350 2399 4420 quorum
2450 4350 2557 4405 duo
2596 4362 2719 4409 sunt
2747 4352 3015 4409 veterrimi
3040 4350 3119 4417 ,77
3154 4353 3290 4417 νει,
3322 4354 3356 4407 4
3379 4351 3504 4407 Col-

1916 4427 2054 4483 bert.
2103 4423 2327 4491 aliisque
2354 4422 2557 4495 multis,
2592 4438 2654 4479 ac
2688 4421 2756 4478 i0
2784 4432 2889 4478 vet.
2920 4423 3048 4483 cdit.
3081 4423 3136 4478 ln
3163 4424 3379 4495 scriptis
3409 4426 3495 4487 l9.

1918 4498 2058 4555 inter
2086 4508 2222 4562 quos
2249 4504 2330 4548 est
2359 4495 2380 4548 1
2415 4494 2622 4548 Βυιιοιι.
2663 4496 2856 4563 antiq.,
2885 4504 2940 4550 et
2970 4494 3021 4550 in
3049 4495 3082 4550 6
3110 4494 3385 4560 impressis
3420 4513 3504 4550 rc-

1917 4566 2247 4631 ceutioribus
2275 4574 2376 4628 est,
2400 4565 2693 4637 conviceris.
2722 4567 2972 4623 Attamen
3002 4577 3150 4637 putat
3182 4567 3502 4621 Thomasius

1912 4656 1977 4698 ex
2008 4641 2033 4696 1
2066 4638 2269 4694 Bonon.
2305 4648 2358 4709 et
2392 4636 2426 4691 5
2456 4635 2725 4693 Vaticanis
2752 4635 3036 4708 legendum
3066 4653 3213 4703 esse,
3240 4638 3377 4709 quod
3404 4638 3507 4709 [at-

1912 4729 2026 4769 sum
2057 4726 2163 4766 esse
2182 4708 2476 4764 conuiceris.
2526 4709 2592 4765 Et
2624 4713 2757 4773 hoc,
2789 4711 2977 4779 inquit,
3006 4710 3236 4765 refertur
3263 4710 3328 4763 ad
3349 4708 3503 4764 Cice-

1912 4798 2101 4840 ronem
2133 4781 2434 4854 dicentem:
2472 4779 2572 4848 Qui
2602 4798 2662 4836 ea
2683 4783 2744 4837 ob
2775 4783 3009 4854 pietatem
3039 4780 3359 4852 sequebatur,
3387 4797 3503 4852 qua:

1912 4856 2049 4927 falsa
2077 4870 2183 4911 esse
2215 4853 2510 4927 convictu-et.

1994 4927 2269 4989 Videamus
2297 4924 2522 4981 tandem.
2566 4924 2695 4982 Mss.
2726 4926 2788 4981 11
2821 4934 2876 4981 et
2896 4924 2930 4979 6
2971 4933 3079 4979 vet.
3108 4925 3237 4981 edit.
3268 4938 3366 4994 pro
3392 4934 3506 4979 tan-

1916 4999 2056 5067 dem,
2086 5006 2334 5068 repetunt.
2356 5008 2543 5063 tamen,
2578 4998 2721 5066 quod
2750 4997 2991 5067 proxime
3023 4997 3318 5066 praecessit.

1988 5071 2222 5143 Asylum.
2250 5068 2328 5124 De
2352 5083 2458 5143 quo
2505 5068 2624 5124 vide
2645 5068 2981 5143 ⁸[ὶίοιιγειὶιιιῐι
3020 5068 3351 5140 _lialycarn.,
3411 5068 3503 5124 Li-

1914 5140 2107 5208 vium},
2142 5142 2486 5199 Plutarchum
2536 5150 2589 5199 et
2637 5140 2978 5196 Strabonem.

1993 5214 2214 5273 Possint.
2250 5213 2497 5269 Perottus
2533 5213 2585 5269 in
2613 5213 2787 5268 Cornu
2815 5214 3004 5281 capite,
3033 5210 3120 5267 ed.
3151 5211 3270 5267 Ald.
3329 5211 3371 5268 f.
3402 5212 3510 5270 814

1917 5289 2109 5360 passim
2149 5286 2236 5345 hic
2284 5286 2508 5360 exponit
2562 5300 2656 5353 Per
2686 5284 2928 5360 undique.
2976 5283 3089 5338 loto
3118 5285 3384 5360 signiﬁcat
3415 5285 3502 5360 hic

1914 5356 2223 5424 indistincte,
2251 5358 2368 5414 sine
2391 5356 2607 5423 ordine;
2632 5358 2771 5427 quod
2800 5356 3026 5411 suadent
3052 5358 3237 5425 verba,
3265 5358 3374 5412 sine
3403 5358 3507 5412 ullo

1919 5432 2236 5489 discrimine.
2265 5430 2399 5486 Bon.

1990 5501 2313 5571 Propertius.
2339 5500 2454 5556 Lib.
2480 5514 2548 5565 tv,
2574 5497 2758 5570 Elegia
2780 5500 2829 5564 1.
2848 5498 2900 5555 in
2918 5514 3020 5570 qua
3040 5508 3281 5556 veterum
3313 5501 3509 5559 Roma-

1918 5590 2110 5631 norum
2137 5572 2488 5644 frugalitatem
2516 5572 2738 5644 cumsui
2764 5572 3018 5642 temporis
3045 5573 3177 5628 luxu
3206 5572 3432 5630 confert.

1993 5646 2218 5701 Buccina
2236 5643 2474 5717 cogebat,
2508 5651 2610 5717 etc.
2634 5643 2729 5698 llic
2756 5643 2888 5701 ordo
2908 5654 2990 5717 est
3020 5647 3505 5717 manuscriptorum

1918 5728 1972 5776 et
1994 5727 2097 5791 vet.
2131 5714 2395 5775 editorum
2416 5734 2441 5791 7:
2474 5714 2655 5791 plures
2686 5717 2880 5791 vulgati
2912 5716 3057 5786 prius
3099 5714 3366 5791 distichon
3411 5736 3508 5791 po-

1917 5790 2133 5850 steriori
2180 5799 2385 5860 ponunt
2411 5790 2551 5849 loco.
2586 5787 2679 5844 llis
2707 5788 2948 5845 versibus
2985 5791 3253 5859 significat
3276 5787 3506 5859 Proper-

1918 5861 2052 5932 tius,
2096 5859 2298 5935 prituos
2335 5870 2614 5925 senatores
2655 5876 2765 5923 non
2808 5876 2934 5923 usus
2974 5860 3142 5921 fuisse
3183 5859 3318 5937 togis
3371 5877 3507 5936 pra:-
