3986 6358
467 280 573 341 287

592 398 758 465 Curia,
783 390 1028 465 praetexto
1049 409 1161 462 quae
1180 408 1313 465 nunc
1333 397 1476 465 nitet_
1482 396 1579 446 alta
1595 395 1806 460 Senatu,

656 460 863 514 Pellitos
880 463 1053 513 habuit
1068 460 1250 513 rustica
1273 460 1421 511 corda
1442 460 1638 510 Patres.

471 568 537 627 Ili
563 578 690 627 sunt
711 570 920 637 Patres,
953 583 1183 640 quorum
1215 566 1449 623 decretis
1469 564 1666 621 eruditi
1696 578 1760 619 ac
1782 560 2075 633 prudentes

469 662 574 719 viri
625 661 976 717 devotissimc
1013 659 1297 727 serviunt,
1344 658 1507 730 idque
1546 672 1732 713 verum
1774 670 1837 710 ac
1875 658 2073 709 immu-

471 754 635 811 tabile
663 753 841 809 omnis
881 753 1171 824 posteritas
1196 752 1435 824 judicet,
1470 750 1631 822 quod
1659 757 1874 805 centum
1903 746 2076 818 pelliti

471 862 632 906 senes
679 857 940 904 statutum
990 862 1112 904 esse
1138 846 1427 903 voluerunt
1449 887 1465 913 ,
1496 859 1633 917 quos
1659 853 1840 899 tamen
1862 884 1878 909 ,
1924 851 1985 897 ιιι
2021 841 2074 895 1η

470 944 645 1016 primo
671 944 813 1000 libro
839 942 1040 999 dictum
1069 951 1172 1008 est,
1201 956 1320 1013 cap.
1350 940 1439 1007 22,
1471 939 1769 1010 Pompilius
1802 936 1991 1004 illexit,
2015 942 2078 990 ut

469 1053 599 1095 vera
624 1038 911 1093 crederent
944 1051 1064 1094 esse
1116 1051 1269 1091 sacra
1328 1050 1447 1106 qua:
1488 1034 1604 1106 ipse
1659 1030 1925 1088 tradebat.
1980 1028 2078 1084 Est

473 1147 628 1201 vero,
657 1148 755 1187 cur
772 1132 984 1189 illorum
1007 1130 1299 1187 auctoritas
1328 1128 1461 1185 tanti
1482 1127 1744 1184 habeatur
1762 1141 1792 1180 a
1820 1122 2073 1196 posteris,

471 1242 608 1298 quos
660 1242 858 1294 nemo,
907 1242 1032 1282 cum
1084 1226 1359 1291 viverent,
1391 1239 1566 1295 neque
1591 1235 1855 1290 summus,
1903 1233 2077 1292 neque

474 1317 693 1377 inﬁmus
718 1317 981 1375 afﬁnitate
1005 1319 1199 1391 dignos
1218 1317 1481 1389 judicavit
1506 1316 1530 1370 ‘i

1103 1432 1332 1490 CAPUT
1370 1431 1508 1488 VIII.

476 1551 556 1609 De
582 1552 801 1608 rationis
829 1568 928 1607 usu
954 1554 1010 1607 in
1043 1552 1293 1624 religione
1320 1568 1337 1617 ;
1366 1551 1527 1623 deque
1551 1548 1786 1616 somniis,
1819 1545 2074 1619 auguriis,

860 1645 1104 1714 oraculis,
1137 1644 1420 1717 talibusque
1450 1643 1717 1716 portentis.

1514 278 1704 340 FIRM.
1745 273 2115 337 LAC'I‘AN'I‘II
2150 273 2356 334 DIVIN.
2398 273 2643 334 INS'I‘I'I‘.

3640 272 3740 330 288

2084 394 2140 457 Α
2161 390 2402 448 humani.
2439 390 2616 459 Quare
2641 402 2765 447 cum
2811 377 3026 458 sapere,
3055 386 3109 442 id
3139 394 3242 454 est,
3278 385 3561 442 veritatem
3596 402 3737 459 qutc-

2175 499 2318 553 rere,
2350 484 2600 540 omnibus
2623 480 2693 537 sit
2724 483 2988 546 innatum,
3021 479 3342 552 sapientiam
3368 479 3468 535 sibi
3495 479 3739 550 adimunt,

2174 578 2267 649 qui
2286 578 2404 633 sine
2433 577 2543 632 ullo
2563 574 2768 646 judicio
2791 574 3009 629 inventa
3047 574 3310 642 majorum
3336 572 3582 641 probant,
3612 572 3743 627 etab

2175 671 2295 727 aliis
2328 672 2595 741 pecudum
2648 683 2802 724 more
2851 665 3277 724 ducuntur.Sed
3325 664 3431 722 hoc
3482 680 3574 722 eos
3603 665 3741 734 fallit,

2176 764 2315 835 quod
2343 765 2605 834 majorum
2635 762 2855 818 nomine
2876 762 3074 833 posito,
3101 775 3207 816 non
3238 769 3428 831 putant
3449 758 3561 815 ﬁeri
3582 773 3744 830 posse,

2177 865 2234 909 ut
2259 863 2352 909 aut
2381 854 2481 924 ipsi
2506 854 2623 924 plus
2664 853 2894 923 sapiant,
2924 851 3046 923 quia
3076 851 3317 907 minores
3364 858 3640 916 vocantur,
3667 858 3748 906 aut

2178 944 2254 999 illi
2283 944 2641 1015 desipuerint,
2663 944 2787 1015 quia
2818 944 3055 1014 majores
3087 945 3454 999 nominantur.
3475 943 3607 1013 Quid
3636 958 3748 1013 ergo

2178 1036 2425 1107 impedit,
2455 1038 2584 1108 quin
2612 1037 2680 1093 ab
2712 1036 2844 1108 ipsis
2871 1050 3153 1092 sumamus
3178 1035 3525 1106 exemplum;
3557 1042 3612 1089 ut
3632 1049 3747 1105 quo-

2178 1130 2340 1187 modo
2388 1130 2501 1198 illi,
2535 1147 2655 1202 quae
2704 1130 2837 1186 falsa
2885 1131 3225 1197 invenerant,
3254 1129 3489 1202 posteris
3541 1129 3751 1185 tradide-

2178 1231 2323 1292 runt,
2356 1226 2434 1281 sic
2463 1241 2583 1293 nos,
2616 1226 2708 1297 qui
2761 1241 2949 1282 verum
3009 1225 3338 1293 invenimus,
3398 1222 3626 1295 posteris
3652 1239 3752 1281 mc-

2179 1319 2311 1376 liora
2341 1320 2655 1376 tradamus?
2681 1320 2942 1392 Superest
2965 1321 3154 1392 ingens
3192 1318 3441 1391 quarstio,
3477 1318 3627 1389 cujus
3650 1318 3748 1373 dis-

2179 1413 2388 1484 putatio
2426 1428 2533 1467 non
2581 1413 2649 1467 ab
2690 1412 2927 1485 ingenio,
2965 1413 3061 1469 sed
3091 1428 3122 1467 a
3151 1412 3384 1469 scientia
3433 1410 3597 1473 venit.
3647 1426 3750 1482 qum

2183 1504 2422 1575 pluribus
2477 1504 2796 1575 explicanda
2847 1504 2971 1572 erit,
3003 1518 3070 1560 ne
3114 1502 3244 1575 quid
3292 1501 3517 1558 omnino
3553 1501 3750 1558 dubium

2182 1597 2535 1669 relinquatur.
2567 1596 2699 1652 Nam
2751 1596 2980 1653 fortasse
3023 1596 3219 1668 aliquis
3244 1595 3312 1651 ad
3357 1596 3446 1651 illa
3489 1594 3753 1667 confugiat,

2183 1706 2301 1763 qua:
2328 1707 2359 1747 a
2408 1692 2589 1747 multis
2613 1701 2671 1749 et
2709 1707 2816 1747 non
2863 1691 3039 1748 dubiis
3092 1688 3383 1746 traduntur
3425 1688 3755 1755 auctoribus;

551 1783 730 1852 Quare
779 1793 1015 1854 oportet,
1060 1784 1115 1839 in
1145 1798 1210 1839 ea
1236 1798 1295 1839 re
1323 1782 1558 1839 maxime
1581 1782 1635 1837 in
1660 1795 1765 1853 qua
1785 1780 1912 1836 vita:
1936 1779 2075 1836 ratio
2102 1790 2153 1852 Β
2176 1799 2272 1842 eos
2301 1782 2623 1858 ipsos,jquos
2648 1785 2929 1841 docuimus
2954 1785 3089 1841 deos
3119 1799 3225 1841 non
3258 1799 3405 1852 esse,
3435 1783 3747 1853 majestatem

478 1884 750 1944 versatur,
775 1877 876 1933 sibi
908 1892 1179 1949 quemque
1202 1876 1510 1943 conﬁdere,
1543 1890 1749 1945 suoque
1774 1866 1978 1945 judicio
2008 1887 2071 1929 ac

479 1970 713 2040 propriis
760 1970 1011 2026 sensibus
1058 1969 1231 2041 magis
1278 1970 1376 2024 niti
1424 1969 1492 2024 ad
1544 1967 1970 2038 investigandam
2020 1975 2075 2023 et

480 2063 921 2134 perpendendam
950 2064 1276 2130 veritatem;
1318 2078 1478 2135 quam
1523 2065 1833 2118 credentem
1886 2058 2076 2115 alienis

480 2158 760 2213 erroribus
786 2156 960 2230 decipi
997 2168 1269 2231 tamquam
1318 2159 1494 2229 ipsum
1520 2157 1745 2212 rationis
1773 2165 2073 2227 expertem.

482 2248 643 2305 Dedit
673 2251 923 2308 omnibus
952 2252 1095 2307 Deus
1144 2268 1241 2321 pro
1269 2251 1410 2307 virili
1452 2252 1702 2323 portione
1733 2251 2076 2321 sapientiam,

482 2352 542 2400 ut
566 2353 621 2399 et
651 2344 889 2402 inaudita
933 2347 1261 2419 investigare
1284 2356 1527 2419 possent,
1556 2355 1613 2403 et
1638 2346 1819 2403 audita
1841 2361 2081 2418 perpen-

482 2435 634 2493 dere.
662 2437 774 2494 Nec
811 2439 934 2510 quia
984 2454 1083 2495 nos
1130 2441 1207 2496 illi
1261 2441 1597 2511 temporibus
1648 2448 2080 2505 antecesserunt,

2173 1894 2326 1938 suam
2358 1894 2596 1951 persaepe
2623 1880 2942 1947 ostendisse,
2965 1888 3020 1936 et
3048 1879 3329 1951 prodigiis,
3366 1886 3422 1934 et
3451 1877 3680 1943 somniis,
3703 1885 3748 1931 et

2179 1975 2437 2046 auguriis,
2463 1983 2517 2030 et
2541 1974 2796 2030 oraculis.
2840 1974 2905 2029 Et
2932 1988 3065 2030 sane
3089 1974 3258 2028 multa
3309 1970 3617 2028 enumerari
3647 1984 3754 2037 pos-

2184 2076 2311 2122 sunt
2340 2066 2498 2138 digna
2553 2066 2851 2123 miraculo:
2882 2066 2937 2121 in
2988 2066 3178 2137 primis
3230 2065 3388 2133 illud,
3422 2064 3561 2137 quod
3587 2063 3756 2119 Accius

2184 2160 2386 2216 Navius
2417 2177 2660 2217 summus
2706 2162 2912 2233 Augur,
2948 2176 3071 2217 cum
3124 2160 3484 2231 Tarquinium
3536 2159 3755 2214 Priscum

2187 2265 2581 2324 commoneret,
2606 2265 2663 2312 ut
2688 2255 2819 2311 nihil
2851 2256 2974 2311 novi
3001 2254 3184 2311 facere
3212 2253 3501 2327 inciperet,
3516 2253 3615 2308 nisi
3636 2251 3763 2322 prius

2183 2359 2332 2406 esset
2360 2349 2731 2422 inauguratus,
2753 2350 2910 2422 eique
2937 2365 3032 2406 rex
3064 2351 3195 2405 artis
3219 2349 3344 2419 ejus
3374 2348 3593 2405 elevans
3624 2346 3761 2401 ﬁdem

2186 2444 2413 2513 diceret,
2432 2455 2490 2501 ut
2512 2445 2777 2502 consultis
2807 2445 2997 2501 avibus
3024 2442 3365 2500 renuntiaret
3390 2442 3513 2508 sibi,
3546 2449 3764 2495 utrumne

484 2531 751 2600 Sapientia
796 2547 1014 2604 quoque
1064 2541 1513 2601 antecesserunt;
1568 2548 1689 2603 qua:
1733 2533 1778 2588 si
1828 2532 2085 2589 omnibus
2180 2537 2295 2594 ﬁeri
2319 2548 2501 2610 posset
2526 2538 2579 2595 id
2598 2537 2870 2610 quodipse
2891 2533 3761 2607 animoconcepisset,afﬁrmaret-

485 2623 768 2693 :equaliter
792 2624 971 2692 datur,
995 2625 1247 2695 occupari
1275 2625 1343 2680 ab
1371 2623 1819 2680 antecedentibus
1849 2639 1958 2679 non
1984 2638 2086 2696 po-
2185 2648 2291 2705 que
2342 2632 2542 2689 Navius
2563 2647 2759 2705 posse:
2792 2631 2938 2704 Cape
2966 2632 3125 2703 igitur
3161 2632 3323 2696 hanc,
3354 2630 3545 2702 inquit,
3584 2635 3760 2693 cotem,

487 2726 613 2774 test.
660 2718 942 2775 Illibabilis
993 2730 1079 2776 est
1125 2730 1395 2791 tamquam
1442 2720 1535 2775 lux
1582 2728 1639 2775 et
1686 2719 1901 2775 claritas
1930 2719 2085 2789 solis,

499 2816 623 2887 quia
647 2824 703 2873 ut
732 2818 813 2873 sol
840 2818 1147 2887 oculorum,
1177 2818 1256 2875 sic
1281 2816 1545 2890 sapientia
1596 2817 1779 2873 lumen
1811 2826 1895 2873 est
1914 2815 2097 2874 cordis

2198 2739 2427 2796 eamque
2455 2726 2717 2782 novacula
2746 2724 2964 2781 dissice.
2992 2725 3063 2781 At
3093 2723 3183 2780 ille
3232 2722 3609 2779 incunctanter
3632 2732 3763 2774 accc.

2201 2818 2283 2891 pit
2311 2833 2375 2876 ac
2396 2820 2589 2876 secuit.

1799 2955 2170 3015 VARIORUM
2214 2956 2447 3015 NOTIE.

491 3098 744 3166 textatis,
800 3100 896 3154 sed
944 3098 1213 3169 pellibus,
1262 3097 1808 3169 morcrnsticorum,
1856 3110 2085 3166 quorum
2113 3093 2159 3156 C
2194 3106 2257 3169 et
2297 3098 2436 3167 apud
2480 3098 2738 3154 barbaras
2773 3113 3015 3169 quasque
3064 3097 3311 3153 nationes
3345 3098 3397 3152 in
3432 3094 3764 3169 pretioAfuerc,

491 3180 671 3225 vestes
709 3181 862 3225 erant
907 3168 1093 3240 pelles.
1124 3169 1355 3226 thcn.
1406 3168 1655 3225 Attamen
1700 3171 1750 3224 in
1798 3169 2085 3240 omnibus,

492 3256 626 3311 quas
652 3240 792 3307 vidi,
831 3237 1092 3312 Propertii
1131 3242 1455 3296 editionibus
1493 3242 1722 3297 disticon
1762 3240 1903 3295 istud
1936 3237 2095 3294 Curia

493 3325 757 3384 praetexto,
783 3323 909 3375 etc.,
936 3312 1267 3384 prmponitur
1290 3313 1412 3369 huic
1432 3328 1446 3367 :
1464 3312 1696 3368 Buccina
1710 3313 1936 3384 cogebat,
1960 3321 2091 3379 etc.,

494 3384 590 3438 sed
635 3386 749 3439 lucc
792 3400 1008 3440 sensum
1058 3402 1162 3439 non
1212 3395 1437 3442 mutant.
1485 3384 1621 3441 Vide
1668 3386 1824 3455 igitur
1866 3384 2095 3454 Proper-

494 3455 624 3528 tium
654 3455 791 3511 libro
817 3473 888 3521 tv,
923 3457 1100 3528 Elegia
1131 3457 1181 3511 1.

571 3527 675 3582 Pro
703 3529 839 3583 virili
865 3527 1117 3599 portione.
1166 3527 1223 3583 Id
1252 3538 1330 3583 est
1361 3529 1678 3600 aequaliter;
1706 3543 1940 3598 namque
1971 3543 2096 3599 por-

496 3598 673 3654 tiones
701 3598 885 3656 viriles
911 3601 1283 3671 juriseousulti
1328 3610 1384 3655 ut
1415 3598 1703 3670 plurimum
1749 3600 1990 3670 aequales
2012 3602 2095 3656 itt-

496 3679 887 3740 terpretantur,
914 3689 1033 3740 quae
1056 3672 1262 3727 scilicet
1286 3688 1385 3742 pro
1413 3688 1639 3729 numero
1664 3687 2017 3742 personarum
2040 3680 2099 3727 et

494 3741 548 3796 in
580 3744 754 3813 capita
778 3744 1196 3810 constituantur,
1229 3741 1299 3798 uti
1318 3753 1397 3798 tot
1416 3744 1564 3804 ﬁant.
1586 3741 1715 3814 quOt
1741 3753 1867 3798 sunt
1892 3754 1944 3799 et
1969 3759 2096 3815 per—

495 3815 1214 3887 souse._Bt-:'rur.atu.s.—-Pro
1239 3816 1375 3869 virili
1415 3819 1666 3887 portione.
1699 3816 1835 3870 Hinc
1865 3815 2096 3870 Lactan—

499 3886 624 3957 tius,
656 3885 948 3955 Sapientia,
981 3888 1173 3957 inquit.
1216 3885 1452 3943 omnibus
1499 3889 1777 3955 aequaliter
1813 3888 1965 3941 datur
1994 3903 2008 3950 ;
2043 3896 2098 3941 et

499 3954 539 4011 I.
573 3972 649 4023 ut,
683 3954 743 4013 c.
778 3959 851 4013 55
882 3976 895 4013 :
930 3954 1200 4026 Sapientia
1228 3962 1338 4014 sine
1385 3961 1492 4014 ullo
1542 3954 1833 4014 discrimine
1862 3960 2098 4014 omnibus

498 4028 619 4100 data
641 4038 735 4094 est,
763 4041 869 4084 etc.
898 4030 1080 4084 Addas
1104 4032 1330 4100 reliqua.
1355 4032 1483 4087 Bon.

573 4097 1026 4174 Occupari...non
1045 4097 1234 4170 potest.
1259 4103 1550 4174 Eleganter
1584 4102 1813 4166 Seneca.
1870 4118 1955 4171 ep.
2003 4102 2094 4165 55,

501 4171 595 4225 ﬁn.
631 4188 643 4225 :
676 4171 827 4226 Patet
862 4175 1093 4229 omnibus
1141 4176 1324 4229 veritas
1357 4171 1383 4230 Ξ
1402 4177 1627 4230 nondum
1672 4184 1746 4228 est
1791 4183 2093 4244 occupata;

499 4244 714 4317 multum
738 4261 802 4298 ea:
821 4244 934 4309 illa,
958 4247 1108 4300 etiam
1140 4246 1347 4317 futuris,
1378 4249 1612 4302 relictum
1644 4257 1738 4300 est.
1770 4244 1938 4302 CELL.

575 4314 872 4371 Illibabilis.
927 4317 1043 4373 Vox
1076 4314 1305 4372 maxime
1336 4334 1477 4373 rara.
1511 4319 1636 4374 Mss.
1690 4320 1712 4373 1
1741 4317 1920 4384 Cnlb.,
1950 4318 2094 4383 Em.,

499 4384 840 4461 Cantabria.,
864 4388 1117 4454 illabilis;
1148 4393 1170 4444 1
1210 4391 1378 4461 I.ips.,
1416 4391 1624 4445 illibalis
1653 4408 1666 4454 τ
1700 4389 1969 4456 Gronov.,
2004 4390 2100 4443 Ita-

500 4459 638 4514 bilis.
664 4459 1028 4516 —Illibabilis.
1069 4461 1123 4516 Id
1154 4473 1257 4523 est,
1276 4459 1420 4517 nihil
1447 4480 1516 4519 ex
1546 4478 1607 4518 ea
1631 4462 1858 4518 delibari
1888 4473 1978 4515 attt
2004 4461 2099 4516 de—

502 4531 651 4598 cerpi
677 4542 870 4598 potest.
926 4535 1089 4588 Docte
1129 4532 1436 4589 Gronovius
1482 4535 1549 4589 ad
1586 4534 1808 4590 Seneca:
1844 4550 1931 4603 ep.
1981 4534 2051 4588 83
2082 4575 2097 4597 ,

502 4619 555 4674 p.
590 4604 696 4659 517
732 4622 744 4657 ;
781 4604 1111 4667 θειιιιιιτυιι,
1134 4608 1272 4674 quod
1299 4605 1362 4659 ab
1394 4607 1496 4659 alio
1527 4607 1749 4659 sumitur
1774 4616 1821 4659 et
1852 4623 2111 4675 propaga-

503 4686 586 4780 tu'r
613 4675 725 4729 sine
723 4674 895 4801 Billins
923 4677 1151 4741 laesione,
1182 4678 1355 4731 lumen
1376 4693 1408 4730 a
1437 4678 1630 4732 lumine
1652 4674 1972 4731 accenditur.
2009 4676 2109 4732 Ubi

506 4761 682 4801 mura.
769 4763 855 4801 tm.

506 4749 682 4817 plura.
723 4749 855 4802 Bon.

576 4816 758 4873 Cordis
783 4820 1015 4873 humani.
1072 4818 1128 4873 Id
1180 4829 1284 4883 est,
1319 4819 1513 4874 animte
1542 4829 1767 4881 nostra},
1803 4818 2112 4875 intellectus

505 4892 672 4945 nostri
700 4910 712 4945 :
740 4891 972 4960 loquitur
995 4891 1479 4958 Lactantiusftnore
1500 4888 2106 4945 chrmorum.W1tt.cn.

579 4961 846 5017 Pecndutn
901 4979 1059 5017 more.
1111 4963 1318 5018 Seneca
1352 4962 1459 5017 Vit.
1515 4962 1691 5026 Beatz,
1722 4977 1771 5017 c.
1807 4963 1833 5017 1
1871 4980 1884 5016 :
1917 4960 1999 5014 Ne
2021 4978 2112 5033 pe-

507 5050 681 5087 corum
709 5037 812 5087 ritu
842 5051 1114 5105 sequamur
1137 5035 1544 5089 antecedentium
1573 5050 1798 5105 gregem,
1825 5045 2110 5104 pergentes,

509 5121 610 5158 non
640 5121 739 5175 qua
780 5110 1026 5171 eundum,
1055 5106 1143 5160 sed
1177 5124 1279 5176 qua
1320 5108 1491 5161 itur...
1525 5107 1722 5175 Optima
1762 5107 1863 5159 rati
1892 5122 1972 5169 ea,
2000 5120 2116 5173 quia

510 5192 695 5249 magno
726 5193 934 5231 assensu
983 5190 1187 5246 recepta
1215 5188 1332 5233 sunt
1360 5194 1672 5249 quorumque
1712 5178 1945 5249 exempla
1973 5178 2115 5231 nobis

511 5247 672 5300 multa
693 5256 935 5313 sunt,ncc
961 5251 1030 5303 ad
1051 5247 1442 5317 rationemJetl
1468 5251 1535 5304 ad
1562 5248 1963 5305 similitudinem
1988 5249 2118 5303 υἱυὶη

512 5334 644 5371 mus.
665 5318 817 5373 Conf.
852 5319 913 5373 L.
945 5337 1003 5386 tt,
1032 5338 1081 5378 c.
1111 5322 1164 5378 5.

590 5389 838 5462 Minores.
872 5392 926 5445 Id
951 5403 1055 5459 est,
1103 5394 1327 5462 posteri,
1352 5410 1403 5450 c.
1437 5394 1523 5450 15.
1557 5392 1647 5449 Sic
1668 5408 1812 5462 saepe
1833 5390 2113 5461 Virgilius,

515 5461 581 5515 ad
613 5475 771 5536 quem
800 5459 1047 5536 Servius,
1072 5459 1716 5536 Erythrteusﬂaubman.
1741 5459 1914 5520 Cerda
1936 5459 2113 5534 plura;

515 5543 572 5587 ct
593 5531 658 5584 ad
690 5531 937 5589 Juvenal.
963 5534 1078 5589 Sat.
1111 5531 1165 5601 1,
1192 5539 1315 5592 148.
1349 5539 1574 5595 RIGAL'I‘.

592 5602 720 5680 Qum
748 5605 881 5680 [alsg
912 5607 1227 5680 invenerant.
1251 5608 1610 5680 Scitclcgitur
1637 5608 1816 5679 qntein
1847 5621 1992 5680 mss.
2015 5605 2118 5680 Rc-

516 5676 636 5744 giis.
671 5676 721 5729 in
748 5674 804 5741 '5,
832 5674 1012 5745 Colb.,
1038 5677 1224 5745 60th.,
1262 5683 1285 5736 1
1313 5674 1550 5736 CIaroin.
1585 5674 1901 5736 ac'vetcrili.
1935 5679 2113 5733 editis.

524 5746 578 5801 In
610 5748 648 5823 ξ
671 5746 848 5813 Colb.,
870 5749 906 5823 1
938 5746 1172 5823 Clarom.
1204 5753 1367 5806 Brun.
1397 5765 1452 5807 et
1481 5752 1843 5823 vulgatisirec.
1875 5762 1978 5815 cst,
2007 5749 2116 5823 qui,

602 5817 666 5872 Et
693 5821 943 5891 auguriis.
974 5820 1212 5893 Auguria
1243 5838 1350 5880 non
1377 5824 1555 5881 solum
1574 5817 1726 5895 'apud
1751 5822 1990 5890 Graecos,
2018 5817 2117 5880 sed

2123 4494 2179 4557 D

2198 3167 2424 3233 Elian”
2486 3173 2520 3225 l.
2568 3187 2602 3226 ιι
2645 3167 2984 3237 γεινζΗίειη
3021 3187 3069 3226 c.
3130 3172 3218 3226 51.
3272 3167 3534 3225 ΙΙτιιιειιά
3584 3167 3769 3223 Grzrcus

2197 3242 2475 3313 scientiam
2535 3258 2782 3297 manasse
2831 3242 3078 3299 tradente
3134 3241 3426 3313 Telegono,
3472 3243 3635 3311 primo
3673 3239 3769 3313 ejus

2198 3312 2513 3385 inventore,
2587 3313 2820 3383 prodidit
2891 3314 3083 3368 Suidas
3146 3315 3196 3368 in
3255 3311 3411 3369 'voce
3478 3313 3644 3385 Τηλέγ.
3710 3311 3767 3364 Al

2196 3384 2408 3440 Etrusci
2453 3402 2510 3441 se
2570 3398 2818 3443 anetorcs
2895 3386 3293 3456 praedicabant,
3362 3384 3767 3456 repertorcmttuc

2197 3458 2461 3514 extitisse.
2492 3456 2684 3530 Tagem
2709 3452 3214 3529 quemdam.0vid.,
3241 3456 3275 3512 Ι.
3302 3473 3377 3512 xv
3403 3452 3728 3525 Metamorplt.
3753 3468 3763 3504 :

2323 3574 2577 3637 Indigenas
2599 3575 2778 3625 dixere
2802 3573 3010 3637 Tagem,
3036 3574 3120 3636 qui
3145 3573 3337 3637 primus
3359 3571 3610 3623 Etruscam

2323 3634 2532 3689 Edocuit
2554 3645 2761 3700 gentem
2785 3634 2929 3687 casus
2946 3634 3383 3701 aperire'futuros.

2198 3741 2299 3810 Qui
2328 3742 2479 3813 plura
2514 3740 2581 3796 de
2598 3740 2832 3811 auguriis
2857 3739 2988 3808 vult,
3014 3738 3171 3795 adeat
3196 3740 3595 3813 Dcmpstcruul,
3611 3749 3665 3790 ex
3684 3745 3768 3802 quo

2200 3805 2641 3869 hazc'hausimus.
2669 3805 2937 3881 Exempla
2970 3805 3089 3881 qua:
3117 3805 3423 3882 sequuninr
3442 3827 3504 3866 ex
3541 3805 3768 3882 Cicerone

2198 3886 2535 3958 potissimttm
2561 3879 3077 3958 desumptasuntcx
3111 3879 3261 3958 libris
3280 3884 3351 3958 de
3364 3882 3563 3958 Natura
3576 3879 3764 3958 deorum

2200 3950 2254 4013 et
2285 3957 2351 4011 dc
2375 3956 2734 4012 Divinatione.
2756 3950 2899 4010 'Vide
2929 3955 3093 4010 etiam
3131 3954 3403 4011 Valerium
3434 3950 3707 4017 Maxitn.,l.
3731 3961 3762 4010 ι,

2200 4043 2250 4084 c.
2285 4030 2317 4082 l
2350 4037 2402 4082 et
2434 4038 2683 4084 seuuent.

2272 4101 2455 4153 Accius
2481 4092 2698 4153 Navius.
2730 4099 2805 4154 Ita
2836 4113 3028 4154 omnes
3059 4098 3228 4153 ferme
3257 4112 3392 4152 mss.
3414 4106 3469 4152 et
3497 4092 3767 4152 edit.IBon.

2201 4174 2368 4242 antiq.
2402 4173 2501 4225 etl
2535 4168 2747 4242 Colli.a
2768 4170 3004 4225 secunda
3036 4186 3220 4234 manu,
3257 4167 3495 4224 Nazvius.
3527 4163 3770 4242 Aliquibus

2201 4230 2401 4299 dicitur
2447 4243 2625 4296 Actius
2677 4240 2902 4297 Navius.
2962 4243 3016 4297 In
3063 4230 3281 4313 irﬂeg.
3335 4249 3420 4313 est
3459 4230 3770 4313 Attusjapttd

2201 4314 2521 4383 Ciceronem
2573 4314 2873 4384 vulgatum,
2908 4314 3075 4367 Attius
3097 4308 3319 4368 Navius.
3359 4312 3434 4367 De
3460 4312 3556 4384 hac
3579 4308 3770 4384 historia

2206 4378 2327 4441 vide
2356 4386 2492 4453 Cic.,
2524 4385 2561 4439 l.
2594 4401 2632 4439 ll
2670 4378 2745 4440 de
2772 4378 2894 4440 Nat.
2926 4386 3106 4447 deor.,
3140 4396 3194 4440 et
3219 4384 3255 4439 1.
3293 4395 3318 4438 ι’
3349 4384 3417 4439 de
3452 4378 3771 4455 Divinatione

2204 4459 2365 4514 Extat
2396 4459 2449 4533 in
2481 4446 2736 4533 ’ἰήνῃ-1.
2769 4457 3045 4533 t;__Flo_ro,
3076 4446 3113 4533 1⁷ἶ
3138 4472 3177 4521 ι,
3224 4471 3273 4510 c.
3299 4457 3371 4533 5_;
3418 4446 3771 4533 Dionyslllali-

2211 4546 2389 4595 carn.,
2411 4530 2444 4582 1.
2475 4545 2528 4583 ιιι
2556 4545 2570 4591 ς
2603 4526 2785 4582 Valer.
2819 4529 3069 4595 Maxitn.,
3101 4528 3138 4583 l.
3166 4544 3202 4595 ι,
3235 4542 3285 4582 c.
3316 4528 3383 4583 de
3414 4525 3685 4595 Auspiciis.

2289 4592 2503 4655 Facere.
2558 4599 2684 4655 llaec
2709 4614 2812 4654 vox
2842 4601 2994 4654 abest
3025 4592 3065 4653 a'
3100 4592 3201 4655 ms.
3226 4598 3383 4671 Cant.
3414 4592 3773 4671 necindensen:

2214 4688 2308 4729 sus
2335 4673 2538 4727 deﬁcit.
2574 4672 2825 4727 Attamen
2854 4671 3070 4725 codices
3113 4686 3250 4739 quos
3294 4669 3426 4724 mihi
3455 4667 3626 4720 videre
3652 4662 3771 4739 licuit

2215 4744 2437 4807 habent,
2466 4746 2636 4817 facere
2676 4744 2942 4816 inciperet,
2976 4753 3030 4798 ut
3055 4730 3249 4814 legitur
3277 4742 3331 4797 in
3358 4741 3458 4795 hac
3483 4745 3653 4794 nostra
3675 4730 3767 4786 edi-

2217 4817 2385 4871 tione.

2292 4888 2411 4943 Nisi
2440 4887 2585 4959 prius
2611 4894 2741 4941 esset
2783 4887 3142 4959 inauguratus.
3167 4884 3512 4959 Inangurare,
3537 4879 3638 4959 _h0c
3673 4874 3770 4959 ξοφ

2216 4969 2323 5025 est,
2355 4944 2579 5032 auguria
2608 4944 2933 5032 consulere:
2979 4944 3441 5032 ILlallglllaba‘ItllII'
3481 4944 3645 5032 etiam
3678 4944 3771 5032 κξςξ

2217 5023 2454 5101 quanth
2463 5030 2941 5101 consecrabantur.
3000 5029 3066 5083 Et
3103 5023 3224 5099 quia
3265 5026 3432 5083 creati
3474 5023 3771 5101 magistratus

2218 5096 2444 5157 munera
2474 5101 2577 5155 sibi
2624 5100 2868 5171 delegata
2901 5103 3020 5157 sine
3067 5096 3306 5170 auguriis
3333 5116 3437 5153 nou
3463 5096 3771 5171 atlibant,‘tn-

2218 5174 2644 5244 augurabantur,
2680 5166 2783 5244 hoc
2821 5182 2923 5237 est,
2950 5183 3006 5227 ut
3061 5166 3222 5244 hodie
3246 5170 3474 5244 barbare
3497 5166 3764 5244 Ιοαιυυῐξίυρ

2218 5230 2810 5301 ἰηῖυειιρὺιιιιιιιιλΝιάθ
2835 5230 3045 5299 ειιίἸιιιξο
3067 5242 3309 5300 Francis.
3354 5235 3640 5298 I’etrarch.,
3667 5230 3696 5284 l.
3721 5238 3760 5281 IV

2223 5316 2352 5372 Iter.
2386 5316 2574 5379 Mean,
2610 5325 2769 5369 tract.
2794 5316 2849 5379 5,
2881 5331 2931 5370 c.
2956 5316 3009 5371 5.
3041 5315 3177 5370 Βετ.

2297 5388 2526 5454 Eamque
2557 5388 2806 5441 novacula
2829 5387 3035 5441 dissice.
3074 5388 3165 5441 Sic
3191 5385 3391 5441 habent
3423 5396 3544 5438 mss.
3572 5384 3763 5449 omnes;

2221 5471 2382 5527 atque
2413 5461 2481 5513 ita
2507 5458 2792 5529 legendum
2822 5473 2943 5513 esse
2967 5473 3166 5513 censeo
3189 5474 3310 5530 cum
3334 5456 3413 5512 Cl.
3440 5455 3762 5530 Ριιιθειιιοεβιιξι

2222 5517 2443 5586 verbum
2503 5517 2625 5593 hove,
2660 5530 2889 5595 dissicio,
2925 5530 3137 5585 erudite
3168 5528 3401 5599 explicat
3431 5545 3444 5579 :
3490 5520 3626 5591 quasi
3649 5517 3766 5599 dice.

2223 5618 2313 5658 res
2339 5603 2557 5656 dissero.
2587 5601 2713 5655 "th
2742 5618 2847 5655 vox
2878 5601 2958 5654 sic
2989 5600 3213 5671 legenda
3244 5595 3382 5668 apud
3416 5595 3764 5671 auctoremtltl:

2223 5685 2394 5730 strum
2427 5673 2790 5739 Lactantium,
2825 5673 2862 5726 l.
2895 5688 2974 5734 Ill.
3006 5664 3169 5734 cfl7,
3191 5664 3297 5726 non
3321 5670 3510 5738 disjice,
3534 5673 3584 5718 ut
3609 5664 3763 5739 vitioﬁe

2226 5723 2484 5819 ititpressi
2510 5744 2622 5800 fere
2650 5723 3106 5819 omnes‘habeut,
3142 5723 3186 5798 si
3230 5723 3463 5819 excipias
3478 5746 3653 5819 latitat
3676 5723 3764 5819 {‘1’}:

2225 5805 2428 5875 tionem
2455 5817 2719 5874 ιιοειοοιι.
2748 5815 2876 5874 anni
2899 5815 3063 5888 me,
3094 5805 3216 5888 qua:
3259 5805 3416 5872 habet
3455 5806 3618 5865 dissice
3638 5817 3654 5854 .-
3678 5805 3759 5864 ιιυι
