3986 6358
555 333 663 391 295

1623 324 1814 384 FlRM.
1854 318 2225 388 LACTANTII
2264 321 2467 380 DlVlN.
2509 318 2756 380 INSTIT.

3722 325 3806 385 “296

560 464 625 506 ex
640 450 786 505 bono
802 444 869 502 ad
891 444 1089 502 malum
1112 442 1482 510 transcendit;
1511 457 1717 514 suoque
1737 442 1981 508 arbitrio,
2005 441 2149 513 quod
2178 449 2232 509 Α
2256 439 2450 496 fectum
2489 437 2660 495 Graeci
2713 436 2935 495 διάϐολον
2978 435 3261 511 appelant;
3311 452 3407 494 nos
3442 438 3803 501 criminatorem

560 556 591 597 a
619 542 731 598 Deo
756 539 832 595 illi
864 539 1093 594 liberum
1115 537 1299 593 datum
1332 537 1525 602 fuerat,
1553 537 1882 593 contrarium
1919 535 2020 590 sibi
2053 549 2151 589 no-

563 650 690 691 men
733 633 980 689 adscivit.
1034 630 1187 688 Unde
1232 639 1457 702 apparet
1526 640 1844 685 cunctorum
1893 629 2158 682 malorum

559 727 761 784 fontem
803 741 928 783 esse
965 725 1212 783 livorem.
1261 724 1457 780 Invidit
1505 725 1648 780 enim
1704 723 1783 778 illi
1827 721 2157 777 antecessori

557 837 677 889 suo,
706 822 797 893 qui
824 820 936 877 Deo
962 820 1108 877 Patri
1138 818 1559 892 perseverando,
1588 834 1710 874 cum
1736 817 2013 889 probatus,
2048 825 2161 870 tuin

562 915 726 973 etiam
745 914 943 971 cbarus
967 922 1070 971 est.
1096 912 1249 970 Hunc
1265 927 1396 984 ergo
1415 928 1484 969 ex
1504 912 1646 968 bono
1669 926 1765 982 per
1783 926 1843 968 se
1868 910 2067 966 malum
2088 907 2168 963 ef-

2257 547 2537 597 vocamus,
2565 531 2707 603 quod
2731 530 2977 598 crimina,
3009 530 3063 585 in
3092 545 3213 600 qua:
3239 529 3355 601 ipse
3378 530 3544 599 illicit,
3569 534 3631 589 ad
3663 535 3805 595 Deum

2263 623 2488 681 deferat.
2523 623 2767 679 Exorsus
2808 622 2968 694 igitur
2995 622 3138 679 Deus
3173 622 3423 679 fabricam
3450 626 3655 691 mundi,
3685 628 3809 687 illum

2265 720 2496 791 primum
2522 728 2576 773 et
2597 717 2890 772 maximum
2918 714 3114 772 Filium
3138 716 3374 787 praefecit
3397 717 3544 789 operi
3569 720 3805 789 universo,

2268 829 2441 884 eoque
2466 812 2622 867 simul
2668 820 2722 866 et
2757 810 3105 866 consiliatore
3147 826 3276 866 usus
3322 820 3439 876 est,
3468 821 3523 867 et
3561 812 3744 869 artiﬁce
3767 816 3810 871 in

2271 904 2640 978 excogitandis
2666 947 2681 972 ,
2713 902 2990 971 ornandis,
3024 902 3470 975 perﬁciendisque
3506 904 3675 973 rebus,
3700 923 3813 978 quo-

1897 1024 2262 1085 VARIORUM
2298 1024 2529 1083 NOTAE.

561 1164 681 1218 cap.
712 1146 804 1214 78,
828 1145 921 1202 lib.
949 1161 1005 1213 v,
1036 1159 1155 1217 cap.
1184 1144 1289 1218 εις
1317 1152 1371 1200 et
1390 1141 1711 1218 Cyprianus,
1737 1143 1830 1218 lib.
1853 1141 1922 1198 de
1942 1143 2074 1199 Zelo
2089 1152 2145 1199 et

562 1216 778 1286 Livore,
812 1228 933 1289 post
958 1216 1119 1285 init,
1135 1217 1297 1271 etiam
1329 1216 1613 1272 asseruere
1651 1216 1924 1272 diabolum
1957 1230 2147 1285 pecca-

566 1294 711 1348 visse
731 1292 999 1361 superbia:
1026 1289 1378 1344 indisSiilubili
1411 1304 1573 1356 nexu,
1599 1290 1751 1361 juxta
1792 1290 2146 1361 Augustinum

564 1365 658 1421 lib.
691 1358 1023 1419 idevGenes.
1056 1362 1122 1416 ad
1154 1363 1341 1427 litter.,
1372 1376 1424 1414 c.
1454 1361 1526 1415 Hi
1548 1402 1563 1425 ,
1598 1360 1882 1429 conjuncta
1911 1358 2107 1413 invidia
2133 1399 2148 1424 ,

570 1446 674 1516 tam
699 1437 749 1489 in
782 1434 890 1516 Dei
905 1432 1715 1516 Filium,"quam"inimminent,
1744 1445 1807 1485 ex
1854 1429 2150 1516 Litctantio,

566 1508 667 1563 lib.
698 1523 755 1572 ii,
784 1520 833 1561 c.
860 1505 893 1560 8
923 1517 977 1560 et
1006 1504 1092 1560 12.
1119 1502 1258 1559 Vide
1309 1503 1515 1558 Estium
1565 1504 1617 1557 in
1652 1504 1743 1557 lib.
1795 1518 1831 1557 ιι
1881 1502 2152 1572 Sentent.,

567 1580 807 1635 distinct.
843 1577 895 1643 6,
930 1575 1021 1649 §2
1047 1586 1102 1631 et
1143 1575 1197 1631 5.
1239 1573 1518 1649 T‘ltaque
1554 1584 1732 1649 suapte
1769 1571 2158 1649 _invidia.__Non

569 1649 780 1723 primo;
812 1644 1055 1723 sentiunt
1091 1649 1234 1723 enim
1262 1645 1614 1723 SS.__l’atres,
1664 1645 1927 1723 Basilius,
1982 1644 2157 1723 Cliry-

573 1714 843 1777 stistomus
865 1760 881 1788 ,
939 1718 1254 1775 Ambrosius
1281 1758 1297 1786 ,
1350 1718 1705 1789 Hieronymus
1723 1758 1737 1779 ,
1800 1714 2131 1787 Augustinus
2151 1759 2165 1784 ,

570 1794 863 1864 Gregorius
906 1791 977 1847 Μ.
1006 1799 1063 1845 et
1106 1791 1164 1846 S.
1202 1790 1457 1864 Thomas,
1511 1788 1781 1843 diabolum
1829 1794 2001 1858 primo
2052 1803 2175 1859 pec-

569 1860 724 1922 casse
772 1874 993 1935 peccato
1036 1860 1784 1935 superbiat._Consequenler
1810 1931 1823 1935 _
1852 1874 1979 1915 vero
2044 1874 2175 1935 pec-

571 1952 726 1993 casse
774 1931 997 2007 peccato
1049 1931 1262 2007 invidia;
1315 1933 1529 2007 dicitur,
1561 1931 1864 1987 all‘ectaudo
1906 1933 2179 2007 esculen-

571 2010 698 2063 tiam
749 2002 1035 2079 quamdam
1088 2005 1436 2079 singularem.
1469 2002 1550 2059 Ex
1580 2018 1734 2079 sacro
1754 2012 1904 2059 textu
1934 2004 2169 2059 dicitur:

574 2079 642 2137 In
663 2074 869 2135 veriiate
892 2095 993 2133 non
1014 2074 1210 2132 stetisse
1236 2074 1416 2150 (Joan.
1451 2091 1563 2141 vin,
1603 2075 1717 2147 44).

654 2171 805 2240 Quod
860 2171 923 2225 ab
956 2168 1059 2225 Deo
1106 2169 1184 2223 illi
1229 2169 1442 2223 liberum
1485 2168 1663 2222 datum
1689 2171 1875 2240 fuerat.
1922 2167 2179 2223 Poterant

575 2239 694 2300 lucc
743 2246 968 2309 abesse,
1011 2252 1066 2298 et
1109 2240 1225 2297 fere
1251 2252 1499 2310 suspecta
1531 2250 1661 2295 sunt
1705 2239 1833 2294 inihi
1867 2256 2019 2310 aeque
2046 2254 2109 2295 ac
2136 2240 2171 2294 l.

576 2329 636 2381 ti,
666 2330 785 2386 cap.
817 2315 908 2380 li,
940 2313 1029 2369 ubi
1059 2313 1247 2370 eadem
1298 2313 1353 2369 in
1395 2312 1615 2383 Optiinis
1657 2314 2037 2382 manuscriptis
2069 2327 2174 2366 non

576 2388 862 2445 habentur.
892 2387 1026 2441 Bon.

652 2479 907 2535 Livorem.
938 2478 1071 2534 Vide
1111 2476 1353 2549 Sapient.
1383 2492 1435 2533 c.
1469 2492 1529 2545 ii,
1559 2476 1653 2532 24.

653 2577 777 2633 Cum
808 2575 1070 2645 probatus,
1100 2584 1205 2629 tum
1230 2574 1380 2629 etiam
1405 2575 1593 2628 chorus
1614 2581 1704 2628 est.
1734 2571 1809 2629 Ita
1842 2572 2053 2630 restitui
2110 2587 2177 2629 ex

577 2666 710 2707 mss.
735 2648 1163 2718 antiquissimisi
1187 2645 1419 2712 Bonon.,
1445 2646 1470 2699 i
1492 2645 1886 2718 Regio-Puth
1912 2646 1985 2718 al.
2013 2645 2171 2716 Reg.,

578 2723 605 2777 1
636 2720 791 2777 Colb.
822 2715 1045 2790 aliisque
1072 2761 1087 2785 ,
1133 2718 1435 2790 faventibus
1483 2717 1525 2790 lg
1556 2715 1715 2790 Reg..
1748 2718 1772 2772 t
1809 2715 1963 2771 Colb.
1988 2758 2003 2782 ,
2033 2715 2174 2784 PaL,

575 2793 750 2863 Lips.,
776 2788 975 2863 Brun.,
1001 2801 1055 2846 et
1084 2792 1213 2847 edit.
1238 2789 1485 2863 Gymnic.
1516 2788 1568 2863 ii_i
1589 2789 1794 2863 quibus
1809 2796 1911 2849 est.
1944 2804 2180 2863 compro-

578 2858 759 2932 batus;
787 2866 839 2918 in
873 2864 899 2917 1
924 2862 1159 2918 Clarom.
1182 2872 1238 2917 et
1262 2858 1348 2932 ed.
1371 2858 1734 2932 Ald.,Paris.,
1756 2860 1924 2924 Crat.,
1948 2858 2176 2929 Graph.,

580 2947 688 2991 tum
734 2929 1121 3002 comprobatus;
1152 2934 1206 2989 in
1246 2934 1279 2989 4
1305 2931 1485 3000 Colb.,
1518 2932 1544 2985 1
1573 2929 1812 2988 Clarom.
1854 2941 1909 2987 et
1936 2932 1969 2987 6
1993 2932 2176 2999 editis,

582 3019 692 3064 tum
723 3008 964 3078 probatus
1124 3076 1135 3078 _
1359 3075 1400 3078 __
1944 3074 1958 3078 _
1990 3044 1995 3050 .

651 3074 756 3135 Per
781 3096 835 3135 se
862 3079 1052 3134 malum
1076 3076 1331 3145 e/Iectum.
1358 3075 1484 3131 llaec
1512 3082 1753 3146 pugnant
1779 3088 1899 3129 cum
1928 3074 2172 3131 doctrina

578 3151 1012 3211 Manichieorom.
1029 3153 1118 3221 qui
1136 3159 1324 3219 putant
1341 3148 1507 3203 Deum
1522 3158 1797 3203 auctorem
1816 3146 1946 3201 mali
1978 3146 2167 3221 fuisse.

581 3225 683 3351 llrirc
719 3241 749 3279 e
773 3231 959 3279 c0ntra
984 3219 1226 3293 angelus,
1249 3221 1340 3292 qui
1369 3221 1541 3275 bonus
1585 3228 1751 3287 esset,
1785 3233 1881 3289 per
1908 3234 1965 3274 se
1996 3219 2170 3273 malus

581 3312 609 3351 e
654 3309 803 3351 ectus
826 3305 928 3350 est.

579 3305 803 3352 ellectus
826 3305 928 3350 est.

651 3368 731 3421 Ad
761 3367 926 3421 Deum
951 3365 1167 3437 deferat.
1206 3364 1338 3420 Post
1362 3363 1477 3419 huic
1505 3362 1668 3437 verba
1712 3362 1765 3417 in
1783 3362 2005 3437 _mss._l
2037 3361 2167 3434 Reg.

581 3440 687 3497 900
731 3455 947 3502 annon,
999 3434 1025 3493 ἱ
1058 3440 1129 3492 al.
1167 3437 1325 3508 Reg.,
1360 3451 1496 3508 reg,
1528 3434 1741 3499 Marm.,
1783 3434 1991 3508 Ballio],
2024 3443 2078 3489 et
2118 3436 2170 3488 in

583 3512 855 3568 nonnullis
895 3510 1055 3566 editis
1093 3505 1339 3580 sequitur
1370 3526 1383 3561 :
1415 3506 1518 3562 Cur
1542 3518 1713 3580 autem
1728 3508 1901 3580 justus
1926 3505 2063 3580 Deus
2093 3515 2174 3560 ta-

582 3586 681 3639 lem
704 3582 913 3638 voluerit
940 3597 1067 3646 esse,
1091 3576 1532 3652 quantuingsensus
1558 3576 2058 3652 nostrijnediocritas
2081 3594 2174 3646 po-

582 3666 716 3725 terit,
742 3655 1019 3724 explanare
1040 3649 1282 3707 conabor.
1311 3650 1683 3725 Fabricaturus
1712 3649 1848 3703 Deus
1873 3650 2009 3702 hunc
2030 3665 2178 3725 mun-

582 3723 727 3797 dum,
757 3727 845 3799 qui
870 3736 1123 3799 constaret
1152 3730 1204 3778 in
1242 3725 1360 3799 (vel,
1381 3732 1465 3789 ex}
1494 3724 1640 3799 rebus
1668 3724 1801 3776 inter
1826 3737 1879 3799 se
1907 3723 2178 3799 contrariis

583 3795 731 3867 atque
758 3795 1094 3863 discordibus,
1123 3797 1384 3851 constituit
1418 3804 1533 3848 ante
1559 3795 1787 3867 diversa,
1820 3795 2038 3864 fecitque
2062 3803 2178 3847 ante

584 3866 757 3927 omnia
788 3872 915 3924 duos
945 3874 1110 3940 fontes
1138 3884 1310 3924 rerum
1330 3868 1426 3921 sibi
1449 3866 1846 3940 adversantium,
1878 3867 2009 3918 inter
2031 3880 2179 3934 seque

586 3938 955 4014 pugnantium,
987 3940 1104 3994 illos
1134 3939 1517 4014 videlicet‘duos
1539 3938 1771 4008 spiritus,
1802 3946 2003 4014 rectum
2030 3946 2182 4014 atque

586 4008 820 4085 pravum,
853 4029 1067 4083 quorum
1096 4013 1225 4085 alter
1250 4021 1321 4065 est
1351 4009 1457 4065 Deo
1497 4019 1740 4079 tanquam
1779 4009 2017 4075 dextera,
2050 4008 2181 4085 alter

585 4080 829 4156 tanquam
850 4080 1077 4147 sinistra,
1106 4083 1225 4137 utin
1250 4099 1424 4137 eorum
1454 4091 1617 4156 essent
1650 4090 1896 4156 potestate
1919 4080 2181 4156 contraria

586 4152 700 4221 illa,
724 4172 938 4226 quarunt
964 4157 1188 4211 mixtura
1212 4164 1258 4209 et
1280 4154 1641 4226 temperatione
1659 4153 1901 4226 mundus,
1930 4163 1975 4207 et
1996 4167 2110 4223 qua:
2128 4152 2182 4205 in

588 4246 646 4284 eo
673 4223 811 4293 sunt,
846 4227 1077 4283 universa
1101 4234 1409 4281 constarent.
1441 4223 1577 4279 Item
1603 4226 1838 4297 facturus
1880 4225 2134 4278 hominem
2159 4262 2175 4288 ,

589 4301 671 4356 cui
702 4301 935 4354 virtutem
962 4299 1030 4353 ad
1057 4299 1323 4354 vivendum
1336 4307 1661 4369 proponeret,
1684 4313 1772 4365 per
1795 4312 1947 4367 quam
1974 4300 2183 4349 immor—

592 4373 839 4427 talitatem
864 4383 1230 4443 ossequeretur,
1255 4368 1439 4424 bonum
1465 4378 1513 4425 et
1540 4368 1731 4422 malum
1763 4369 1900 4443 fecit,
1933 4377 1986 4420 ut
2011 4376 2179 4438 posset

592 4460 699 4499 esse
723 4443 917 4507 virtus;
954 4440 1068 4515 gnte
1096 4444 1197 4497 nisi
1223 4444 1372 4515 malis
1398 4442 1754 4515 agitetiir,_aut
1775 4440 1873 4515 vim
1892 4454 2183 4515 suamper-

594 4516 702 4582 det,
718 4528 804 4571 aut
821 4510 1025 4570 omnino
1043 4531 1142 4570 non
1165 4515 1278 4570 erit.
1304 4512 1357 4567 Ν
1363 4510 1449 4568 ani
1459 4524 1511 4567 ut
1524 4511 1789 4580 opulentia
1805 4513 1989 4566 bonum
2011 4510 2184 4565 videa-

594 4598 699 4656 tur,
730 4588 974 4643 acerbitas
995 4586 1233 4659 egestatis
1261 4587 1409 4658 facit;
1444 4594 1491 4659 et
1520 4586 1741 4659 gratiam
1770 4583 1895 4659 lucis
1925 4598 2183 4659 commen-

597 4654 694 4715 dat
708 4659 987 4716 obscuritas
1004 4654 1345 4723 tenebrarum;
1373 4654 1675 4711 valetudinis
1690 4666 1737 4710 et
1766 4655 1996 4710 sanitatis
2013 4654 2191 4722 volup-

596 4744 674 4788 tas
696 4749 759 4787 ea:
777 4731 949 4785 morbo
973 4747 1034 4784 ac
1054 4731 1230 4785 dolore
1249 4729 1571 4800 cognoscitur
1593 4743 1611 4782 :
1635 4730 1706 4781 ita
1724 4727 1911 4800 bonum
1932 4730 2043 4780 sine
2055 4726 2191 4780 malo

597 4808 651 4859 in
682 4808 777 4858 hac
805 4803 908 4857 vita
937 4818 1043 4857 esse
1078 4818 1179 4856 non
1212 4799 1393 4867 potest.
1431 4799 1499 4853 Et
1536 4808 1804 4870 utrumque
1832 4799 1948 4852 licet
1986 4809 2192 4851 contra-

600 4878 731 4931 rium
757 4876 845 4939 sit,
875 4886 1039 4928 tamen
1067 4875 1139 4927 ita
1155 4877 1395 4938 conteret,
1425 4887 1479 4925 ut
1500 4872 1714 4925 alterum
1742 4872 1786 4923 si
1802 4871 1974 4933 tollas,
1994 4880 2194 4923 utrum-

598 4964 695 5017 que
717 4946 1017 5010 sustuleris;
1047 4962 1168 5000 nam
1196 4961 1356 5014 neque
1384 4944 1575 4997 bonum
1601 4942 1961 5017 comprehendi
1989 4958 2049 4994 ac
2076 4958 2195 5017 per-

601 5015 704 5089 cipi
737 5028 897 5087 potest
922 5019 1033 5072 sine
1065 5017 1406 5072 declinatione
1442 5032 1502 5068 ac
1535 5018 1658 5084 fuga
1693 5016 1848 5089 mali,
1877 5028 1965 5066 nec
1997 5015 2192 5089 malum

602 5085 766 5144 caveri
792 5106 853 5143 oc
867 5092 994 5144 vinci
1011 5092 1121 5144 sine
1146 5089 1343 5143 auxilio
1360 5085 1707 5155 comprehensi
1734 5100 1793 5137 ac
1814 5085 2034 5153 percepti
2050 5085 2187 5140 boni.

606 5159 826 5233 lj’ccesse
848 5163 1006 5233 igitur
1034 5165 1224 5231 fuerat,
1255 5170 1300 5213 et
1328 5158 1658 5233 maluinﬁeri
1679 5196 1693 5220 ,
1741 5165 1791 5233 ut
1820 5157 2003 5233 bonum
2028 5157 2188 5225 fieret.

603 5229 673 5305 Et
703 5226 939 5299 quoniam
976 5226 1055 5305 fas
1082 5249 1184 5286 non
1214 5241 1345 5297 erat,
1376 5240 1431 5305 ut
1457 5247 1489 5282 a
1520 5226 2064 5305 Deopro/icisceretur
2085 5245 2191 5305 ina-

604 5304 714 5375 lum
744 5305 926 5375 (neque
954 5299 1087 5358 enim
1128 5314 1308 5358 contra
1336 5317 1388 5356 se
1418 5304 1525 5371 ipse
1545 5301 1742 5375 faciet),
1767 5299 2192 5375 illu_m_constituit

605 5371 858 5429 malorum
889 5376 1222 5440 inventorem;
1248 5389 1396 5445 quem
1432 5389 1547 5426 cum
1576 5373 1793 5440 faceret,
1832 5371 1972 5445 dedit
2018 5372 2096 5425 illi
2125 5371 2195 5426 ad

605 5446 750 5501 mala
774 5448 1109 5517 excogitanda
1132 5443 1421 5519 ingenium,
1452 5453 1497 5498 et
1523 5445 1785 5519 astutiam,
1813 5454 1867 5519 ut
1894 5443 1949 5496 in
1986 5460 2043 5497 eo
2069 5451 2197 5519 esset

609 5527 655 5574 et
681 5515 915 5587 voluntas
935 5534 1112 5591 prava,
1130 5531 1173 5572 et
1187 5515 1420 5591 perfecto
1442 5515 1690 5586 nequitia,
1716 5527 1761 5570 et
1784 5516 1846 5569 ab
1867 5532 1924 5570 co
1939 5517 2197 5591 contrario

607 5591 875 5646 virtutibus
910 5590 1016 5643 suis
1048 5589 1205 5644 voluit
1240 5589 1365 5645 oriri
1388 5632 1403 5654 ,
1441 5604 1652 5658 eumque
1677 5604 1847 5642 secum
1873 5589 2195 5655 contendere,

610 5672 844 5716 utrumne
863 5662 973 5731 ipse
998 5661 1113 5724 plus
1129 5661 1377 5716 bonorum
1398 5668 1561 5722 daret,
1586 5677 1652 5713 an
1678 5662 1765 5714 ille
1789 5660 1902 5730 plus
1922 5660 2195 5713 mulorum.

613 5734 722 5790 Sed
750 5750 927 5788 rursus
952 5734 1195 5802 quoniam
1220 5733 1326 5789 Deo
1349 5749 1543 5789 summa
1572 5732 1849 5803 repugnari
1880 5749 1981 5786 non
2014 5740 2198 5803 potest,

610 5804 860 5861 bonorum
888 5821 1096 5861 suorum
1122 5813 1415 5875 potestatem
1428 5805 1505 5858 illi
1526 5804 1677 5859 ultori
1702 5801 1868 5874 (forte
1894 5804 1999 5874 leg.
2016 5801 2200 5875 alteri)

608 5878 922 5957 pssignavit,
954 5893 1099 5951 quem
1123 5873 1287 5949 supra
1314 5877 1499 5933 bonum
1526 5891 1585 5931 ac
1622 5876 1904 5950 perfectum
1935 5873 2042 5933 esse
2069 5873 2204 5930 dixi-

2252 1158 2387 1196 mus.
2417 1139 2504 1196 Ita
2528 1141 2656 1196 duos
2680 1143 2749 1194 ad
2775 1149 3030 1195 certamen
3072 1141 3362 1209 composuit
3381 1152 3427 1197 et
3453 1144 3678 1199 instruin
3703 1161 3720 1200 :
3743 1146 3814 1201 sed

2253 1229 2431 1267 eorum
2454 1212 2675 1267 alterum
2704 1212 2901 1274 dilexit.
2934 1222 2988 1266 ut
3023 1212 3214 1267 bonum
3247 1215 3434 1282 lilium,
3466 1214 3671 1270 alterum
3694 1219 3815 1272 abdi-

2259 1287 2416 1349 cavit,
2449 1295 2502 1337 ut
2523 1282 2963 1359 malum._Postea
2991 1294 3161 1359 autem
3183 1286 3368 1359 multos
3387 1289 3554 1356 genuit
3581 1289 3699 1344 alios
3722 1306 3819 1359 ape-

2260 1372 2608 1431 rumﬂsuorum
2638 1356 2915 1431 ministros,
2945 1372 3073 1427 quos
3095 1354 3265 1431 (ἕνωεὶ
3296 1354 3535 1431 ἁῄἂους
3563 1354 3816 1425 nominant;

2262 1439 2309 1482 et
2344 1429 2459 1483 illos
2489 1430 2659 1493 unius,
2691 1428 2779 1482 sed
2810 1429 3142 1498 repugnantis
3171 1428 3391 1496 naturas,
3420 1432 3581 1499 qualis
3615 1433 3814 1485 duorum.

2266 1498 2379 1574 Sed
2406 1517 2526 1568 pars
2555 1500 2646 1554 illa
2675 1499 3019 1574 corruptibilis
3066 1516 3168 1574 non
3209 1500 3385 1571 utique
3412 1498 3579 1556 statim
3617 1515 3819 1574 corrupta

2266 1582 2337 1625 est
2366 1572 2417 1624 in
2448 1580 2588 1625 ortus
2620 1571 2699 1626 sui
2747 1572 2999 1643 principio
3028 1571 3168 1643 7:7sed
3201 1582 3313 1641 post
3353 1577 3676 1643 compositum
3706 1571 3820 1628 ordi-

2268 1654 2563 1715 natumque,
2591 1645 2720 1697 sicut
2748 1658 2866 1715 moa:
2893 1642 3182 1715 docebimus
3200 1684 3214 1704 .
3258 1659 3304 1715 a_
3324 1642 3618 1700 substantia:
3641 1647 3819 1702 celestis

2200 1721 2250 1782 B
2276 1712 2707 1788 vigore'perversa
2732 1713 2992 1768 voluntate
3008 1713 3237 1788 descivit.
3265 1712 3518 1788 (Steterunt
3540 1718 3589 1771 in
3608 1719 3819 1788 principio

2280 1802 2429 1858 pares
2477 1786 2698 1858 universi
2743 1801 2888 1855 aqua
2931 1786 3219 1839 conditione
3251 1786 3394 1857 apud
3425 1786 3583 1841 Deum
3625 1786 3761 1855 fuere,
3783 1798 3821 1843 et

2278 1857 2469 1929 idcirco
2502 1857 2693 1929 Angeli
2713 1873 2908 1924 omnes,
2936 1873 3151 1929 quorum
3178 1858 3439 1929 principes
3472 1869 3609 1913 erant
3633 1860 3702 1914 illi
3721 1861 3817 1915 duo.

2279 1928 2406 1984 Cum
2449 1940 2619 2002 autem
2660 1928 2798 1982 Deus
2826 1944 2891 2002 ea:
2916 1930 2996 1983 his
3025 1928 3221 1984 duobus
3249 1928 3470 1984 alterum
3515 1931 3635 1985 bono
3662 1948 3821 2002 priapo-

2278 2002 2483 2065 suisset,
2516 2000 2732 2055 alterum
2752 2000 2909 2066 malo,
2939 2015 3149 2055 exorsus
3163 2009 3238 2053 est
3264 2002 3515 2071 fabricam
3537 2005 3715 2067 mundi,
3737 2000 3819 2056 viii-

2278 2072 2428 2127 nibus
2458 2073 2557 2144 Itis,
2589 2087 2713 2143 quos
2742 2080 3019 2144 creaverat,
3050 2073 3486 2141 ministrantibus,
3520 2085 3565 2128 et
3601 2092 3681 2144 per
3712 2084 3821 2129 certa

2279 2145 2455 2214 ofﬁcia
2479 2142 2760 2217 dispasitis.
2789 2143 2915 2217 Sed,
2932 2142 3071 2217 banc
3095 2146 3399 2217 orationem
3431 2142 3684 2217 tamquam
3703 2147 3821 2200 adul-

2279 2218 2507 2271 terinani
2537 2216 2589 2270 in
2618 2224 2824 2270 textum
2854 2215 3139 2269 admittere
3166 2216 3465 2283 noluimus;
3498 2215 3641 2273 abest
3666 2218 3821 2273 enim:

2279 2287 2560 2359 duodecim
2589 2286 2883 2359 Vaticanis,
2907 2285 3169 2359 871%ng
3199 2287 3367 2355 Bon.,
3396 2289 3669 2359 antiquiss.
3693 2289 3817 2355 Tax.,

2279 2359 2438 2425 Pen.,
2474 2356 2833 2429 Lips.,iNav.,
2868 2358 3006 2429 l'al.,
3034 2356 3070 2429 2
3099 2358 3291 2425 Brun.,
3321 2362 3359 2416 4
3385 2356 3583 2425 Osuiu,
3613 2361 3819 2426 Tornes.,

2278 2428 2565 2498 Rostocb.,
2592 2430 2626 2485 6
2646 2428 2824 2499 Colb.,
2849 2428 2999 2494 Gat.,
3027 2428 3193 2495 Vict.,
3223 2431 3250 2485 1
3286 2432 3550 2499 Sorbon.,
3571 2433 3605 2488 2
3627 2433 3821 2488 Claroni.

2278 2502 2447 2558 Abest
2473 2502 2634 2558 etiam
2656 2518 2685 2555 a
2710 2517 2842 2575 mss.
2868 2501 3167 2575 Robanneo
3187 2511 3243 2557 et
3271 2504 3628 2575 Sangerinaii.
3653 2521 3744 2559 non
3767 2504 3826 2558 in-

2278 2576 2493 2629 venitur
2521 2577 2573 2629 in
2612 2572 2895 2643 autiquiss.
2924 2573 3013 2627 ed.
3036 2573 3218 2639 Rom.,
3252 2572 3471 2638 Venet..
3502 2575 3654 2642 1490,
3680 2590 3763 2630 nec
3785 2578 3823 2628 in

2280 2645 2836 2718 Ald.15l5,Paris._,
2890 2643 3342 2718 i525,__Grapb.,
3387 2646 3823 2718 Antuerp.,1539,

2279 2717 2567 2773 Cratandri
2597 2716 2759 2783 1524,
2803 2716 2899 2783 15.,
2929 2726 3036 2772 etc.
3062 2714 3247 2788 Neque
3277 2721 3445 2774 etiam
3468 2720 3572 2773 ullo
3593 2714 3733 2775 modo
3755 2720 3826 2772 ad-

2280 2789 2823 2858 mittenda.quamvis
2853 2788 3050 2861 Stylum
3078 2787 3349 2861 Laetantii
3380 2790 3634 2857 redoleat,
3664 2795 3820 2861 quippe

2279 2877 2399 2932 quae
2421 2862 2621 2915 inultos
2632 2874 2849 2916 errores
2863 2860 3103 2915 continet
3122 2877 3135 2913 :
3160 2860 3335 2929 primo
3351 2861 3510 2919 docet
3524 2862 3820 2917 Manicliteiini

2280 2948 2545 2998 errorem,
2585 2946 2779 3002 nempe
2821 2933 2985 3004 Detim
3013 2946 3231 2987 creasse
3261 2932 3371 2988 duo
3396 2933 3668 3004 principia,
3695 2946 3821 2987 unum

2279 3004 2429 3070 boni,
2463 3006 2691 3059 alterum
2721 3004 2868 3058 mali.
2897 3002 3113 3058 Falsum
3140 3007 3303 3059 etiam
3334 3002 3440 3073 est,
3466 3002 3653 3061 bonum
3674 3013 3824 3059 etuia-

2283 3076 2393 3131 lum
2427 3077 2495 3130 ita
2528 3077 2824 3137 colimrere,
2851 3085 2910 3130 ut
2931 3076 2975 3129 si
3017 3091 3202 3142 unum,
3245 3078 3410 3132 etiam
3440 3078 3659 3133 alterum
3685 3087 3826 3130 sustu-

2201 3126 2247 3191 C
2278 3126 2406 3203 iisiis
2424 3126 3173 3213 ἷίιῖἒῶἱῖυὲιὶἰηῖᾚὸοᾞόἧ
3188 3126 3419 3204 libuit—iii.
3441 3126 3659 3204 b'e'i'iiiié'
3673 3126 3823 3202 signa.

2276 3220 2387 3274 lum
2412 3235 2534 3275 cum
2561 3220 2654 3275 Dei
2680 3218 2816 3273 Filii)
2838 3216 3071 3292 confert,
3098 3220 3245 3292 quod
3269 3221 3431 3289 plane
3460 3221 3687 3292 impium,
3712 3232 3763 3273 ac
3777 3217 3826 3270 ab

2276 3292 2482 3368 liriano
2503 3293 2760 3368 quopiam
2785 3289 3169 3368 exeiigitatum.
3208 3290 3389 3368 Etiam
3426 3289 3823 3368 ιιυρ’ὰντὲγρᾳφᾳν.

2278 3366 2445 3419 Deum
2472 3362 2722 3419 habuisse
2747 3362 2800 3417 in
2822 3366 3098 3417 creatione
3117 3364 3358 3432 Angelos
3385 3364 3562 3432 operis
3577 3366 3651 3417 sui
3666 3362 3827 3416 initiis-

2277 3444 2412 3499 tros;
2432 3436 2596 3490 immo
2615 3445 2671 3491 et
2694 3434 2973 3489 Lactantio
2986 3435 3413 3506 repugnans,qui
3429 3434 3532 3490 hoc
3548 3434 3824 3506 eodeincap.

2278 3507 2380 3578 sic_
2400 3507 2570 3578 inquit.
2601 3523 2614 3559 :
2648 3506 2915 3575 Quomodo
2952 3503 3108 3577 igitur
3128 3503 3212 3578 ab
3250 3503 3458 3562 homine
3492 3508 3655 3561 divina
3678 3505 3753 3578 illa
3774 3503 3827 3578 vis

2278 3572 2528 3706 dGi/ferret,
2551 3579 2593 3632 si
2620 3572 2866 3643 uthamo,
2894 3572 3138 3632 ita'etiani
3159 3576 3299 3633 Deus
3318 3596 3417 3651 ope
3441 3579 3657 3649 indigeat
3671 3572 3827 3630 aliena!

2328 3664 2564 3706 ALLa-zus.

2328 3664 2564 3706 Αιιηευε.

2352 3722 2514 3776 Illum
2536 3723 2759 3793 primum
2784 3730 2831 3776 et
2858 3722 3139 3777 maximum
3161 3720 3382 3778 Filium.
3404 3722 3547 3779 Cave
3567 3730 3707 3793 putes
3728 3717 3828 3793 Lac-

2283 3796 2511 3848 taiitiuin
2536 3789 2810 3859 arbitrari,
2834 3795 3055 3866 angelos
3077 3794 3167 3848 Dei
3192 3793 3330 3850 lilios
3359 3809 3544 3866 natura
3567 3789 3699 3859 esse,
3717 3800 3761 3866 et
3778 3789 3827 3866 ita

2280 3867 2366 3921 vel
2396 3866 2462 3920 ad
2494 3867 2586 3919 Dei
2617 3857 2862 3920 naturain
2895 3857 3013 3921 iilos
3034 3866 3326 3932 extollere,
3357 3868 3442 3923 vel
3472 3865 3657 3921 Filium
3684 3857 3757 3917 Dei
3778 3857 3826 3912 ad

2284 3947 2534 4009 naturain
2568 3940 2883 4009 angelorum
2929 3938 3187 4007 dejicere.
3231 3938 3544 3994 Lactantius
3580 3950 3724 4009 unum
3755 3932 3828 4009 Del

2283 4008 2477 4064 Filium
2508 4004 2692 4065 Jesuiii
2713 4050 2730 4076 ,
2775 4018 2830 4063 et
2880 4004 3155 4078 Cognovit,
3183 4020 3237 4063 et
3267 4010 3478 4077 docuit,
3523 4020 3578 4063 ut
3608 4006 3726 4062 infra
3754 4004 3829 4078 hoc

2284 4080 2444 4154 libro,
2473 4094 2592 4150 Cap.
2626 4072 2924 4154 17,7etglib.
2949 4072 3034 4145 iv,
3063 4072 3185 4154 cap.
3214 4081 3248 4137 8
3270 4122 3284 4145 ,
3319 4072 3598 4154 ipsumque
3618 4072 3829 4154 Demade

2283 4152 2394 4207 Deo
2420 4146 2707 4208 conlitetur
2726 4152 2917 4207 eodem
2945 4167 3063 4221 cap.
3090 4146 3197 4207 8'et
3228 4146 3357 4223 cap:
3388 4154 3453 4209 l8
3495 4146 3718 4223 ejusdem
3740 4146 3829 4199 libri

2282 4240 2339 4278 ιν
2372 4242 2383 4277 :
2420 4223 2578 4297 Quid,
2609 4226 2801 4294 inqmt,
2827 4225 2899 4297 de
2926 4223 3275 4297 liuius‘crucis
3298 4221 3603 4297 indignitate
3629 4221 3827 4297 dicemus}

2282 4297 2337 4350 in
2372 4287 2473 4366 qua
2518 4287 2660 4350 Deus
2684 4287 2721 4348 ξι
2742 4295 3027 4367 cultoribus
3062 4293 3160 4367 Dei
3188 4287 3466 4367 suspensus
3504 4304 3574 4349 est
3598 4305 3734 4367 atque
3749 4287 3831 4367 sub

2284 4362 2463 4437 fixus?
2494 4368 2637 4422 ldein
2668 4366 2829 4439 liabet.
2857 4366 3049 4422 eodem
3091 4366 3183 4422 lib.
3213 4362 3289 4435 tv,
3337 4384 3459 4439 cap.
3493 4362 3771 4439 10.713,“
3793 4366 3831 4411 εί

2286 4435 2377 4503 29,
2404 4441 2530 4494 item
2562 4439 2631 4493 de
2658 4438 2856 4494 lumine
2882 4438 3064 4493 lumen
3092 4438 3283 4509 eodem
3313 4435 3438 4509 cap'.
3468 4439 3559 4504 29,
3578 4435 3706 4492 Patri
3730 4444 3830 4509 coii-

2209 4530 2265 4591 Ῑ)
2288 4499 2694 4591 substantialem
2725 4524 2845 4591 cap.
2871 4511 3063 4565 eodem
3097 4527 3111 4563 :
3140 4499 3599 4591 Ulfiqu8,:illq0il,
3639 4499 3829 4591 unas'itlt‘

2296 4584 2485 4638 stantia
2510 4594 2611 4649 est;
2637 4571 2878 4652 ejusdem
2906 4597 3028 4636 cum
3047 4595 3114 4653 eo
3144 4571 3427 4653 potestaiis
3451 4571 3551 4638 hoc
3570 4571 3825 4653 eodem

2295 4670 2413 4725 cap.
2448 4655 2511 4709 l7
2542 4671 2556 4707 :
2590 4642 2746 4710 Solus
2774 4654 2963 4724 inquit,
2993 4642 3342 4727 habet'rerum
3369 4657 3590 4709 omnium
3610 4642 3830 4727 citinFilio

2298 4719 2619 4797 polestatem;
2649 4736 2704 4781 et
2725 4719 2887 4797 unum
2913 4739 3035 4780 cum
3063 4719 3224 4781 Patre
3254 4734 3366 4781 toto
3387 4727 3561 4795 capite
3586 4719 3772 4780 eodem;
3788 4720 3832 4797 et

2296 4782 2415 4869 cap.
2446 4799 2481 4853 8
2506 4782 2745 4869 ejusdem
2772 4796 2892 4851 libri
2925 4812 3002 4863 tv,
3032 4797 3165 4869 citat
3186 4797 3313 4851 illud
3344 4782 3602 4869 Joannis,
3631 4803 3679 4847 ct
3701 4782 3829 4869 conti;

2299 4852 2442 4941 telur
2460 4852 2481 4922 7:
2514 4852 2580 4923 Ϊη
2608 4868 2866 4941 principio
2895 4852 3272 4941 eraiVerbum,
3299 4878 3347 4923 et
3377 4868 3414 4921 ν
3421 4852 3601 4922 ετὸειηί
3615 4876 3709 4918 erat
3728 4852 3830 4928 apud

2299 4940 2486 5005 Deum,
2514 4952 2561 4994 et
2598 4937 2739 4994 Deus
2764 4937 2874 4994 erat
2907 4937 3152 5004 Verbum;
3184 4941 3235 4994 in
3265 4956 3373 5011 quo
3393 4940 3635 4995 divinitas
3651 4946 3703 5011 et
3726 4941 3833 4984 Coa?-

2298 5016 2519 5069 ternitas
2550 5011 2669 5067 Filii
2698 5013 3000 5068 luculenter
3019 5009 3301 5067 asseritan
3326 5012 3517 5067 Omnia
3549 5009 3832 5075 deniquepel'

2298 5085 2475 5155 ipsum
2509 5084 2645 5139 facta
2669 5083 2832 5155 fuisse
2856 5082 3148 5155 conﬁrmat
3178 5083 3279 5155 hoc
3308 5085 3450 5150 loco,
3472 5093 3526 5139 et
3550 5081 3829 5155 lib.iv,ca,t}-

2300 5142 2335 5212 6
2363 5167 2415 5211 et
2445 5172 2562 5227 cap.
2597 5157 2651 5223 8,
2683 5157 2736 5210 in
2767 5154 2895 5209 ﬁne.
2929 5154 3112 5228 Potius
3136 5154 3299 5226 igitur
3326 5172 3392 5211 ex
3421 5142 3833 5228 Lactantiocoitltr

2299 5229 2444 5283 ditur
2487 5224 2676 5287 Arius.
2710 5242 2869 5297 quam
2901 5235 2958 5281 ut
2996 5225 3048 5282 ei
3093 5224 3180 5281 vel
3230 5229 3509 5282 minimum
3538 5224 3827 5297 assentimur.

2300 5300 2435 5355 Cum
2467 5301 2627 5370 igitur
2649 5285 2963 5354 Lactantius
2992 5297 3079 5352 hic
3105 5309 3159 5353 et
3204 5299 3297 5354 lib.
3336 5314 3410 5364 iv,
3439 5312 3555 5367 cap.
3585 5298 3633 5357 6,
3658 5285 3830 5370 aiigclqs

2300 5369 2524 5427 censere
2562 5374 2653 5427 Dei
2688 5371 2917 5425 Iiliorum
2951 5370 3171 5443 nomine
3195 5373 3461 5443 videatur,
3491 5374 3712 5443 respectu
3738 5369 3830 5443 ll!"

2300 5446 2424 5499 dein
2452 5443 2635 5509 Verbi,
2687 5443 2738 5497 id
2770 5450 2853 5496 est
2886 5440 3146 5511 unigeniti
3194 5441 3314 5497 Filii
3347 5442 3440 5496 Dei
3490 5455 3589 5494 non
3617 5438 3828 5491 unirocei

2302 5518 2398 5571 sed
2430 5516 2704 5585 tequivoce
2736 5513 2829 5568 illo
2860 5516 2936 5567 uti
2956 5514 3184 5585 nomine
3207 5513 3474 5585 putandus
3498 5518 3597 5567 est.

2376 5568 2625 5657 Artiﬁcis.
2645 5584 2701 5640 1d
2732 5584 3041 5658 concordat,
3058 5599 3185 5658 cum
3207 5568 3393 5641 'verbis
3422 5568 3567 5638 Pauli
3595 5568 3829 5658 (ξριξιξξ

2304 5639 2660 5784 ῗρέῦέρξχεὶίρᾲ
2678 5639 2811 5726 3,}.
2845 5656 2911 5712 ιδ
2941 5664 2996 5713 et
3022 5656 3123 5723 i7,
3156 5639 3243 5714 ubi
3273 5639 3475 5713 creatio
3503 5647 3671 5709 mundi
3697 5639 3830 5699 Verbo

2332 5747 2375 5784 l'l
2419 5741 2577 5784 uitur.
3755 5779 3766 5784 -
3820 5781 3826 5784 .

2307 5732 2577 5786 tribuitur.

2381 5779 2661 5858 ciiiilius.
2700 5803 2827 5860 Mss.
2857 5802 2885 5861 Ι
2916 5802 3125 5860 Bouon.
3155 5802 3321 5874 antiq.
3351 5792 3651 5855 ordinandis.
3682 5779 3768 5845 Sed
3792 5781 3832 5836 σι

2306 5875 2444 5935 infra
2472 5876 2772 5933 instruxisse
2797 5876 3045 5932 mundum
3070 5875 3260 5949 pariter
3287 5884 3330 5929 et
3354 5884 3573 5929 ornasse.
