3986 6358
226 345 323 403 50]

1298 341 1499 399 LIBER
1540 342 1604 399 ll.
1648 339 1738 399 DE
1776 338 2059 398 ORIGINE
2099 338 2417 397 ERRORIS.

3422 342 3529 403 50!

220 477 383 532 quam
401 468 604 530 potest,
637 459 738 516 nisi
773 458 930 515 fuerit
959 459 1168 514 ratione
1205 459 1518 530 provisum;
1550 469 1604 515 et
1632 476 1821 531 qnem—
1852 456 1907 518 Α
1930 455 2051 510 erit.
2087 454 2305 510 Materia
2338 454 2481 509 enim
2514 459 2618 520 est,
2651 467 2717 509 ett
2746 464 2849 524 qua
2880 452 2939 509 iit
2975 451 3199 524 aliquid.
3234 452 3405 515 Omne
3434 471 3531 511 au-

219 558 515 612 admodum
569 554 695 621 ﬁat,
762 563 1050 626 antequam
1121 562 1235 621 est,
1281 563 1335 610 et
1377 554 1826 625 quemadmodum

217 658 470 715 constet,
512 658 797 721 postquam
837 650 998 705 fuerit
1041 648 1313 705 effectum.
1347 649 1586 720 Denique
1623 649 1670 704 is
1701 648 1829 703 facit

218 740 452 812 aliquid,
484 742 577 813 qui
606 740 768 797 habet
816 742 1146 797 voluntatem
1178 740 1247 797 ad
1286 740 1588 796 facientium
1618 749 1672 797 et
1709 755 1828 795 ma-

215 849 323 890 nus
344 836 413 889 ad
437 834 493 890 id
517 833 663 905 quod
692 834 857 891 voluit
886 834 1237 915 implendum.
1263 834 1418 903 Quod
1442 843 1622 890 autem
1645 833 1827 889 insen-

217 927 379 985 sibile
409 940 515 995 est,
551 930 698 984 iners
741 937 797 983 et
835 927 1107 998 torpidum
1137 941 1355 998 semper
1377 927 1552 996 jacet,
1598 935 1654 982 et
1692 925 1827 981 nihil

217 1023 340 1078 inde
370 1022 509 1079 oriri
538 1032 737 1094 potest,
781 1022 872 1078 ubi
919 1022 1098 1076 nullus
1142 1030 1227 1077 est
1265 1029 1441 1076 motus
1467 1020 1823 1076 voluntarius.

213 1114 349 1172 Nam
382 1117 431 1171 si
461 1131 623 1172 omne
652 1115 852 1171 animal
879 1116 1092 1171 ratione
1129 1124 1362 1182 constat,
1393 1123 1540 1171 certe
1581 1114 1728 1168 nasci
1757 1126 1827 1168 ex

212 1223 279 1265 eo
306 1225 419 1263 non
464 1218 673 1280 potest,
705 1208 848 1279 quod
877 1208 1088 1264 ratione
1118 1208 1400 1277 praeditum
1440 1222 1549 1262 non
1580 1215 1695 1272 est;
1726 1219 1827 1262 nec

211 1301 438 1357 aliunde
467 1302 637 1371 accipi
680 1309 857 1372 petest
885 1300 960 1368 id,
991 1300 1133 1370 quod
1164 1300 1260 1367 ibi,
1289 1300 1433 1357 unde
1463 1300 1683 1371 petitur,
1715 1313 1825 1354 non

211 1402 317 1449 est.
359 1392 478 1449 Nec
506 1402 683 1448 tamen
728 1401 1069 1449 commoveat
1108 1391 1369 1464 aliquem,
1400 1392 1542 1462 quod
1572 1390 1823 1446 animalia

210 1485 465 1557 quaedam
495 1486 564 1541 de
595 1495 736 1541 terra
762 1485 912 1540 nasci
941 1483 1211 1540 videntur.
1239 1483 1365 1539 Haec
1386 1483 1529 1539 enim
1554 1499 1658 1538 non
1681 1490 1823 1538 terra

213 1594 312 1650 per
350 1593 413 1633 se
438 1578 632 1649 gignit,
666 1577 761 1633 sed
792 1577 1013 1649 spiritus
1041 1576 1169 1646 Dei,
1199 1577 1319 1632 sine
1344 1591 1451 1647 quo
1480 1575 1612 1631 nihil
1650 1575 1825 1647 gigni-

211 1678 323 1725 tur.
348 1668 474 1725 Non
502 1684 634 1741 ergo
663 1671 803 1726 Deus
830 1685 901 1726 ex
923 1670 1168 1737 materia,
1199 1669 1321 1741 quia
1348 1683 1511 1725 sensu
1537 1668 1822 1739 prmditum

209 1777 272 1818 ea
303 1762 634 1830 insensibili,
658 1764 873 1834 sapiens
894 1777 959 1818 ex
982 1762 1164 1830 bruto,
1187 1761 1482 1832 impatibile
1501 1760 1571 1817 de
1593 1760 1818 1831 patibili,

1932 557 2040 605 tem
2067 564 2131 603 ex
2156 564 2263 617 quo
2290 546 2368 611 tit,
2402 546 2524 617 quia
2556 545 2760 615 recepit
2787 545 2996 617 opiﬁcis
3023 562 3262 613 manum,
3295 548 3531 606 destrui-

1932 652 2034 708 tur,
2068 652 2124 698 et
2150 640 2294 697 aliud
2320 655 2441 697 esse
2469 640 2673 711 incipit.
2704 639 2846 711 Ergo
2870 641 3123 711 quoniam
3152 640 3313 699 tinem
3346 642 3531 701 habuit

1928 737 2176 805 materia,
2207 745 2320 792 tum
2344 751 2466 792 cum
2490 735 2663 791 factus
2682 745 2767 791 est
2786 750 2852 791 ea
2878 751 2939 790 ea
2962 735 3214 802 mundus,
3241 746 3291 792 et
3317 735 3529 794 initium

1928 848 2144 905 quoque
2173 831 2377 888 habuit.
2403 830 2535 885 Nam
2557 829 2699 902 quod
2729 829 3043 895 destruitur,
3066 830 3386 886 :cdilicatnm
3413 840 3526 898 cst;

1927 929 2071 1000 quod
2122 929 2386 993 solvitur,
2433 928 2747 998 alligatum;
2796 925 2938 997 quod
2983 925 3187 992 linitur,
3235 928 3531 993 inemptum

1926 1034 2031 1079 est.
2060 1024 2115 1081 Si
2142 1040 2271 1094 ergo
2302 1039 2366 1079 ex
2396 1022 2825 1079 commutatione
2850 1036 2915 1076 ac
2941 1021 3049 1075 line
3072 1021 3293 1075 materia
3321 1020 3532 1091 colligi-

1926 1124 2017 1171 tur
2053 1117 2308 1172 habuisse
2336 1116 2682 1187 principium,
2724 1128 2754 1168 a
2782 1130 2887 1184 quo
2916 1114 3023 1168 alio
3056 1114 3170 1168 fieri
3212 1113 3311 1168 nisi
3357 1129 3385 1167 a
3422 1113 3531 1170 Deo

1927 1209 2140 1281 potuit?
2171 1210 2329 1266 Solus
2358 1209 2521 1281 igitur
2549 1208 2715 1275 Deus,
2743 1208 2833 1280 qui
2865 1207 3037 1263 lactus
3064 1223 3170 1261 non
3203 1217 3283 1262 est
3303 1247 3319 1273 ,
3354 1214 3412 1261 et
3450 1207 3529 1263 id-

1926 1302 2074 1358 circo
2115 1303 2398 1358 destruere
2425 1300 2529 1356 alia
2561 1310 2773 1371 potest,
2807 1303 2921 1370 ipse
2959 1300 3161 1355 destrui
3195 1315 3298 1354 non
3332 1309 3528 1369 potest.

1926 1394 2272 1451 Permanebit
2318 1409 2537 1465 semper
2566 1396 2620 1450 in
2666 1410 2734 1451 eo
2777 1395 2924 1466 quod
2970 1394 3102 1463 fuit,
3130 1394 3254 1464 quia
3299 1407 3404 1449 non
3447 1401 3534 1450 est

1926 1488 2145 1545 aliunde
2186 1496 2509 1560 generatus,
2541 1501 2642 1542 nec
2680 1496 2854 1551 ortus,
2888 1502 2987 1542 nec
3019 1485 3276 1541 nativitas
3323 1485 3440 1553 ejus
3464 1499 3533 1541 ex

1924 1583 2101 1655 aliqua
2122 1583 2229 1638 alia
2257 1597 2317 1638 re
2345 1581 2563 1652 pendet,
2585 1596 2709 1651 quas
2733 1580 2883 1635 illum
2910 1589 3113 1636 mutata
3141 1578 3422 1635 dissolvat.
3450 1577 3534 1635 Ex

1925 1677 2107 1747 seipse
2136 1684 2241 1742 est,
2275 1685 2333 1732 ut
2374 1675 2429 1731 in
2462 1675 2636 1745 primo
2675 1673 2910 1730 diximus
2955 1673 3095 1730 libro
3131 1672 3382 1743 (scilicet,
3415 1687 3465 1729 ο.
3499 1672 3535 1729 5

1926 1783 1983 1829 et
2002 1772 2089 1845 7);
2119 1782 2175 1829 et
2203 1772 2326 1828 ideo
2355 1772 2478 1827 talis
2504 1779 2611 1840 est,
2641 1771 2855 1843 qualem
2878 1784 2937 1825 se
2963 1784 3085 1825 esse
3112 1768 3301 1830 voluit,
3333 1767 3533 1837 impas-

210 1870 411 1927 expers
449 1857 694 1926 corporis
721 1855 788 1910 de
811 1854 1079 1926 corporali
1110 1869 1401 1925 numquam
1442 1861 1621 1925 potest
1647 1853 1779 1909 oriri
1807 1872 1812 1908 :

1926 1865 2119 1930 sibilis,
2152 1864 2523 1929 immutabilis,
2552 1863 2916 1933 incorruptus,
2950 1862 3160 1929 beatus,
3184 1868 3444 1917 aeternus.

210 1948 305 2005 sed
334 1950 562 2005 materia
595 1948 773 2020 potius
799 1965 867 2005 ex
891 1949 1002 2006 Deo
1025 1959 1127 2005 est.
1158 1948 1428 2020 Quidquid
1451 1947 1595 2005 enim
1622 1956 1708 2004 est
1730 1963 1820 2003 so-

214 2040 329 2097 lido
356 2051 415 2096 et
443 2042 816 2097 contrectabili
861 2056 1111 2112 corpore,
1146 2042 1342 2112 accipit
1380 2050 1657 2097 externam
1686 2041 1814 2095 vim.

209 2133 368 2203 Quod
399 2135 593 2205 accipit
625 2119 762 2203 vim,
800 2135 1115 2191 dissolubile
1155 2145 1257 2191 est.
1289 2136 1444 2203 Quod
1476 2135 1813 2200 dissolvitur,

214 2228 425 2284 interit.
456 2229 610 2295 Quod
642 2230 841 2290 interit.
865 2239 1042 2285 ortum
1072 2229 1143 2284 sit
1171 2244 1394 2285 necesse
1414 2238 1518 2285 est.
1541 2229 1696 2296 Quod
1722 2245 1815 2284 or-

208 2330 322 2377 tum
354 2331 462 2387 est,
496 2322 680 2376 habuit
726 2323 928 2378 fontem
971 2323 1115 2378 unde
1142 2323 1412 2389 oriretur,
1442 2323 1494 2377 id
1536 2333 1619 2379 est
1649 2323 1817 2378 facto-

206 2430 325 2471 rem
352 2417 589 2486 aliquem
632 2416 983 2484 sentientem,
1030 2416 1331 2487 providum,
1372 2418 1712 2488 pet-itumque
1742 2418 1817 2472 fa-

204 2511 407 2567 ciendi.
452 2512 501 2566 is
543 2521 629 2568 est
670 2512 942 2581 profecto,
982 2527 1083 2568 nec
1114 2512 1256 2568 ullus
1284 2512 1421 2567 alius
1452 2527 1614 2583 quam
1650 2513 1811 2569 Deus.

206 2605 310 2672 Qui
341 2606 596 2676 quoniam
630 2620 823 2674 sensu,
854 2606 1065 2661 ratione
1084 2644 1100 2672 ,
1132 2605 1493 2676 providentia,
1527 2612 1813 2675 potestate,

209 2698 415 2753 virtute
444 2697 700 2767 praeditus
730 2708 835 2766 est,
860 2708 914 2753 et
939 2698 1253 2763 animantia,
1283 2710 1338 2755 et
1365 2699 1601 2755 inanima
1626 2714 1816 2755 creare

206 2799 262 2845 et
300 2787 524 2844 efﬁcere
570 2797 781 2858 potest,
812 2788 935 2858 quia
983 2797 1129 2844 tenet
1158 2789 1430 2859 quomodo
1471 2790 1709 2861 quidque
1746 2790 1817 2845 sit

207 2883 538 2940 faciendum.
571 2883 791 2939 Materia
829 2899 959 2939 vero
996 2898 1210 2955 semper
1238 2882 1406 2939 fuisse
1453 2900 1558 2938 non
1600 2892 1811 2954 potest,

204 2978 334 3049 quia
364 2976 716 3032 mutationem
746 2993 853 3032 non
883 2986 1123 3047 caperet,
1158 2977 1201 3032 si
1244 2975 1452 3033 fuisset.
1483 2977 1640 3047 Quod
1670 2979 1814 3034 enim

203 3086 429 3143 semper
456 3072 575 3138 fuit,
604 3088 821 3143 semper
844 3087 969 3129 esse
1006 3088 1112 3129 non
1139 3072 1369 3141 desinit;
1397 3084 1452 3131 et
1480 3075 1619 3132 unde
1645 3074 1815 3132 abfuit

202 3164 568 3235 principium,
617 3166 808 3222 abesse
854 3166 981 3222 hinc
1024 3167 1186 3223 etiam
1231 3166 1390 3223 tinem
1437 3181 1662 3224 necesse
1703 3178 1805 3224 est.

201 3256 346 3326 Quin
378 3259 543 3312 etiam
578 3258 784 3314 facilius
822 3268 934 3327 est,
976 3266 1036 3316 ut
1076 3261 1127 3317 id
1158 3260 1301 3332 quod
1335 3261 1517 3317 habuit
1561 3261 1803 3330 initium,

202 3348 311 3404 line
336 3359 542 3419 careat,
572 3367 730 3423 quam
758 3361 814 3407 nt
836 3351 1029 3409 habeat
1058 3355 1240 3419 linem,
1263 3354 1405 3424 quod
1438 3355 1588 3411 initio
1609 3357 1805 3411 caruit.

204 3440 433 3498 Materia
455 3458 585 3513 ergo
614 3444 658 3498 si
685 3443 822 3500 facta
846 3459 950 3500 non
980 3454 1082 3511 est,
1114 3461 1182 3501 ne
1207 3446 1328 3502 ﬁeri
1346 3462 1413 3501 ex
1432 3461 1496 3503 ea
1517 3446 1807 3518 quidquam

200 3543 406 3606 potest.
440 3535 498 3592 Si
526 3534 642 3591 ﬁeri
668 3551 734 3592 ex
762 3552 824 3592 ea
846 3553 954 3593 non
980 3546 1175 3610 potest,
1209 3554 1309 3596 nec
1334 3541 1558 3596 materia
1588 3540 1805 3615 quidem

1992 1959 2111 2016 Jam
2139 1975 2268 2016 vero
2292 1959 2378 2014 illa
2405 1958 2704 2025 conclusio,
2733 1972 2837 2024 qua
2868 1957 3191 2012 sententiam
3222 1952 3530 2015 terminavit

1920 2052 2154 2117 Tullius,
2183 2052 2353 2106 nutlto
2380 2050 2683 2107 absurdior.
2715 2067 2735 2102 ‹
2765 2049 2918 2117 Quod
2941 2049 2984 2103 si
3012 2048 3258 2115 materia,
3283 2046 3475 2117 inquit,
3500 2061 3533 2101 a

1920 2146 2034 2201 Deo
2058 2162 2163 2201 non
2190 2156 2275 2202 est
2301 2146 2460 2211 facta,
2490 2159 2589 2199 nec
2618 2155 2760 2199 terra
2790 2144 3026 2214 quidem,
3065 2155 3113 2198 et
3146 2157 3304 2213 aqua.
3337 2150 3391 2197 et
3415 2155 3527 2208 aer,

1919 2249 1974 2295 et
2003 2239 2140 2307 ignis
2168 2253 2195 2291 a
2231 2238 2342 2291 Deo
2386 2236 2562 2291 factus
2598 2245 2700 2291 est.
2740 2253 2759 2287 ι
2796 2236 2965 2302 Quam
2997 2235 3189 2290 callide
3234 2234 3530 2304 periculum

1919 2331 2339 2404 prtetcrvolavit.
2362 2329 2452 2386 Sic
2473 2332 2616 2385 enim
2641 2331 2889 2399 superius
2909 2329 3044 2383 illud
3065 2329 3378 2397 assumpsit,
3409 2337 3526 2383 tan-

1917 2440 2076 2495 quam
2107 2424 2429 2493 probatione
2459 2439 2564 2477 non
2597 2423 2892 2492 indigeret;
2923 2436 3046 2477 cum
3082 2422 3135 2475 id
3173 2422 3344 2475 multo
3383 2428 3532 2477 esset

1920 2517 2180 2572 incertius
2228 2531 2387 2585 quam
2438 2513 2565 2569 illud
2604 2523 2821 2583 propter
2858 2514 3000 2582 quod
3031 2523 3367 2583 assumptum
3414 2521 3519 2569 est.

1914 2609 1971 2665 Si
2004 2624 2108 2663 non
2138 2617 2241 2673 est,
2270 2606 2461 2677 iuqttit,
2490 2621 2519 2660 a
2560 2606 2669 2661 Deo
2707 2605 2844 2661 facta
2875 2605 3121 2671 materia,
3156 2619 3256 2659 nec
3285 2603 3526 2659 mundus

1914 2716 1944 2754 a
1974 2702 2084 2757 Deo
2112 2701 2283 2755 iactus
2307 2709 2409 2755 est.
2443 2699 2517 2753 Ex
2560 2698 2696 2752 falso
2727 2697 2915 2752 maluit
2942 2697 3219 2767 colligere,
3250 2696 3394 2767 quod
3429 2696 3526 2751 fal-

1912 2809 2033 2849 sum
2061 2803 2162 2859 est,
2188 2808 2347 2863 quam
2375 2808 2441 2848 ex
2467 2807 2613 2857 vero,
2642 2789 2789 2860 quod
2818 2805 3027 2844 verum.
3056 2791 3263 2845 Etcum
3285 2788 3525 2847 debeant

1916 2890 2119 2945 incerta
2168 2888 2235 2943 de
2277 2888 2438 2943 certis
2472 2886 2717 2955 probari,
2752 2884 2838 2939 hic
2880 2884 3251 2953 probationem
3293 2881 3527 2953 sumpsit

1915 2999 1986 3041 ex
2037 2986 2278 3052 incerto,
2320 2983 2386 3039 ad
2417 2981 2768 3039 evertendum
2800 2979 2942 3049 quod
2973 2988 3092 3034 erat
3124 2987 3353 3034 certum.
3388 2976 3525 3031 Nam

1912 3077 2092 3134 divina
2112 3076 2456 3133 Providentia
2478 3073 2728 3129 eii'ectum
2767 3088 2887 3128 esse
2924 3072 3182 3128 mundum
3205 3074 3290 3144 (ut
3316 3079 3525 3127 taceam

1913 3171 1981 3228 de
2009 3170 2385 3241 Trismegisto,
2416 3168 2505 3239 qui
2536 3167 2638 3222 hoc
2674 3166 2948 3236 pra-dicat,
2984 3174 3189 3219 taceam
3217 3164 3286 3219 de
3323 3160 3521 3219 carmi-

1913 3265 2069 3320 nibus
2089 3261 2438 3334 Sibyllarum,
2464 3274 2582 3332 qure
2606 3257 2745 3314 idem
2778 3256 3055 3325 nuntiant;
3087 3266 3292 3311 taceam
3317 3256 3384 3309 de
3402 3269 3523 3325 pro‘

1916 3357 2114 3428 phetis,
2142 3356 2232 3426 qui
2263 3370 2401 3425 opus
2430 3352 2638 3417 mundi,
2669 3366 2734 3407 ac
2760 3350 3030 3420 opiﬁcium
3061 3348 3154 3405 Dei
3188 3364 3294 3403 uno
3324 3348 3521 3418 spiritu

1914 3464 1977 3504 ac
2010 3448 2123 3519 pari
2155 3462 2287 3503 voce
2316 3445 2604 3515 testantur)
2632 3444 2796 3498 etiatn
2829 3444 2969 3497 inter
2999 3440 3354 3510 pltiloSOphus
3384 3454 3523 3509 pene

1916 3542 2198 3598 universos
2228 3538 2514 3603 convenit;
2550 3536 2601 3592 id
2630 3536 2777 3593 enim
2811 3533 3170 3608 Pythagoraai,
3202 3532 3391 3600 Stoici,
3416 3532 3519 3588 Pe-

1590 3674 1953 3735 VARIORUM
1989 3674 2226 3736 ΝΟΤᾸΞ.

198 3811 391 3877 sentit,
421 3825 488 3867 ex
516 3813 765 3868 omnibus
803 3814 1021 3886 scriptis
1063 3824 1120 3871 et
1148 3817 1426 3873 veteribus
1453 3816 1631 3874 editis.
1666 3816 1802 3874 Vide

200 3897 265 3938 ea
289 3898 416 3953 qua:
449 3896 862 3949 praecesserunt.

274 3953 570 4027 Prouisum.
618 3955 693 4010 Ita
735 3958 1066 4013 restitnimus
1111 3975 1178 4015 ex
1227 3975 1357 4015 tnss.
1400 3960 1673 4017 Vaticanis
1702 4005 1716 4027 ,
1767 3962 1802 4015 ‘2

198 4024 363 4098 Bon.,
394 4025 619 4098 8_Reg.,
650 4027 804 4092 Tax.,
841 4030 996 4096 Pen.,
1031 4031 1201 4098 Lips,
1249 4034 1383 4098 PaL,
1442 4032 1632 4097 Brnn.,
1667 4024 1801 4088 edit.

199 4097 362 4168 Rom.
400 4096 560 4159 αδδ.
593 4100 751 4163 M70,
779 4109 834 4155 et
853 4102 983 4157 edit.
1011 4101 1080 4155 Is.
1100 4096 1175 4157 'ln
1200 4103 1236 4157 2
1264 4096 1405 4168 Col.,
1437 4106 1458 4158 l
1486 4096 1722 4159 Clarum.
1750 4115 1804 4158 et

198 4167 255 4224 in
285 4168 499 4249 cunctis
540 4169 653 4226 fere
681 4172 840 4227 editis
861 4214 875 4239 ,
909 4174 1200 4243 protritum.
1244 4175 1377 4230 Vide
1405 4174 1542 4230 infra
1581 4178 1801 4240 ratione,

199 4240 550 4309 providentia.

275 4311 342 4364 Et
370 4312 827 4386 quemadmodum.
850 4314 940 4369 Bis
983 4316 1036 4370 in
1076 4317 1402 4386 supradictis
1429 4317 1500 4374 29
1539 4334 1672 4373 mss.
1704 4318 1807 4373 Le—

197 4381 346 4458 gitur
386 4392 476 4435 aut
521 4384 600 4458 bis
648 4384 701 4438 in
736 4385 770 4439 2
814 4384 973 4458 Reg,
1007 4389 1031 4440 l
1065 4381 1199 4441 Bon.
1230 4404 1367 4454 rec.,
1404 4390 1430 4444 1
1464 4390 1618 4445 Culb.
1664 4401 1720 4445 et
1748 4390 1802 4443 in

195 4453 443 4527 Qlarom.
467 4456 595 4509 etin
617 4458 868 4527 omnibus
886 4453 1055 4513 ferme
1071 4458 1251 4515 editis.
1279 4461 1335 4514 ltt
1358 4453 1477 4516 Em.
1501 4471 1555 4517 et
1572 4461 1803 4527 Christ.,

198 4524 309 4595 ﬁat,
325 4534 596 4595 antequam
626 4526 819 4595 factum
848 4540 940 4583 est.

273 4594 487 4649 Animal
505 4594 722 4652 ratione.
754 4600 851 4655 llic
872 4601 1102 4657 innuere
1122 4600 1334 4657 videtur
1355 4602 1667 4658 Lactantius
1688 4604 1803 4659 ani-

198 4668 364 4739 malia
399 4670 611 4723 ratione
637 4682 759 4726 esse
786 4672 1031 4739 prmdita.

276 4738 638 4794 Contrectabili
672 4738 904 4809 corpore.
946 4743 1022 4798 Ita
1059 4744 1471 4801 emendavimns
1500 4762 1564 4801 ex
1605 4760 1737 4802 mss.
1770 4749 1800 4801 7

198 4806 365 4887 Reg"
404 4809 644 4887 6_(_Jolb.,
673 4806 1008 4887 2_Clarom.,
1043 4816 1235 4879 Brnn.,
1266 4816 1514 4887 aliisque,
1545 4835 1609 4874 ac
1643 4820 1805 4874 editis

199 4880 398 4945 Torn.,
422 4880 684 4963 Thomas.
721 4885 780 4963 lu
792 4889 1022 4963 caeteris
1056 4888 1288 4959 vulgatis
1314 4880 1595 4962 tribusque
1625 4891 1804 4963 Regiis

200 4965 322 5006 rec.
355 4961 441 5005 est
468 4956 839 5012 contractobili.

236 5092 248 5102 .
276 5019 346 5103 E}
374 5024 637 5103 inanima._
652 5026 741 5081 Sic
770 5043 899 5103 mss.
928 5029 968 5103 2
990 5030 1204 5103 _Bonon.
1235 5042 1289 5086 et
1313 5034 1351 5085 2
1381 5032 1512 5103 Reg.
1549 5035 1805 5088 vetustis-

199 5097 350 5172 simi.
380 5104 435 5148 et
462 5097 771 5172 complures
808 5100 961 5172 editi.
989 5101 1045 5155 ltt
1080 5102 1105 5155 1
1136 5102 1399 5172 Clarom.,
1425 5097 1717 5171 itionintia;
1749 5106 1801 5159 in

198 5163 241 5245 ἑ
272 5163 716 5245 .Reg.,_5_(;olb.
759 5173 867 5245 et!
913 5171 1175 5235 Clarom.,
1224 5163 1541 5245 inanimato;
1587 5179 1641 5232 in
1685 5163 1805 5231 aliis

199 5234 242 5290 ⁵
271 5234 427 5323 ’ξςέςι
451 5237 486 5323 .3
508 5239 661 5323 ‘39!!!-
692 5242 960 5323 θξβνυηορ
991 5234 1351 5323 instituenda.

199 5305 689 5438 libdfdtggtbitide
718 5305 992 5371 Plutarch.
1031 5315 1100 5371 de
1145 5316 1365 5373 Placitis
1403 5319 1802 5390 philosophor.,

227 5392 350 5449 tot.
381 5395 502 5449 cap.
527 5392 582 5440 tt.

283 5448 431 5535 Quod
456 5448 597 5535 enim
623 5472 818 5535 semper
846 5457 966 5535 fuit,
993 5474 1191 5535 semper
1219 5476 1327 5535 esse
1356 5479 1458 5517 non
1489 5463 1692 5518 desinit.
1727 5463 1807 5517 Ex

197 5527 601 5591 antiquioribus
620 5538 671 5581 et
697 5530 1009 5584 melioribus
1034 5530 1195 5584 editis
1226 5532 1503 5589 codicibus
1523 5535 1808 5589 omnibus-

197 5606 314 5676 gue
340 5610 470 5676 mss.
501 5595 805 5676 addidimus
833 5617 1031 5676 semper
1052 5617 1179 5676 esse,
1207 5604 1349 5676 quod
1376 5607 1529 5662 deest
1555 5608 1606 5660 in
1638 5607 1804 5676 plurio

197 5663 569 5747 bus_vulgatis
599 5680 651 5725 et
679 5672 715 5726 ὃ
741 5663 955 5747 scriptis
983 5663 1407 5747 Oxonien'sibus.

281 5735 588 5821 (late-illum
628 5752 821 5796 mutata
837 5735 1114 5821 dissolvat.
1154 5744 1251 5799 Μαι.
1295 5748 1317 5801 l
1358 5748 1568 5804 Bunon.
1605 5750 1800 5821 antiq.,

206 5805 339 5875 Quae
366 5808 515 5863 illum
545 5822 700 5867 mutet
726 5830 787 5868 ac
814 5813 1077 5869 dissolvat.
1626 5832 1629 5836 '

279 5877 647 5951 Impauibilis.
687 5883 817 5942 Vide
840 5896 1095 5943 annotata
1120 5887 1188 5944 ad
1215 5888 1339 5947 libr.
1371 5890 1440 5948 de
1470 5890 1550 5947 Ira
1579 5892 1695 5948 Dei.

1981 3816 2319 3889 Sibyltarum.
2348 3814 2504 3889 Initio
2529 3813 2735 3869 scilicet
2759 3812 3032 3889 sermonis
3048 3810 3243 3889 primi.

1985 3880 2551 3959 De'prophetilea'c
2579 3900 2680 3956 ego
2712 3899 2817 3937 non
2848 3883 2916 3938 de
2949 3880 3397 3959 verisprophetis
3426 3882 3514 3938 itt-

1905 3952 2120 4031 telligo,
2142 3952 2235 4015 sed
2264 3959 2332 4013 de
2372 3952 2721 4027 alienigenis;
2746 3963 2811 4031 ut
2839 3966 2962 4031 puta
2990 3952 3233 4022 Orpheo,
3270 3952 3510 4010 Zoroas-

1908 4026 2151 4109 [ηεξ-νει
2182 4033 2248 4085 de
2288 4026 2575 4109 Bersarum
2604 4028 2808 4109 inagis,
2851 4026 3175 4109 Indorumve
3204 4040 3514 4109 gymnoso-

1908 4103 2134 4173 pltistis,
2172 4113 2262 4157 aut
2290 4102 2569 4157 Gallorum
2604 4097 2821 4173 Druidis
2857 4097 3342 4173 veI_Semuotheis.
3374 4097 3510 4154 Nam

1908 4168 1986 4230 sic
2060 4175 2393 4244 Augustinus
2461 4169 3019 4244 quoque_aliqt_toti_es
3081 4168 3276 4244 borum
3325 4178 3510 4226 Vatum

1907 4238 2235 4301 mcutimém
2284 4244 2427 4299 facit.
2474 4238 2789 4297 Lactantius
2822 4240 3085 4310 siquidem
3132 4238 3233 4294 hoc
3268 4244 3374 4309 agit
3400 4282 3414 4299 .
3450 4249 3508 4295 ut

1908 4326 2095 4387 gentes
2122 4332 2342 4371 suorum
2367 4314 2642 4369 hominum
2677 4313 3001 4387 testimoniis
3030 4313 3338 4387 convincat.
3365 4311 3507 4387 Quid

1908 4382 2051 4444 énim
2084 4387 2365 4450 attinebat,
2402 4387 2578 4440 Mosen
2609 4392 2664 4439 et
2692 4385 2828 4438 alios
2857 4398 2922 4437 ex
2957 4382 3201 4452 professo
3230 4398 3360 4436 vero
3395 4383 3505 4439 Deo

1911 4460 2091 4514 tuundi
2123 4459 2393 4529 opiticium
2423 4458 2797 4529 assignantes,
2826 4454 3278 4529 cumgentilibus
3308 4469 3505 4529 nume-

1830 4550 1885 4612 Β
1911 4533 2056 4612 τευ-ἓξ
2086 4522 2409 4612 Βεξυιεῳεᾼ.
2529 4522 2590 4611 Et
2610 4528 2712 4580 hoc
2729 4526 2857 4612 millt‘i
2890 4522 3350 4612 vi'tietur‘de‘veris
3376 4540 3504 4612 pro-

1909 4602 2085 4673 phetis
2132 4607 2293 4673 etiam
2326 4599 2546 4673 intelligi
2594 4596 3031 4673 posse._Conler.
3078 4594 3354 4662 Huctiutn,
3399 4596 3503 4651 De-

1906 4668 2138 4729 inonstr.
2172 4668 2520 4741 Evangelia,
2538 4685 2660 4741 pag.
2692 4668 2820 4724 497.

1981 4746 2047 4799 Id
2078 4746 2230 4799 enim.
2266 4735 2356 4801 Sic
2400 4735 2683 4797 emendavi
2734 4756 2801 4796 ex
2851 4752 2984 4793 mss.
3029 4738 3432 4800 vetustissimis,
3463 4735 3503 4792 2

1906 4817 2065 4882 Dem,
2084 4816 2120 4870 2
2148 4818 2277 4887 Reg.
2307 4815 2535 4884 aliisque
2560 4815 2593 4868 4
2611 4814 2765 4887 Reg?
2791 4811 2824 4866 4
2845 4808 3032 4887 (2011).Δ
3053 4809 3499 4887 G_tttlt.,_j_bips.,

1903 4889 1940 4943 ‘2
1976 4880 2253 4952 ClaromJ
2276 4880 2465 4954 Brnn.,
2496 4894 2551 4941 et
2577 4885 2665 4939 ed.
2698 4880 2959 4943 V'l‘orues"
2992 4880 3218 4945 Cellar.,
3246 4880 3501 4954 Walcb.;

1905 4961 2049 5031 quod
2071 4961 2247 5031 aptius
2279 4968 2362 5014 est
2397 4952 2557 5031 quam
2585 4956 2966 5031 pleroruntque
2988 4954 3340 5023 vulgatorum,
3368 4952 3503 5005 idem

1906 5026 2076 5098 etiam,
2107 5026 2142 5085 ἓ
2166 5030 2322 5086 Culb.
2345 5042 2399 5084 et
2417 5026 2510 5085 ed.
2540 5026 2633 5084 1s}.
2664 5027 2798 5081 idem
2825 5026 2979 5079 enim.

1981 5092 2331 5174 Pythagorici.
2381 5100 2455 5155 lta
2500 5100 2705 5174 restitui
2739 5113 2803 5174 ett
2837 5112 2966 5174 mss.
2996 5094 3110 5174 fore
3137 5094 3408 5174 omnibus.
3443 5092 3503 5149 In

1907 5176 1942 5230 5
1972 5166 2382 5241 (ἷό’11).,’Βιίιη.,
2418 5179 2475 5226 et
2514 5174 2565 5226 itt
2607 5166 3255 5241 vulgatis,VI’ytltagoricit
3291 5167 3365 5221 De
3396 5181 3502 5233 quo

1909 5237 2229 5303 Plutarchus
2274 5248 2325 5300 in
2370 5244 2592 5301 Placitis
2629 5237 3003 5311 philosopher.
3033 5240 3109 5291 ait
3139 5237 3503 5310 Pythagoram

1908 5320 2163 5373 statuisse
2190 5319 2353 5371 Deum
2385 5325 2442 5372 ttt
2473 5314 2791 5385 principium
2821 5311 3084 5385 omnium.

1984 5390 2169 5445 Stoici.
2203 5388 2264 5443 Hi
2298 5380 2597 5443 docuerunt
2639 5380 2736 5447 nos
2771 5382 2862 5436 Dei
2909 5381 3273 5450 cognitionem
3306 5380 3507 5435 habere

1910 5476 1975 5517 ex
2011 5461 2404 5531 pulchritudine
2424 5457 2580 5531 simul
2605 5451 3057 5531 et_ntagni_t_ttdtne
3086 5468 3265 5531 rerum
3296 5453 3365 5505 ab
3390 5454 3508 5531 ipso

1910 5524 2206 5598 factarum;
2241 5541 2299 5585 nt
2326 5530 2512 5586 Galen.
2546 5529 2599 5581 in
2628 5525 3232 5598 hileAPlti|0§._relllltl,
3262 5539 3382 5592 cap.
3409 5524 3506 5598 _‘27.

1910 5605 2063 5671 Apud
2093 5590 2388 5666 ιλειέιιιίιηη,
2413 5602 2464 5655 in
2491 5599 2726 5653 Zenonis
2750 5594 2907 5671 Vim,
2925 5595 3207 5671 deﬁniunt,
3238 5590 3363 5651 erat
3384 5590 3511 5671 εἷνᾳι

1911 5666 2034 5741 {alios
2066 5678 2323 5731 ἀθάνατον.
2353 5672 2518 5728 Miror
2562 5681 2740 5724 autem
2782 5666 2911 5741 quid
2945 5667 3275 5741 liierouymn
3302 5666 3515 5721 venerit

1912 5738 1964 5805 in
1998 5757 2269 5811 mentem,
2315 5746 2406 5817 qui
2445 5743 2621 5817 capite
2668 5738 2815 5817 nono
2858 5740 2909 5793 iu
2957 5738 3300 5817 Ezechieient
3353 5747 3515 5807 negat

1911 5819 2127 5875 Stoicos
2159 5811 2548 5887 providentiam
2588 5814 2683 5869 Dei
2721 5825 3009 5887 asserere,
3056 5811 3353 5887 prtesertim
3390 5823 3515 5864 cum

1826 5889 1829 5892 ’
1912 5892 2137 5947 Seneca:
2161 5881 2335 5947 'stoici
2373 5888 2510 5945 liber
2550 5884 2802 5959 egregius
2846 5882 2915 5939 de
2958 5881 3305 5938 Providentia
3340 5887 3515 5938 extet.
