3986 6358
528 271 635 326 507
1639 261 1822 319 Flﬂll.
1866 256 2102 316 LACTAI

2194 255 2232 312 Il
2272 255 2476 312 DIVIN.
2518 256 2758 315 INBTIT.
3683 261 3768 315 308

528 388 599 445 de
641 386 845 442 factore
872 384 989 455 ejus
1017 384 1131 441 Deo
1157 382 1314 438 aliter
1337 382 1578 438 sentiunt
1611 395 1773 452 quam
1802 379 2001 436 veritas
2030 377 2123 432 ita-
2150 378 2204 438 Α
2231 376 2411 432 nebrtn
2438 414 2453 443 ,
2505 377 2574 432 ita
2606 377 2779 449 frigus
2814 378 3001 434 calori.
3045 377 3116 434 Ut
3142 377 3303 448 igitur
3327 377 3469 432 calor
3511 374 3678 432 lumini
3702 389 3771 435 cst

529 480 643 548 bet,
672 479 739 535 ad
760 479 995 534 divinam
1023 476 1208 531 mundi
1235 475 1495 531 fabricam
1526 487 1894 539 revertamur,
1923 473 1991 528 de
2020 482 2123 542 qua
2226 471 2502 540 prosimus
2524 512 2539 537 ,
2593 472 2674 527 sic
2704 472 2963 529 meridies
2989 472 3188 528 orienti
3218 490 3230 524 :
3265 482 3321 526 ut
3349 470 3507 541 frigus
3534 471 3737 527 tenebris
3757 510 3771 537 ,

534 572 590 629 in
629 569 840 625 arcanis
881 575 1084 623 sancite
1122 567 1403 637 religionis
1443 567 1639 623 litteris
1680 566 1926 621 traditur.
1974 563 2126 618 Fecit
2228 562 2301 616 ita
2330 561 2482 633 plaga
2510 573 2595 619 est
2619 564 3062 634 septentrionalis
3090 563 3326 619 occasui.
3367 560 3560 628 Quibus
3582 562 3775 633 singulis

530 664 692 735 igitur
724 662 866 716 Deus
903 662 1135 732 primum
1164 665 1406 715 omnium
1443 661 1641 716 ctelum
1666 698 1682 725 ,
1729 671 1784 714 et
1811 659 1863 713 in
1894 656 2127 713 sublime
2228 654 2469 725 partibus
2494 670 2649 711 suum
2674 668 2887 729 tempus
2914 656 3160 711 attribuit
3186 693 3202 721 ,
3248 671 3342 710 ver
3364 655 3562 710 scilicet
3584 654 3771 722 orienti,

533 755 836 822 suspendit,
884 752 1032 824 quod
1075 761 1224 810 esset
1256 753 1417 808 sedes
1453 753 1625 823 ipsius
1671 752 1763 806 Dei
1805 746 2121 804 conditoris.
2228 756 2468 803 mstatem
2524 750 2837 805 meridianae
2900 750 3110 820 plagas;
3181 748 3476 804 occidentis
3524 757 3776 804 autumnus

527 848 734 905 Deinde
756 859 954 904 terram
978 847 1239 916 fundavit,
1262 863 1326 904 ac
1345 848 1486 906 caelo
1504 846 1758 913 subdidit,
1780 860 1941 918 quam
1964 843 2125 898 homo
2230 852 2315 897 est
2331 883 2345 906 ,
2372 845 2759 913 septentrionis
2782 845 2995 918 hyeme.
3019 844 3079 900 ln
3110 844 3196 900 his
3221 858 3436 915 quoque
3463 842 3657 898 duabus
3678 859 3777 913 par-

529 958 653 1000 cum
673 943 885 998 caeteris
906 942 1219 998 animalium
1238 942 1529 1015 generibus
1551 941 1839 997 incoleret.
1870 937 2004 994 Eam
2033 951 2126 992 vos
2230 937 2372 991 tibus
2398 979 2412 1002 ,
2460 938 2757 994 meridiana
2795 949 2851 996 et
2894 938 3304 1011 septentrionali
3333 979 3346 1001 .
3392 937 3555 1007 ﬁgura
3596 936 3701 991 vitae
3735 946 3779 992 et

529 1038 630 1095 luit
654 1036 881 1091 humore
906 1036 1239 1104 circumﬂui,
1267 1046 1322 1093 et
1348 1036 1638 1092 contineri.
1671 1035 1840 1090 Suum
1871 1046 2001 1087 vero
2031 1030 2127 1085 ba-
2231 1031 2422 1086 mortis
2450 1032 2759 1088 continetur
2793 1058 2808 1087 ;
2837 1033 2962 1103 quia
2993 1034 3101 1086 vita
3132 1031 3183 1086 in
3216 1030 3398 1086 calore
3431 1037 3541 1092 est,
3584 1044 3711 1083 mors
3736 1029 3777 1082 in

528 1129 819 1186 bitaculum
847 1127 1089 1184 distinxit
1113 1129 1275 1183 claris
1296 1128 1608 1196 luminibus,
1635 1136 1690 1182 et
1720 1126 1984 1197 implevit,
2011 1124 2129 1180 sole
2230 1122 2453 1195 frigore.
2492 1124 2645 1181 Sicut
2674 1136 2855 1182 autem
2888 1127 3039 1183 calor
3062 1142 3130 1182 ex
3158 1127 3280 1196 igne
3309 1132 3420 1188 est,
3461 1123 3532 1178 ita
3558 1122 3707 1194 frigus
3728 1140 3779 1179 es

526 1222 741 1278 scilicet
765 1262 780 1289 ,
813 1222 1064 1290 lunaique
1092 1221 1225 1276 orbe
1249 1219 1509 1293 fulgenti.
1539 1228 1597 1277 et
1620 1229 1889 1275 astrorum
1920 1217 2127 1273 mican-
2229 1230 2391 1285 aqua.
2419 1215 2726 1273 Secundum
2756 1218 2947 1273 harum
2973 1219 3204 1289 partium
3228 1216 3633 1280 dimensionem,
3661 1212 3779 1269 diem

531 1316 666 1372 tium
693 1316 1101 1387 splendentibus
1120 1315 1290 1386 signis
1316 1314 1630 1380 adornavit;
1650 1312 1902 1369 tenebras
1920 1320 2126 1377 autem,
2233 1323 2448 1379 qucque
2474 1308 2604 1365 fecit
2632 1324 2696 1366 ac
2722 1320 2941 1366 noctem
2961 1353 2975 1377 ,
3005 1326 3125 1382 quae
3155 1309 3325 1379 spatia
3347 1344 3362 1374 ,
3390 1316 3445 1362 et
3489 1305 3636 1362 orbes
3673 1317 3783 1362 tein-

529 1409 677 1482 quod
714 1418 798 1464 est
825 1408 909 1465 his
943 1410 1275 1465 contrarium
1295 1448 1312 1475 ,
1356 1408 1637 1466 constituit
1674 1411 1727 1461 in
1760 1416 1904 1462 terra
1932 1423 1945 1458 :
1996 1403 2131 1459 nihil
2235 1417 2427 1471 porum
2454 1413 2745 1474 perpetuos
2771 1419 2835 1460 ac
2862 1402 3148 1467 volubiles,
3181 1416 3319 1472 quos
3340 1412 3590 1455 vocamus
3615 1412 3776 1462 annos,

532 1502 681 1559 enim
713 1516 809 1571 per
835 1516 896 1557 se
921 1501 1164 1558 continet
1201 1501 1452 1565 luminis.
1496 1501 1599 1557 nisi
1640 1498 1870 1569 accipiat
1897 1513 1927 1553 a
1955 1498 2128 1568 creto.
2236 1495 2443 1551 alterna
2472 1511 2568 1565 per
2593 1498 2739 1552 vices
2764 1497 3110 1552 successione
3138 1493 3453 1549 centiciant.
3492 1490 3626 1558 Dies,
3654 1505 3783 1560 quem

534 1595 591 1651 in
614 1610 723 1665 quo
748 1596 926 1665 posuit
952 1594 1124 1649 lucem
1152 1598 1445 1664 perennem
1469 1632 1483 1656 .
1511 1602 1568 1650 et
1588 1606 1819 1663 superes
1839 1632 1854 1656 ,
1884 1601 1939 1647 et
1968 1591 2132 1647 vitam
2236 1592 2442 1661 primus
2475 1591 2657 1645 oriens
2687 1590 3102 1656 subministrat,
3139 1588 3234 1644 Dei
3262 1589 3336 1643 sit
3366 1599 3579 1643 necesse
3602 1593 3706 1649 est,
3742 1592 3786 1637 ut

535 1698 851 1758 perpetuam
870 1726 885 1753 ,
937 1696 989 1743 et
1019 1697 1210 1743 contra
1241 1688 1293 1742 in
1322 1696 1465 1743 terra
1495 1686 1779 1751 tenebras,
1821 1694 1875 1740 et
1904 1683 2128 1750 inferos,
2236 1684 2416 1739 omnia
2443 1694 2798 1754 quaecumque
2828 1684 3052 1738 meliora
3082 1690 3230 1737 sunt.
3272 1678 3391 1735 Nox
3421 1685 3620 1741 autem,
3654 1691 3786 1747 quam

536 1790 595 1837 et
620 1793 868 1837 mortem.
899 1779 1072 1836 Tanto
1099 1781 1241 1836 enim
1274 1781 1388 1836 tunc
1417 1782 1485 1836 ab
1514 1781 1617 1837 illis
1644 1779 2016 1850 snperioribus
2039 1778 2124 1833 die
2153 1778 2204 1838 Β
2230 1776 2480 1832 occidens
2507 1786 2781 1831 extremus
2808 1775 3044 1839 inducit,
3084 1772 3203 1844 eius
3231 1771 3474 1838 scilicet,
3525 1784 3673 1841 quem
3712 1768 3787 1823 Dei

537 1881 719 1939 stant,
759 1883 1018 1944 quantum
1059 1873 1198 1928 mala
1223 1888 1253 1929 a
1290 1874 1443 1931 bonis
1470 1914 1486 1941 ,
1517 1882 1574 1929 et
1601 1873 1729 1928 vitia
1755 1888 1784 1927 a
1814 1872 2132 1929 virtutibus.
2234 1885 2356 1926 esse
2383 1871 2636 1924 aemulum
2663 1868 2920 1925 diximus.

540 1968 714 2038 ipsius
734 1981 949 2038 quoque
976 1976 1136 2023 terrae
1168 1966 1321 2023 binas
1351 1977 1531 2037 partes
1556 1967 1857 2023 contrarias
1888 1967 2027 2022 inter
2050 1981 2132 2034 se,
2305 1962 2436 2031 Quae
2466 1962 2572 2018 duo
2599 1964 2759 2018 etiam
2800 1961 2856 2017 in
2900 1961 3002 2018 hoc
3053 1961 3313 2031 przcscius
3353 1958 3640 2016 futurorum
3670 1956 3786 2011 Deus

536 2061 890 2132 diversasque
931 2062 1228 2129 constituit,
1276 2060 1482 2116 scilicet
1522 2060 1793 2117 orientem
1821 2100 1836 2127 ,
1882 2059 2137 2116 occiden-
2236 2056 2382 2124 fecit,
2410 2065 2470 2111 ut
2490 2072 2555 2111 es
2587 2056 2672 2121 iis,
2714 2066 2771 2111 et
2796 2070 2939 2111 verm
2965 2055 3261 2126 religionis,
3283 2065 3339 2109 et
3366 2055 3608 2109 falsarum
3636 2060 3792 2122 supcr-

540 2164 758 2223 temque
787 2172 800 2209 :
831 2153 1113 2225 exquibus
1140 2154 1319 2208 oriens
1348 2154 1458 2209 Deo
1496 2164 1846 2214 accensetur:
1875 2152 1997 2222 quia
2022 2153 2137 2223 ipse
2236 2150 2514 2203 stitionum
2553 2149 2729 2220 imago
2780 2148 3026 2219 quaedam
3075 2147 3477 2203 ostenderetur.
3520 2140 3642 2201 Nam
3685 2146 3793 2199 sicut

487 2239 499 2251 “
544 2247 768 2302 luminis
791 2246 932 2316 lens,
974 2256 1031 2303 et
1059 2247 1360 2303 illustrator
1385 2257 1469 2302 est
1498 2261 1706 2312 rerum,
1751 2257 1807 2303 et
1834 2245 1978 2316 quod
2006 2262 2061 2301 or

2237 2240 2341 2305 sol,
2368 2241 2458 2310 qui
2504 2240 2677 2295 oritur
2727 2241 2779 2294 in
2807 2240 2973 2305 diem,
3015 2240 3137 2295 licet
3166 2241 3235 2295 sit
3275 2252 3415 2294 unus
3438 2278 3454 2306 ,
3484 2234 3616 2293 unde
3657 2236 3794 2291 solem

546 2353 647 2394 nos
686 2338 845 2394 faciat
883 2339 950 2394 ad
994 2340 1157 2395 vitam
1205 2341 1609 2409 sempiternam.
1662 2338 1930 2395 Occidens
1957 2349 2134 2394 autem
2238 2348 2360 2389 esse
2389 2332 2717 2404 appellatum
2748 2332 2938 2388 Cicero
2970 2332 3090 2387 vult
3128 2332 3299 2387 videri
3348 2330 3468 2403 (lib.
3519 2346 3555 2385 ιι
3592 2330 3650 2384 de
3690 2325 3791 2380 Nat.

539 2430 876 2485 conturbata:
925 2430 997 2485 illi
1039 2447 1324 2501 pravaeque
1369 2433 1534 2487 menti
1577 2431 1938 2498 adscribitur,
1990 2431 2136 2502 quod
2241 2428 2501 2492 deorum),
2530 2425 2674 2496 quod
2701 2426 3005 2481 obscuratis
3040 2422 3344 2490 sideribus,
3381 2424 3527 2478 solus
3562 2427 3792 2493 appareat,

540 2522 726 2578 lumen
755 2524 1079 2585 abscondat.
1108 2524 1251 2594 quod
1284 2525 1534 2580 tenebras
1561 2540 1777 2594 semper
1806 2526 2049 2587 inducat.
2075 2534 2135 2581 et
2242 2532 2420 2577 tamen
2467 2523 2589 2593 quia
2634 2536 2820 2576 verum
2866 2532 2930 2576 ac
2970 2520 3221 2590 perfecta:
3265 2516 3607 2590 plenitudinis
3652 2515 3796 2568 lumen

539 2614 682 2683 quod
710 2613 955 2669 homines
984 2613 1144 2671 faciat
1169 2616 1418 2671 occidere
1444 2626 1606 2687 atque
1629 2616 1851 2672 interire
1880 2617 2134 2687 peccatis.
2239 2625 2344 2682 est,
2392 2623 2448 2670 et
2497 2615 2680 2671 calore
2731 2613 3031 2685 potissimo,
3079 2618 3133 2668 et
3177 2613 3391 2683 fulgore
3434 2609 3710 2666 clarissimo
3743 2606 3796 2659 il-

538 2706 672 2762 Nam
700 2707 837 2762 sicut
866 2708 954 2762 lux
983 2708 1207 2762 orientis
1240 2718 1322 2763 est
1350 2750 1366 2775 ,
1414 2709 1467 2763 in
1494 2709 1613 2765 luce
1643 2719 1822 2764 autem
1848 2709 1972 2763 vita:
2000 2708 2137 2765 ratio
2239 2710 2429 2763 lustrat
2449 2708 2664 2764 omnia:
2700 2709 2771 2762 ita
2800 2707 2852 2761 in
2878 2706 3009 2771 Deo,
3039 2705 3165 2760 licet
3189 2706 3258 2759 sit
3277 2718 3441 2768 unus,
3473 2711 3527 2757 et
3552 2700 3792 2770 tnajestas.

538 2810 825 2864 versatur;
869 2801 946 2855 sic
991 2800 1286 2855 occidentis
1335 2800 1572 2856 tenebrae
1599 2812 1765 2858 sunt:
1800 2801 1851 2856 in
1900 2801 2139 2857 tenebris
2240 2809 2295 2855 et
2319 2801 2509 2867 virtus,
2540 2809 2595 2854 et
2620 2798 2884 2855 claritudo
2907 2796 3141 2867 perlecta
3170 2805 3273 2851 est.
3309 2796 3424 2850 Nox
3452 2801 3793 2863 untem,quam

538 2903 742 2958 autem,
773 2906 827 2950 et
858 2910 1024 2957 mors,
1055 2905 1111 2951 et
1129 2895 1381 2951 interitus
1405 2896 1734 2952 continetur.
1764 2896 1967 2952 Deinde
1996 2897 2138 2953 alte-
2242 2909 2407 2965 pravo
2454 2895 2531 2948 illi
2573 2893 2818 2949 antitlieo
2846 2891 3079 2947 dicimus
3127 2892 3463 2954 attributam,
3511 2889 3621 2958 ejus
3658 2887 3794 2956 ipsius
3835 2937 3838 2941 ,

534 3000 630 3040 ras
655 2995 832 3053 partes
854 2986 1040 3040 eadem
1073 2987 1277 3047 ratione
1313 2986 1589 3045 dittlettsus
1619 2999 1724 3051 est,
1769 2986 2048 3043 meridiem
2076 3002 2140 3043 ac
2241 2987 2440 3041 multas
2460 2995 2517 3043 et
2541 2986 2718 3041 varias
2741 2986 3030 3057 religiones
3053 3001 3149 3055 per
3178 2981 3582 3038 similitudinem
3605 2982 3792 3036 demou-

540 3080 967 3148 septentriouem
1018 3097 1033 3134 ;
1071 3096 1190 3150 quae
1242 3090 1419 3149 partes
1466 3080 1570 3135 illis
1616 3080 1825 3135 duabus
1877 3082 2138 3137 societate
2242 3088 2394 3135 strat.
2428 3078 2684 3148 Quamvis
2727 3080 2871 3134 enim
2898 3077 3068 3134 stella:
3101 3076 3523 3132 innumerabiles
3543 3075 3721 3128 micare
3745 3086 3793 3125 ac

533 3168 849 3242 junguntur.
892 3170 969 3225 Ea
996 3170 1161 3235 enim,
1190 3184 1310 3239 qum
1329 3178 1408 3227 erit
1435 3172 1565 3226 solis
1592 3172 1771 3227 calore
1800 3174 2131 3241 ﬂagrantior,
2161 3171 2206 3233 C
2239 3171 2449 3227 radiare
2492 3171 2806 3237 videantur;
2839 3181 3054 3237 tamen,
3101 3170 3225 3238 quia
3271 3183 3381 3223 non
3427 3175 3550 3223 sunt
3576 3166 3709 3235 plena
3745 3176 3793 3215 ac

538 3263 784 3333 proxima
811 3273 925 3327 est,
957 3272 1010 3316 et
1035 3261 1275 3317 conteret
1303 3263 1519 3318 orienti.
1546 3262 1615 3317 At
1645 3264 1770 3329 illa,
1824 3280 1942 3333 quae
1973 3263 2135 3334 frigo-
2240 3267 2409 3321 solida
2437 3267 2657 3330 lumina,
2693 3281 2794 3322 nec
2836 3265 3033 3320 caloris
3063 3262 3358 3333 praeferunt
3399 3260 3689 3333 quidquam,
3716 3268 3793 3310 nec

538 3353 688 3409 ribus
709 3365 762 3408 et
784 3362 1044 3424 perpetuo
1069 3355 1189 3424 gelu
1224 3366 1434 3425 torpet.
1480 3355 1724 3426 ejusdem
1748 3366 1834 3412 est
1857 3358 2011 3427 cujus
2038 3373 2133 3412 ιιι-
2241 3360 2488 3415 tenebras
2541 3359 2883 3415 multitudine
2933 3372 3030 3413 sua
3078 3357 3320 3411 vincunt.
3379 3358 3492 3412 Duo
3541 3356 3685 3425 igitur
3720 3350 3789 3405 illa

538 3459 741 3503 tretnus
771 3463 1015 3504 occasus.
1048 3447 1178 3502 Nam
1208 3449 1347 3505 sicut
1374 3449 1657 3504 contrariae
1688 3460 1812 3504 sunt
1840 3449 2024 3505 Imnini
2054 3462 2132 3505 tc—
2238 3454 2550 3526 principalia
2580 3455 2940 3518 inveniuntur,
2977 3467 3096 3523 quae
3122 3450 3396 3505 diversam
3424 3458 3478 3504 et
3511 3445 3790 3503 contrariam

1868 3585 2224 3646 VARIORUM
2264 3589 2493 3647 NOTAE.

605 3699 677 3758 Et
701 3698 765 3755 de
784 3705 977 3773 faetore
998 3698 1128 3773 ejus.
1148 3688 1413 3756 Restitute
1431 3698 1685 3773 praeposit
1694 3699 1744 3755 io
1760 3698 1824 3773 de
1839 3716 1904 3755 ex
1922 3704 2131 3757 crinalis
2234 3719 2364 3759 casu
2391 3706 2551 3761 tertio
2581 3698 2917 3758 Occidenti...
2945 3702 3298 3772 septentrioni.
3326 3698 3384 3757 ln
3416 3702 3665 3773 plerisque
3683 3713 3786 3752 mss.

534 3788 674 3846 pene
696 3769 1266 3846 niss.7i_)ee3tinoi7rec.
1286 3781 1341 3846 et
1362 3769 1741 3846 muttisedilis.
1761 3772 1846 3846 7De
1862 3788 2131 3842 OllL'I‘BCCX
2234 3792 2331 3846 pro
2361 3779 2557 3846 hyeme,
2587 3786 2671 3830 est
2700 3774 2973 3846 Iiybernus.
3001 3769 3191 3828 Lectio
3215 3769 3644 3844 nostra‘pmpius
3667 3784 3789 3826 accc-

534 3836 769 3913 dierum,
802 3843 921 3898 vide
952 3842 1010 3898 S.
1037 3840 1249 3905 Ambr.,
1270 3843 1327 3897 S.
1364 3836 1639 3913 Basiliam,
1668 3842 1724 3899 S.
1744 3836 1970 3913 August.
1990 3846 2131 3899 Cou-
2234 3836 2312 3902 dit
2338 3836 2674 3902 advordinem
2708 3836 2903 3912 lingua:
2929 3844 3134 3898 latinae.

533 3914 691 3989 fess_..
742 3910 1052 3989 lib._x7u;_et
1078 3914 1406 3989 Theudor-et.
1441 3913 1508 3989 de
1536 3910 1890 3989 Qrovid.,77lil_i.
1931 3929 1949 3968 ι
1986 3923 2040 3989 et
2068 3932 2123 3970 ιι.
2308 3917 2437 3984 Quae
2462 3921 2647 3989 spatia.
2681 3917 2771 3974 Sic
2791 3910 2922 3989 mss.
2947 3916 2980 3970 6
3004 3916 3163 3989 Reg.,
3197 3916 3231 3971 5
3256 3913 3439 3980 Colb.,
3488 3915 3523 3970 2
3574 3915 3719 3989 Bruti.
3748 3918 3790 3966 et

608 3986 928 4059 Circum/iui.
964 3983 1224 4059 13855.7"!
1262 3983 1500 4059 Macrob.
1532 3982 1723 4040 Somn.
1768 3985 1915 4054 Scip.
1940 4025 1954 4044 .
1986 3985 2026 4038 ι.
2058 4002 2123 4053 ιι,
2232 3982 2563 4059 antiquiores
2601 4005 2663 4043 ac
2719 3987 2971 4043 meliores
3021 3982 3152 4043 editi
3201 3988 3339 4043 bene
3383 3989 3554 4042 multi.
3601 3985 3787 4055 Quidam

533 4073 584 4113 c.
613 4057 646 4111 9
667 4074 692 4132 _:
716 4053 928 4132 Gemino
965 4053 1155 4110 Oceani
1203 4055 1395 4109 ambitu
1432 4064 1580 4110 terra:
1617 4071 1802 4126 corpus
1842 4053 1990 4111 omne
2016 4059 2123 4112 cir-
2232 4053 2376 4116 mss:
2399 4059 2598 4116 etedd.
2625 4061 2677 4132 77,
2710 4060 2819 4132 qui.

533 4127 774 4183 cumilui.
811 4127 941 4181 Bon.
994 4197 1033 4199 77
1164 4196 1175 4199 7
1311 4192 1346 4199 Α
1430 4198 1439 4199 7
1520 4197 1528 4199 _
1982 4197 2007 4199 77
2303 4132 2609 4199 Con/Sciant.
2642 4126 2805 4188 Gotli.
2838 4128 3138 4197 Per/icium,
3172 4126 3300 4183 illud
3335 4128 3576 4197 praefero.
3618 4127 3651 4183 l.
3695 4140 3785 4189 vn,

604 4196 1284 4277 Suumverohabituculum.
1310 4192 1405 4277 llic
1428 4197 1708 4277 locietlib.
1733 4197 2031 4277 vn,cap._5,
2059 4200 2127 4256 ab
2232 4218 2282 4257 c.
2330 4203 2393 4258 l4
2415 4192 2438 4256 ’ξ
2475 4202 2664 4258 Diebus
2703 4219 2794 4277 per
2830 4192 2985 4277 viceni
3017 4192 3255 4277 t'eotilutis
3291 4192 3438 4256 orbes
3476 4201 3788 4277 coniiciuntur

530 4281 751 4326 auctore
778 4281 962 4326 nostro
986 4268 1181 4324 ccelum
1213 4269 1474 4339 accipitur
1493 4286 1589 4338 pro
1607 4270 1848 4325 universa
1867 4271 2126 4326 caelorum
2231 4291 2525 4339 annorum;
2562 4287 2608 4327 et
2645 4267 2800 4341 ep'it.,
2823 4292 2874 4329 c.
2903 4274 2973 4328 25
3008 4291 3019 4326 :
3048 4273 3180 4329 Ut...
3201 4290 3381 4328 cursus
3425 4282 3472 4328 et
3501 4284 3627 4328 certa
3651 4267 3785 4340 spatia

530 4346 977 4413 inole,quatenus
995 4343 1160 4396 etiam
1182 4356 1495 4413 empyreum
1514 4341 1909 4413 complectitur.
1938 4341 2123 4413 Imus.
2232 4348 2554 4413 conﬁcerent.
2588 4346 2717 4401 Bon.

607 4408 859 4468 Tenebras
884 4425 1074 4479 autem,
1108 4412 1244 4479 quod
1270 4408 1342 4467 est
1370 4412 1449 4467 his
1472 4408 1805 4467 contrarium.
1834 4412 1979 4467 Nihil
2010 4430 2129 4471 mu-
2152 4423 2206 4483 Ι)
2305 4408 2531 4472 Ῑιιάιισὶι.
2584 4416 2658 4472 Ita
2689 4432 2875 4470 omnes
2909 4415 3019 4470 fere
3049 4431 3179 4471 mss.
3226 4425 3281 4472 et
3308 4415 3471 4471 editi:
3517 4424 3571 4470 et
3605 4410 3784 4483 quidem

530 4484 748 4539 tandum
777 4501 789 4536 :
820 4485 955 4557 quod
982 4493 1053 4538 est
1073 4484 1358 4557 significat.
1388 4482 1440 4537 id
1462 4495 1556 4557 est,
1582 4485 1676 4557 hoc
1705 4492 1821 4557 est,7
1841 4500 1941 4557 pro
1974 4502 2123 4540 more
2156 4481 2187 4483 ⁷
2232 4498 2379 4543 recte
2404 4531 2417 4554 ,
2464 4499 2521 4543 ut
2548 4486 2870 4557 respondeat
2909 4488 3380 4557 praecedentibus:
3411 4485 3586 4541 Oriens
3622 4481 3782 4557 sucini-

526 4558 779 4630 alioruiu,
803 4552 857 4610 et
885 4552 1167 4630 Lactantii,
1202 4554 1241 4610 l.
1269 4571 1342 4630 vt,
1369 4570 1418 4610 c.
1453 4555 1524 4610 25
1554 4574 1567 4610 :
1601 4555 1782 4609 Divina
1805 4552 1888 4610 lea:
1909 4556 2037 4610 duos
2068 4558 2122 4611 in
2230 4552 2432 4613 nistrat.
2484 4560 2576 4615 bis.
2625 4552 2653 4615 ι’
2686 4559 2817 4629 Reg.
2848 4552 2923 4614 ac'
2941 4558 3028 4613 ed.
3054 4558 3220 4630 Tliys.
3253 4569 3308 4614 et
3332 4558 3496 4623 Gal|.,
3527 4555 3724 4611 induxit.

525 4628 932 4708 matrimonium,
975 4625 1115 4708 (ιριιά
1135 4634 1217 4681 est
1236 4667 1252 4692 ,
1276 4627 1328 4679 in
1355 4642 1539 4695 corpus
1569 4644 1771 4682 unum..
1791 4630 2115 4708 ._coniu7ngit_.
2253 4699 2265 4708 7
2286 4630 2459 4685 Etiam
2478 4633 2529 4685 in
2546 4625 2797 4708 ltoc.l7l:_eé
2822 4630 3024 4708 restitui
3044 4646 3109 4686 ex
3132 4625 3781 4708 omnibusmss.etimpres-

523 4698 669 4780 Epitn.
698 4699 861 4780 Taur.
888 4714 948 4780 7c.
981 4700 1067 4754 l3.
1097 4710 1237 4752 extr.
1270 4708 1382 4755 ZAN
1405 4710 1658 4766 ΚΡΟΝΟΥ,
1687 4698 1829 4769 quod
1860 4711 1942 4755 eSt
1966 4695 2117 4772 Jupi-
2222 4699 2337 4780 sis:
2355 4714 2548 4780 praeter
2577 4702 2761 4780 57etld.
2789 4702 3200 4780 recentioresjn
3214 4702 3415 4780 quibus
3429 4700 3778 4780 desiderantur.

524 4777 597 4825 ter
629 4770 864 4841 Saturni.
888 4770 1018 4825 BUtt.
1292 4840 1295 4841 7
1448 4840 1457 4841 7
2043 4770 2051 4772 ἡ
2298 4770 2398 4841 Qui
2426 4777 2588 4828 oritur
2616 4774 2669 4828 in
2694 4775 2848 4827 diem.
2880 4773 2968 4829 Sic
3010 4770 3293 4829 eritetidat‘i
3342 4789 3407 4827 ex
3450 4772 3646 4826 cunctis
3673 4780 3777 4841 mss.

599 4842 781 4897 Oriens
808 4840 914 4915 Deo
935 4850 1246 4915 accensctur.
1278 4840 1368 4915 Sic
1398 4840 1466 4896 36
1510 4856 1640 4896 mss.
1673 4851 1726 4896 et
1751 4842 1933 4915 plures
1961 4840 2114 4915 editi.
2222 4838 2420 4915 printer
2448 4848 2473 4903 1
2513 4847 2643 4914 Reg.
2671 4861 2786 4902 rec.
2830 4855 2883 4899 et
2914 4845 3199 4915 editiones,
3240 4845 3291 4898 in
3316 4845 3509 4914 quibus
3528 4842 3673 4915 estin
3693 4838 3772 4891 die.

605 4927 687 4995 csht
706 4955 721 4980 ,
763 4913 1091 4995 attribuitur.
1122 4911 1179 4995 lu
1209 4912 1274 4981 Ξ,
1307 4913 1442 4995 Reg:
1479 4926 1674 4995 rec.7et
1702 4911 2118 4995 nonttullisedk
2296 4915 2544 4995 Iferl'ccta;
2575 4911 2906 4995 plenitudinis
2936 4914 3131 4995 lumen;
3175 4911 3477 4995 Heraclitus
3500 4913 3656 4995 solent
3690 4924 3776 4995 ctr-

522 4984 611 5066 ξίβ,
639 4984 751 5066 Pen
782 4985 963 5066 bim-“58
983 4994 1251 5066 censetur;
1290 4984 1432 5065 quod
1461 4994 1552 5066 est
1570 4984 1858 5066 glossema.
1892 4984 2117 5041 Videtur
2219 4987 2374 5043 lcstis
2399 4983 2627 5044 luminis
2662 4989 3055 5066 i‘ontemLtrste
3084 4986 3377 5066 Macrobio,
3412 4983 3776 5066 dicit:_sirelu-

520 5053 607 5109 ltic
639 5056 947 5111 Lactantius
977 5057 1135 5109 nimis
1162 5056 1438 5125 allegoriis
1465 5053 1765 5125 indulgere.
2217 5075 2340 5114 men
2358 5076 2534 5125 suum,
2559 5060 2852 5115 secundum
2876 5053 3018 5114 Plin.
3046 5058 3258 5114 caeteris
3278 5058 3538 5113 sideribus
3564 5055 3771 5113 frenaret;

594 5125 871 5201 Praedaque
894 5128 1066 5181 menti.
1094 5127 1191 5201 llic
1213 5134 1270 5183 et
1291 5126 1428 5201 infra
1449 5128 1627 5181 minus
1648 5126 2113 5201 catholiceloqui-
2217 5132 2357 5201 sive,
2393 5142 2449 5186 ut
2479 5129 2591 5187 Cic.
2624 5132 2814 5194 voluit.
2842 5133 2964 5185 aliis
2991 5132 3204 5201 quidem
3249 5129 3549 5191 sideribus,
3582 5131 3769 5190 excepta

518 5203 606 5281 7tur
634 5197 982 5281 Lactantius,
1026 5198 1181 5281 quasi
1221 5198 1362 5252 mala
1404 5212 1561 5253 meus
1601 5213 1870 5253 summum
1917 5199 2114 5257 habeat
2215 5197 2362 5281 luna,
2397 5204 2673 5281 proprium
2712 5206 2781 5258 sit
2810 5197 3159 5281 ltttn7ei7i,'ili_se
3185 5201 3315 5268 dux,
3352 5201 3592 5281 princeps
3611 5208 3656 5251 et
3682 5206 3772 5281 iuo-

517 5267 803 5331 imberium
837 5272 887 5323 in
912 5262 1200 5324 occidens.
2214 5262 2434 5329 deralor
2462 5262 2725 5330 luminum
2762 5276 2850 5329 sit.
2886 5262 3018 5328 Vide
3046 5262 3325 5327 Platonem
3352 5262 3424 5327 'in
3471 5262 3675 5331 Tinneo,
3700 5262 3771 5317 Ci-

544 5338 757 5420 “Plaga
786 5351 857 5393 est
874 5339 1319 5420 septentrionalis:
1364 5338 1455 5420 §ic
1497 5339 1707 5420 restitui
1738 5356 1803 5420 es
1834 5343 2108 5420 antiquior
2212 5345 2562 5420 ostensione
2591 5345 2977 5413 Uuiversitate,
3014 5344 3250 5400 Macrob.
3284 5341 3377 5399 lib.
3410 5359 3428 5399 ι
3466 5344 3606 5399 Sum.
3634 5347 3767 5406 supra

511 5408 665 5485 ribus
696 5408 753 5464 et
781 5411 1094 5485 melioribus
1123 5426 1254 5485 mss.
1287 5412 1315 5485 7i
1375 5413 1606 5485 Bonou.,
1630 5408 1984 5485 7Regio-Putl
2010 5456 2025 5481 ,
2072 5416 2108 5470 2
2211 5431 2331 5485 cap.
2354 5416 2444 5472 20.
2471 5417 2797 5473 BETULEIUS.

510 5480 584 5565 al.
620 5481 753 5565 Reg.
802 5479 955 5535 bonae
987 5493 1163 5565 notae,
1206 5482 1324 5565 Pal.
1354 5495 1409 5565 et
1435 5478 1599 5554 Lips.
1626 5482 1684 5538 lu
1712 5478 1943 5556 vulgatis
1971 5478 2027 5542 et
2053 5488 2106 5542 in
2282 5478 2465 5542 Colore
2490 5482 2895 5565 potissimo._lta
2944 5502 3142 5565 omnes
3165 5487 3303 5565 editi
3338 5495 3396 5565 et.
3441 5478 3767 5565 multimelio:

510 5552 1023 5635 ριιεςίϋυεεηεβςθξι
1050 5556 1428 5635 εςριεηρῖίοηίιε
1504 5552 1517 5554 θ
1578 5624 1626 5635 __
1750 5626 1761 5635 7
1811 5552 1830 5556 θ
1890 5627 1921 5635 η
1992 5627 2003 5635 _
2209 5574 2407 5635 resque
2450 5552 2578 5635 nise.
2630 5560 2741 5635 lnl
2786 5559 2993 5615 Bonon.
3034 5560 3229 5631 antiq.,
3272 5562 3306 5617 3
3359 5556 3511 5629 Reg.,
3553 5555 3682 5623 Lips.
3722 5555 3765 5602 cl

595 5621 691 5676 Ver
718 5622 920 5703 orienti.
974 5624 1047 5703 De
1078 5623 1162 5677 his
1183 5624 1458 5695 allegortis
1482 5668 1499 5696 ,
1539 5624 1663 5683 vide
1690 5626 1854 5682 etiam
1888 5627 1945 5685 S.
1976 5627 2107 5685 Am-
2209 5621 2348 5693 Palf,
2380 5632 2745 5703 potentissimo.
3080 5700 3086 5703 7
3168 5621 3181 5631 ’
3216 5621 3226 5628 ’
3439 5621 3466 5629 ⁷
3500 5621 3503 5622 ⁷
3614 5621 3624 5623 ἡ
3730 5686 3740 5699 7

508 5693 772 5769 brostutn.
802 5694 896 5769 lib.
918 5708 969 5748 tv
999 5693 1359 5751 llexameron.
1483 5693 1491 5696 ⁷
2282 5693 2539 5756 Antit/teo.
2574 5702 2628 5757 Id
2654 5713 2757 5765 est,
2783 5704 3019 5759 diabolo.
3052 5700 3342 5769 Antitltens,
3375 5716 3472 5755 vos
3509 5709 3681 5767 graeca.
3704 5693 3763 5743 si-

584 5764 875 5821 Occidentis
914 5776 1189 5844 annuimus
1234 5778 1339 5836 est,
1385 5768 1743 5844 septentrionis
1789 5772 1984 5844 hyems.
2026 5770 2103 5827 lta
2205 5774 2445 5844 gnijicat,
2475 5775 2564 5842 qui
2592 5764 2778 5829 contra
2810 5778 2974 5831 Deum
3004 5786 3107 5841 est,
3145 5775 3225 5829 vel
3262 5764 3359 5831 Dei
3391 5764 3718 5844 adversarius-

510 5850 643 5896 mss.
674 5846 731 5897 et
755 5843 864 5898 vel.
895 5832 987 5899 ed.
1022 5830 1185 5898 Rom.
1228 5830 1360 5900 casu
1389 5830 1653 5901 secundo.
1685 5830 1878 5902 Ca:ch
1903 5843 2103 5916 vulgati
2206 5830 2236 5844 ν
2277 5830 2593 5918 Ρνωίὲνίιηι.
2628 5846 2717 5909 Sic
2763 5830 3111 5923 quaniplttres
3149 5846 3276 5905 editi
3318 5830 3371 5904 ct
3410 5856 3587 5903 omnes
3613 5835 3757 5895 {crine
