3986 6358
199 264 294 323 309

1266 266 1472 326 LIBER
1506 270 1573 328 ll.
1619 271 1707 329 DE
1732 272 2015 332 ORIGINE
2037 275 2359 337 ERRORIS.

3388 291 3493 351 510

197 383 292 441 sibi
313 383 512 441 habent
534 389 886 476 postestatem
907 400 922 452 ;
941 384 1089 441 calor
1112 394 1168 442 et
1191 385 1386 447 humor
1414 407 1428 444 ε
1458 405 1580 460 quas
1611 392 1770 449 mira-
1802 393 1859 455 Δ
1881 391 2124 450 Alterum
2151 397 2296 453 enim
2327 400 2479 469 quasi
2512 402 2863 459 masculinum
2892 405 3218 463 elementum
3248 419 3367 476 est,
3404 412 3487 466 aio

198 478 366 536 biliter
382 475 603 533 Deusad
622 476 973 534 sustentanda
994 488 1050 534 et
1069 479 1331 551 gignenda
1362 482 1545 538 omnia
1568 486 1784 556 excogi-

201 569 340 626 tavit.
364 567 497 624 Nam
522 583 645 627 cum
662 569 834 633 virtus
863 568 961 626 Dei
984 570 1054 626 sit
1075 570 1129 626 in
1146 572 1331 628 calore
1352 583 1409 629 et
1422 574 1554 645 igni,
1575 574 1680 632 nisi
1700 592 1787 634 ar-

199 663 373 722 dorem
384 663 600 734 vimque
611 662 730 735 ejus
742 662 983 723 admixta
1004 663 1248 722 humoris
1259 681 1323 722 ac
1335 666 1548 737 frigoris
1559 672 1784 727 materia

196 762 562 827 temperasset,
605 771 705 815 nec
750 757 897 813 nasci
942 756 1233 830 quidquam
1255 773 1359 816 nec
1382 761 1661 819 cohaerere
1687 779 1786 835 po-

196 850 399 917 tuisset,
428 850 559 921 quin
589 851 769 906 statim
797 850 1221 923 conﬂagratione
1250 854 1498 913 interiret
1523 857 1785 929 quidquid

193 957 308 1001 esse
318 943 595 1011 erupisset.
617 942 771 1000 Unde
783 955 839 1000 et
859 944 1168 1018 philosophi
1181 949 1398 1019 quidam
1411 961 1466 1006 et
1478 964 1653 1021 poene
1667 954 1784 1010 dis-

193 1034 331 1092 cordi
350 1036 640 1091 concordia
661 1036 919 1092 mundum
937 1047 1190 1096 constare
1202 1041 1482 1098 dixerunt:
1506 1044 1602 1100 sed
1620 1047 1785 1102 ratio-

191 1144 304 1183 nem
323 1130 539 1198 penitus
562 1144 671 1183 non
691 1128 961 1184 videbant.
981 1129 1285 1189 Heraclitus
1303 1150 1369 1188 ex
1390 1134 1509 1205 igne
1527 1145 1648 1190 nata
1663 1150 1785 1194 esse

188 1221 357 1274 omnia
382 1219 556 1284 dixit;
583 1212 784 1276 Thales
822 1218 1063 1278 Milesius
1090 1237 1155 1279 ex
1197 1237 1356 1296 aqua.
1388 1224 1627 1298 Uterque
1652 1229 1786 1285 vidit

186 1311 414 1382 aliquid:
436 1310 536 1369 sed
565 1313 767 1369 erravit
792 1320 973 1369 tamen
1006 1324 1253 1387 uterque,
1283 1318 1432 1389 quod
1458 1320 1783 1377 alterutrum

185 1404 228 1461 si
250 1404 424 1459 solum
453 1403 668 1472 fuisset,
698 1420 878 1476 neque
901 1421 1041 1478 aqua
1070 1408 1218 1464 nasci
1241 1424 1309 1466 ex
1334 1409 1462 1482 igne
1495 1411 1780 1482 potuisset,

184 1512 350 1570 neque
369 1512 568 1555 rursus
594 1497 733 1570 ignis
753 1514 822 1556 ex
848 1514 1007 1571 aqua.
1039 1499 1147 1558 Sed
1170 1510 1256 1558 est
1283 1504 1485 1570 verius,
1518 1505 1682 1561 simul
1708 1521 1781 1563 ex

184 1599 398 1661 utroque
426 1590 692 1663 permisto
728 1601 921 1647 cuncta
947 1593 1222 1662 generari.
1238 1592 1383 1665 Ignis
1406 1594 1623 1666 quidem
1656 1612 1782 1667 per-

181 1683 388 1741 misceri
416 1697 547 1742 cum
574 1699 712 1755 aqua
738 1699 849 1741 non
882 1694 1080 1757 potest,
1112 1686 1240 1756 quia
1272 1697 1400 1743 sunt
1429 1697 1655 1761 utraque
1681 1688 1784 1744 ini-

1889 496 2068 544 terum
2094 489 2249 560 quasi
2279 490 2653 562 imminutum;
2683 497 2916 553 alterum
2961 500 3195 556 activum
3214 541 3231 569 ,
3258 503 3491 560 alterum

1889 578 2127 649 patibile.
2158 580 2389 653 Ideoque
2409 598 2440 638 a
2467 586 2737 644 veteribus
2767 588 3072 646 institutum
3100 602 3204 661 est,
3232 603 3492 652 utsacra-

1888 683 2077 730 mento
2114 674 2252 746 ignis
2289 684 2346 732 et
2389 692 2543 749 aquae
2572 681 2876 750 nuptiarum
2924 681 3128 741 {rudera
3158 688 3491 759 sanciantur,

1890 767 2035 838 quod
2064 767 2226 824 foetus
2252 770 2605 827 animantium
2636 773 2822 829 calore
2862 785 2919 830 et
2945 776 3172 834 humore
3195 794 3495 851 corporen-

1889 870 2001 929 tur,
2031 873 2192 933 atque
2217 866 2524 921 animentur
2548 867 2615 921 ad
2644 868 2830 923 vitam.

1969 956 2104 1013 Cum
2165 958 2310 1015 enim
2353 970 2568 1017 constet
2626 977 2789 1018 omne
2852 962 3053 1019 animal
3105 979 3170 1022 ex
3211 968 3390 1024 anima
3436 978 3496 1026 et

1888 1064 2157 1122 corpore,
2238 1053 2462 1109 materia
2512 1056 2760 1138 corporis
2829 1057 2883 1112 in
2934 1057 3162 1116 humore
3206 1070 3328 1129 est,
3377 1062 3494 1118 ani-

1888 1157 1993 1199 mas
2052 1144 2106 1199 in
2173 1144 2355 1200 calore
2412 1164 2426 1200 :
2479 1147 2624 1217 quod
2658 1164 2743 1203 rex
2794 1149 2981 1205 avium
3054 1149 3276 1209 funibus
3333 1156 3493 1209 datur

1886 1236 2049 1303 scire,
2082 1250 2218 1307 quos
2257 1238 2426 1293 crassi
2454 1237 2696 1295 humoris
2739 1240 2932 1311 plenos
2981 1243 3086 1298 nisi
3121 1244 3303 1315 opifex
3340 1245 3492 1302 calor

1887 1331 2103 1394 foverit.
2132 1347 2235 1387 nec
2255 1330 2452 1388 humor
2479 1342 2656 1402 potest
2689 1335 2989 1404 corporari.
3020 1350 3122 1392 nec
3148 1351 3346 1407 corpus
3369 1337 3489 1393 ani-

1888 1422 2046 1476 mari.
2066 1421 2328 1477 Exulibus
2350 1438 2566 1494 quoque
2592 1424 2728 1494 ignis
2750 1434 2803 1480 et
2819 1440 2956 1495 aqua
2980 1425 3227 1483 interdici
3244 1428 3486 1485 solebat:

1888 1513 2064 1569 adhuc
2090 1514 2233 1569 enim
2278 1514 2558 1571 videbatur
2603 1515 2774 1583 nefas,
2799 1518 3045 1588 quamvis
3079 1518 3271 1583 malos,
3305 1528 3486 1574 tamen

1888 1603 2138 1660 homines
2186 1606 2449 1676 Supplicia
2496 1607 2687 1677 capitis
2711 1606 2955 1664 aflicere.
2998 1608 3293 1666 Interdicto
3328 1610 3490 1681 igitur

1887 1711 1989 1752 usu
2016 1711 2202 1752 earum
2228 1698 2634 1768 rerum,quibus
2653 1699 2762 1753 vita
2793 1709 3005 1755 constat
3033 1701 3338 1769 hominum,
3365 1717 3490 1770 per-

180 1776 307 1833 mica
330 1795 346 1845 ;
368 1786 427 1835 et
445 1778 496 1835 si
527 1779 773 1835 cominus
797 1778 1068 1848 venerint,
1097 1779 1417 1837 alterutrum
1450 1782 1593 1852 quod
1618 1797 1781 1853 supe-
1808 1789 1857 1850 Β
1888 1788 2017 1845 inde
2077 1788 2398 1855 habebatur,
2444 1805 2508 1844 ac
2553 1792 2597 1844 si
2648 1798 2811 1858 esset,
2863 1792 2957 1862 qui
2998 1808 3116 1847 eam
3162 1793 3487 1849 sententiam

181 1870 389 1937 raverit,
424 1869 684 1926 conficiat
733 1869 963 1926 alterum
1013 1884 1235 1929 necesse
1282 1883 1366 1929 est
1397 1890 1410 1928 :
1440 1872 1537 1928 sed
1584 1888 1774 1930 eorum

180 1960 484 2018 substantia:
555 1964 870 2034 permisceri
925 1973 1175 2036 possunt.
1222 1963 1534 2022 Substantia
1600 1964 1773 2037 ignis,

180 2054 314 2112 calor
337 2063 457 2123 est;
485 2070 666 2127 aqua},
696 2056 909 2112 humor.
935 2056 1105 2113 Recte
1129 2058 1288 2129 igitur
1313 2054 1536 2114 Ovidius
1572 2074 1585 2112 :

231 2167 423 2242 Quippe
434 2169 524 2242 ubi
543 2173 840 2242 temperiem
854 2181 1115 2242 sumpsere
1130 2171 1409 2242 humorque
1431 2170 1689 2236 calorque,

234 2228 544 2296 Cpticipiunt,
562 2240 622 2296 et
644 2228 707 2296 ab
734 2231 811 2281 bis
828 2228 1058 2284 oriuntur
1086 2242 1263 2285 cuncta
1285 2228 1479 2285 duobus
1502 2248 1515 2284 :

233 2290 445 2360 Quinque
472 2290 541 2344 sit
558 2295 685 2360 ignis
699 2307 840 2358 aqua:
864 2304 1080 2360 pugnax,
1098 2308 1251 2360 vapor
1271 2296 1499 2346 humidus
1512 2306 1685 2348 omnes

229 2352 326 2406 Res
345 2352 509 2421 ti'eat,
536 2352 795 2408 efdiscois
808 2352 1288 2411 concordia'fait'tbus
1305 2367 1418 2424 apta
1438 2368 1533 2411 est.

1884 1892 2193 1953 exceperat,
2225 1893 2402 1940 morte
2440 1884 2751 1941 mulctatus.
2785 1885 2937 1941 Adeo
2965 1886 3066 1942 ista
3091 1886 3199 1943 duo
3217 1886 3488 1944 elementa

1880 1977 2059 2048 prima
2084 1984 2211 2032 sunt
2238 1976 2447 2045 habita,
2478 1985 2535 2032 ut
2580 1992 2682 2033 nec
2723 1986 2902 2033 ortum
2936 1977 3191 2042 hominis.
3228 1993 3328 2035 nec
3368 1980 3488 2035 sine

1879 2070 1967 2126 his
1991 2070 2152 2125 vitam
2178 2069 2511 2126 crediderint
2538 2085 2697 2142 posse
2726 2081 2999 2126 constare.
3024 2072 3226 2128 Horum
3253 2072 3486 2127 alterum

1877 2164 2037 2220 nobis
2056 2178 2342 2219 commune
2362 2174 2445 2219 est
2463 2178 2587 2220 cum
2604 2164 2819 2220 caneris
2838 2165 3227 2230 animantibus,
3254 2167 3486 2224 alterum

1877 2253 1981 2311 soli
2007 2253 2210 2310 homini
2236 2254 2442 2310 datum.
2467 2253 2577 2312 Nos
2599 2255 2743 2311 enim
2779 2256 3034 2326 quoniam
3059 2257 3283 2313 caeleste
3310 2267 3476 2329 atque

1876 2347 2184 2405 immortale
2206 2347 2404 2405 animal
2431 2363 2640 2416 sumus,
2672 2350 2795 2420 igne
2838 2352 3063 2418 utimur,
3093 2349 3185 2422 qui
3224 2349 3383 2408 nobis
3430 2354 3484 2407 in

1494 2480 1859 2542 VARIORUM
1900 2479 2133 2540 NOTAE.

182 2641 299 2700 mss.
342 2627 403 2684 In
446 2642 566 2684 rec.
609 2630 635 2683 1
680 2628 812 2700 Reg.
846 2636 905 2685 et
950 2625 1160 2685 iColb.
1199 2636 1310 2700 est,
1361 2629 1773 2700 praferant;_i_n

1881 2624 1979 2699 fici
1996 2625 2200 2699 arbore,
2229 2634 2281 2699 et_
2303 2625 2360 2679 in
2386 2626 2563 2699 aquati
2580 2641 2724 2699 aqua
2743 2625 2905 2699 allata
2926 2636 3075 2682 esset.
3107 2625 3477 2699 Dempstet'us.

184 2698 390 2790 ibips.
408 2700 722 2790 e‘tﬂ3editi's
742 2693 1137 2790 proferunt
1170 2693 1620 2790 regnate.
1800 2727 1847 2790 Ο
1878 2693 2017 2790 Vide
2044 2695 2403 2764 Brissonium,
2432 2693 2503 2752 de
2526 2693 2651 2751 Ritu
2680 2697 3017 2768 Nuptiarum.

181 2784 295 2835 sex,
334 2774 620 2842 perferunt.
676 2770 953 2826 Buneman
996 2771 1124 2842 legit
1159 2771 1319 2825 etiam
1359 2774 1640 2842 perferunt,
1655 2782 1773 2842 ⁸ης)-

183 2838 382 2911 tamque
407 2838 731 2914 sequentem
763 2838 1089 2898 exhibet»;-
1119 2838 1411 2914 Perferunt.
1444 2842 1519 2914 De
1538 2838 1771 2909 Opiﬁcio

181 2926 287 2982 cap.
318 2914 383 2968 '7:
417 2913 762 2979 Admirabile,
793 2915 928 2984 quod
951 2929 1053 2967 una
1081 2912 1442 2984 dispositio....
1476 2912 1772 2984 innumera-

182 2984 292 3039 biles
316 2985 659 3041 animantium
684 2982 923 3056 praferat
952 2986 1240 3040 varietates.
1272 2983 1377 3056 Ubi
1405 2985 1585 3056 multa:
1606 2982 1766 3056 edd.,

179 3060 385 3124 perferat
425 3052 817 3113 subornat—ant.
847 3056 922 3111 De
953 3056 1095 3124 Opil.
1125 3072 1172 3113 c.
1212 3060 1247 3112 8
1286 3075 1299 3111 :
1331 3052 1643 3109 Incredibile
1670 3062 1767 3119 est,

176 3137 401 3198 quantum
446 3128 880 3198 pulchritudinem
906 3131 1167 3198 praeferat.
1201 3127 1410 3191 Busan.

240 3197 740 3255 Mirabiliter.biss.t
759 3196 1060 3255 Colbert.et
1085 3203 1105 3254 1
1137 3198 1529 3255 Βτιιιωιιιιιιιιηι
1552 3196 1765 3252 utiliter.

239 3267 568 3342 Philosophi.
589 3270 947 3341 Empedocles
967 3270 1191 3342 scilicet,
1214 3272 1284 3325 de
1304 3286 1410 3341 quo
1434 3267 1575 3342 apud
1603 3267 1770 3342 Laer-

177 3338 294 3414 tium
323 3352 376 3398 et
394 3337 679 3414 Plutarch.
697 3337 764 3414 de
786 3342 1002 3398 Placitis
1026 3337 1407 3414 Philosophor.
1442 3337 1537 3414 lib.
1565 3355 1600 3406 ι,
1628 3356 1681 3414 ο.
1696 3337 1764 3414 73.

239 3410 300 3486 Et
324 3426 512 3486 poetae.
532 3411 603 3470 Ut
622 3413 843 3469 Ovidius
872 3414 1053 3486 verbis
1070 3413 1226 3486 paulo
1246 3410 1366 3483 post
1396 3410 1766 3481 proferendis;

176 3484 431 3553 etllorat.,
467 3485 501 3539 l.
530 3500 569 3553 ι,
584 3485 743 3556 epist.
766 3486 854 3551 ιιι,
888 3500 942 3539 v.
966 3484 1134 3550 l9,de
1153 3501 1329 3555 pugna
1351 3487 1763 3542 elementorum.

282 3596 403 3657 Quid
426 3594 560 3651 velit
582 3600 635 3647 et
658 3600 810 3659 possit
836 3596 1098 3647 concordia
1120 3596 1327 3647 discors.

238 3678 353 3736 Non
375 3680 637 3737 videbant.
668 3678 745 3736 lta
790 3680 1125 3736 restituimus
1156 3695 1220 3736 ex
1254 3678 1507 3735 omnibus
1546 3694 1680 3735 mss.
1713 3689 1769 3734 et

176 3749 292 3823 edit.
315 3752 577 3819 Tornes.,
609 3751 807 3818 BetuL,
832 3761 889 3808 et
912 3753 1182 3808 Soubron.
1209 3751 1266 3807 In
1294 3752 1510 3807 caeteris
1536 3750 1768 3823 impres-

177 3822 239 3878 sis
266 3836 359 3892 est,
390 3842 503 3879 non
524 3825 779 3879 viderunt.

240 3894 530 3951 Heraclitus
556 3912 620 3950 ea:
665 3895 798 3967 igne.
829 3894 1081 3967 Refertur
1122 3912 1152 3951 a
1201 3892 1417 3967 Lacrtio
1462 3895 1606 3967 inter
1649 3894 1768 3965 ejus

177 3962 422 4034 dogmata.
481 3962 724 4022 Meminit
747 3964 860 4022 Cic.
894 3968 945 4020 in
979 3983 1027 4020 tv
1059 3965 1539 4033 Academ.Quaast.
1571 3962 1769 4021 Conlu-

177 4045 303 4093 tatur
325 4042 491 4096 etiam
522 4056 552 4095 a
579 4039 831 4095 Lucretio
859 4038 952 4094 lib.
979 4038 1030 4092 1.
1059 4039 1263 4095 Barea.

240 4108 438 4187 Thales.
483 4112 557 4166 De
578 4110 723 4181 quod
752 4110 952 4165 dictum
975 4122 1058 4166 est
1085 4110 1224 4166 libro
1250 4126 1289 4175 ι,
1313 4124 1433 4180 cap.
1454 4108 1510 4176 8,
1533 4116 1589 4164 et
1620 4108 1765 4178 apud
1792 4125 1849 4187 Β

176 4176 456 4239 Laertium.

239 4251 536 4324 Substantia
560 4253 713 4324 ignis,
743 4253 886 4307 calor
914 4262 1026 4316 est;
1066 4269 1232 4324 aqum,
1265 4251 1468 4306 humor.
1498 4251 1655 4324 Quia,
1680 4251 1764 4307 his

177 4323 464 4381 subsistunt
485 4340 549 4380 ac
573 4323 982 4380 conservantur.
1020 4323 1150 4379 Vide
1177 4325 1334 4386 infra,
1364 4334 1419 4379 et
1443 4338 1562 4393 cap.
1600 4323 1685 4377 12.

240 4393 469 4451 Ovidius.
500 4397 617 4451 Lib.
647 4413 661 4453 ι
705 4397 917 4451 Metam.
944 4438 957 4462 ,
1012 4395 1141 4452 ibid.
1186 4395 1277 4451 ubi
1310 4394 1380 4451 de
1419 4395 1526 4449 Nili
1555 4394 1764 4451 facun-

177 4462 322 4522 ditate
346 4468 556 4524 scribit.

242 4536 302 4592 Ut
326 4549 650 4594 sacramento
679 4541 811 4610 ignis
845 4550 890 4595 et
924 4553 1070 4608 aqute
1094 4539 1390 4608 nuptiarum
1422 4537 1613 4605 {rudera
1641 4554 1764 4593 san-

178 4607 373 4681 ciantur.
422 4610 621 4667 Festus
656 4607 945 4681 Pompeius
970 4607 1064 4666 lib.
1094 4625 1111 4664 ι
1159 4607 1173 4664 ε
1209 4611 1355 4681 Aqua
1389 4611 1576 4664 dicitur
1609 4626 1640 4663 α
1664 4627 1766 4681 qua

168 4678 399 4747 juvantur
431 4698 453 4737 :
485 4699 619 4753 aqua
641 4695 685 4737 et
716 4678 852 4754 ignis
877 4682 1117 4738 interdici
1141 4678 1290 4746 solet,
1321 4696 1475 4752 quam
1503 4678 1766 4751 accipiunt

177 4760 352 4824 nuptm,
384 4754 619 4809 videlicet
645 4753 765 4824 quia
795 4757 875 4809 lue
910 4755 1027 4808 duce
1059 4770 1140 4809 res
1167 4756 1444 4808 humanam
1466 4753 1627 4824 vitam
1655 4769 1765 4807 ma-

176 4822 297 4876 xime
322 4827 601 4881 continent.
648 4822 853 4881 Eadem
899 4826 1198 4890 Plutarch.,
1256 4825 1413 4879 Rom.
1463 4823 1757 4891 Problem.,

178 4905 284 4963 cap.
317 4895 366 4952 1.
393 4896 543 4951 ldem
574 4896 767 4952 Festus
788 4898 882 4953 lib.
917 4898 951 4953 6
979 4915 992 4953 :
1018 4895 1206 4950 Facem
1229 4897 1281 4951 in
1304 4895 1493 4966 nuptiis
1519 4897 1571 4950 in
1603 4896 1765 4951 hono-

178 4978 272 5017 rem
318 4966 513 5023 Cereris
555 4969 929 5037 praeferebant,
960 4984 1192 5040 aquaque
1227 4964 1590 5040 aspergebatur
1614 4985 1763 5040 nova

180 5046 339 5112 nupta,
368 5039 475 5094 sive
498 5048 555 5093 ut
594 5050 737 5096 casta
759 5039 1011 5112 puraque
1032 5039 1101 5094 ad
1131 5042 1297 5112 virum
1324 5039 1556 5112 veniret_,_
1577 5039 1764 5112 siveut

180 5105 331 5182 ignem
381 5120 427 5164 et
478 5127 662 5182 aquam
711 5105 828 5166 cum
881 5105 989 5167 viro
1042 5111 1457 5166 communicaret.
1517 5108 1764 5167 Valerius

130 5230 133 5233 η
180 5179 386 5236 Flaccus
416 5179 659 5249 lib.'vttt,
695 5188 987 5255 Argonaut.
1018 5200 1032 5239 :
1672 5210 1676 5215 ’

475 5288 589 5325 nem
613 5274 813 5337 Pollux,
839 5273 1351 5339 undamquejugalem

260 5331 504 5402 Prtetulit,
530 5344 585 5388 ut
606 5331 840 5389 dextrum
864 5331 1053 5401 paritei
1074 5331 1329 5389 vertantur
1349 5336 1398 5387 in
1415 5337 1609 5388 orbem.

181 5410 319 5472 Ovid.
350 5420 442 5476 lib.
471 5437 508 5476 ιι
535 5420 604 5478 de
634 5426 765 5477 Arte
785 5421 1000 5477 amandi
1030 5438 1043 5475 :

292 5507 385 5586 Ista,4
409 5513 738 5586 viri_capteut,
762 5516 802 5565 si
819 5516 918 5586 jam
943 5512 1178 5586 captanda
1194 5513 1485 5586 probabant,

349 5574 481 5633 Quos
501 5573 683 5627 faciunt
697 5573 863 5638 justus
885 5573 1019 5638 ignis
1036 5585 1087 5627 et
1112 5573 1239 5627 unda
1266 5579 1412 5627 viros.

188 5719 198 5731 ,
245 5651 300 5733 lu
341 5659 509 5733 primo
549 5659 732 5733 limine
770 5676 962 5732 aquam
995 5661 1358 5733 exhibebant,
1388 5662 1474 5715 cui
1520 5660 1763 5717 titionem

186 5728 524 5806 intingehant.
548 5729 617 5785 ll.
648 5728 987 5806 Varro'apud
1006 5730 1244 5806 Turneb.
1276 5733 1368 5806 lib.
1394 5746 1547 5796 xxix,
1578 5749 1629 5788 c.
1652 5734 1721 5788 Ἦ
1746 5750 1760 5787 :

186 5791 361 5855 Contfa
387 5817 419 5856 α
442 5818 569 5860 novo
599 5805 806 5873 marito,
832 5791 948 5863 cum
972 5805 1096 5861 item
1124 5820 1157 5859 a
1177 5804 1291 5875 foco
1317 5805 1371 5861 in
1399 5791 1575 5863 titione
1597 5820 1662 5862 ea:
1688 5809 1766 5877 fe-

1956 2786 2320 2860 Corporenlur,
2346 2800 2496 2859 atque
2518 2790 2827 2845 animentur.
2858 2789 3046 2846 Iunxit
3088 2790 3277 2848 eodem
3320 2795 3483 2849 modo

1880 2859 2092 2915 Plinius
2122 2861 2159 2914 Ι.
2191 2876 2269 2915 vn
2316 2861 2454 2916 Hist.
2485 2861 2631 2924 Nat..
2660 2872 2795 2917 sect.
2824 2864 2894 2918 15
2919 2863 3010 2917 lin.
3031 2863 3098 2917 de
3116 2863 3478 2921 Getieratioue

1880 2929 2147 2986 Hominis.
2174 2931 2533 3003 Hieronymus
2561 2934 2628 2987 ad
2657 2932 2966 2988 Pammach.
2997 2932 3032 2987 f.
3063 2950 3136 2989 ιιι.
3165 2934 3269 2991 170
3300 2956 3314 2988 :
3346 2935 3483 2991 Con-

1880 3005 2043 3077 Lotum
2064 3013 2335 3077 _corporat
2356 3040 2370 3068 ,
2418 3013 2745 3077 corporatum
2801 3006 2855 3077 in
2909 3006 3133 3060 membra
3159 3006 3476 3077 distinguit.

1878 3070 2034 3128 Conf.
2062 3073 2212 3129 Lact.
2239 3075 2333 3131 lib.
2363 3090 2422 3140 tt,
2453 3070 2567 3132 c.'8
2588 3088 2644 3132 et
2667 3076 2871 3132 Bartbii
2901 3077 3125 3133 Advers.
3156 3076 3191 3131 l.
3218 3093 3313 3145 vn,
3339 3070 3389 3134 ὁ.
3421 3078 3477 3149 2,

1878 3144 1978 3200 fol.
2011 3145 2137 3200 313.
2167 3144 2300 3201 Buu.

1900 3159 1978 3200 Ol.
2011 3159 2137 3200 ὒιῦ.
2167 3159 2300 3203 ὕυΝ.

1954 3236 2008 3291 Ν
2014 3253 2069 3310 ec
2095 3240 2281 3292 humor
2301 3247 2463 3310 potest
2482 3238 2771 3308 corporari,
2800 3254 2892 3293 nec
2918 3256 3106 3310 corpus
3126 3241 3366 3296 animari.
3391 3242 3479 3298 Sic

1880 3309 2167 3381 legendum
2190 3319 2272 3364 est
2297 3309 2364 3366 ex
2386 3312 2517 3364 edit.
2535 3309 2806 3365 Soubron.
2822 3322 2874 3365 et
2893 3309 3121 3366 Tornes.
3146 3328 3209 3367 ac
3231 3327 3476 3368 mss.uon

1879 3392 1937 3434 ut
1966 3383 2105 3435 male
2134 3382 2186 3435 in
2214 3381 2447 3436 nonnullis
2477 3381 2657 3441 editis.
2687 3397 2978 3452 corporare,
3018 3398 3110 3436 nec
3151 3398 3336 3450 corpus
3365 3386 3481 3439 ani-

1877 3467 2039 3505 mare.
2092 3451 2167 3506 Ita
2216 3462 2395 3507 autem
2454 3452 2738 3521 legendum
2779 3451 2902 3507 esse
2944 3453 3144 3522 patebit
3192 3454 3382 3521 cuivis,
3430 3457 3475 3511 si

1876 3522 2040 3578 modo
2082 3538 2303 3593 scopum
2350 3523 2611 3577 Lactantii
2665 3524 3042 3594 perpendam;
3074 3539 3282 3594 corpus
3329 3526 3475 3580 enim

1876 3608 1984 3648 non
2014 3592 2237 3666 animat,
2272 3594 2366 3649 sed
2394 3599 2680 3649 animatur.
2710 3592 2795 3648 Ea:
2826 3592 3353 3666 l.~zeo.-Corporari.
3378 3610 3477 3666 pro

1875 3678 2102 3734 corpore
2148 3665 2328 3734 indui,
2370 3674 2423 3720 ct
2473 3667 2715 3731 animari,
2775 3681 2871 3733 pro
2919 3669 3152 3720 animam
3206 3665 3471 3735 accipere,

1875 3750 2013 3808 ποθι-ῳ
2044 3752 2223 3808 voces.
2249 3736 2446 3792 Extant
2471 3739 2690 3808 insuper
2716 3736 2809 3790 lib.
2842 3752 2895 3791 tv
2950 3738 3206 3801 lustitut.,
3234 3752 3354 3808 cap.
3378 3736 3469 3794 26.

1950 3806 2202 3863 Exulibus
2225 3806 2784 3880 quoque.-lnterdiCtio
2829 3808 2940 3872 illa,
2973 3810 3106 3863 citra
3151 3808 3251 3863 soli
3302 3806 3477 3880 inula-

1875 3879 2097 3945 tionem,
2157 3880 2209 3933 iu
2240 3879 2332 3934 eo
2386 3879 2701 3943 habebatur,
2742 3894 2857 3933 cum
2914 3882 3132 3947 nemine,
3185 3880 3263 3935 sic
3309 3879 3478 3937 inter-

1874 3948 2043 4023 dicto,
2073 3951 2549 4006 communicandum
2597 3967 2811 4023 aquam,
2837 3960 2884 4003 et
2910 3952 3098 4023 ignem,
3127 3961 3216 4004 aut
3263 3959 3470 4007 tectum.

1876 4021 1944 4093 Ut
2000 4024 2274 4093 Appianus
2336 4023 2571 4093 loquitur
2635 4023 2704 4077 de
2768 4021 2981 4077 Metello
3020 4023 3098 4077 sic
3156 4022 3466 4079 interdicto.

1873 4091 2049 4147 Etiam
2082 4091 2200 4165 lege
2226 4093 2362 4149 Julia
2391 4091 2459 4148 de
2486 4096 2536 4147 vi
2571 4094 2772 4162 privata
2800 4094 3102 4155 tenebatur.
3130 4095 3217 4162 qui
3246 4110 3363 4147 eum
3392 4097 3476 4150 cui

1872 4173 1919 4218 et
1943 4181 2077 4233 aqua
2117 4176 2163 4219 et
2187 4167 2296 4236 igni
2332 4166 2657 4219 interdictum
2690 4174 2784 4236 est,
2820 4166 3084 4236 receperit,
3115 4166 3372 4229 celaverit,
3403 4176 3474 4220 ts-

1870 4238 2074 4299 nuerit;
2121 4235 2266 4305 quad
2316 4237 2391 4290 ait
2442 4236 2640 4291 Paulus
2692 4235 2843 4291 Sent.
2892 4235 2945 4298 v,
2977 4251 3097 4304 cap.
3152 4235 3245 4290 26.
3299 4236 3493 4292 Etiam‘

1869 4308 2010 4377 apud
2062 4306 2281 4364 Graecos
2337 4308 2526 4362 similis
2579 4321 2734 4377 ptena
2795 4308 2847 4360 in
2889 4322 3009 4362 usu.
3064 4306 3274 4361 Electra
3332 4309 3473 4377 apud

1868 4376 2180 4449 Euripidem
2214 4382 2266 4434 in
2294 4378 2483 4434 Oreste
2510 4376 2589 4434 de
2605 4394 2685 4450 se,
2705 4376 2905 4450 Pylade
2935 4394 2997 4432 ac
3027 4377 3240 4447 Oroate,
3282 4377 3473 4450 Decre-

1868 4460 1997 4515 tum,
2030 4452 2220 4521 inquit,
2252 4459 2327 4504 est
2360 4451 2510 4521 Argis
2538 4449 2727 4504 nemini
2768 4452 2848 4519 fus
2877 4465 2984 4503 esse
3022 4465 3115 4503 nos
3151 4449 3469 4518 matricidas,

1868 4532 1961 4576 aut
1983 4532 2136 4587 tecto,
2160 4531 2249 4575 aut
2277 4523 2413 4592 igne,
2438 4520 2535 4575 aut
2560 4522 2785 4592 alloquio
2813 4520 3064 4592 excipere.
3096 4520 3475 4576 SELDENUS.-—

1868 4593 2071 4648 Eadem
2102 4607 2255 4659 paena
2277 4590 2501 4664 allectus
2529 4591 2694 4664 fuisse
2719 4590 2914 4664 legitur
2934 4591 3249 4664 inAUsuardi
3277 4594 3473 4664 Marty-

1867 4664 2073 4734 rologio
2128 4680 2256 4719 xvttt
2304 4662 2411 4719 kal.
2439 4663 2670 4731 ianuarii
2717 4658 2796 4716 Sf
2845 4658 3149 4716 Valerianus
3196 4663 3249 4716 in
3295 4658 3473 4732 Africa

1866 4736 2151 4806 episwpus,
2196 4737 2300 4807 qui
2321 4752 2437 4807 cum
2476 4743 2609 4807 esset
2646 4750 2898 4807 onagrum
2937 4734 3059 4807 plus
3101 4734 3380 4805 octoginta,
3407 4734 3464 4788 in

1867 4802 2217 4876 persecutione
2261 4805 2544 4861 Vandalica
2598 4804 2690 4860 sub
2737 4802 3008 4859 Genserico
3032 4821 3149 4875 rege
3176 4802 3355 4859 ariano
3383 4821 3472 4860 ea:-

1868 4886 1946 4931 tra
1969 4879 2222 4932 civitatem
2247 4879 2523 4949 singularis
2548 4877 2733 4947 expelli
2761 4877 2931 4949 iussus
2950 4887 3025 4929 est
3048 4891 3067 4929 :
3096 4885 3142 4929 et
3164 4880 3254 4949 ita
3281 4891 3473 4949 praece-

1867 4959 2031 5020 ptum,
2065 4960 2116 5003 ut
2145 4949 2317 5004 nullus
2331 4946 2461 5003 'eum
2480 5019 2483 5020 ν
2504 4946 2662 5020 neque
2688 4949 2742 5001 in
2768 4947 2939 5020 domo,
2968 4963 3125 5016 neque
3148 4947 3212 5020 in
3240 4964 3364 5018 agro
3389 4946 3471 5000 di-

1866 5018 2082 5076 mitteret
2109 5021 2375 5087 habitare;
2398 5019 2485 5075 sed
2512 5018 2768 5074 instrata
2799 5018 3004 5087 publica
3048 5018 3207 5070 multo
3248 5028 3472 5086 tempore

1865 5093 2033 5147 nudus
2054 5094 2144 5164 sub
2170 5108 2285 5146 aere
2295 5092 2494 5164 jacens,
2526 5091 2580 5164 in
2604 5090 2922 5164 conlessione
2941 5088 3208 5164 catholica?
3222 5090 3466 5164 veritatis,

1865 5172 1913 5216 et
1942 5163 2237 5288 dvensione
2258 5159 2581 5217 sunctimonii
2618 5176 2821 5215 cursum
2852 5159 3011 5213 beata:
3033 5159 3149 5213 vita:
3176 5162 3467 5232 complevit.

1867 5232 1944 5288 Ex
2028 5238 2116 5288 ict.
2153 5233 2261 5288 Vit.
2295 5234 2432 5288 HiSI.
2462 5232 2740 5288 Persecut.
2774 5230 2998 5286 Vandal.
3030 5230 3126 5286 lib.
3159 5246 3198 5288 ι.
3232 5247 3287 5284 ιι.
3321 5231 3409 5287 12.

1867 5232 1944 5289 Ex
1980 5230 2116 5290 Vict.
2153 5233 2261 5289 Vit.
2295 5234 2432 5289 HiSI.
2462 5232 2740 5289 Persecut.
2774 5230 2998 5286 Vandal.
3030 5230 3126 5286 lib.
3159 5246 3198 5291 ι,
3232 5230 3409 5287 n.12.

1940 5303 2141 5361 Horum
2170 5307 2385 5360 alterunt
2432 5305 2597 5368 nobis,
2649 5313 2752 5359 etc.
2783 5301 2901 5357 Non
2947 5302 3055 5372 agit
3098 5302 3200 5357 hoc
3244 5302 3470 5360 Lactan-

1865 5376 1995 5445 tius,
2022 5388 2079 5431 ut
2103 5376 2297 5433 doceat
2321 5375 2592 5431 hominem
2624 5381 2827 5429 tantum
2854 5388 2920 5427 ex
2949 5373 3068 5444 igne
3094 5382 3149 5427 et
3176 5388 3311 5444 aqua
3337 5390 3469 5431 con-

1868 5457 2032 5503 stare.
2056 5446 2268 5518 Corpus
2295 5448 2559 5516 siquidem
2591 5445 2844 5505 hominis.
2877 5453 2934 5497 ut
2962 5445 3313 5518 animantium
3342 5445 3471 5501 reli-

1865 5534 2093 5590 quorum
2120 5516 2383 5583 omnium,
2413 5529 2625 5573 constat
2650 5533 2717 5572 ex
2736 5523 2967 5590 quatuor
2986 5516 3290 5590 elementis,
3306 5518 3467 5590 _Aris-

1868 5587 1964 5645 tot.
1993 5603 2044 5646 et
2095 5591 2418 5660 Hippocrate
2466 5590 2713 5644 teStiltus.
2743 5587 2849 5641 Sed
2886 5602 2954 5640 ex
2991 5588 3245 5660 analogia
3285 5587 3464 5655 docet,

1866 5661 2060 5717 anima:
2080 5658 2340 5733 originem
2379 5662 2590 5716 coalitus
2611 5675 2733 5715 esse
2753 5675 2768 5726 ;
2790 5658 3034 5728 corporis
3056 5658 3337 5733 exiisdem
3358 5660 3469 5733 ele-

1868 5736 2087 5801 mentis,
2118 5730 2190 5789 ei
2212 5734 2408 5803 quibus
2438 5733 2686 5787 universa
2715 5739 2965 5787 constant
2993 5747 3008 5784 :
3053 5730 3147 5785 sed
3187 5731 3241 5803 in
3278 5731 3468 5803 prunis

1869 5821 1935 5864 ex
1970 5799 2213 5873 humido,
2229 5799 2312 5862 'eo
2338 5802 2500 5875 forte,
2519 5804 2643 5876 quia
2673 5813 2727 5861 et
2749 5817 2933 5861 semen
2956 5811 3010 5858 et
3038 5799 3256 5872 sanguis
3277 5799 3466 5859 humo-
