3986 6358
525 256 625 313 511

1602 255 1792 314 FlRM.
1834 256 2205 316 LACTAN'I'II
2241 255 2444 317 DIVIN.
2486 257 2734 317 INS'I'IT.
3683 267 3774 326 312

518 383 898 447 argumentum
923 375 1348 432 immortalitatis
1372 374 1534 432 datus
1561 385 1665 443 est,
1696 376 1952 448 quoniam
1984 376 2125 448 ignis
2151 380 2205 442 Α
2230 377 2334 434 sibi
2361 387 2627 434 aeternum
2648 391 2843 450 parare
2869 377 3170 448 constituit,
3199 385 3257 436 et
3276 377 3664 442 innumerabiles
3678 387 3774 444 aui-

519 484 553 525 e
578 470 718 527 ccelo
747 479 866 528 est:
899 470 1053 539 cujus
1084 479 1295 535 natura,
1324 470 1449 540 quia
1481 467 1697 525 mobilis
1713 476 1818 537 est,
1849 478 2135 526 etsursum

521 562 733 626 nititur,
782 561 907 616 vitae
956 562 1199 616 continet
1239 562 1528 617 rationem.
1576 559 1787 617 Caetera
1836 577 1970 618 vero
2012 563 2133 617 ani-

522 654 707 719 malia,
767 653 1024 723 quoniam
1080 661 1189 707 tota
1242 663 1369 707 sunt
1421 653 1700 718 mortalia,
1761 655 2137 711 tantummodo

520 759 659 815 aqua
700 752 951 811 utuntur,
994 744 1137 814 quod
1179 753 1264 799 est
1300 744 1627 800 elementum
1655 745 1941 815 corporale
1976 756 2138 815 atque

523 845 823 893 terrenum.
854 834 1022 907 Cujus
1050 844 1265 901 natura,
1296 837 1420 907 quia
1465 834 1682 893 mobilis
1726 846 1831 904 est,
1879 852 1943 892 ac
1976 836 2138 894 deor-

521 944 643 988 sum
668 944 921 1003 vergens.
950 930 1181 1001 figuram
1215 930 1408 985 mortis
1432 930 1688 985 ostendit.
1719 927 1848 984 Ideo
1879 930 2136 1001 pecudes,

525 1040 704 1098 neque
747 1025 801 1081 in
844 1024 1046 1081 ccelum
1089 1025 1426 1095 suspiciunt,
1456 1038 1634 1094 neque
1678 1023 1969 1095 religiones
2014 1040 2139 1082 sen-

521 1119 684 1187 tiunt,
731 1117 990 1189 quoniam
1034 1117 1105 1174 ah
1148 1118 1233 1173 his
1265 1133 1395 1173 usus
1437 1117 1580 1188 ignis
1620 1116 1830 1173 alienus
1852 1128 1956 1173 est.
1985 1117 2139 1175 Unde

520 1222 724 1278 autem,
741 1214 823 1268 vel
846 1211 1119 1283 quomodo
1142 1212 1282 1268 Deus
1314 1211 1431 1267 haec
1460 1212 1567 1266 duo
1592 1209 1928 1281 principalia,
1955 1213 2137 1282 ignem

521 1316 576 1361 et
606 1321 824 1378 aquam,
857 1307 943 1361 vel
973 1305 1302 1372 accenderit,
1335 1304 1425 1362 vel
1449 1304 1792 1377 eliquaverit,
1817 1305 1969 1362 solus
1993 1306 2138 1364 scire

523 1404 704 1468 potest
732 1398 822 1469 qui
849 1397 995 1456 fecit.

1151 1512 1382 1570 CAPUT
1412 1512 1505 1569 XI.

525 1626 604 1683 De
658 1628 1034 1697 animantibus,
1083 1629 1322 1695 homine,
1372 1628 1720 1701 Prometheo,
1780 1629 2134 1700 Deucalione,

1221 1721 1426 1778 Parcis.

601 1860 990 1917 Consummato
1012 1862 1176 1932 igitur
1203 1862 1431 1931 mundo,
1456 1862 1709 1919 animalia
1738 1863 1873 1919 varii
1895 1863 2137 1935 generis,

527 1953 888 2012 dissimilibus
917 1957 1125 2023 formis,
1169 1967 1224 2013 et
1250 1972 1443 2028 magna
1483 1967 1538 2014 et
1569 1958 1777 2013 minora
1820 1967 1879 2012 ut
1922 1956 2136 2025 fierent,

526 2053 839 2126 imperavit.
867 2054 935 2110 Et
961 2053 1102 2111 facta
1141 2063 1268 2111 sunt
1307 2055 1468 2123 bina;
1518 2055 1571 2111 id
1608 2066 1691 2110 est
1725 2054 1927 2111 diversi
1972 2068 2137 2110 sexus

525 2147 735 2219 singula
767 2166 780 2202 :
814 2164 880 2204 ex
911 2164 1139 2219 quorum
1163 2149 1399 2214 fastibus,
1434 2158 1489 2205 et
1510 2163 1626 2215 aer,
1655 2158 1710 2204 et
1736 2157 1900 2216 terra,
1932 2157 1990 2203 et
2018 2162 2137 2203 ma-

523 2241 606 2295 ria
650 2240 918 2309 completa
942 2250 1087 2296 sunt.
1124 2241 1386 2313 Deditque
1417 2241 1499 2296 his
1540 2241 1791 2297 omnibus
1825 2240 2128 2312 generatim

527 2330 670 2386 Deus
699 2331 951 2387 alimenta
981 2332 1048 2387 de
1078 2343 1239 2400 terra,
1279 2342 1335 2387 ut
1358 2333 1474 2388 usui
1506 2332 1818 2388 hominibus
1840 2346 1964 2387 esse
1995 2345 2129 2401 pos-

526 2434 684 2492 sent;
719 2427 819 2481 alia
853 2428 1107 2481 nimirum
1136 2426 1202 2481 ad
1231 2425 1405 2493 cibos,
1432 2426 1535 2480 alia
1565 2441 1696 2481 vero
1723 2425 1791 2482 ad
1820 2426 2078 2480 vestitum
2111 2443 2126 2480 :

527 2536 649 2593 qure
681 2530 863 2576 autem
898 2537 1213 2593 magnarum
1247 2530 1373 2576 sunt
1400 2522 1619 2585 virium,
1654 2531 1710 2577 ιιι
1743 2522 1795 2576 in
1834 2521 2131 2578 excolenda

528 2622 675 2670 terra
714 2614 1006 2684 juvarent;
1041 2614 1184 2669 unde
1226 2613 1369 2670 dicta
1406 2625 1531 2669 sunt
1569 2613 1833 2684 iumenta.
1869 2615 1941 2669 Ita
1970 2613 2133 2670 rebus

529 2706 782 2762 omnibus
823 2706 1056 2763 mirabili
1103 2706 1467 2778 descriptione
1516 2706 1856 2778 compositis,
1904 2720 2131 2778 regnum

2242 486 2360 527 mas
2401 486 2708 543 procreare,
2749 471 2942 545 quibus
2978 472 3432 530 immortalitatem
3468 475 3625 534 daret.
3658 479 3774 538 Tum

2242 562 2366 619 fecit
2396 563 2496 632 ipsi
2523 564 2622 620 sibi
2650 563 2999 619 simulacrum
3022 565 3299 633 sensibile,
3319 575 3472 639 atque
3495 569 3775 644 intelligens,

2242 654 2295 711 id
2320 663 2406 710 est
2428 654 2497 709 ad
2528 653 2782 726 imaginis
2806 668 2919 711 sua:
2949 654 3205 725 formam,
3227 673 3328 728 qua
3352 658 3476 713 nihil
3502 670 3659 730 potest
3678 678 3777 723 esse

2244 747 2534 818 perfectius
2564 765 2579 803 :
2613 747 2884 803 hominem
2926 748 3179 820 figuravit
3210 766 3279 806 ex
3304 749 3430 805 limo
3455 759 3633 820 terrm;
3665 755 3780 814 unde

2242 841 2408 898 homo
2435 851 2783 913 nuncupatus
2814 852 2920 910 est,
2951 843 3097 915 quod
3120 845 3192 900 sit
3220 846 3390 901 factus
3422 862 3484 901 ex
3510 846 3675 903 humo.
3693 849 3780 909 De-

2241 939 2407 1008 nique
2442 937 2596 994 Plato
2625 935 2920 994 humanam
2956 937 3189 994 formam
3228 952 3351 997 esse
3389 939 3492 1009 ait;
3520 949 3573 999 et
3591 941 3780 1015 Sibylla,

2241 1049 2364 1106 qua:
2388 1034 2521 1091 dicit
2553 1051 2568 1090 :

2487 1186 2601 1226 ειιάν
2625 1185 2704 1227 ιστ·
2726 1181 2912 1239 ἄνθρακος
2935 1188 3017 1239 tua,
3036 1188 3146 1240 λόγον
3168 1188 3274 1241 ὀρθὸν
3292 1183 3444 1244 gem.

2314 1305 2391 1360 De
2422 1302 2523 1360 hac
2566 1305 2804 1362 hominis
2842 1304 3064 1363 ﬁctione
3101 1316 3278 1378 poetae
3314 1323 3539 1381 quoque,
3579 1313 3784 1382 quamvis

2240 1408 2516 1471 corrupte,
2541 1408 2721 1457 tamen
2751 1415 2861 1455 non
2890 1401 3050 1457 aliter
3075 1402 3413 1459 tradiderunt
3443 1421 3455 1458 :
3480 1418 3688 1476 namque
3708 1405 3785 1462 ho-

2240 1493 2443 1549 minem
2474 1492 2544 1549 de
2581 1492 2694 1548 luto
2736 1508 2767 1549 a
2797 1493 3127 1551 Prometheo
3168 1494 3368 1550 factum
3408 1511 3527 1552 esse
3552 1496 3783 1555 dixerunt.

2240 1586 2350 1643 Res
2376 1601 2472 1643 eos
2497 1600 2603 1643 non
2628 1585 2840 1651 fefellit,
2865 1585 2961 1643 sed
2989 1602 3187 1644 nomen
3214 1587 3455 1645 artificis.
3484 1588 3654 1645 Nullas
3671 1591 3787 1647 enim

2241 1679 2452 1735 litteras
2500 1678 2746 1734 veritatis
2774 1679 3067 1751 attigerant
3108 1697 3123 1735 :
3153 1678 3252 1736 sed
3295 1664 3416 1751 qum
3450 1679 3789 1751 prophetarum

2161 1777 2212 1838 Β
2239 1771 2496 1827 vaticinia
2526 1768 2746 1840 tradita,
2792 1769 2848 1825 in
2891 1770 3133 1827 sacrario
3170 1771 3269 1827 Dei
3306 1773 3710 1843 continebantur,
3739 1788 3789 1830 ea

2244 1863 2315 1920 de
2344 1862 2538 1919 fabulis
2558 1873 2615 1919 et
2641 1863 2871 1919 obscura
2898 1863 3157 1935 opinione
3186 1863 3415 1920 collecta
3446 1873 3501 1921 et
3526 1864 3788 1936 depravata,

2244 1964 2305 2012 ut
2326 1956 2527 2012 veritas
2551 1970 2582 2011 a
2614 1957 2776 2027 vulgo
2816 1955 2956 2012 solet
2998 1955 3162 2013 variis
3200 1957 3541 2014 sermonibus
3573 1958 3789 2028 dissipata

2242 2049 2537 2122 corrumpi,
2565 2050 2713 2106 nullo
2741 2065 2851 2107 non
2879 2049 3114 2107 addente
3140 2051 3350 2123 aliquid
3375 2052 3442 2108 ad
3471 2052 3609 2125 quod
3632 2051 3786 2109 audie-

2242 2156 2347 2211 rat,
2381 2146 2714 2203 carminibus
2754 2147 2867 2203 suis
2901 2147 3464 2218 comprehenderunt;
3491 2158 3544 2204 et
3569 2146 3664 2205 hoc
3697 2149 3791 2218 qui-

2241 2237 2365 2294 dem
2386 2238 2587 2307 inepte,
2621 2235 2764 2309 quod
2795 2247 2901 2293 tam
2933 2238 3179 2295 mirabile
3218 2248 3435 2311 tamque
3454 2240 3675 2296 divinum
3697 2238 3791 2310 opi-

2242 2333 2423 2390 ficium
2439 2332 2645 2389 homini
2661 2332 2951 2389 dederunt.
2966 2332 3104 2401 Quid
3127 2333 3273 2389 enim
3298 2348 3434 2405 Opus
3451 2334 3546 2390 fuit
3562 2332 3790 2389 hominem

2240 2425 2307 2481 de
2346 2426 2461 2482 tuto
2507 2425 2671 2497 tingi,
2715 2440 2838 2481 cum
2881 2435 3068 2496 posset
3108 2424 3305 2483 eadem
3346 2426 3549 2483 ratione
3587 2423 3791 2498 generari

2241 2533 2345 2588 qua
2375 2517 2492 2588 ipse
2525 2516 2884 2573 Prometheus
2910 2533 2977 2574 ex
3006 2517 3201 2589 Japeto
3231 2528 3392 2575 natus
3413 2518 3528 2575 est?
3552 2518 3636 2590 qui
3660 2515 3792 2572 siluit

2242 2609 2426 2675 homo,
2454 2624 2717 2681 generare
2755 2609 3028 2665 hominem
3057 2611 3253 2682 potuit,
3288 2612 3468 2667 facere
3494 2625 3596 2666 non
3635 2606 3790 2680 potuit.

2240 2702 2320 2759 De
2346 2703 2452 2759 diis
2471 2713 2652 2760 autem
2677 2703 2826 2760 illum
2851 2720 2956 2761 non
2979 2704 3167 2773 fuisse,
3190 2719 3353 2777 pinna
3374 2706 3491 2778 ejus
3513 2705 3568 2762 in
3590 2703 3792 2762 Caucaso

1867 2839 2231 2899 VARIORUM
2268 2839 2500 2897 ΝΟΤᾸΞ.

534 2993 623 3035 res
670 2987 826 3045 sunt;
873 2994 995 3034 nam
1063 2979 1301 3037 Thaletis
1350 2980 1534 3049 opinio
1579 2980 1648 3037 ab
1696 2979 1815 3049 ipso
1857 2976 2140 3034 Lactantio

2252 2976 2752 3053 ipsum_Pl_atonem
2785 2978 2852 3053 _in
2896 2976 3037 3033 libro
3062 2978 3155 3053 Ade
3196 2979 3491 3053 Republica
3534 2979 3796 3053 sexto.,Sic

536 3051 697 3123 paulo
720 3053 971 3127 superius
997 3060 1081 3107 est
1110 3053 1350 3127 explosa.
1383 3047 1536 3127 Quod
1579 3047 1759 3127 autem
1777 3051 1983 3127 animus
2005 3051 2144 3127 igni-
2173 3061 2219 3123 ρ
2256 3048 2412 3127 Philo
2437 3047 2683 3127 ludat-us,
2710 3047 3301 3127 animamﬁnmaapé
3325 3056 3439 3109 θεοῦ
3466 3053 3620 3127 dicit;
3651 3052 3798 3127 tribuit

536 3122 646 3178 tam
700 3122 886 3178 tribuit
932 3124 1350 3190 naturam,suis
1397 3125 1567 3195 ipsius
1595 3122 1897 3195 rationibus
1947 3122 2146 3191 quibus

538 3210 647 3251 non
679 3195 749 3250 ita
778 3195 984 3266 pridem
1016 3196 1269 3251 lleracliti
1299 3192 1493 3267 dogma
1518 3192 1835 3267 confutavit,
1858 3202 2141 3264 repugnat.

1600 3266 1929 3322 Bsrucstus.

613 3340 762 3396 Tota.
795 3338 929 3394 Nota
959 3353 1145 3394 vocem
1169 3348 1273 3393 tota
1298 3338 1576 3405 pluraliter
1602 3340 1652 3393 in
1684 3347 1833 3393 recto
1858 3350 2009 3391 casu.

613 3412 748 3480 Quia
776 3411 973 3465 mobilis
999 3420 1094 3475 est,
1136 3427 1198 3465 ac
1240 3411 1479 3465 deorsum
1524 3427 1751 3480 vergens.
1792 3408 1999 3462 Praeter
2036 3420 2141 3461 ms.

539 3487 567 3541 1
602 3485 809 3540 Bouon.
837 3483 928 3552 qui
959 3482 1118 3537 habet
1146 3483 1455 3545 inmobilis;
1484 3498 1514 3537 a
1546 3481 1780 3552 secunda
1810 3495 1993 3544 manu,
2023 3494 2143 3552 om-

540 3573 636 3613 nes
668 3571 778 3611 mss
820 3548 877 3610 et
916 3553 1043 3609 editi
1077 3554 1260 3624 legunt
1300 3554 1499 3608 mobilis
1540 3570 1559 3608 :
1595 3569 1715 3621 quae
1760 3551 1941 3613 lectio,
1974 3548 2144 3604 refra-

538 3637 700 3699 gante
727 3629 849 3683 licet
867 3626 1023 3692 Iuno,
1049 3623 1255 3681 videtur
1277 3625 1630 3699 praeferenda.
1656 3623 1792 3699 Cum
1811 3624 1953 3676 enim
1976 3636 2144 3693 expe-

538 3695 790 3757 rientiam
843 3708 1101 3759 testatus.
1149 3712 1342 3767 aquam
1376 3696 1511 3751 dicat
1558 3695 1884 3751 immobilem
1924 3707 2045 3748 esse
2087 3701 2145 3748 et

542 3781 721 3826 tamen
773 3770 1024 3825 deorsmn
1058 3784 1314 3839 vergere,
1356 3769 1445 3838 qui
1494 3768 1610 3822 fieri
1642 3767 1832 3839 possit,
1879 3779 2030 3839 rogo,
2067 3773 2145 3839 _ut

540 3858 679 3913 aqua
721 3842 974 3913 deorsum
1007 3835 1309 3913 moveatur,
1331 3835 1481 3913 quod
1512 3835 1733 3913 fatetur,
1760 3838 1871 3913 ipsa
1924 3835 2140 3890 interim

543 3907 873 3967 imtnobilis?
896 3910 1057 3969 Certe
1084 3910 1347 3966 Lactantii
1364 3907 1613 3965 intentem
1645 3907 1856 3963 felicius
1883 3922 2142 3973 asseque-

544 3999 689 4050 mur,
733 3985 778 4037 si
819 3984 883 4036 ad
918 3981 1277 4052 prmcedetttia
1307 3981 1496 4036 oculos
1521 3980 1885 4036 intendamus.
1928 3978 2142 4052 Quippe

544 4054 635 4110 ubi
669 4056 799 4109 dicit
819 4050 928 4108 nos
946 4055 1069 4125 igne
1098 4053 1193 4113 uti.
1216 4054 1378 4125 cujus
1414 4062 1591 4108 motus
1618 4052 1796 4108 omnis
1834 4058 1918 4104 est
1946 4050 2014 4103 ad
2052 4066 2142 4103 su-

585 4141 734 4188 erna,
767 4124 1111 4181 caeteravero
1139 4124 1392 4179 animalia
1422 4125 1524 4178 hoc
1543 4139 1664 4177 cum
1695 4137 1831 4191 aqua
1855 4136 2142 4176 commune

585 4141 734 4188 erna,
767 4141 964 4180 caetera
983 4141 1111 4181 vero
1139 4141 1392 4179 ammaua
1423 4141 1524 4178 unc
1543 4141 1664 4177 cum
1695 4141 1831 4191 aqua
1855 4141 2141 4176 commune

542 4141 766 4264 “abere,
799 4212 919 4266 quae
967 4197 1107 4267 ignei
1157 4196 1358 4261 vigoris
1403 4210 1599 4264 expers
1637 4194 1745 4267 alio
1763 4193 1948 4267 Διιιιιεζιι
1990 4201 2141 4249 ιηοιιι

544 4268 737 4337 fertur,
768 4264 829 4324 et
849 4282 953 4339 qua
983 4264 1157 4336 potest
1185 4267 1237 4321 vi
1261 4267 1514 4322 deorsum
1537 4266 1728 4337 vergit.
1756 4264 1957 4320 SPABK.

614 4361 768 4417 Bina.
822 4361 959 4419 Vide
999 4360 1198 4418 Cenes.
1238 4378 1290 4427 ι,
1338 4369 1393 4417 et
1438 4358 1644 4416 confer.
1698 4374 1821 4415 cum
1874 4373 1994 4429 cap.
2050 4374 2137 4430 vr,

540 4450 702 4560 ve;st
716 4434 970 4561 ﬁgulum.
997 4504 1086 4561 Sic
1114 4504 1322 4560 restitui
1349 4519 1420 4560 ex
1453 4504 1728 4576 plerisque
1751 4517 1886 4576 mss.
1909 4512 2034 4576 tum
2049 4519 2144 4576 ve-

541 4579 804 4644 tet-rimis,
853 4587 962 4631 tum
1005 4578 1244 4646 optimis,
1269 4576 1404 4646 Reg.
1426 4619 1440 4641 ,
1468 4576 1679 4631 Bnnnn.
1713 4575 1963 4642 aliisque.
2016 4575 2073 4630 In
2103 4575 2138 4632 8

541 4667 655 4705 rec.
690 4661 743 4706 et
775 4651 827 4704 in
859 4649 1017 4702 editis
1046 4658 1149 4712 est,
1183 4648 1252 4702 ad
1287 4651 1656 4702 vestimentum.
1685 4676 1754 4687 -
1784 4646 1864 4699 Ad
1889 4647 2144 4703 vestitum.

541 4721 632 4778 Sic
652 4722 755 4778 edo
780 4737 843 4777 ex
872 4718 1193 4784 Bnn..Pal.,
1225 4719 1390 4783 Ultr.,
1422 4718 1570 4783 Lips.
1597 4721 1650 4783 1,
1679 4727 1736 4774 et
1759 4717 1878 4773 loco
1907 4718 2147 4786 gemino,

2256 3120 2331 3197 i_|li
2368 3120 2754 3197 _qnod_Pa_u_lus
2780 3120 2848 3197 ad
2881 3121 3017 3197 Ileb.
3050 3136 3088 3197 ι,
3123 3120 3234 3197 ινδιξ
3267 3126 3541 3197 unigenito
3580 3124 3662 3197 Dei
3691 3122 3797 3177 Filio

2253 3189 2489 3274 Christo.
2523 3191 2578 3247 In
2618 3192 2755 3274 libro
2792 3192 2862 3274 de
2904 3189 3392 3274 Mundofrtirroes;
3419 3194 3661 3274 σφραγῖδα
3692 3199 3796 3256 θεοῦ.

2252 3265 2490 3319 animam
2515 3273 2693 3329 vocat,
2723 3263 2875 3334 cujus
2902 3264 3274 3321 characterem
3307 3283 3430 3324 esse
3459 3263 3797 3329 iﬁtlaaternam

2252 3341 2541 3414 rationem.
2573 3335 2907 3414 Pythagoras
2935 3336 3010 3414 ait
3039 3339 3365 3414 mortalibus
3387 3341 3514 3395 θεῖον
3536 3341 3661 3414 γένος
3684 3350 3796 3414 esse;

2252 3407 2584 3493 sicut-etiam
2620 3405 2828 3493 Aratus
2864 3423 2896 3493 τι
2919 3410 3008 3493 rei)
3043 3410 3144 3493 γὰρ
3182 3414 3270 3466 καὶ
3492 3405 3650 3493 lepis.
3678 3407 3797 3477 Quod

2254 3494 2355 3550 t_tec
2380 3478 2592 3550 _Paulus
2618 3478 2834 3547 quidem
2866 3478 3092 3535 Athenis
3114 3478 3467 3550 improbavit,
3494 3478 3665 3538 Actor.
3690 3494 3795 3535 xvn.

2253 3548 2334 3603 Ex
2378 3548 2778 3624 histinquam,
2828 3550 2983 3605 facile
3013 3548 3314 3624 possumus
3359 3553 3636 3624 colligere,
3670 3565 3796 3624 quant

2250 3636 2423 3691 prope
2453 3620 2519 3675 ad
2550 3636 2735 3675 vermn
2778 3636 2871 3690 per
2901 3621 3110 3680 medias
3142 3623 3398 3681 tenebras
3441 3620 3662 3681 studiosa
3686 3620 3799 3676 anti-

2250 3693 2431 3762 quitas
2453 3696 2781 3761 pervenerit.
2810 3691 2943 3747 Nam
2977 3710 3124 3759 vere,
3162 3705 3217 3748 ut
3247 3695 3555 3751 Lactantius
3575 3696 3659 3759 ait,
3686 3695 3798 3761 ipsos

2253 3778 2361 3818 non
2382 3778 2510 3837 gres,
2532 3763 2653 3837 _sed
2686 3778 2891 3837 Διιοιιιθιι
2934 3765 3159 3821 artificis
3198 3766 3414 3833 fefellit,
3446 3768 3639 3837 Optimo
3670 3775 3796 3834 atque

2251 3835 2488 3912 maximo
2532 3834 2643 3912 Deo
2678 3833 2827 3890 Jovis
2869 3851 3088 3903 nomen,
3120 3839 3266 3909 quod
3294 3833 3569 3912 Scriptura
3606 3833 3795 3910 ignorat,

2252 3906 2568 3962 tribuentes.
2602 3905 2920 3964 BETULEIUS.

2251 4090 2267 4147 1
2305 4021 2496 4149 ιξῖὶκώιιο,
2537 4028 2642 4077 etc.
2670 4019 2922 4096 Sibyllar.
2951 4021 3157 4093 Carm.,
3189 4039 3359 4083 serm.
3388 4026 3442 4084 8.
3475 4022 3798 4100 lnterpretatio

2273 4107 2300 4146 a
2332 4109 2415 4148 Illa
2445 4111 2458 4148 :

2273 4107 2415 4148 atina
2445 4111 2458 4148 ε

2342 4229 2515 4293 Imago
2532 4237 2612 4282 est
2632 4230 2778 4282 homo
2798 4242 2929 4295 mea,
2950 4233 3195 4285 rationem
3216 4239 3404 4286 rectam
3422 4234 3621 4285 habens.

2250 4359 2571 4439 V_it_le_eti_am
2600 4376 2911 4439 sermonem
2950 4364 3180 4439 primum
3215 4364 3474 4439 Sibyllar.
3506 4362 3793 4425 Carminum,

2249 4432 2340 4488 ubi
2363 4432 2432 4488 de
2460 4434 2742 4491 Creatione
2769 4432 3023 4492 hominis.

2324 4524 2654 4581 Prometheo.
2716 4528 2865 4583 Hanc
2933 4527 3170 4585 fabulam
3226 4530 3585 4587 diversimode
3631 4522 3794 4583 diversi

2256 4606 2501 4674 narrant;
2526 4600 2595 4654 de
2615 4614 2717 4674 qua
2740 4599 2863 4674 vide
2889 4600 3179 4674 Hesiodum
3210 4603 3261 4657 in
3288 4603 3462 4674 Ergis.
3490 4602 3737 4674 Platonem
3755 4596 3794 4648 in

2253 4667 2571 4746 Br_otagora,
2626 4669 2873 4746 Ovidium
2922 4672 3079 4727 initio
3130 4667 3513 4746 Metamorph.;
3550 4669 3793 4746 Horati}th

2251 4740 2354 4795 0d.
2384 4743 2477 4816 16,
2509 4742 2692 4816 Camn.
2727 4744 2780 4807 l;
2814 4743 3148 4814 Propertium
3182 4744 3276 4800 lib.
3306 4737 3670 4816 nt,'Elegia5;
3692 4737 3793 4795 Ful-

542 4792 1451 4883 SECUlIdUIILilleiﬁlrgtfltili-llrtlsghibi
1473 4790 1577 4856 ira,
1615 4804 1665 4846 c.
1700 4790 1769 4846 15
1801 4805 1817 4844 :
1850 4787 2053 4845 Partim
2080 4791 2150 4845 ad
2250 4787 2489 4883 gemmu’]
2513 4813 2567 4867 in
2596 4787 2835 4880 Fabulis,
2869 4787 3217 4871 et'semum.

542 4866 700 4933 cibos,
727 4870 915 4936 partim
945 4864 1012 4916 ad
1042 4863 1298 4918 vestitum.
1325 4862 1463 4918 BUN.

617 4958 1023 5015 Innumerabiles
1051 4960 1249 5012 animos
1287 4973 1574 5024 procreare.
1620 4956 1699 5013 Ex
1739 4957 1842 5012 hoc
1867 4956 1986 5013 loco
2008 4971 2146 5012 non-

542 5032 677 5086 nulli
702 5040 962 5103 arguunt,
990 5029 1327 5085 Lactantium
1359 5030 1834 5103 sensisseanimas
1868 5042 2061 5084 omnes
2092 5031 2144 5085 in

544 5100 804 5173 principio
835 5103 998 5158 fuisse
1022 5112 1234 5156 creatas
1262 5120 1275 5155 :
1309 5101 1403 5156 sed
1437 5103 1539 5156 hcc
1562 5100 1962 5173 Platonicorum
1987 5116 2148 5173 com-

543 5170 785 5228 ineulum
817 5174 885 5229 de
918 5173 1203 5229 animabus
1242 5185 1370 5229 ante
1400 5187 1628 5242 corpora
1667 5172 1900 5226 conditis
1932 5170 2142 5239 irridet,

543 5253 598 5299 et
627 5243 826 5298 refutat
866 5245 955 5302 ille
981 5246 1074 5300 lib.
1104 5262 1182 5311 ιιι,
1212 5259 1332 5313 cap.
1367 5246 1453 5299 18.
1488 5244 1551 5299 Ει
1582 5243 1799 5314 quidem
1832 5242 2145 5299 Lactantius

546 5314 634 5369 hic
666 5330 770 5369 non
793 5316 861 5371 de
893 5317 1005 5386 ipsa
1034 5319 1336 5372 animarum
1361 5318 1635 5372 creatione
1665 5316 1919 5384 loquitur,
1949 5314 2044 5368 sed
2063 5315 2143 5386 de

543 5386 729 5460 divino
754 5402 846 5460 eas
872 5385 1089 5443 creandi
1117 5389 1376 5457 decreto;
1404 5388 1547 5460 quod
1569 5387 1789 5443 denotat
1810 5386 1896 5442 his
1924 5385 2140 5446 verbis:

545 5457 819 5513 Constituit
848 5468 897 5512 et
925 5461 1247 5531 excogitavit.

619 5549 885 5605 Formam.
910 5551 1044 5622 Quae
1060 5555 1127 5608 sit
1160 5556 1464 5622 imagn,aut
1489 5554 1702 5610 divinus
1729 5554 2015 5610 character
2038 5555 2140 5611 ho-

542 5623 675 5677 mini
704 5622 902 5693 inditus
923 5639 950 5675 a
975 5620 1521 5689 Creatore,’videnon
1552 5626 1855 5693 Platonem,
1879 5626 1975 5683 sed
2007 5629 2141 5684 Pau-

543 5693 674 5836 tetigi,
693 5693 750 5820 llvl
765 5691 1010 5749 Corinth.
1031 5710 1150 5767 cap.
1180 5713 1259 5763 ut,
1276 5697 1588 5756 Colossens.
1616 5714 1739 5771 cap.
1762 5691 1849 5767 ιιι,
1864 5710 1919 5755 et
1935 5699 2136 5771 Ephes.

539 5860 859 5935 Letoudriv.
890 5860 1092 5925 Θεοειδῆ
1123 5863 1328 5935 potius,
1367 5866 1454 5926 vel
1494 5863 1729 5940 θεωιδᾶςτ
1774 5874 1833 5926 Ui
1868 5873 1958 5929 επ
1991 5865 2135 5941 apud

2325 4906 2489 4962 Nullo
2506 4924 2610 4983 non
2628 4909 2848 4983 addente
2868 4910 3067 4977 aliquid
3088 4911 3156 4966 ad
3176 4912 3315 4983 quod
3334 4912 3580 4966 audierat.
3603 4907 3673 4964 Ει
3688 4917 3790 4983 mss.

2249 4988 2303 5034 et
2320 4989 2429 5034 vet.
2454 4979 2611 5044 edit.,
2631 4981 2785 5035 Rom.
2815 4983 2885 5036 ita
2903 4974 3214 5052 reposuiJn
3231 4984 3507 5052 impressis
3532 4989 3658 5052 erat,
3681 4974 3792 5032 nullo

2249 5067 2351 5105 non
2392 5051 2612 5106 addente
2659 5053 2853 5122 aliquid
2895 5050 3140 5124 adquod
3182 5050 3478 5109 audierunt.
3528 5050 3792 5124 Lectione!!!

2250 5132 2453 5197 textus,
2482 5119 2965 5197 erroretn'librarii
2997 5119 3151 5195 putes
3191 5126 3373 5181 forsan
3407 5146 3420 5181 :
3452 5136 3504 5179 at
3540 5140 3631 5193 €30
3658 5119 3791 5197 ίΡείἾδ

2247 5193 2515 5267 Laetautii
2581 5196 2775 5267 scitum
2836 5210 2957 5251 esse
3001 5193 3221 5253 'ceuseo
3286 5198 3685 5254 hellenismum:
3730 5193 3791 5267 ξίίξ

2247 5264 2820 5339 ΤοιθιιιειηλΑηάιιὶιι
2863 5285 2874 5339 ;
2919 5267 3150 5323 Restitue
3196 5270 3249 5324 in
3287 5285 3438 5339 quem
3478 5284 3554 5321 me
3594 5264 3791 5337 accepistf

2246 5338 2437 5412 locum.
2467 5337 2557 5393 Sic
2582 5337 2789 5412 Livius,
2820 5338 2910 5393 lib.
2942 5356 2959 5394 ι
2985 5358 2998 5395 :
3033 5338 3099 5412 Et
3128 5341 3183 5394 in
3210 5337 3359 5412 quem
3399 5341 3609 5412 primum
3639 5343 3789 5412 egra“

2244 5419 2365 5464 sunt
2391 5410 2560 5463 locum
2578 5408 2622 5463 Τ
2625 5413 2762 5479 roja,
2787 5420 3016 5465 vocatur.
3035 5407 3359 5468 Gronovius.
3388 5407 3527 5467 l'lanc
3548 5407 3787 5479 lectionem

2243 5480 2567 5554 confirmant
2593 5475 2754 5554 etiam
2778 5497 2912 5538 mss.
2929 5480 3274 5554 Lips.,Ultr.,
3290 5483 3328 5539 2
3349 5484 3508 5540 Βιιιιι.
3531 5480 3585 5537 1η
3610 5478 3642 5534 5
3658 5475 3786 5543 Reg»

2243 5567 2357 5609 rec.
2389 5553 2459 5606 ad
2486 5552 2541 5607 id
2566 5552 2724 5623 quod.

2314 5644 2673 5701 Prometheus.
2717 5644 2867 5702 Unus
2908 5661 2940 5702 e
2988 5646 3287 5703 Titanibus.
3340 5647 3553 5717 Iapetus
3593 5646 3786 5717 namque

2243 5717 2408 5775 Urani
2437 5726 2494 5773 et
2521 5717 2703 5773 Titana:
2733 5719 2871 5772 filius
2911 5728 3031 5774 erat
3061 5738 3075 5773 :
3101 5720 3217 5776 haec
3258 5718 3396 5776 facta
3410 5707 3537 5773 'sunt
3560 5715 3683 5769 circa
3708 5707 3789 5762 Sa-

2244 5790 2385 5862 turni
2409 5798 2669 5857 tempora,
2701 5789 2908 5845 scilicet
2935 5791 3304 5850 noventdecim
3334 5802 3390 5850 et
3411 5787 3626 5862 amplius
3647 5791 3787 5838 saccu-

2242 5860 2312 5922 lis
2337 5870 2464 5920 ante
2489 5861 2764 5933 vulgarem
2790 5876 2976 5921 teram.
