3986 6358
291 291 395 351 313

1388 295 1594 355 LIBER
1618 294 1683 354 11.
1727 295 1819 354 DE
1845 292 2124 357 ORIGINE
2147 294 2471 358 ERRORIS.

3480 302 3589 364 3H-

287 412 474 463 monte
490 403 757 463 declarat.
781 403 893 463 Sed
934 420 1110 479 neque
1145 414 1358 479 patrem
1394 408 1564 475 ipsius
1596 409 1870 484 Japetum,
1904 415 1959 474 Α
1985 412 2213 485 primum
2234 415 2473 471 omnium
2494 412 2822 473 Promethea
2843 415 3193 475 simulacrum
3216 417 3450 476 hominis
3467 419 3583 478 for-

286 507 645 570 patruumque
666 497 857 554 Titana
886 498 1169 570 quisquam
1206 499 1342 556 deos
1380 504 1727 574 nuncupavit,
1758 507 1887 574 quia

285 592 440 662 regni
489 591 794 648 sublimitas
839 606 1005 661 penes
1058 592 1355 649 Saturnum
1411 595 1585 650 solum
1630 596 1758 662 fuit,
1792 610 1892 666 per

285 700 450 756 quam
492 685 709 741 divinos
752 684 990 741 honores
1033 700 1155 741 cum
1200 688 1452 744 omnibus
1498 689 1611 745 suis
1662 691 1891 759 posteris

282 790 617 836 consecutus
637 788 741 837 est.
756 780 933 835 Multis
954 781 1286 851 argumentis
1310 782 1412 838 hoc
1430 784 1739 854 ﬁgmentum
1765 800 1895 854 poe-

283 881 465 928 tarum
494 874 713 944 coargui
744 882 943 944 potest.
976 873 1199 930 Factum
1228 889 1353 932 esse
1376 876 1636 931 diluvium
1665 876 1732 932 ad
1764 892 1890 948 per-

279 964 523 1021 dendam
549 966 781 1023 tollenda
790 981 950 1038 mque
971 982 1039 1023 ex
1054 967 1186 1024 orbe
1207 975 1367 1025 terrae
1382 970 1661 1038 malitiam,
1681 977 1892 1026 constat

279 1058 429 1115 inter
457 1075 672 1116 omnes.
706 1059 852 1115 Idem
896 1060 1042 1116 enim
1090 1069 1147 1116 et
1177 1060 1509 1133 philosophi,
1541 1073 1719 1135 poette
1751 1060 1887 1135 (scil.

282 1148 468 1216 0oid.,
498 1166 539 1217 ι,
569 1150 747 1223 Mea),
778 1151 1184 1224 scriptoresque
1214 1169 1401 1211 rerum
1434 1155 1777 1227 antiquarum
1812 1159 1894 1215 Io-

279 1253 561 1315 quuntur;
594 1243 648 1298 in
691 1259 863 1313 eoque
904 1245 1141 1303 maxime
1181 1262 1305 1303 cum
1348 1247 1731 1317 prophetarum
1771 1267 1890 1309 ser-

277 1351 449 1393 mone
496 1340 867 1394 consentiunt.
899 1338 958 1396 Si
995 1355 1126 1412 ergo
1158 1342 1519 1414 cataclysmus
1556 1343 1679 1400 ideo
1719 1344 1893 1403 factus

276 1437 385 1494 est,
420 1441 480 1484 ut
501 1431 723 1497 malitia,
755 1446 876 1501 quae
906 1446 1003 1502 per
1029 1432 1249 1487 nimiam
1280 1434 1684 1491 multitudinem
1714 1436 1890 1494 increo

277 1530 462 1589 verat,
512 1522 853 1592 perderetur,
898 1522 1173 1594 quomodo
1202 1524 1356 1580 lictor
1400 1525 1635 1582 hominis
1666 1528 1890 1585 Prome-

280 1613 450 1669 theus
487 1612 633 1669 fuit?
667 1616 825 1685 cujus
863 1615 1029 1671 ﬁlium
1076 1616 1455 1675 Deucalionem
1503 1619 1662 1676 iidem
1691 1620 1795 1693 ipsi
1818 1623 1890 1679 ob

272 1705 549 1780 justitiam
576 1708 753 1763 solum
776 1724 897 1765 esse
920 1709 1107 1767 dicunt
1125 1723 1423 1768 servatum.
1443 1713 1728 1783 Quomodo
1752 1732 1889 1773 unus

1992 524 2170 566 masse
2194 510 2261 566 de
2284 512 2461 583 pingui
2490 523 2543 569 et
2572 513 2721 569 molli
2745 514 2880 577 luto,
2904 514 2972 569 ab
2996 530 3174 584 eoque
3199 515 3374 585 primo
3403 525 3582 573 natam

1992 618 2114 659 esse
2139 614 2335 674 artem,
2368 614 2422 660 et
2448 616 2675 673 statuas,
2708 617 2762 663 et
2787 607 3074 664 simulacra
3105 608 3374 680 ﬁngendi;
3417 610 3587 681 siqni-

1992 697 2115 754 dem
2142 697 2289 756 Jovis
2335 702 2665 771 temporibus
2707 702 2827 768 fuit,
2870 703 3062 773 quibus
3102 704 3335 774 primum
3384 704 3587 773 templa

1991 795 2272 863 constitui,
2299 803 2357 851 et
2385 797 2509 852 novi
2537 796 2760 853 deorum
2786 798 2964 855 cultus
2990 813 3114 855 esse
3150 808 3452 873 coeperunt.
3494 800 3586 858 Sic

1991 888 2195 944 veritas
2237 887 2414 946 fucata
2463 891 2746 949 mendacio
2785 905 2897 961 est;
2939 904 2992 949 et
3039 893 3193 961 illud,
3229 895 3370 968 quod
3400 912 3431 953 a
3473 896 3585 955 Deo

1992 979 2190 1037 factum
2220 981 2513 1049 ferebatur,
2547 984 2771 1049 homini,
2803 986 2892 1057 qui
2916 1001 3052 1057 opus
3075 986 3312 1044 divinum
3343 988 3585 1046 imitatus

1992 1081 2096 1137 est,
2125 1074 2286 1129 etiam
2315 1077 2477 1145 cmpit
2504 1076 2760 1134 adscribi.
2784 1076 3055 1135 Caeterum
3078 1078 3223 1136 ﬁctio
3244 1081 3361 1136 veri
3385 1097 3448 1138 ac
3475 1082 3583 1139 vivi

1993 1167 2226 1225 hominis
2247 1185 2279 1227 e
2304 1169 2434 1226 limo
2462 1171 2555 1227 Dei
2582 1181 2683 1230 est.
2717 1173 2871 1241 Quod
2915 1173 3141 1231 Hermes
3168 1191 3385 1249 quoque
3418 1177 3587 1234 tradi-

1992 1260 2118 1318 dit:
2161 1263 2248 1333 qui
2306 1278 2412 1319 non
2462 1272 2667 1320 tantum
2719 1264 2999 1322 hominem
3037 1266 3103 1322 ad
3150 1267 3437 1341 imaginem
3485 1270 3584 1328 Dei

1992 1351 2191 1409 factum
2222 1369 2343 1410 esse
2370 1354 2506 1411 dixit
2532 1372 2561 1410 a
2603 1357 2741 1422 Deo;
2783 1357 2876 1413 sed
2918 1359 3079 1415 etiam
3122 1360 3249 1415 illud
3289 1362 3584 1428 explanare

1995 1450 2241 1513 tentavit,
2267 1465 2428 1519 quam
2458 1451 2640 1507 subtili
2670 1452 2880 1509 ratione
2910 1455 3120 1526 singula
3142 1471 3367 1527 quaeque
3390 1457 3441 1512 in
3466 1473 3592 1514 cor-

1991 1554 2125 1611 pore
2167 1541 2401 1599 hominis
2432 1544 2670 1599 membra
2704 1544 3037 1614 formaverit,
3066 1561 3190 1603 cum
3230 1563 3421 1605 eorum
3455 1548 3591 1607 nihil

1993 1636 2064 1691 sit
2124 1635 2270 1707 quod
2324 1653 2430 1693 non
2487 1640 2820 1695 tantumdem
2877 1640 2945 1695 ad
2998 1655 3127 1697 usus
3177 1642 3586 1712 necessitatem,

1992 1738 2249 1800 quantum
2302 1731 2369 1787 ad
2423 1731 2879 1803 pulchritudinem
2920 1734 3117 1790 valeat.
3150 1734 3208 1790 Id
3248 1750 3383 1791 vero
3424 1736 3589 1792 etiam

279 1800 512 1897 Βηάξιεξ
542 1809 599 1856 ει
628 1817 733 1897 illi?
761 1803 1282 1897 ρτρεθηίθενίοντδθιη
1309 1814 1469 1862 teer
1493 1819 1600 1863 iam
1630 1808 1890 1866 celeriter
1919 1819 1970 1882 B
1996 1824 2180 1889 stoici,
2212 1837 2333 1878 cum
2360 1800 2439 1880 de
2463 1824 2799 1897 providentia
2835 1824 3131 1894 disserunt,
3164 1825 3344 1882 facere
3382 1842 3588 1883 conan-

279 1894 462 1966 potuit
497 1892 808 1950 hominibus
836 1896 1099 1967 implere?
1121 1896 1228 1953 Sed
1266 1898 1515 1956 videlicet
1544 1901 1647 1957 hoc
1677 1917 1892 1974 quoque

281 1986 369 2042 sic
392 1997 776 2057 corruperunt,
810 1997 868 2044 ut
907 1989 1037 2045 illud
1068 1992 1353 2063 superius;
1393 2008 1516 2050 cum
1556 1996 1890 2067 ignorarent,

282 2077 346 2133 in
387 2093 496 2148 quo
541 2086 782 2151 tempore
820 2081 1183 2154 cataclysmus
1222 2083 1291 2139 sit
1330 2084 1501 2142 factus
1542 2086 1596 2142 in
1629 2099 1807 2156 terra,
1838 2095 1896 2145 et

282 2170 414 2240 quis
433 2170 787 2242 objustitiam
812 2174 1086 2243 meruerit,
1116 2188 1319 2245 genere
1348 2175 1584 2233 humano
1601 2188 1889 2249 pereunte,

283 2261 512 2329 salvari,
543 2271 600 2318 et
627 2263 922 2335 quomodo,
954 2274 1049 2320 aut
1083 2280 1207 2321 cum
1240 2267 1435 2338 quibus
1480 2279 1727 2326 servatus
1770 2271 1841 2327 sit
1873 2288 1888 2325 :

284 2370 419 2427 qum
447 2357 628 2412 omnia
661 2358 991 2429 prophetica:
1019 2359 1216 2416 litterae
1243 2359 1463 2417 docent.
1495 2364 1737 2435 Apparet
1762 2378 1894 2436 ergo

285 2451 491 2505 Ialsum
521 2465 644 2508 esse
666 2452 809 2525 quod
832 2453 899 2510 de
927 2452 1145 2525 opiﬁcio
1174 2455 1484 2513 Promethei
1516 2468 1755 2515 narrant.

371 2543 571 2601 Verum
597 2548 720 2618 quia
769 2556 958 2618 poetas
1006 2548 1253 2604 dixeram
1302 2549 1439 2619 (scil.
1470 2551 1559 2607 lib.
1592 2568 1630 2619 l,
1654 2569 1771 2623 cap.
1803 2552 1898 2627 Η)

287 2654 409 2698 non
441 2641 661 2696 omnino
702 2642 918 2698 mentiri
948 2643 1148 2711 solere,
1170 2642 1266 2700 sed
1298 2644 1481 2717 ﬁguris
1510 2646 1809 2716 involvere,
1842 2656 1900 2703 et

289 2735 593 2793 obscurare
624 2752 745 2809 qua:
784 2736 987 2806 dicant,
1026 2754 1134 2795 non
1171 2738 1295 2796 dico
1327 2754 1450 2797 esse
1490 2742 1766 2807 mentitos,
1800 2743 1896 2799 sed

1997 1927 2121 1984 tur;
2154 1929 2208 1976 et
2247 1929 2465 1975 secutus
2505 1934 2599 1976 cos
2634 1919 2839 1976 Tullius
2877 1920 3122 1993 pluribus
3167 1921 3383 1992 quidem
3429 1921 3590 1978 locis.

1997 2011 2105 2069 Sed
2128 2021 2305 2068 tamen
2336 2013 2614 2069 materiam
2644 2023 2751 2069 tam
2782 2004 3059 2085 copiosam
3087 2022 3141 2070 et
3170 2014 3391 2070 uberem
3419 2015 3594 2071 stric-

1997 2106 2091 2162 tim
2118 2106 2398 2177 contiugit;
2424 2122 2584 2177 quam
2608 2122 2709 2179 ego
2736 2122 2882 2164 nunc
2907 2106 3110 2164 idcirco
3141 2118 3428 2178 praetereo,
3456 2106 3583 2179 quia

1997 2214 2172 2269 nuper
2208 2200 2484 2270 proprium
2530 2198 2596 2254 de
2636 2214 2697 2254 ea
2728 2215 2788 2254 rc
2828 2199 3025 2254 librum
3071 2197 3140 2254 ad
3183 2197 3591 2255 Demetrianum

1999 2294 2297 2349 auditorem
2348 2308 2527 2349 meum
2572 2293 2783 2364 scripsi.
2816 2292 2949 2348 Illud
2994 2293 3096 2349 hoc
3143 2294 3263 2349 loco
3315 2291 3593 2363 praeterire

2000 2403 2107 2443 non
2141 2402 2381 2456 possum,
2406 2387 2547 2459 quod
2575 2398 2817 2444 errantes
2844 2386 3155 2458 philosophi
3179 2387 3394 2457 quidam
3416 2387 3592 2455 aiunt,

2002 2480 2267 2547 homines,
2296 2488 2598 2551 caateraque
2634 2479 2886 2534 animalia
2931 2479 3049 2535 sine
3089 2478 3197 2534 ullo
3225 2478 3433 2536 artifice
3468 2486 3588 2534 orta

2000 2588 2123 2633 esse
2147 2573 2215 2631 de
2244 2581 2419 2641 terra;
2449 2574 2593 2630 unde
2621 2572 2754 2629 illud
2784 2572 3133 2645 Virgilianum
3156 2580 3239 2628 est
3265 2589 3280 2627 :

2826 2686 3099 2751 Virumque

2126 2751 2318 2803 Terrea
2337 2751 2608 2817 progenies
2628 2750 2769 2803 duris
2803 2756 2949 2815 caput
2969 2749 3152 2802 extulit
3173 2749 3319 2802 arvis.

1650 2835 2014 2902 VARIORUM
2049 2835 2276 2894 ΝΟΤᾹΞ.

382 2920 538 2998 Perna
586 2922 781 2998 ejus_in
831 2922 1063 2979 Caucaso
1091 2933 1277 2998 monte.
1325 2924 1383 2982 In
1421 2923 1665 2983 Caucaso
1713 2929 1887 2998 ipsum

1994 2929 2031 2982 2
2061 2928 2241 2991 Colb..
2274 2928 2531 2994 Sorbon.,
2560 2928 2718 2994 Pen.,
2757 2929 2918 2991 Tax.,
2959 2929 2996 2983 2
3025 2928 3260 2984 Clarom.
3293 2929 3349 2985 In
3386 2929 3453 2986 I0
3479 2944 3591 2989 rec.

288 3008 427 3075 esse
452 2993 666 3049 afﬁxum
711 2994 1367 3075 interpretaturTaetzes:
1395 3027 1477 3075 —_
1504 2998 1662 3075 Ρᾳεηα
1700 2993 1813 3075 ejus
1840 3002 1894 3075 in
1923 3000 1969 3065 C
2001 3010 2055 3075 e_t
2072 3001 2126 3055 in
2161 3001 2229 3057 i0
2248 3002 2378 3057 edit.
2410 3010 2495 3057 cst
2520 2993 2917 3068 Prometheum;
2948 3000 2999 3055 in
3030 3001 3056 3057 I
3087 3000 3219 3072 Reg.
3253 3011 3307 3058 et
3338 3002 3390 3058 1.
3414 3000 3590 3075 Lips.,

289 3064 530 3139 gaucaso
558 3075 747 3121 monte.
781 3066 861 3139 De
888 3067 1399 3139 Promethcii'abula
1430 3064 1890 3139 pleni-suntvlibri.

288 3137 382 3195 De
411 3152 569 3208 paena
598 3137 928 3208 Propertius,
963 3138 1058 3195 lib.
1091 3155 1148 3206 tt,
1177 3138 1326 3210 Eleg.
1361 3141 1412 3208 I,
1432 3137 1499 3195 'v.
1526 3142 1586 3197 7t
1630 3161 1643 3197 :

456 3229 593 3293 Idem
611 3240 847 3293 caucasea
864 3229 1025 3280 solvet
1045 3231 1112 3281 de
1127 3243 1251 3293 rupe
1266 3230 1555 3282 Promethei

516 3291 740 3355 Brachia,
766 3300 820 3343 et
841 3306 870 3342 a
889 3293 1053 3344 medio
1074 3291 1277 3357 pectore
1293 3294 1451 3359 pellet
1465 3308 1627 3345 avem.

373 3374 444 3431 Et
471 3374 725 3431 Martialis
749 3376 1021 3446 Spectac.,
1055 3392 1223 3432 carm.
1259 3378 1291 3434 Ἰ
1323 3397 1335 3431 :

426 3454 649 3522 Qualiter
668 3456 717 3504 in
740 3455 953 3522 scythica
975 3454 1217 3517 religatus
1240 3470 1364 3522 rupe
1386 3456 1719 3522 Prometheus

488 3518 743 3568 Assiduam
765 3520 917 3568 nin‘tio
942 3525 1144 3582 pectore
1163 3518 1481 3583 pavit’avem.
1507 3521 1647 3572 Cum.

376 3589 727 3656 Patruumque
752 3588 960 3661 Titana.
994 3590 1109 3645 Fuit
1137 3605 1269 3644 avus
1300 3601 1578 3661 paternus.
1609 3592 1858 3649 Tursrus.

374 3660 541 3717 Penes
571 3662 853 3716 Saturnum
873 3659 1037 3716 solum
1079 3662 1194 3732 fuit.
1230 3659 1356 3715 Fuit
1382 3678 1446 3718 ex
1476 3666 1731 3718 omnibus
1760 3680 1891 3721 mss.

286 3742 386 3790 est
417 3743 472 3788 et
488 3749 550 3788 ex
577 3733 850 3789 veteribus
885 3732 1068 3797 editis;
1094 3732 1266 3801 fuerit,
1287 3735 1337 3787 in
1358 3735 1753 3790 recentioribus
1794 3736 1896 3791 im-

286 3804 523 3876 pressis.
557 3805 822 3877 Saturnus
850 3802 953 3877 l‘uit
997 3806 1159 3859 etiam
1205 3803 1371 3861 Uraui
1407 3816 1461 3862 et
1497 3806 1683 3862 Titane
1725 3808 1888 3877 ﬁlius,

290 3875 364 3932 ac
393 3876 616 3939 proinde
641 3875 813 3946 Iapeti
843 3875 1025 3931 frater.

371 3946 592 4002 Factum
618 3964 725 4002 esse
743 3947 1133 4023 diluvium,etc.
1158 3947 1381 4023 Nonnus
1403 3949 1543 4023 libro
1568 3967 1645 4018 ill,
1671 3951 1890 4023 Dionys.

294 4028 413 4075 tres
439 4022 828 4093 δεσετακλυσμορς
852 4027 1155 4093 enutlterat.
1185 4019 1424 4093 Isidorus
1448 4021 1622 4093 Orig.,
1656 4022 1745 4077 lib.
1776 4019 1891 4089 xitt,

292 4105 421 4158 cap.
452 4090 544 4152 22.
580 4093 680 4163 tria
704 4090 910 4145 diluvia
938 4100 1209 4163 recenset.
1241 4090 1637 4147 Maunsmsf—
1670 4093 1895 4163 Propter

293 4171 579 4233 peccatum
611 4162 806 4217 factum
843 4176 966 4217 esse
998 4160 1281 4227 diluvium,
1323 4164 1719 4233 elegantissime
1765 4160 1893 4221 des-

293 4234 489 4303 cripsit
513 4233 693 4296 Ovid.,
724 4234 814 4289 lib.
854 4249 871 4288 ι
903 4233 1256 4305 Metamorph.
1304 4234 1359 4289 Si
1381 4237 1501 4305 quis
1525 4238 1672 4305 plura
1697 4235 1765 4291 de
1793 4236 1894 4293 hac

294 4320 358 4358 re
388 4304 515 4359 velit
550 4306 875 4368 testimonia,
906 4304 1064 4359 adeat
1085 4304 1332 4362 Grotium
1353 4304 1412 4362 in
1437 4309 1580 4362 notis
1606 4307 1673 4363 ad
1702 4308 1797 4363 lib.
1825 4308 1894 4366 de

295 4375 541 4431 Veritate
568 4377 719 4445 relig.
744 4377 1069 4430 christianm.

2000 3072 2330 3218 “milia;
2361 3147 2524 3216 primo
2550 3154 2722 3200 natam
2753 3160 2862 3218 esse
2884 3153 3064 3218 artem.
3098 3143 3175 3200 Ita
3206 3146 3386 3218 cuncti
3416 3145 3587 3203 ferme

2000 3231 2130 3273 mss.
2161 3228 2216 3273 et
2242 3215 2510 3273 vet.edit.
2546 3217 2706 3273 Rom.
2741 3215 3088 3273 Desideratur
3136 3232 3245 3272 esse
3280 3216 3337 3272 in
3377 3232 3511 3274 mss.
3553 3219 3591 3274 2

1999 3305 2110 3346 rec.
2140 3299 2196 3345 et
2221 3290 2274 3345 in
2303 3290 2485 3346 multis
2515 3291 2691 3346 editis.

2069 3369 2284 3440 Templa
2322 3371 2583 3424 constitui.
2622 3368 2892 3425 Inﬁnitivo
2918 3368 3082 3424 modo
3112 3367 3265 3424 multi
3304 3367 3432 3440 editi
3471 3384 3589 3425 om-

1998 3455 2203 3513 pesque
2230 3456 2362 3496 mss.
2388 3452 2443 3495 ut
2470 3442 2536 3496 ad
2566 3440 2997 3511 emperunt,quod
3020 3439 3585 3507 sequitur.referatur.

1997 3511 2055 3567 In
2085 3511 2381 3567 iColbert.
2414 3528 2525 3569 rec.
2552 3522 2607 3568 et
2630 3513 2663 3568 6
2691 3527 2803 3568 rec.
2832 3514 3059 3581 vulgatis
3086 3520 3191 3576 est,
3215 3513 3495 3567 constituit.

2072 3583 2310 3639 Fictio...
2334 3600 2361 3637 e
2382 3585 2504 3639 limo
2532 3583 2628 3638 Dei
2650 3594 2741 3639 est.
2766 3583 2891 3638 llmc
2917 3583 2985 3636 ita
3010 3585 3191 3652 capias
3216 3600 3230 3635 :
3263 3583 3360 3637 Dei
3386 3593 3459 3638 est
3485 3584 3584 3652 ﬁc-

1997 3656 2137 3710 tio...
2172 3657 2391 3710 hominis
2431 3672 2458 3710 ε
2487 3657 2629 3724 (into,
2661 3656 2774 3709 sive
2804 3673 2817 3708 :
2846 3654 2984 3709 Deus
3017 3665 3092 3709 est
3118 3654 3267 3723 ﬁctor
3303 3654 3524 3710 hominis
3561 3671 3590 3711 ο

1998 3729 2140 3783 limo.
2158 3727 2291 3782 Hinc
2304 3742 2513 3782 comma
2529 3744 2649 3782 cum
2662 3726 2917 3782 Walchio
2946 3736 3067 3793 post
3094 3727 3237 3791 limo,
3268 3727 3581 3796 posui.Buu.

2072 3799 2225 3867 Quod
2250 3797 2462 3854 Hermes
2482 3816 2679 3871 quoque
2706 3799 2948 3871 tradidit.
2968 3796 3229 3863 Tradidit,
3258 3797 3399 3871 quod
3421 3809 3505 3853 est
3533 3799 3586 3853 in

1997 3871 2031 3926 6
2062 3871 2222 3941 Reg.,
2265 3874 2298 3926 4
2339 3869 2607 3935 Colliert.,
2651 3870 2840 3937 Brun.,
2884 3869 3131 3938 aliisque,
3174 3870 3454 3940 requirunt
3495 3884 3585 3925 se-

1996 3944 2215 4013 quentia
2244 3943 2429 4008 verba,
2476 3944 2674 3997 dixit...
2706 3941 2945 4013 tentavit;
2993 3955 3091 3997 sex
3136 3956 3266 4013 mss.
3309 3955 3419 3995 rec.
3463 3956 3585 3996 cum

1997 4012 2177 4076 editis.
2210 4016 2386 4070 tradit.
2432 4015 2717 4071 Hominem
2762 4014 2830 4068 ad
2876 4012 3162 4081 imaginem
3211 4012 3303 4068 Dei
3343 4024 3585 4068 creatum

1996 4101 2119 4143 esse
2149 4095 2379 4142 testatur
2402 4087 2650 4150 Ilermes,
2681 4084 2958 4141 Pimandri
2990 4084 3200 4139 scilicet
3218 4084 3399 4154 capite
3430 4086 3480 4137 l.
3510 4084 3588 4140 Ne

1996 4160 2116 4227 quis
2137 4169 2317 4213 autem
2345 4159 2655 4225 arbitretur,
2686 4159 2794 4212 Deo
2820 4154 3583 4227 sutnmoiarcliitectoinomen

1995 4226 2083 4308 rei”;
2114 4229 2421 4308 δημιᾳυργοῆ
2448 4247 2481 4308 _a
2518 4230 2744 4308 Platone
2764 4226 2926 4308 modo
2956 4235 3011 4281 et
3030 4226 3586 4308 Herinetetribuihnt

1992 4300 2102 4369 jam
2135 4297 2351 4369 saepius
2376 4303 2630 4363 vidimus,
2671 4300 2806 4356 sciat
2842 4299 2943 4352 hoc
2974 4298 3197 4367 reperiri
3226 4297 3386 4369 etiam
3420 4298 3471 4350 In
3501 4298 3587 4369 lit-7

1999 4374 2127 4450 teris
2152 4368 2503 4450 Apostplicis.
2533 4373 2685 4450 Paul.
2806 4369 2968 4450 Hebr.
3001 4384 3118 4439 cap.
3147 4385 3210 4450 ιι,
3234 4368 3534 4450 δημιουργᾲς
3556 4368 3583 4424 ὁ

374 4448 437 4503 Si
462 4439 948 4521 ergo‘caigclysmus
973 4447 1088 4521 ideo
1119 4452 1286 4519 factus
1310 4458 1404 4505 est.
1440 4451 1516 4507 lla
1548 4452 1723 4507 cuncti
1755 4467 1892 4521 pene
1917 4453 1973 4515 D
1996 4439 2275 4521 esi;,_etc.
2310 4446 2417 4501 Sed
2460 4449 2560 4521 hoc
2599 4443 2873 4516 opiﬁcium
2915 4439 3227 4521 Lactantius
3258 4439 3582 4521 tiosteﬁ'r‘siu-

298 4535 435 4576 mss.
454 4528 504 4575 et
519 4518 902 4575 'edtl.Tor'nes.
936 4528 989 4573 et
1019 4518 1291 4577 Soubron.
1324 4524 1393 4577 At
1416 4522 1451 4575 2
1476 4531 1582 4578 vet.
1624 4532 1680 4578 et
1703 4518 1831 4578 mss.
1857 4524 1894 4578 2

297 4606 412 4664 rec.
442 4606 537 4664 pro
554 4591 668 4645 ideo
684 4591 879 4646 habent
894 4607 924 4643 a
943 4590 1074 4664 Deo;
1097 4591 1344 4662 impressi
1367 4595 1517 4649 multi
1539 4605 1845 4664 utrumque,
1862 4612 1895 4649 α

300 4662 413 4717 Deo
438 4663 673 4734 ideo.l)e
703 4663 987 4718 universali
1018 4663 1221 4718 diluvio
1248 4664 1389 4734 apud
1421 4680 1611 4720 omnes
1653 4662 1889 4734 constat,

338 4735 391 4788 ui
422 4736 472 4788 iu
500 4733 725 4806 dubium
768 4751 874 4806 non
911 4744 1104 4788 vocant
1140 4735 1197 4791 S.
1234 4733 1486 4793 Litteras.
1516 4734 1711 4793 Caeteri
1744 4733 1892 4806 vero,

338 4752 391 4788 ιιι
422 4752 472 4788 ιιι
506 4750 725 4789 αιιυιιιιη
768 4751 874 4787 non
911 4750 1104 4788 vocant
1140 4750 1197 4791 δ.
1234 4750 1486 4793 Litteras.
1516 4750 1711 4793 uaeteri
1744 4753 1892 4806 vero,

297 4750 369 4859 ἓξ
399 4805 819 4877 quibnsaliquid
850 4806 1126 4861 memoria:
1149 4807 1416 4877 proditum
1445 4820 1549 4872 est,
1577 4808 1778 4864 incerta
1800 4809 1895 4864 ad-

299 4877 523 4950 modum
548 4875 654 4950 ﬁtle
685 4877 950 4950 laborant.
983 4875 1208 4950 Quidam
1241 4889 1449 4942 tamen,
1475 4880 1616 4934 inter
1646 4896 1780 4950 quos
1811 4890 1895 4936 est

298 4947 562 5020 Grotius,
589 4948 641 5001 in
672 4948 1109 5003 annotationibus
1140 4950 1206 5003 ad
1235 4965 1356 5020 cap.
1388 4951 1457 5007 16
1495 4952 1561 5006 de
1588 4947 1731 5007 Vera
1765 4952 1893 5013 rclio

297 5021 481 5090 gione,
512 5018 604 5073 lib.
625 5035 666 5082 ι,
684 5021 985 5074 recentiora
1008 5018 1409 5091 antiquioribus
1432 5024 1680 5089 miscent,
1707 5024 1894 5078 existi-

302 5099 562 5166 mantque
591 5092 779 5166 eadem
807 5105 931 5166 esse
971 5090 1200 5166 Noaclii,
1236 5092 1434 5166 Ogygis
1464 5105 1519 5148 et
1551 5095 1893 5149 Deucalionis

296 5161 520 5227 diluvia,
559 5161 809 5233 quamvis
853 5163 993 5219 inter
1033 5164 1149 5220 haec
1179 5161 1333 5236 ipsa,
1355 5161 1524 5221 multa
1556 5167 1894 5222 intercedant

298 5241 566 5302 tempora.

376 5304 763 5361 Deucalionem.
795 5306 871 5361 De
900 5306 1240 5363 Deucalionis
1285 5308 1510 5363 historia
1556 5309 1677 5363 vide
1719 5308 1888 5363 Justi-

299 5391 429 5452 t_tum
462 5377 599 5452 libro
629 5394 686 5446 II,
716 5387 770 5433 et
798 5378 1091 5452 Lucianum
1126 5380 1176 5433 in
1223 5380 1447 5449 Dialogo
1483 5381 1551 5435 dc
1582 5381 1736 5452 Syria
1764 5381 1889 5437 dea.

301 5447 685 5523 Prometheum
717 5465 843 5506 vero
873 5451 1213 5523 Deucalionis
1242 5447 1449 5522 putrem
1488 5447 1721 5523 septimo
1748 5468 1890 5508 anno

298 5519 733 5595 Moseosuatum‘
746 5531 1105 5595 essetnarrat
1130 5519 1383 5595 Cyrillus.

376 5591 530 5657 Quod
562 5592 627 5646 de
651 5593 858 5664 opiﬁcio
890 5591 1192 5648 Promethei
1214 5594 1533 5651 narrnntJta
1551 5611 1681 5651 mss.
1699 5611 1890 5652 omnes

298 5672 356 5739 et
376 5664 511 5739 editi
525 5663 721 5739 plures
734 5673 879 5739 vet,
913 5665 1050 5721 Edd.
1077 5665 1248 5721 Betui.
1280 5675 1335 5722 et
1359 5665 1606 5739 Gymnic.
1642 5670 1891 5739 postopi-

296 5736 442 5805 ﬁcio,
473 5734 681 5790 addunt
706 5736 884 5802 iidem;
914 5753 1004 5793 sex
1037 5739 1133 5802 al.,
1158 5739 1357 5805 itidem;
1389 5734 1699 5802 {Clarum},
1731 5734 1884 5794 idem.

324 5840 331 5847 -
374 5805 683 5864 Promethea
724 5810 1056 5864 sinmlaerum
1098 5810 1337 5875 hominis,
1366 5821 1471 5866 etc.
1507 5811 1598 5868 Sic
1637 5812 1886 5878 reposui-

297 5893 418 5938 mus
444 5894 513 5939 cx
542 5881 919 5940 vetustissimis
945 5890 999 5941 et
1020 5883 1239 5955 Optimis
1260 5883 1610 5956 uiss.280ti.,
1629 5886 1659 5943 4
1679 5884 1882 5957 Regiis,

1996 4518 2165 4585 gulari
2193 4532 2360 4583 opere
2385 4510 2699 4587 complexus
2721 4522 2825 4576 est,
2848 4512 2991 4583 quod
3026 4513 3139 4582 ipse
3157 4512 3268 4587 jam
3298 4510 3365 4564 ad
3396 4511 3586 4565 Dente-

2000 4583 2231 4642 trianum
2263 4583 2566 4662 auditorem
2594 4588 2879 4657 scripsisse
2910 4592 3163 4662 testatur.
3201 4583 3426 4662 Hermes
3453 4595 3585 4662 vero

1995 4669 2214 4733 secutus
2266 4670 2351 4715 est
2387 4652 2767 4733 Pythagoram,
2804 4665 2861 4711 et
2916 4656 3313 4728 Pythagoreum
3353 4652 3581 4709 .lambli-

1995 4729 2180 4795 chum,
2214 4741 2269 4787 et
2292 4729 2446 4787 aliosl
2481 4729 2807 4788 BETULEIUS.

2067 4801 2308 4880 factum.
2336 4804 2461 4860 Mss.
2490 4805 2544 4880 sb
2578 4806 2775 4880 (ictum.
2994 4872 3005 4880 _
3073 4871 3084 4880 _
3352 4869 3383 4880 _.

2070 4873 2469 4953 Et_secutus_eos
2493 4871 2722 4953 _Tn'_lti_ns.
2757 4879 2841 4933 ita
2878 4871 3085 4953 restitui
3114 4885 3182 4953 ex
3208 4871 3416 4953 cunctis
3446 4882 3585 4952 pene

1996 4947 2244 5024 mss.Pro
2263 4946 2464 5024 Tullius
2492 4950 2542 5004 in
2568 4949 2603 5004 3
2630 4948 2761 5019 Reg.
2781 4965 2893 5005 rec.
2923 4956 2978 5004 et
2998 4943 3157 5024 editis
3186 4950 3271 5024 est
3298 4939 3509 5024 Cicero;
3528 4942 3579 5024 i_u

1995 5017 2209 5096 _5__Colli.
2244 5019 2528 5096 ct_liruu.,
2558 5010 2840 5096 et__se£utus
2870 5032 2942 5076 est
2980 5032 3065 5071 eos
3098 5012 3140 5067 Τ
3143 5014 3422 5096 ulliusu—
3451 5010 3585 5067 Vide

1995 5090 2268 5173 Ciceroni”
2293 5091 2463 5173 _lib.l_n
2494 5083 2562 5173 de
2592 5092 2777 5149 Natur.
2808 5093 2985 5155 deor.,
3009 5097 3062 5173 et
3076 5103 3111 5173 τι
3126 5086 3193 5173 de
3217 5083 3402 5173 Legit).

2066 5160 2346 5233 Contingit.
2391 5163 2481 5219 Sic
2527 5164 2649 5234 lego
2697 5181 2817 5220 curn
2845 5154 2979 5218 mss.
3007 5162 3040 5214 6
3075 5157 3298 5234 ἣξει-4
3327 5154 3584 5234 υοιβ-ΊΛΞ

1994 5226 2274 5298 Clarum,
2297 5235 2439 5289 Brun
2469 5226 2719 5305 aliisque,
2764 5252 2863 5290 nec
2893 5249 2999 5288 non
3026 5230 3188 5305 editis
3219 5227 3378 5305 Rom.
3416 5226 3578 5305 1468,

1996 5307 2154 5385 liii),
2188 5306 2481 5385 Sonbron..
2514 5299 2767 5385 Tornos},
2800 5306 2998 5363 Cellar.
3024 5302 3081 5383 In
3170 5315 3282 5356 rec.
3308 5299 3439 5371 Reg.
3468 5308 3523 5354 et
3546 5300 3583 5352 2

1992 5377 2235 5454 Colbert.
2270 5378 2536 5454 editisque
2562 5380 2806 5454 pluribus
2837 5377 3189 5454 est_catttig_it;
3330 5453 3333 5454 ν
3376 5443 3386 5454 ⁸

2067 5450 2301 5505 Librum.
2326 5452 2426 5527 Qui
2451 5444 2533 5527 est
2563 5444 2632 5506 de
2667 5451 2895 5527 Opiﬁcio
2923 5450 3013 5527 Dei
3054 5446 3120 5501 ad
3153 5444 3577 5527 Bennett-ianum.

1994 5520 2148 5577 Hunc
2181 5514 2423 5591 reperies
2451 5522 2585 5577 infra
2616 5514 2763 5578 tonio
2793 5540 2848 5590 ιι,
2876 5521 3035 5589 hujus
3064 5527 3264 5591 nostra:
3296 5514 3574 5591 editionis.

2071 5593 2118 5646 Η
2124 5586 2315 5671 omines
2336 5607 2619 5671 ceteraque
2631 5586 2900 5671 animalia.
2924 5586 3388 5671 ὶῖἰιιθιψνριιξιιιιιιἱ
3399 5586 3579 5671 'Pacuf

1994 5666 2159 5742 vitim,
2179 5661 2543 5742 etDiodormti
2566 5666 2806 5742 Siculum
2831 5668 2924 5723 lib.
2951 5682 2985 5728 ι.
3013 5664 3101 5742 u|_ii
3134 5663 3202 5717 de
3225 5661 3441 5716 Fabulis
3468 5661 3577 5742 agit

2076 5736 2412 5807 Virgiliauum
2457 5749 2527 5793 est
2570 5757 2588 5794 :
2616 5770 2688 5780 --
2730 5738 3000 5809 Virumque
3028 5734 3238 5809 ATerrea
3286 5734 3570 5809 progenies,

1992 5818 2096 5886 glc.
2147 5803 2297 5886 Apud
2352 5810 2626 5886 Virgilium
2656 5853 2695 5886 ,__
2715 5812 2806 5866 lib.
2880 5803 2927 5886 tt
3011 5803 3374 5886 Georg.,;v.

1992 5882 2274 5942 Nonnulla:
2330 5875 2591 5943 editiones
2647 5883 2840 5942 Ferrea
2893 5884 3116 5955 legunt,
3161 5875 3228 5935 iet
3278 5877 3333 5935 in
3384 5875 3576 5947 primis
