3986 6358
200 306 291 366 51⁸1

1235 311 1443 369 LIBER
1481 312 1546 369 ii.
1587 310 1677 369 ΒΕ
1712 311 1994 373 ORIGINE
2033 314 2353 377 ERﬂORlS.

3363 324 3468 384 518

199 427 325 483 tibus
351 424 703 482 maturitatem
723 424 1012 497 quamdam
1040 427 1289 484 extitisse
1320 429 1635 485 animalium
1674 443 1764 486 se-
1783 438 1843 502 Α
1867 428 2026 500 facta,
2059 443 2120 488 ut
2140 435 2394 492 animalia
2422 452 2612 495 recens
2641 440 2807 507 edita,
2842 441 2926 499 vel
2953 440 3214 499 haberent
3242 443 3474 500 alimen-

199 519 499 583 rendorum;
546 518 730 591 itaque
777 529 978 576 terram
1023 536 1244 590 novam,
1300 536 1487 578 semen
1534 521 1772 593 genitale

198 616 523 681 retinentem,
554 612 822 669 folliculos
865 630 930 671 ex
977 628 1038 671 se
1085 614 1349 686 quosdam
1391 615 1446 671 in
1491 626 1768 694 uterorum

198 708 579 765 similitudinem
608 708 922 779 protulisse,
951 707 1020 763 de
1045 708 1243 779 quibus
1267 708 1549 766 Lucretius
1574 724 1587 763 :

361 826 657 878 Crescebant
674 828 807 877 uteri
830 830 983 877 terra:
1001 825 1247 877 radicibus
1265 826 1396 889 apti;

195 948 405 1006 eosque,
435 944 554 988 eum
589 939 981 995 maturassent,
1034 940 1224 986 natura
1282 938 1511 1002 cogente
1557 940 1764 1001 ruptos,

194 1026 422 1083 animalia
455 1035 638 1081 tenera
669 1023 991 1095 profudisse.
1020 1022 1221 1079 Deinde
1244 1031 1443 1079 terram
1469 1024 1638 1094 ipsam
1669 1022 1771 1078 bu-

194 1134 327 1176 more
366 1116 620 1188 quodam,
654 1117 743 1187 qui
788 1126 933 1172 esset
975 1114 1098 1171 lacti
1142 1116 1369 1183 similis,
1420 1116 1766 1182 exuberasse,

193 1226 347 1283 eoque
374 1211 631 1267 alimento
678 1208 983 1266 animantes
1026 1223 1147 1265 esse
1192 1211 1442 1265 nutritas.
1485 1206 1771 1278 Quomodo

193 1307 336 1379 igitur
356 1308 460 1361 vim
495 1305 711 1376 frigoris
740 1315 832 1360 aut
856 1304 1054 1360 caloris
1084 1303 1226 1360 ferre
1263 1310 1354 1359 aut
1383 1304 1555 1359 vitare
1583 1310 1770 1372 potue-

191 1409 320 1465 runt,
343 1407 433 1454 aut
455 1399 679 1454 omnino
703 1398 873 1467 nasci,
902 1412 1024 1454 cum
1056 1398 1138 1453 sol
1159 1405 1437 1464 exureret,
1482 1396 1650 1467 frigus
1678 1410 1769 1451 as-

194 1490 469 1563 tringeret?
506 1489 625 1545 Non
670 1498 843 1554 erant,
889 1489 1157 1561 inquiunt,
1200 1490 1253 1544 in
1285 1488 1553 1560 principio
1584 1478 1768 1543 mundi

191 1584 360 1657 hyents
398 1597 499 1640 nec
545 1592 731 1651 aestas,
776 1582 873 1639 sed
907 1592 1163 1655 perpetua
1217 1583 1525 1653 temperies,
1578 1592 1634 1638 et
1676 1588 1770 1636 ver

190 1676 448 1749 aequabile.
480 1675 590 1733 Cur
618 1691 747 1748 ergo
769 1677 898 1731 nihil
925 1675 1117 1732 horum
1143 1675 1258 1731 fieri
1289 1675 1598 1732 etiamnunc
1619 1673 1769 1730 vide-

190 1773 330 1829 mus‘i
355 1772 486 1842 Quia
530 1771 723 1837 semel,
776 1773 948 1838 aiunt,
979 1771 1098 1825 fieri
1127 1770 1491 1826 necessarium
1540 1768 1660 1837 fuit,
1712 1777 1770 1824 ut

1874 534 2007 593 tum,
2032 528 2112 584 vel
2136 538 2244 585 non
2265 529 2527 589 haberent
2551 535 2870 605 periculum,
2903 548 3127 594 necesse
3150 546 3254 607 est,
3288 546 3345 595 ut
3370 539 3472 595 alia

1873 619 1994 690 quis
2022 620 2201 679 divina
2228 625 2411 681 nescio
2431 643 2532 696 qua
2564 630 2773 685 ratione
2803 630 3117 701 providerit.

1949 750 2080 822 Quis
2107 762 2285 814 autem
2310 769 2488 831 potest
2514 763 2813 832 providere,
2844 766 2947 823 nisi
2972 767 3147 824 Deus?
3172 764 3468 831 Videamus

1873 856 2052 904 tamen
2104 865 2171 905 an
2221 851 2272 906 id
2325 852 2532 922 ipsum,
2564 856 2705 925 quod
2737 856 3011 929 dictitant,
3047 860 3163 917 ﬁeri
3194 858 3467 933 potuerit:

1873 953 1931 997 ut
1959 942 2207 999 homines
2237 956 2590 1003 nascerentur
2614 964 2645 1003 e
2674 959 2837 1007 terra.
2861 952 2915 1007 Si
2939 955 3247 1011 consideret
3272 958 3471 1026 aliquis

1872 1036 2141 1106 quandiu,
2173 1046 2227 1092 et
2254 1038 2445 1108 quibus
2477 1034 2652 1097 modis
2690 1043 2949 1101 educetur
2977 1047 3173 1116 infans,
3205 1049 3472 1122 intelliget

1872 1124 2116 1197 profecto
2160 1145 2267 1184 non
2315 1133 2552 1200 potuisse
2599 1135 2892 1206 terrigenas
2940 1138 3058 1193 illos
3109 1155 3307 1209 pueros
3354 1145 3472 1201 sine

1874 1217 1982 1273 ullo
2010 1218 2301 1277 educatore
2331 1224 2545 1280 nutriri.
2598 1225 2723 1282 Fuit
2760 1230 2904 1284 enim
2937 1245 3161 1287 necesse
3186 1237 3471 1305 quamplu-

1873 1310 2022 1369 ribus
2075 1315 2349 1370 mensibus
2388 1315 2571 1387 jacere
2598 1319 2888 1390 projectos,
2918 1321 3093 1380 donec
3138 1324 3471 1384 conﬁrmatis

1871 1408 2054 1462 nervis
2085 1423 2302 1467 movere
2332 1425 2413 1480 se,
2446 1412 2730 1485 iocmuque
2772 1426 2981 1475 mutare
3021 1429 3239 1489 possent
3271 1438 3284 1474 :
3328 1422 3472 1493 quod

1871 1500 1962 1557 vix
1989 1500 2126 1561 intra
2161 1504 2317 1559 unius
2343 1506 2472 1563 anui
2514 1508 2747 1577 spatium
2795 1509 2913 1566 tieri
2952 1521 3147 1581 potest.
3194 1511 3310 1569 1am
3352 1515 3473 1573 vide

1874 1600 2126 1649 utrumne
2157 1593 2332 1651 infans
2359 1596 2547 1655 eodem
2579 1599 2761 1666 modo,
2794 1612 2846 1657 et
2881 1602 3072 1658 eodem
3106 1603 3225 1660 loco
3253 1621 3360 1676 quo
3388 1615 3473 1663 est

1872 1681 2073 1739 eii‘nsus
2095 1726 2109 1749 ,
2150 1685 2334 1756 jacere
2367 1703 2463 1756 per
2492 1691 2690 1746 multos
2718 1708 2933 1748 menses
2963 1694 3222 1761 valuerit,
3258 1711 3322 1752 ac
3365 1715 3472 1755 non

1874 1788 1928 1833 et
1959 1780 2184 1834 humore
2213 1781 2303 1836 iiio
2336 1791 2519 1851 terrae,
2552 1796 2713 1855 quem
2743 1786 2982 1845 alimenti
3009 1791 3179 1861 gratia
3201 1793 3475 1849 ministra-

190 1867 415 1923 animalia
438 1873 833 1931 nascerentur;
862 1871 1147 1935 postrjuam
1168 1878 1297 1919 vero
1324 1877 1445 1919 esse
1465 1871 1767 1935 coeperunt,
1798 1843 1847 1906 Β
1873 1867 1995 1936 bat,
2045 1881 2101 1926 et
2145 1871 2229 1927 sui
2272 1874 2516 1945 corporis
2566 1843 2929 1948 purgamentis
2973 1843 3040 1937 ἱιῖ
3080 1898 3244 1938 unum
3291 1886 3475 1942 ηιίχιίε

190 1972 423 2015 concessa
453 1958 539 2013 liis
574 1958 829 2014 facultate
850 1956 1168 2028 generandi,
1198 1966 1253 2011 et
1281 1964 1421 2012 terra
1456 1968 1648 2027 parere
1677 1953 1773 2009 de-

191 2053 285 2121 siit,
312 2062 360 2109 et
386 2054 652 2124 temporis
681 2051 920 2108 conditio
958 2061 1159 2106 mutata
1191 2058 1293 2106 est.
1341 2049 1386 2107 0
1424 2062 1585 2122 quam
1616 2049 1772 2104 facile

192 2158 259 2203 εει
279 2146 546 2203 mendacia
570 2144 924 2218 redarguere!
959 2144 1222 2209 Primum,
1252 2143 1394 2215 quod
1438 2142 1569 2197 nihil
1592 2150 1773 2214 potest

192 2254 295 2297 esse
319 2240 371 2296 in
400 2240 502 2297 hoc
533 2240 760 2304 mendo,
792 2238 931 2311 quod
964 2254 1069 2296 non
1102 2238 1178 2293 sic
1211 2247 1543 2309 permaneat,
1578 2247 1632 2292 ut
1655 2253 1770 2293 cm-

194 2337 274 2406 pit.
301 2334 406 2392 Nec
434 2336 582 2392 enim
617 2337 719 2402 sol,
752 2348 806 2391 et
833 2336 982 2401 luna,
1023 2344 1078 2391 et
1103 2342 1248 2389 astra
1298 2336 1425 2388 tunc
1456 2346 1562 2387 non
1593 2341 1769 2398 erant,

194 2438 273 2484 aut
296 2444 409 2485 cum
438 2438 647 2497 essent,
679 2438 888 2485 meatus
910 2440 1016 2482 non
1045 2426 1336 2493 habebant,
1370 2438 1434 2481 ac
1459 2441 1565 2480 non
1592 2425 1772 2481 divina

196 2523 491 2590 moderatio,
524 2536 652 2594 quae
674 2537 862 2578 cursus
891 2532 1083 2577 eorum
1110 2529 1374 2591 temperat
1403 2528 1457 2575 et
1484 2520 1770 2591 gubernat,

195 2630 300 2670 cum
326 2617 451 2687 ipsis
487 2616 651 2671 simul
688 2615 931 2684 cmpetit.
978 2613 1184 2669 Deinde
1221 2613 1364 2683 quod
1395 2614 1440 2668 si
1481 2613 1551 2667 ita
1579 2612 1670 2676 sit.
1716 2620 1776 2668 ut

195 2706 373 2775 dicunt,
404 2707 801 2778 providentiam
851 2720 974 2761 esse
999 2720 1222 2761 necesse
1243 2715 1359 2767 est;
1391 2714 1443 2760 et
1464 2706 1517 2760 in
1541 2704 1772 2775 idipsum

195 2799 429 2867 incidunt,
469 2800 623 2870 quod
659 2800 893 2855 maxime
921 2798 1148 2869 fugiunt.
1178 2796 1427 2853 Nondum
1461 2798 1602 2852 enim
1634 2798 1773 2853 natis

194 2890 516 2960 animalibus,
543 2892 735 2962 aliquis
755 2891 938 2961 utique
960 2890 1215 2961 providit,
1236 2900 1293 2945 ut
1313 2900 1684 2954 nascerentur,
1704 2904 1773 2945 ne

196 2985 320 3041 orbis
343 2994 499 3041 terra:
531 2984 798 3049 desertus,
829 2994 991 3055 atque
1034 2983 1271 3039 incultus
1296 2982 1562 3038 horreret.
1592 2981 1658 3039 Ut
1679 2997 1775 3039 au6

197 3084 287 3130 tem
317 3077 379 3132 de
410 3086 559 3132 terra
587 3077 706 3130 sine
726 3075 904 3130 oflicio
919 3085 1202 3147 parentum
1227 3076 1370 3129 nasci
1403 3084 1640 3145 possent,
1671 3090 1772 3130 ne-

195 3184 326 3226 cesse
348 3184 426 3226 eSt
454 3186 653 3241 magna
702 3170 911 3225 ratione
954 3184 1075 3224 esse
1125 3168 1433 3240 provisum;
1491 3168 1685 3224 deinde
1716 3178 1773 3223 ut

1875 1963 2099 2021 obrutus
2130 1976 2525 2039 corruptusque
2558 1982 2885 2028 moreretur.
2921 1973 3105 2047 itaque
3134 1976 3282 2033 nullo
3313 1978 3473 2034 modo

1874 2054 1991 2111 ﬁeri
2039 2067 2248 2125 potest,
2297 2060 2423 2130 quin
2469 2060 2539 2117 ab
2588 2062 2771 2134 aliquo
2818 2066 2977 2121 fuerit
3025 2067 3313 2136 educatus;
3369 2070 3471 2127 nisi

1874 2145 2015 2202 forte
2060 2149 2309 2207 animalia
2359 2154 2541 2209 omnia
2596 2171 2701 2211 non
2754 2166 2936 2213 tenera
2992 2168 3117 2215 nata
3167 2169 3329 2229 sunt,
3376 2162 3475 2219 sed

1875 2251 2129 2297 excreta:
2162 2244 2303 2313 quod
2344 2253 2405 2300 ut
2439 2245 2713 2316 dicerent,
2748 2259 3038 2320 numquam
3082 2252 3228 2308 venit
3268 2252 3374 2308 illis
3419 2256 3472 2310 in

1877 2341 2135 2389 mentem.
2167 2333 2355 2391 Omnis
2383 2353 2512 2409 ergo
2541 2340 2626 2394 illa
2655 2341 2793 2395 ratio
2821 2342 3200 2412 impossibilis,
3238 2352 3293 2399 et
3332 2358 3469 2399 vana

1876 2435 1959 2481 est
1983 2440 1999 2481 :
2027 2426 2071 2482 si
2102 2436 2281 2483 tamen
2310 2432 2446 2486 ratio
2472 2431 2578 2487 dici
2604 2442 2798 2503 potest,
2827 2448 2931 2505 qua
2964 2434 3016 2489 id
3041 2436 3219 2505 agitur
3245 2443 3303 2491 ut
3326 2436 3472 2492 nulla

1877 2519 1947 2573 sit
1969 2521 2127 2576 ratio.
2156 2522 2257 2590 Qui
2289 2525 2433 2579 enim
2463 2523 2593 2580 dicit
2618 2526 2794 2581 omnia
2824 2538 2920 2581 sua
2957 2535 3150 2598 sponte
3174 2544 3296 2583 esse
3323 2540 3468 2596 nata,

1877 2610 2119 2684 nihilque
2144 2614 2339 2670 divinae
2366 2618 2718 2686 providentiae
2752 2619 2956 2687 tribuit,
2988 2618 3074 2676 hic
3105 2619 3348 2690 profecto
3379 2637 3469 2678 ras

1877 2702 2077 2759 tionem
2110 2720 2214 2760 non
2243 2708 2458 2775 asserit,
2486 2709 2580 2765 sed
2609 2711 2825 2765 evertit.
2858 2711 3010 2780 Quod
3042 2714 3086 2767 si
3116 2728 3293 2784 neque
3318 2713 3474 2786 quide

1877 2809 2039 2866 quam
2072 2798 2186 2853 fieri
2215 2798 2331 2856 sine
2363 2802 2594 2865 ratione,
2625 2817 2800 2872 neque
2832 2803 2979 2858 nasci
3010 2813 3204 2873 potest,
3249 2813 3472 2877 apparet

1875 2887 2112 2945 divinam
2140 2906 2264 2947 esse
2289 2893 2701 2963 providentiam,
2734 2896 2888 2965 cujus
2913 2904 2998 2951 est
3026 2898 3298 2968 proprium
3327 2894 3471 2970 quod

1875 2983 2072 3040 dicitur
2103 2988 2260 3042 ratio.
2292 2987 2434 3044 Deus
2460 2989 2623 3059 igitur
2653 3002 2835 3045 rerum
2863 2990 3106 3046 omnium
3138 2992 3473 3048 machinator

1875 3079 2003 3134 fecit
2033 3078 2327 3136 hominem.
2359 3082 2511 3151 Quod
2540 3083 2753 3151 Cicero,
2785 3088 3029 3154 quamvis
3057 3102 3248 3156 expers
3279 3088 3472 3143 coeles-

1879 3175 2008 3229 tium
2052 3175 2381 3248 litterarum,
2412 3178 2544 3233 vidit
2587 3187 2800 3244 tamen;
2828 3179 2918 3250 qui
2962 3180 3099 3235 libro
3137 3181 3202 3234 de
3240 3180 3472 3252 Legibus

196 3264 364 3321 humor
383 3264 470 3321 ille
490 3275 784 3321 c0ucretus
808 3264 875 3319 de
899 3274 1038 3318 terra
1069 3264 1119 3317 in
1154 3265 1329 3319 varias
1355 3265 1616 3334 imagines
1644 3279 1767 3319 cor-
1796 3238 1842 3304 C
1878 3270 2051 3338 primo
2080 3268 2182 3324 hoc
2211 3270 2350 3325 idem
2383 3268 2616 3340 tradidit,
2642 3272 2782 3343 quod
2813 3273 3106 3343 prophetae,
3129 3277 3283 3344 cujus
3310 3238 3468 3333 verba

194 3371 359 3426 porum
387 3360 716 3429 lingeretur;
752 3356 876 3411 item
915 3366 972 3410 ut
1009 3372 1038 3409 c
1067 3355 1350 3422 folliculis,
1379 3356 1572 3425 quibus
1620 3365 1769 3425 tege-

192 3448 385 3517 bantur,
412 3459 638 3519 accepta
670 3448 906 3515 vivendi,
956 3448 1334 3519 senticndique
1360 3450 1589 3514 ratione,
1636 3456 1772 3503 tam-

194 3552 331 3611 quam
360 3560 419 3599 ex
451 3543 581 3598 alvo
611 3550 841 3596 matrum
873 3540 1351 3610 profundereutur,
1384 3541 1517 3599 mira
1548 3540 1768 3598 inextri-

193 3636 459 3708 cabilisque
490 3636 736 3708 provisio
765 3643 868 3691 est.
898 3634 1003 3691 Sed
1037 3643 1286 3705 putemus
1317 3634 1367 3688 id
1398 3650 1612 3706 quoque
1640 3649 1767 3690 casu

192 3730 422 3786 accidisse
451 3747 464 3784 :
500 3730 597 3785 illa
620 3737 768 3785 certe
790 3743 908 3799 quae
933 3737 1250 3799 sequuntur,
1276 3727 1491 3782 fortuita
1516 3743 1636 3783 esse
1657 3738 1763 3783 non

189 3830 420 3891 possunt;
469 3833 531 3878 ut
564 3830 704 3878 terra
744 3821 997 3876 continuo
1045 3820 1182 3875 lacte
1227 3827 1488 3887 manaret,
1540 3828 1598 3874 ut
1623 3822 1765 3876 aeris

190 3916 452 3987 temperies
480 3923 633 3972 esset
669 3913 909 3985 aequalis.
943 3913 1072 3981 Qua:
1110 3914 1154 3969 si
1182 3913 1392 3968 constat
1419 3912 1619 3969 idcirco
1643 3929 1765 3970 esse

1873 3361 2075 3432 subjeci
2103 3379 2116 3417 :
2153 3381 2171 3415 ι
2211 3363 2324 3419 lioc
2350 3366 2547 3419 animai
2580 3366 2855 3435 providum
2880 3409 2893 3430 ,
2927 3382 3088 3439 sagax
3111 3409 3124 3433 ,
3155 3368 3467 3439 multiplex,

1872 3464 2118 3522 acutum,
2168 3472 2397 3524 memor,
2430 3457 2645 3527 plenum
2688 3460 2914 3513 rationis
2944 3468 2999 3515 et
3026 3459 3236 3516 consilii
3260 3498 3275 3528 ,
3306 3477 3467 3531 quem

1872 3548 2127 3603 v'ooamus
2158 3547 2452 3614 hominem,
2484 3550 2737 3618 praeclara
2771 3550 2997 3621 quadam
3035 3550 3347 3607 conditione
3377 3568 3470 3621 ge-

1872 3647 2117 3694 neratum
2145 3654 2265 3695 esse
2293 3656 2324 3695 a
2354 3656 2607 3710 supremo
2640 3641 2779 3708 Deo;
2813 3642 2987 3697 solum
3013 3651 3097 3698 est
3125 3643 3269 3699 enim
3297 3659 3361 3698 ex
3390 3652 3469 3698 tot

1872 3730 2224 3786 animantium
2254 3734 2542 3803 generibus
2577 3744 2740 3803 atque
2784 3735 3022 3799 naturis,
3069 3736 3337 3806 particeps
3381 3752 3469 3790 ra-

1874 3823 2035 3879 tionis
2060 3832 2115 3879 et
2142 3826 2499 3897 cogitationis,
2532 3842 2656 3882 cum
2702 3834 2897 3881 caetera
2930 3826 3037 3883 sint
3067 3827 3245 3881 omnia
3275 3830 3468 3897 exper“

1872 3917 1964 3971 tia.
2002 3935 2021 3968 ι
2056 3915 2289 3973 Videsne
2335 3918 2642 3986 hominem,
2687 3920 2931 3989 quamvis
2976 3918 3133 3989 longe
3171 3934 3199 3971 a
3229 3918 3468 3975 veritatis

1494 4026 1857 4087 VARIORUM
1895 4030 2126 4088 NOTAE.

190 4162 277 4213 qua
300 4164 355 4205 re
383 4149 503 4206 vide
535 4148 694 4203 Lucr.
720 4147 758 4203 l.
788 4164 843 4216 v,
873 4144 1014 4202 irers.
1048 4146 1176 4203 806.
1211 4146 1766 4204 Bructerus—Vide

189 4216 409 4291 ϐίῳ-οη.
440 4221 477 4274 i.
503 4224 605 4276 ide
628 4219 877 4291 Legibus.

248 4289 408 4348 Terra:
427 4291 688 4347 radicibus
713 4289 844 4362 opti.
874 4289 1023 4362 iiaud
1050 4304 1208 4345 secus
1236 4289 1434 4345 habent
1455 4303 1583 4362 mss.
1616 4289 1766 4348 codi-s

190 4376 267 4416 ces
291 4362 618 4427 Lucretiaui;
651 4360 1110 4417 nec'i.actantiani
1134 4368 1168 4415 ti
1198 4362 1352 4431 Reg,
1386 4362 1410 4416 i
1445 4360 1682 4417 Clarum.
1709 4370 1764 4418 et

190 4430 219 4487 8
241 4433 493 4504 impressi.
527 4437 595 4489 At
621 4436 744 4503 iieg.
796 4436 938 4501 Put.,
971 4433 998 4487 1
1032 4434 1103 4487 ai.
1133 4430 1757 4504 Reg.,4Coib.._Brun.,

191 4505 265 4573 ed.
296 4502 441 4561 item.
476 4507 639 4570 M70,
674 4502 876 4560 habent
903 4516 1067 4567 terra;
1098 4504 1188 4559 alii
1215 4506 1249 4558 2
1277 4504 1436 4573 iieg.,
1462 4504 1497 4557 ‘2
1522 4502 1698 4572 Colb.,
1732 4505 1759 4562 1

190 4572 426 4644 Clarom.,
452 4580 543 4635 ed.
576 4579 733 4632 ilotu.
774 4577 906 4632 lde
935 4587 988 4631 et
1019 4577 1188 4631 Paris.
1228 4572 1392 4640 1525’,
1417 4586 1624 4629 terram.

252 4646 608 4703 Malm-asserit.
644 4649 939 4703 Buueman.
983 4648 1109 4718 legit
1137 4648 1495 4701 utaturuissent
1522 4689 1536 4714 ,
1577 4647 1769 4718 ﬁdeque

192 4714 277 4772 hac
309 4722 538 4776 lectione
582 4722 661 4775 sic
704 4719 859 4775 habet
895 4738 908 4773 :
949 4739 967 4772 ι
998 4714 1087 4775 Sic
1132 4719 1272 4773 edidi
1319 4733 1387 4773 ex
1435 4733 1537 4772 ms.
1573 4714 1761 4786 Ultraj.

192 4791 331 4843 etiam
361 4792 679 4847 Munekerus
708 4792 792 4845 hic
823 4792 895 4846 ita
924 4792 1106 4862 legere
1129 4790 1381 4862 malebat,
1416 4800 1470 4844 et
1499 4790 1577 4845 sic
1602 4790 1766 4862 iiygi—

191 4873 300 4935 num
321 4864 638 4935 corrigebat,
665 4863 771 4920 fab.
813 4862 932 4928 i36,
966 4861 1018 4935 p.
1045 4862 1170 4917 205.
1208 4880 1227 4914 ι
1274 4861 1405 4935 BDN.

252 4920 535 4990 Animani'es
563 4920 669 4991 esse
700 4920 938 4989 nutritas.
967 4920 1048 4990 ita
1081 4931 1300 5005 reposui
1339 4947 1408 4989 ex
1442 4947 1569 4988 mss.
1618 4920 1764 4990 Editi

189 4999 352 5072 legunt
370 5009 604 5061 nutritas.

253 5074 505 5141 Quomodo
531 5080 705 5149 igitur.
731 5078 818 5133 Sic
839 5076 1138 5149 restituiex
1162 5092 1293 5149 mss.
1317 5077 1585 5149 omnibus,
1611 5092 1764 5133 acce-

189 5142 412 5204 dentibus
443 5151 476 5206 5
508 5142 894 5205 recentioribus
921 5161 972 5203 et
1000 5147 1127 5204 edit.
1158 5145 1329 5205 Betui.
1364 5150 1414 5202 in
1446 5148 1640 5218 quibus
1680 5158 1764 5205 est

190 5230 297 5293 ergo
317 5237 330 5283 ;
355 5222 405 5274 in
423 5222 602 5288 editis,
625 5222 880 5293 quomodo
909 5231 1096 5293 autem.
1134 5219 1415 5293 Lucretius
1441 5221 1563 5277 eod.
1584 5222 1677 5276 lib.
1704 5238 1755 5276 v.

252 5287 371 5365 Nec.
404 5287 647 5365 Reposui
663 5310 728 5348 ex
762 5309 889 5348 mss.
914 5291 950 5347 2
983 5290 1115 5362 Reg.
1149 5292 1253 5347 900
1304 5308 1493 5349 aunor.
1533 5293 1762 5365 aliisque

190 5368 315 5430 octo.
348 5364 401 5417 In
424 5364 457 5417 2
485 5364 604 5418 aliis
632 5374 716 5421 est
740 5375 825 5417 aut
852 5380 866 5429 ;
903 5366 954 5418 in
981 5365 1213 5430 caeteris,
1246 5374 1313 5418 et.

260 5428 478 5488 Vivendi.
513 5436 603 5490 Sic
638 5428 860 5492 reSIitui’
902 5450 967 5491 ex
989 5445 1097 5490 vet.
1150 5428 1310 5491 editis
1337 5435 1373 5491 4
1396 5478 1410 5502 ,
1440 5437 1757 5502 cunctisque

191 5505 545 5629 gissgentilpto
575 5523 681 5563 uno
712 5506 1158 5577 Tornes.iuquo,
1194 5518 1253 5562 ut
1282 5506 1335 5561 in
1362 5507 1640 5579 impressis
1666 5505 1753 5576 it),

222 5590 239 5623 3'
286 5590 326 5628 ω
366 5596 423 5629 illi
466 5598 500 5629 1.

192 5580 263 5625 est
286 5577 500 5632 videndi.

228 5652 464 5741 Y{alcaico
520 5659 1232 5741 matrum‘profunderentur.
1278 5659 1483 5741 Arnob.
1537 5660 1638 5741 lib.
1693 5679 1751 5730 ll,

195 5718 471 5803 Q’ascimur,
524 5746 570 5787 et
618 5718 850 5803 melius
876 5718 1209 5798 'e/fundimur
1252 5740 1491 5786 matrum.
1521 5718 1749 5803 August:

193 5788 327 5875 Ioui.
379 5788 512 5875 x_tie
567 5804 625 5862 S.
679 5802 874 5859 Julian.
909 5788 1083 5875 serui.
1116 5803 1169 5865 ‘2,
1202 5802 1564 5875 (Jorrnptibilis

195 5864 357 5932 ﬁnibus
376 5870 560 5943 eﬂ‘utus
583 5887 672 5934 est.
706 5874 928 5947 Quintil.
959 5864 1178 5946 decl.v1,
1193 5864 1383 5934 Cicero
1402 5874 1459 5935 iu
1475 5870 1749 5937 Pisonem.

1948 4151 2346 4209 Inextricabilis.
2365 4153 2491 4210 Haec
2509 4154 2733 4210 mutatio
2757 4152 2892 4208 facta
2913 4169 2977 4209 ex
2998 4167 3127 4208 mss.
3169 4151 3204 4205 9
3233 4152 3464 4219 Donum,

1871 4224 1897 4279 1
1930 4223 2275 4296 Colb.antiq.
2296 4225 2446 4291 .iun.,
2475 4224 2692 4292 Ultr.,%
2720 4224 2886 4279 Brun.
2916 4240 2979 4279 ac
3009 4225 3131 4279 edd.
3164 4223 3388 4281 Torues.
3413 4233 3468 4280 et

1871 4296 2067 4352 Soubr.
2093 4295 2149 4352 In
2199 4295 2328 4352 edit.
2356 4297 2570 4353 Waich.
2623 4306 2707 4353 est
2755 4296 3169 4368 inexpricabilis,
3219 4306 3466 4368 typograo

1869 4367 2316 4451 phicdmietido;
2369 4370 2421 4423 in
2476 4370 2722 4451 caneris,
2778 4364 3166 4451 ὺιεᾱὶρζίεαὺὶίίε.
3210 4364 3467 4451 4n3fira

1868 4437 2338 4508 inexplicabilisque
2386 4441 2626 4510 provisio.
2681 4439 2815 4494 Ben.
2836 4481 2850 4504 ,
2887 4438 3047 4504 Uitr.,
3080 4438 3205 4510 Jun.
3227 4481 3241 4505 ,
3274 4437 3462 4510 Gotii.,

1788 4518 1842 4583 Ι]
1870 4513 1999 4583 mira
2026 4507 2503 4577 inextricabilis-que.
2532 4515 2598 4565 At
2622 4513 2811 4583 itcrtnu
2840 4511 3019 4583 junxit
3058 4510 3125 4564 de
3152 4508 3291 4581 Opif.
3317 4525 3365 4564 c.
3392 4507 3460 4564 8:

1869 4580 2257 4650 Inexplicabilis
2306 4592 2377 4637 est
2426 4599 2485 4636 ac
2523 4584 2652 4636 mira
2681 4582 2957 4636 subtilitas.
2989 4580 3120 4636 BUN.

1940 4652 2014 4708 Ac
2036 4671 2138 4708 non
2167 4664 2215 4708 et
2247 4654 2476 4709 humore.
2509 4652 2583 4710 Ita
2612 4655 2919 4710 restitutum
2943 4669 3009 4708 ex
3033 4654 3120 4709 ed.
3150 4650 3378 4708 Tornes.
3409 4659 3465 4707 et

1867 4724 2059 4782 Celiar.
2095 4726 2454 4796 omnibusque
2482 4741 2613 4781 mss.
2640 4726 2995 4795 praeterqu
3026 4725 3081 4796 in,
3108 4739 3213 4792 quo
3235 4722 3459 4796 deside-

1868 4808 2018 4854 ratur
2043 4809 2111 4861 et,‘
2140 4795 2476 4867 LipsieuSent
2506 4815 2667 4853 unum
2714 4807 2769 4853 et
2810 4796 2962 4853 Coib.
3004 4795 3126 4864 i,in
3157 4795 3350 4867 quibus
3378 4804 3464 4851 est

1870 4887 1931 4925 ac
1961 4886 2061 4925 non
2083 4886 2147 4924 ex
2178 4870 2412 4926 humore.

1938 4942 2011 4996 Ac
2039 4959 2140 4996 non
2165 4941 2375 4996 humore
2400 4942 2490 4997 illo
2507 4951 2673 5009 terrm.
2699 4940 2949 4998 Emman.
2967 4946 3018 4994 ei
3044 4938 3216 5009 Lips.,
3238 4955 3297 4992 ac
3325 4954 3459 4992 non:

1864 5012 1977 5082 alii,
2008 5029 2201 5068 annon.
2243 5012 2317 5069 De
2365 5012 2530 5083 Opif.,
2560 5030 2609 5068 e.
2645 5006 2747 5078 16;
2780 5012 2964 5067 Potest
2994 5027 3060 5067 ne
3099 5006 3282 5083 (:tliqttis
3322 5027 3463 5064 cont-

1866 5081 2247 5156 pre/tendere...
2274 5100 2336 5140 ac
2361 5081 2465 5139 non
2497 5103 2560 5141 ea:
2585 5101 2640 5139 eo
2666 5086 2777 5155 ipso
2802 5083 3073 5156 intelligat.
3108 5081 3244 5156 BUN‘.

1938 5158 2118 5227 Quem.
2152 5158 2362 5212 Habent
2389 5168 2498 5212 tres
2527 5152 2714 5227 optimi
2746 5170 2876 5209 mss.
2922 5152 3096 5227 Regii,
3128 5156 3151 5209 1
3197 5153 3460 5225 αοιδ.ε;θι

1862 5228 1897 5283 2
1929 5218 2092 5298 Βιυυιι.
2125 5230 2370 5298 impressi
2399 5237 2453 5282 et
2480 5218 2720 5297 plerique
2752 5243 2883 5281 mss.
2910 5218 3063 5296 quod.

1934 5294 2177 5355 Excreta.
2202 5294 2343 5369 'Quia
2375 5299 2426 5353 in
2462 5294 2739 5354 Lactantio
2766 5294 2952 5353 (mines
2983 5298 3169 5369 scripti
3197 5297 3455 5369 aditique,

1861 5384 2081 5440 excreta,
2115 5387 2303 5438 servo;
2335 5372 2413 5427 sic
2442 5369 2631 5441 Virgil.
2661 5386 2717 5425 ill
2758 5370 2955 5443 Georg.
2986 5370 3110 5427 597.
3148 5388 3161 5424 :

1953 5483 2093 5535 Multi
2111 5482 2213 5548 jam
2237 5490 2469 5536 excretos
2492 5482 2755 5546 prohibent
2778 5495 2807 5531 a
2829 5482 3070 5533 matribus
3092 5481 3279 5533 haedos.

3064 5567 3185 5619 Buri.

1930 5659 1975 5716 Α
2005 5673 2240 5726 supremo
2272 5655 2398 5710 Dco.
2431 5655 2519 5713 Sic
2548 5672 2667 5711 cum
2697 5655 2947 5711 omnibus
2977 5671 3114 5726 pene
3159 5669 3288 5726 mss.
3320 5654 3450 5711 edit.

1858 5724 2085 5788 Torucs.
2121 5730 2316 5786 Soubr.
2347 5734 2402 5784 et
2424 5726 2637 5784 Waicii.
2670 5729 2956 5798 cunctique
2979 5724 3201 5783 ‘emiiccs
3232 5724 3452 5782 Cicero-

1855 5804 1998 5858 niani
2032 5821 2044 5857 :
2075 5803 2109 5857 2
2143 5802 2441 5873 llcg._rcc.,
2470 5820 2501 5854 a
2536 5816 2753 5873 superno
2795 5798 2941 5866 Deo;
2973 5801 3006 5858 5
3046 5798 3225 5869 (3011),,
3251 5798 3453 5873 Ξοῐὶθς,

1866 5889 1987 5934 cum
2020 5876 2204 5936 multis
2220 5866 2411 5948 editis,
2428 5866 2471 5931 ἀ
2497 5866 2692 5931 aninmo
2720 5870 2849 5931 Deo.
