3986 6358
487 286 598 348 519

1559 286 1746 344 FIRM.
1789 280 2156 341 LACTANTII
2193 282 2398 344 DIVIN.
2438 257 2679 348 INSTlT.

3659 300 3754 358 320

491 407 678 464 notitia
713 414 1002 474 remotum,
1033 415 1236 472 tamen,
1265 404 1518 476 quoniam
1567 405 1854 476 imaginem
1886 402 2102 472 sapien-
2123 412 2174 474 Α
2203 405 2386 460 mundi
2431 423 2497 462 cx
2537 408 2822 465 contrariis
2848 412 3145 468 constantis
3173 414 3450 473 elementis
3476 417 3753 475 similitudi-

495 501 585 556 tite
631 500 900 568 tuebatur,
933 500 1264 556 intellexisse
1313 514 1418 554 non
1465 499 1636 554 nisi'a
1681 500 1790 554 Deo
1817 498 2091 554 hominem

495 596 736 666 potuisse
764 595 1051 666 generari?
1078 594 1183 649 Sed
1213 602 1393 648 tamen
1422 592 1616 647 divinis
1643 607 1779 660 Opus
1821 601 1902 646 est
1939 591 2095 646 testi—

495 689 714 753 moniis,
745 703 812 743 ne
843 689 1020 742 minus
1052 685 1283 742 humana
1333 685 1621 743 sufﬁciant.
1671 685 1877 757 Sibylla
1919 684 2094 740 homi-

493 797 617 840 nem
646 784 738 839 Dei
768 799 903 853 opus
929 797 1052 839 esse
1081 791 1345 839 testatur:

737 903 788 958 ὃς
809 913 917 962 μένος
942 913 1024 951 leti.
1045 913 1135 958 ϐιὸς
1158 913 1308 959 κτίστης
1331 910 1538 962 dapis—ato;
1562 909 1741 962 inium,

738 975 856 1020 Αὒτὸς
880 971 923 1012 δὶ
948 974 1110 1026 inﬂatis
1134 976 1243 1013 τίμιον
1269 979 1409 1026 μορφῆς
1434 976 1652 1025 μιρόπωντι,

742 1038 859 1085 Aine;
884 1037 982 1087 ἷμιξι
1003 1039 1108 1089 Ῠῦσιν
1129 1039 1272 1077 πάντων
1294 1042 1416 1088 τινιῆς
1444 1039 1600 1086 βιότοιο.

496 1131 700 1188 Eadem
733 1143 937 1186 sanctae
967 1131 1160 1187 littera:
1190 1132 1489 1187 continent.
1527 1131 1668 1185 Deus
1695 1144 1826 1200 ergo
1861 1127 1973 1184 veri
2003 1141 2099 1197 pa-

479 1226 594 1280 tris
623 1225 805 1280 ofﬁcio
833 1224 1046 1280 functus
1073 1236 1176 1283 est.
1208 1224 1326 1295 Ipse
1353 1239 1551 1296 corpus
1578 1223 1818 1289 efﬁnxit;
1849 1223 1963 1294 ipse
1983 1222 2100 1276 ani-

498 1334 641 1374 mam
670 1334 773 1388 qua
806 1319 1076 1390 spiramus
1103 1318 1316 1374 infudit.
1343 1317 1487 1372 Illius
1513 1328 1597 1372 est
1617 1325 1809 1380 totum,
1841 1313 2100 1386 quidquid

497 1427 706 1468 sumus.
751 1411 1032 1478 Quomodo
1083 1410 1136 1466 id
1184 1411 1404 1476 fecerit,
1436 1411 1480 1466 si
1511 1425 1609 1465 nos
1635 1417 1912 1480 oporteret
1937 1405 2098 1474 scire,

497 1508 794 1575 docuisset,
826 1508 964 1562 sicut
993 1507 1174 1562 docuit
1212 1515 1406 1562 caetera
1450 1521 1570 1577 quae
1599 1504 1963 1575 cognitionem
2005 1517 2104 1558 no-

500 1600 602 1670 bis,
635 1611 691 1657 et
720 1600 928 1672 pristini
951 1601 1152 1658 erroris
1177 1609 1233 1656 et
1258 1601 1373 1656 veri
1401 1599 1621 1656 luminis
1648 1597 1966 1655 attulerunt.

1097 1736 1324 1795 CAPUT
1364 1736 1503 1792 XIII.

507 1877 678 1946 Quare
708 1876 810 1932 duo
839 1893 990 1932 sexus
1013 1877 1066 1932 in
1093 1877 1338 1932 homine:
1367 1875 1488 1946 quid
1519 1875 1585 1930 sit
1611 1890 1746 1928 mors
1769 1874 1881 1943 ejus
1911 1870 2098 1943 primit,

576 1971 699 2040 quid
739 1970 998 2038 secunda;
1040 1979 1088 2025 et
1132 1970 1195 2024 de
1238 1971 1519 2041 primorum
1562 1978 1834 2040 parentum
1860 1966 2015 2036 culpa
2055 1975 2103 2021 et

578 2078 745 2135 paena.

576 2198 711 2254 Cum
743 2213 872 2271 ergo
899 2215 1104 2255 marem
1135 2199 1200 2255 ad
1232 2199 1634 2256 similitudinem
1673 2214 1826 2255 suam
1870 2199 2105 2269 primum

506 2289 784 2359 ﬁnxisset,
823 2303 932 2346 tum
959 2293 1121 2348 etiam
1153 2292 1430 2349 faeminam
1459 2293 1812 2364 couliguravit
1837 2291 1903 2347 ad
1936 2292 2104 2362 ipsius

508 2384 744 2440 hominis
769 2385 1026 2457 efﬁgiem,
1049 2396 1107 2442 ut
1135 2387 1241 2442 duo
1270 2387 1412 2442 inter
1443 2402 1501 2443 se
1529 2387 1768 2458 permisti
1793 2401 1954 2442 sexus
1978 2400 2102 2456 pro-

507 2493 702 2550 pagare
729 2481 969 2536 sobolem
1003 2490 1252 2550 possent,
1307 2491 1362 2538 ct
1390 2497 1601 2536 omnem
1633 2492 1829 2536 terram
1857 2479 2104 2534 multitu-

505 2572 631 2629 dine
661 2576 904 2644 opplere.
951 2575 1006 2630 In
1056 2576 1225 2646 ipsius
1254 2586 1436 2631 autem
1469 2575 1702 2630 hominis
1745 2575 1960 2629 ﬁctione
1989 2572 2106 2628 illa-

504 2679 623 2722 rum
649 2666 876 2722 duarum
909 2669 1278 2737 materiarum,
1309 2683 1443 2738 quas
1472 2669 1614 2723 inter
1639 2682 1697 2722 se
1726 2667 1958 2721 diximus
1983 2681 2106 2722 esse

504 2761 832 2826 contrarias,
868 2761 1005 2832 ignis
1033 2772 1084 2817 et
1116 2778 1302 2833 aqua},
1345 2763 1610 2819 conclusit
1648 2762 1978 2833 perfecitque
2013 2776 2104 2816 ra-

505 2851 730 2908 tionem.
764 2853 914 2909 Ficto
948 2857 1092 2910 enim
1125 2871 1384 2927 Corpore,
1426 2857 1649 2928 spiravit
1687 2857 1737 2913 ei
1766 2856 1998 2911 animam
2038 2855 2105 2912 de

503 2947 650 3004 vitali
679 2949 826 3006 fonte
855 2951 1076 3022 spiritus
1102 2951 1227 3019 sui,
1268 2953 1469 3024 quiest
1499 2953 1786 3024 perennis,
1839 2961 1897 3007 ut
1937 2951 2106 3022 ipsius

2197 514 2317 555 nem
2345 511 2576 571 gereret.
2609 502 2829 558 Constat
2869 504 3012 560 enim
3054 521 3121 561 ex
3158 508 3330 563 anima
3369 517 3423 564 et
3446 525 3673 579 corpore,
3708 511 3752 568 id

2195 602 2296 664 est,
2327 596 2477 664 quasi
2503 610 2534 651 e
2561 595 2701 650 cmlo
2727 607 2783 651 et
2804 606 2945 652 terra
2968 615 2981 651 :
3005 599 3437 670 quandoquidem
3461 601 3644 668 anima,
3665 619 3754 674 qua

2195 687 2443 751 vivimus,
2473 690 2619 744 velut
2647 706 2678 745 e
2708 692 2870 757 caelo,
2902 691 3076 747 oritur
3105 708 3133 746 a
3167 693 3298 762 Deo,
3322 709 3515 767 corpus
3547 711 3578 752 e
3612 705 3752 767 terra,

2195 780 2350 850 cujus
2377 796 2408 836 e
2436 781 2562 836 limo
2589 782 2822 838 diximus
2855 798 2974 840 esse
3006 785 3312 842 formatum.

2269 874 2646 946 Empedocles,
2677 892 2836 948 quem
2878 879 3089 935 nescias
3132 891 3383 938 utrumne
3414 882 3551 939 inter
3575 892 3755 956 poetas,

2196 982 2264 1022 an
2293 968 2432 1023 inter
2463 968 2815 1040 philosophos
2848 987 3121 1039 numeres,
3151 973 3272 1045 quia
3303 975 3372 1031 de
3403 992 3573 1032 rerum
3597 988 3758 1032 natura

2196 1063 2442 1118 versibus
2461 1065 2694 1134 scripsit,
2720 1074 2778 1120 ut
2803 1065 2945 1136 apud
2975 1065 3249 1124 Romanos
3273 1069 3552 1126 Lucretius
3579 1081 3629 1126 et
3649 1071 3762 1127 Var-

2198 1169 2280 1221 ro,
2307 1164 2538 1225 quatuor
2555 1157 2824 1213 elementa
2848 1160 3150 1227 constituit,
3168 1161 3220 1216 id
3244 1172 3348 1228 est,
3365 1164 3557 1233 ignem,
3585 1179 3759 1232 aerem,

2199 1262 2388 1319 aquam
2413 1291 2426 1314 ,
2471 1258 2526 1305 et
2567 1260 2800 1319 terram;
2833 1252 3065 1309 fortasse
3105 1253 3516 1326 Trismegistum
3542 1268 3758 1322 secutus,

2199 1343 2288 1413 qui
2324 1352 2504 1398 nostra
2533 1359 2760 1414 corpora
2791 1361 2855 1400 ex
2891 1346 2975 1401 his
3006 1357 3238 1418 quatuor
3264 1348 3548 1404 elementis
3589 1348 3764 1405 consu-

2203 1443 2311 1490 tuta
2341 1450 2460 1490 esse
2490 1435 2624 1490 dixit
2650 1451 2679 1490 a
2719 1437 2865 1492 Deo:
2900 1438 3100 1494 habere
3144 1455 3376 1511 namque
3415 1440 3468 1495 in
3508 1455 3564 1495 se
3590 1439 3764 1512 aliquid

2201 1527 2341 1600 ignis
2362 1571 2375 1595 ,
2409 1529 2607 1600 aliquid
2635 1532 2810 1597 aeris,
2838 1532 3036 1604 aliquid
3067 1547 3254 1605 aquae,
3287 1533 3491 1604 aliquid
3524 1543 3695 1600 teme;
3720 1542 3765 1590 et

2204 1635 2376 1691 neque
2402 1621 2580 1692 ignem
2611 1638 2756 1691 esse,
2789 1639 2962 1695 neque
3003 1639 3209 1691 aerem,
3239 1641 3418 1697 neque
3464 1641 3663 1697 aquam,
3685 1641 3764 1682 ne-

2204 1728 2308 1783 que
2341 1723 2537 1770 terram
2568 1734 2583 1770 :
2609 1731 2729 1786 quae
2755 1716 2972 1787 quidem
3004 1719 3136 1774 falsa
3167 1734 3275 1774 non
3305 1727 3451 1774 sunt.
3486 1718 3612 1775 Nam
3639 1730 3768 1776 terra:

2131 1819 2180 1880 Β
2208 1807 2344 1862 ratio
2374 1808 2426 1863 in
2456 1824 2618 1866 carne
2647 1820 2762 1877 est;
2801 1811 3046 1867 humoris
3067 1855 3081 1875 ,
3125 1812 3178 1868 in
3220 1814 3514 1885 sanguine;
3542 1815 3699 1880 aeris,
3725 1814 3769 1870 ia

2208 1899 2433 1970 Spiritu;
2468 1902 2622 1972 ignis,
2655 1903 2707 1958 in
2746 1905 2928 1960 calore
2959 1905 3126 1962 vitali.
3161 1906 3268 1962 Sed
3311 1923 3488 1979 neque
3529 1907 3724 1980 sanguis
3746 1923 3770 1964 a

2210 2012 2437 2068 corpore
2461 1999 2669 2054 secerni
2701 2009 2896 2070 potest,
2925 2000 3062 2057 sicut
3092 2001 3290 2057 humor
3332 2017 3362 2056 a
3410 2011 3583 2069 terra;
3627 2017 3773 2074 neque

2211 2091 2362 2145 calor
2390 2091 2570 2146 vitalis
2597 2107 2627 2146 a
2655 2092 2868 2162 spiritu,
2897 2092 3035 2148 sicut
3055 2092 3190 2164 ignis
3210 2094 3280 2150 ab
3301 2108 3428 2150 aere
3449 2113 3462 2149 :
3482 2095 3610 2151 adeo
3625 2111 3774 2151 rerum

2211 2185 2450 2240 omnium
2501 2185 2609 2240 duo
2657 2185 2772 2241 sola
2821 2187 3166 2257 reperiuntur
3221 2188 3528 2253 elementa,
3576 2204 3770 2260 quorum

2213 2283 2388 2338 omnis
2414 2283 2550 2338 ratio
2581 2285 2632 2338 in
2661 2283 2830 2338 nostri
2859 2286 3102 2354 corporis
3144 2286 3364 2342 ﬁctione
3409 2287 3650 2343 conclusa
3688 2296 3772 2342 est.

2211 2379 2289 2435 Ex
2328 2381 2488 2435 rebus
2520 2378 2680 2450 igitur
2700 2378 2929 2434 diversis
2959 2395 3023 2435 ac
3049 2382 3478 2451 repugnantibus
3503 2382 3652 2437 homo
3686 2381 3776 2436 fac-

2210 2484 2296 2530 tus
2325 2485 2429 2539 est,
2459 2475 2599 2530 sicut
2633 2475 2748 2546 ipse
2775 2475 3008 2530 mundus
3038 2491 3103 2531 ex
3155 2475 3274 2532 luce
3322 2492 3386 2532 ac
3434 2478 3686 2543 tenebris,
3723 2493 3774 2534 ex

2210 2569 2317 2624 vita
2345 2577 2398 2624 et
2425 2577 2638 2625 morte:
2672 2584 2794 2640 qua:
2819 2568 2924 2623 duo
2955 2569 3095 2626 inter
3129 2585 3190 2626 se
3215 2586 3459 2641 pugnare
3502 2573 3552 2626 in
3593 2572 3775 2626 homine

2209 2667 2486 2738 praecepit,
2520 2673 2578 2719 ttt
2606 2665 2650 2719 si
2677 2665 2855 2719 anima
2888 2665 3260 2734 superaverit,
3294 2682 3418 2737 quae
3445 2681 3508 2722 ex
3549 2667 3650 2722 Deo
3685 2665 3774 2720 ori-

2213 2769 2320 2826 tur,
2353 2760 2422 2816 sit
2451 2759 2792 2824 immortalis,
2825 2767 2877 2814 et
2906 2761 2959 2814 in
2987 2769 3245 2830 perpetua
3287 2759 3410 2816 luce
3459 2771 3714 2826 versetur;
3739 2760 3776 2816 si

2208 2867 2387 2912 autem
2414 2870 2613 2926 corpus
2644 2855 2836 2910 vicerit
2861 2855 3123 2922 animam,
3153 2854 3460 2926 ditioniquc
3503 2855 3773 2927 subjecerit,

2213 2950 2282 3004 sit
2310 2950 2362 3002 in
2391 2947 2627 3004 tenebris
2657 2947 3022 3018 sempiternis,
3048 2955 3104 3003 et
3129 2949 3182 3002 in
3206 2957 3404 3005 morte.
3434 2947 3593 3020 Cujus
3615 2963 3708 3003 non
3726 2960 3775 3002 ea

1851 3066 2215 3126 VARIORUM
2246 3064 2486 3126 NOTAE.

504 3191 511 3202 '
578 3190 797 3262 Divinis.
830 3192 937 3250 Sed
968 3199 1172 3246 tantum
1199 3192 1348 3262 juxta
1377 3165 1657 3246 Ethnicos.

573 3261 663 3327 Ὃς
693 3267 854 3340 μόνος,
885 3274 990 3320 etc.
1025 3261 1310 3334 Interpret.
1344 3264 1438 3319 lat.
1469 3281 1481 3316 :

596 3381 689 3440 Qui
712 3379 845 3432 solus
865 3388 942 3431 est
963 3379 1102 3430 Deus
1120 3384 1315 3429 creator
1342 3381 1552 3429 invictus
1573 3378 1814 3434 existens,

595 3444 708 3506 Ipse
729 3453 892 3493 autem
918 3443 1127 3493 ﬁrmavit
1144 3444 1348 3504 ﬁguram
1367 3441 1535 3490 forma:
1560 3441 1932 3506 hominumque,

592 3502 705 3570 Ipse
727 3509 919 3558 miscuit
939 3515 1162 3556 naturam
1180 3502 1396 3556 omnium
1420 3503 1764 3566 generationis
1784 3502 1914 3552 vitae.

501 3612 628 3670 Hice
651 3615 889 3670 carmina
913 3629 979 3669 ex
1007 3613 1288 3686 Sibyllinis
1306 3611 1577 3677 Oraculis,
1606 3625 1770 3666 serm.
1801 3612 1849 3665 Ι.

573 3709 732 3768 Αὐτὸς
757 3706 911 3776 ἔμιξε.
952 3706 1024 3761 Ita
1059 3705 1189 3761 editi
1216 3714 1269 3759 et
1299 3721 1426 3760 mss.
1462 3704 1726 3776 praeter}
1775 3701 2014 3758 Clarom.
2047 3711 2101 3757 et

501 3779 632 3835 edit.
670 3773 823 3832 nom.
857 3783 908 3830 in
936 3778 1126 3846 quibus
1153 3789 1256 3843 est,
1289 3780 1446 3838 Αὐτὸς
1466 3773 1626 3842 ίὲλιξε.
1660 3773 1917 3828 Betuleius
1940 3776 2098 3828 resti-

504 3850 711 3976 gtibvitlh
740 3853 906 3926 αὐγὰς
934 3852 1064 3924 μίξε.
1114 3848 1279 3905 Ιδδτυε
1308 3857 1490 3904 monet
1515 3849 1592 3903 sic
1621 3847 1804 3901 haberi
1833 3846 1886 3901 iu
1913 3846 2100 3902 codice

547 3939 557 3974 I
606 3939 631 3976 ν
683 3938 790 3975 ιιιο.

505 3939 790 4119 ἰ).ιὲὲῖτὲὶέ
823 3994 1021 4049 litterae.
1074 3993 1294 4050 Scilicet
1337 3992 1537 4049 Genes.
1603 4006 1654 4056 l,
1721 3999 1775 4046 et
1829 3987 1994 4043 David
2046 3989 2098 4044 in

548 4080 752 4119 sanus.

548 4080 752 4119 saluus.

581 4156 836 4211 Hominis.
885 4158 941 4212 Id
987 4168 1098 4221 est,
1149 4158 1335 4223 maris,
1380 4157 1499 4213 viri.
1554 4156 1753 4212 Iterum
1800 4154 1962 4210 homo
1994 4154 2110 4211 κατ’

502 4232 710 4296 ἐξοχὴν.
749 4244 842 4296 pro
883 4232 1006 4292 viro,
1042 4230 1198 4285 infra.
1234 4231 1365 4285 BUN.

528 4253 603 4296 :30"
633 4253 710 4289 ην.
749 4253 842 4296 pro
883 4253 1006 4292 UU'U,
1043 4253 1198 4285 Intra.
1234 4253 1365 4285 DUN.

525 4343 530 4349 .
575 4253 805 4370 .épiravit
830 4303 875 4354 ei
901 4303 1122 4356 animum
1155 4304 1218 4356 de
1248 4303 1389 4356 vitali
1419 4304 1579 4372 fonte,
1604 4300 1982 4372 etc.Spiravit,
2006 4314 2106 4368 pro

499 4372 797 4432 inspiravit.
840 4373 982 4442 quod
1015 4385 1096 4427 est
1126 4375 1176 4427 itt
1210 4390 1311 4428 ms.
1358 4375 1377 4428 I
1417 4371 1654 4428 Clarom.
1691 4371 1922 4427 Verhutu
1969 4372 2103 4424 sim-

502 4445 625 4513 plex
661 4461 762 4522 pro
781 4447 1079 4522 cotttpttsito
1108 4446 1370 4522 familiare
1399 4445 1887 4522 Lactantio._Supra
1910 4453 2100 4522 auctor
2125 4463 2176 4522 ι)

503 4525 686 4570 noster
713 4517 864 4579 dixit,
897 4517 1127 4570 animam
1157 4532 1277 4572 esse
1309 4517 1521 4588 igneum
1551 4515 1802 4585 quiddam
1846 4530 1908 4567 ac
1945 4514 2094 4588 calo,-

501 4603 637 4652 retn,
671 4597 725 4641 et
767 4588 868 4642 huc
898 4603 1017 4656 Cap.
1059 4592 1194 4658 quod
1220 4590 1264 4642 si
1293 4587 1462 4642 anima
1491 4589 1622 4659 ignis
1649 4599 1754 4659 est,
1786 4596 1839 4639 ut
1875 4587 2095 4639 ostendi-

501 4675 632 4711 mus.
667 4659 764 4714 Hic
791 4659 978 4714 scribit
1008 4675 1126 4714 esse
1170 4676 1234 4714 ex
1291 4659 1422 4726 Deo,
1477 4658 1538 4714 ac
1583 4661 1626 4713 si
1675 4658 1868 4712 animae
1915 4666 2100 4711 essent

502 4731 780 4796 particulae
818 4732 1014 4785 diviuzn
1057 4732 1343 4795 essentize;
1388 4749 1508 4784 nam
1553 4740 1907 4799 prmterquatu
1954 4727 2099 4796 quod

501 4801 586 4855 hic
616 4801 760 4856 dicat
790 4807 957 4858 Deum
991 4805 1212 4870 spirasse
1237 4803 1462 4856 animant
1492 4804 1555 4857 de
1589 4801 1728 4854 vitali
1769 4805 1927 4870 fonte,
1964 4801 2098 4854 infra

500 4870 602 4927 hoc
632 4875 929 4942 explicans,
963 4874 1094 4928 dicit
1123 4875 1265 4928 illam
1307 4891 1368 4928 ea:
1415 4874 1523 4929 Deo
1565 4873 1708 4933 oriri,
1741 4874 1848 4926 imo
1889 4887 1951 4924 ea:
1993 4870 2100 4924 Deo

500 4954 748 4998 constare.
785 4944 873 4999 Est
906 4964 968 5000 ea:
993 4947 1119 5001 caelo
1147 4956 1191 4999 et
1216 4948 1322 4999 Deo
1343 4989 1356 5011 ,
1404 4946 1552 4999 addit
1597 4943 1757 5012 paulo
1788 4951 1939 5013 post;
1979 4955 2101 5010 qua:

501 5015 660 5069 verba
695 5017 812 5086 ejus
841 5031 1074 5073 mentem
1108 5018 1237 5072 satis
1268 5025 1559 5086 exponunt.
1609 5015 1756 5070 Hanc
1792 5014 2100 5076 Opinionem

501 5086 701 5158 [elellit
733 5091 1058 5158 Augustinus
1110 5089 1162 5143 in
1214 5091 1372 5157 epist.
1426 5089 1490 5144 ad
1538 5088 1758 5142 Ilieron.
1813 5086 1939 5158 ‘28;
1973 5087 2098 5140 item

502 5154 740 5227 Thomas
772 5154 1030 5227 Aquinas,
1063 5154 1259 5214 contra
1282 5159 1485 5216 Gentes
1515 5159 1608 5213 lib.
1640 5175 1696 5220 ll,
1726 5173 1845 5226 cap.
1877 5157 1966 5211 85'.
2012 5158 2103 5211 Sic

503 5225 613 5301 Leo
654 5227 711 5292 I,
752 5229 819 5284 de
839 5225 945 5286 hac
975 5233 1266 5300 opinione:
1304 5230 1537 5285 Nimium
1565 5232 1722 5301 igitur
1765 5225 1990 5299 superbi,
2021 5229 2101 5282 ni-

503 5299 760 5372 miumque
788 5313 902 5354 sunt
935 5299 1074 5359 (ατί.
1121 5305 1225 5372 qui,
1274 5321 1386 5357 cum
1431 5299 1603 5356 dicant
1652 5303 1874 5355 animum
1922 5302 2104 5372 huma-

505 5387 621 5422 nam
650 5370 836 5426 divina:
859 5390 964 5427 esse
989 5370 1298 5442 substantiis,
1334 5393 1435 5430 non
1466 5375 1777 5441 intelligunt,
1803 5372 1931 5426 ni/til
1958 5371 2104 5425 aliud

505 5457 557 5494 se
589 5444 772 5503 dicere,
805 5461 957 5512 quam
988 5445 1146 5499 Deum
1199 5465 1306 5502 esse
1349 5447 1666 5506 nmtabilem.
1695 5456 1742 5499 et
1770 5447 1938 5512 ipsum
1989 5460 2104 5512 per-

505 5514 607 5592 peti
658 5514 902 5592 quidquid
934 5527 1092 5582 potest
1121 5531 1316 5573 natura:
1345 5521 1455 5592 ejus
1497 5519 1692 5592 inferri.
1745 5517 1912 5592 Hujus
1951 5531 2102 5592 erro-

507 5587 584 5639 ris
614 5590 951 5639 occasionem
985 5601 1332 5656 sumpserunt
1359 5587 1424 5645 ex
1455 5587 1802 5655 locoGeth,
1823 5589 1931 5655 v.7,
1966 5587 2103 5642 male

508 5657 802 5731 intellecto,
833 5659 926 5731 tthi
955 5659 1067 5713 lucc
1111 5667 1359 5731 leguntur
1390 5664 1551 5717 verba
1586 5680 1598 5714 :
1645 5659 1714 5715 Et
1742 5659 2007 5730 inspiravit
2050 5661 2104 5713 in

509 5730 689 5799 facient
721 5731 828 5799 ejus
851 5730 1323 5797 spiraculum’vitw.
1367 5735 1499 5800 Quze
1538 5733 1683 5787 nullo
1710 5733 1868 5787 tnodo
1891 5732 2100 5799 dicunt,

511 5801 803 5873 inspirasse
851 5803 1034 5859 flatum
1083 5803 1204 5860 vitae
1248 5819 1311 5860 es
1361 5822 1455 5863 sua
1497 5806 1797 5864 substantia
1831 5803 1968 5861 :sed
2001 5803 2104 5862 hoc

2131 3187 2176 3249 C
2211 3193 2415 3240 tantum
2447 3185 2696 3250 inuttttut,
2724 3183 2891 3240 Deum
2923 3182 3184 3239 infudisse
3209 3185 3472 3250 animam,
3499 3201 3594 3254 qua
3613 3198 3776 3256 corpus

2219 3272 2249 3312 e
2277 3266 2418 3312 terra
2449 3256 2645 3310 factum
2678 3257 2918 3328 viveret;
2948 3272 3054 3310 nou
3084 3255 3226 3328 quod
3256 3273 3327 3312 ex
3365 3258 3479 3328 ipsa
3513 3258 3596 3312 Dei
3619 3272 3774 3312 essen-

2219 3329 2288 3382 tia
2335 3329 2407 3384 sit
2455 3329 2730 3398 inspirata.
2778 3327 3120 3382 Iloctantum
3153 3327 3604 3398 Spiritui'Sancto
3640 3343 3776 3396 pecu-

2215 3399 2437 3468 culiare,
2471 3403 2557 3469 qui
2575 3399 2766 3472 _Patris
2789 3409 2844 3453 et
2873 3398 2990 3453 Filii
3015 3407 3096 3472 est
3124 3400 3417 3472 essentiale
3443 3401 3772 3472 spiraculum;

2215 3482 2270 3542 et
2318 3473 2361 3528 si
2412 3475 2514 3525 hoc
2557 3470 2626 3525 de
2677 3472 2891 3526 homine
2923 3471 2995 3526 ita
3025 3470 3436 3542 intelligendum
3474 3470 3630 3540 esset,
3662 3471 3775 3525 Deus

2215 3541 2386 3599 factus
2419 3543 2623 3597 fuisset.
2655 3542 2946 3598 GALL£US.

2286 3615 2644 3684 Empedocles.
2677 3614 2899 3684 Legitur
2923 3614 3137 3684 quidem
3169 3614 3286 3685 ejus
3320 3615 3443 3671 Vita
3474 3613 3607 3686 apud
3635 3613 3772 3668 Laer-

2207 3687 2338 3740 tium
2370 3688 2509 3740 inter
2543 3686 2984 3754 plliIOSOllIltll‘llm
3013 3686 3243 3740 aliortuu
3264 3687 3419 3742 Vitas
3445 3705 3458 3741 :
3488 3703 3516 3741 a
3548 3686 3770 3740 Cicerone

2208 3757 2540 3827 frequentius
2572 3758 2711 3811 inter
2741 3769 2927 3826 poetas
2959 3769 3308 3821 numeratur;
3345 3758 3440 3814 sed
3473 3759 3522 3813 in
3549 3757 3703 3827 primo
3721 3754 3774 3809 de

2206 3828 2455 3902 Oratore,
2490 3839 2652 3897 negat
2678 3829 2865 3902 eadem
2901 3831 3108 3902 ratione
3129 3830 3235 3884 dici
3266 3830 3521 3902 physicos
3549 3840 3599 3884 et
3619 3836 3772 3902 poetas

2206 3901 2461 3960 eosdem.
2511 3903 2762 3968 quoniam
2814 3900 3170 3969 Empedoeles
3230 3898 3488 3971 physicus
3534 3898 3771 3971 egregium

2210 3987 2396 4038 poema
2450 3973 2655 4027 fecerit.
2714 3971 2842 4039 Ejus
2888 3968 3124 4026 carmina
3183 3968 3415 4038 plurima
3459 3968 3770 4042 legunturin

2207 4042 2540 4099 Collectione
2569 4042 2783 4098 Henrici
2813 4043 3090 4112 Stephani,
3118 4045 3201 4098 cui
3236 4045 3458 4100 titulus:
3480 4039 3651 4098 I’oesis
3673 4039 3771 4094 Phi-

2211 4115 2508 4184 losophica,
2539 4115 2679 4170 edita
2712 4115 2762 4168 in
2793 4125 2980 4170 octava
3014 4114 3204 4169 l'or'uta.
3327 4131 3329 4136 ·

2287 4182 2520 4250 Quatuor
2577 4188 2840 4240 elementa.
2899 4188 2972 4240 De
3027 4186 3109 4240 Itis
3168 4185 3289 4240 vide
3328 4187 3404 4244 ‘S.
3451 4182 3768 4257 Epiphaniam

2209 4257 2302 4334 Iib.
2334 4274 2389 4334 tt_t
2411 4300 2423 4322 ,
2453 4269 2638 4334 contra
2671 4257 2938 4334 llarreses;
2963 4258 3317 4334 tt_t_l’_lutarclt_.
3343 4259 3411 4312 dc
3439 4253 3768 4334 Plac'itisfhi-

2210 4330 2514 4396 losophor.,
2541 4329 2635 4383 lib.
2665 4345 2714 4393 ι,
2751 4345 2870 4394 cap.
2902 4331 2955 4385 3.
2989 4329 3124 4384 Vide
3173 4340 3226 4384 et
3276 4329 3552 4384 Laertium
3585 4329 3629 4381 in
3658 4323 3768 4377 Vitis

2207 4400 2586 4470 Philosophor.
2639 4431 2711 4441 —
2765 4400 3238 4470 Empedocles......
3303 4400 3486 4454 Varro.
3555 4398 3770 4470 Sequitur

2203 4467 2606 4539 Quintilianum,
2641 4473 2675 4526 l.
2707 4489 2758 4532 t.
2792 4467 2948 4534 Inst,
2978 4487 3027 4524 c.
3062 4472 3116 4527 4.
3152 4472 3485 4540 Empedocles
3510 4472 3558 4525 in
3587 4467 3765 4540 Grecis.

2214 4537 2376 4597 Varro
2427 4562 2486 4597 ac
2542 4537 2807 4598 Lucretius
2862 4545 2914 4597 in
2971 4543 3168 4596 Latinis
3228 4537 3486 4614 pracepta
3545 4537 3768 4614 sapientia

2203 4616 2425 4670 versibus
2477 4617 2818 4669 tradiderunt.
2876 4613 3235 4672 Aristoteles.
3287 4613 3404 4669 lib.’
3435 4615 3501 4668 tle
3555 4613 3764 4669 Poetica.

2201 4687 2753 4813 f.ll,BEmpedoclem
2800 4687 3087 4763 φυσιολόγων
3123 4689 3304 4760 μᾶλλον
3333 4687 3364 4747 ἦ
3389 4690 3590 4746 ποιητήν
3613 4677 3763 4754 appel-

2226 4775 2252 4813 3
2286 4801 2298 4813 .
2378 4775 2464 4813 [ΙΝ.

2226 4768 2298 4813 at.
2333 4768 2464 4814 BUN.

2275 4849 2658 4920 Trismegistum
2696 4858 2913 4905 secutus.
2964 4849 3056 4906 Est
3088 4850 3192 4906 tale
3222 4849 3352 4922 quid
3382 4850 3436 4905 in
3470 4847 3618 4905 tertio
3644 4842 3756 4898 Poe-

2203 4922 2415 4976 maudri
2446 4922 2685 4993 Dialogo.

2280 4993 2420 5066 Dixit
2442 5011 2473 5046 α
2501 4981 2628 5066 ι)ςοῖ
2669 4993 2798 5049 Vide
2829 4992 3076 5049 eumdem
3109 4993 3446 5066 Trismegist.
3478 4987 3611 5063 apud
3635 4981 3759 5042 Stob.

2206 5063 2258 5120 in
2289 5064 2514 5119 Collect.
2547 5063 2726 5120 Serm.
2765 5067 2821 5120 ll
2858 5066 2924 5120 de
2956 5067 3214 5121 Veritate.
3328 5063 3345 5066 ⁷
3519 5088 3531 5100 ο
3607 5130 3645 5135 _
3710 5125 3738 5135 _,

2279 5135 2360 5189 Sit
2391 5137 2709 5190 immortalis.
2741 5137 2795 5192 Id
2823 5147 2924 5200 est,
2961 5139 3011 5193 in
3047 5148 3358 5207 perpetuum
3394 5139 3562 5191 beata.
3607 5125 3762 5207 Expli-

2206 5217 2289 5264 Cat
2318 5207 2474 5276 ipse:
2509 5209 2560 5261 in
2601 5219 2842 5278 perpetua
2887 5213 2998 5264 luce
3040 5200 3284 5274 versetur,
3316 5208 3457 5280 quod
3507 5200 3760 5280 notandum

2206 5269 2391 5352 contra
2439 5269 2796 5352 Dodw'ellt'tm,
2839 5281 2906 5334 de
2948 5297 3055 5352 quo
3102 5269 3364 5348 plura'ad
3409 5281 3444 5336 l.
3484 5293 3585 5339 vn,
3624 5289 3666 5328 c.
3702 5269 3757 5332 5i

2206 5349 2524 5405 Immortalis
2553 5365 2604 5405 et
2633 5349 3007 5406 immortalitas.
3045 5353 3176 5407 BUN.

2279 5442 2345 5496 Et
2373 5445 2426 5519 in
2457 5455 2632 5498 morte.
2687 5443 2873 5499 Mortis
2921 5459 3137 5507 nomen,
3186 5444 3306 5514 quia
3342 5438 3676 5519 amphibolon
3714 5431 3757 5514 in

2207 5517 2505 5582 quastione
2535 5531 2687 5592 sacra
2713 5525 2816 5581 est,
2849 5520 3169 5570 removenda
3205 5511 3497 5592 gentilibus
3523 5511 3748 5592 ambigui:

2210 5594 2290 5640 tas
2320 5597 2455 5652 erat,
2489 5588 2682 5654 quibus
2709 5592 2898 5642 mortis
2945 5604 3139 5642 nomen
3189 5582 3296 5643 tale
3335 5585 3464 5641 nihil
3509 5582 3753 5651 signiﬁcat.

2208 5657 2263 5711 Itt
2294 5659 2459 5712 sacris
2489 5676 2614 5714 vero
2644 5661 2868 5730 paginis,
2902 5661 3096 5713 attintre
3119 5676 3145 5712 a
3171 5675 3397 5729 corpore
3423 5659 3668 5710 discessus
3688 5661 3756 5723 ra:

2208 5731 2320 5783 rius
2349 5732 2535 5784 mortis
2579 5733 2832 5796 nomine,
2878 5732 3210 5801 frequentius
3256 5730 3449 5800 quietis
3488 5735 3572 5801 aut
3610 5730 3756 5801 sontnt

2210 5815 2342 5858 voce
2367 5802 2719 5874 signiﬁcatur.
2773 5793 2864 5861 Sic
2906 5793 3146 5860 Lazarus
3197 5793 3433 5860 dormire
3475 5799 3678 5859 dicitur;
3713 5793 3759 5842 et
