  <div class='ocr_page' id='page_1' title='image "/cluster/home/n/w/nwhite01/storage/ocr_20150623/6/hvd.32044015471238/171.png"; bbox 0 0 3986 6358; ppageno 0'>
   <div class='ocr_carea' id='block_1_1' title="bbox 439 977 512 1046">
    <p class='ocr_par' dir='ltr' id='par_1_1' title="bbox 439 977 512 1046">
     <span class='ocr_line' id='line_1_1' title="bbox 439 977 512 1046; baseline 0 -66"><span class='ocrx_word' id='word_1_1' title='bbox 439 977 512 1046; x_wconf 40' lang='grc' dir='ltr'><strong>Μ,</strong></span> 
     </span>
    </p>
   </div>
   <div class='ocr_carea' id='block_1_2' title="bbox 443 1059 508 1116">
    <p class='ocr_par' dir='ltr' id='par_1_2' title="bbox 443 1059 508 1116">
     <span class='ocr_line' id='line_1_2' title="bbox 443 1059 508 1116; baseline 0 0"><span class='ocrx_word' id='word_1_2' title='bbox 443 1059 508 1116; x_wconf 65' lang='grc' dir='ltr'><strong>ιί</strong></span> 
     </span>
    </p>
   </div>
   <div class='ocr_carea' id='block_1_3' title="bbox 453 1117 516 1168">
    <p class='ocr_par' dir='ltr' id='par_1_3' title="bbox 453 1117 516 1168">
     <span class='ocr_line' id='line_1_3' title="bbox 453 1117 516 1168; baseline 0 -46"><span class='ocrx_word' id='word_1_3' title='bbox 453 1117 516 1168; x_wconf 53' lang='grc' dir='ltr'>ν,</span> 
     </span>
    </p>
   </div>
   <div class='ocr_carea' id='block_1_4' title="bbox 562 272 660 329">
    <p class='ocr_par' dir='ltr' id='par_1_4' title="bbox 562 272 660 329">
     <span class='ocr_line' id='line_1_4' title="bbox 562 272 660 329; baseline 0 -1"><span class='ocrx_word' id='word_1_4' title='bbox 562 272 660 329; x_wconf 77' lang='grc'><strong>’551</strong></span> 
     </span>
    </p>
   </div>
   <div class='ocr_carea' id='block_1_5' title="bbox 561 381 2242 455">
    <p class='ocr_par' dir='ltr' id='par_1_5' title="bbox 561 381 2242 455">
     <span class='ocr_line' id='line_1_5' title="bbox 561 381 2242 455; baseline -0.006 -9"><span class='ocrx_word' id='word_1_5' title='bbox 561 392 1028 453; x_wconf 88' lang='lat' dir='ltr'><strong>seimmerserant,</strong></span> <span class='ocrx_word' id='word_1_6' title='bbox 1052 400 1157 441; x_wconf 93' lang='lat' dir='ltr'><strong>non</strong></span> <span class='ocrx_word' id='word_1_7' title='bbox 1177 383 1405 455; x_wconf 90' lang='lat' dir='ltr'><strong>recepti,</strong></span> <span class='ocrx_word' id='word_1_8' title='bbox 1425 381 1802 439; x_wconf 86' lang='lat' dir='ltr'><strong>cecideruntin</strong></span> <span class='ocrx_word' id='word_1_9' title='bbox 1823 392 2044 438; x_wconf 89' lang='lat' dir='ltr'><strong>terram.</strong></span> <span class='ocrx_word' id='word_1_10' title='bbox 2071 381 2160 437; x_wconf 87' lang='lat' dir='ltr'><strong>Sic</strong></span> <span class='ocrx_word' id='word_1_11' title='bbox 2187 388 2242 448; x_wconf 80' lang='grc' dir='ltr'><strong>Α</strong></span> 
     </span>
    </p>
   </div>
   <div class='ocr_carea' id='block_1_6' title="bbox 561 473 2171 549">
    <p class='ocr_par' dir='ltr' id='par_1_6' title="bbox 561 473 2171 549">
     <span class='ocr_line' id='line_1_6' title="bbox 561 473 2171 549; baseline -0.007 -9"><span class='ocrx_word' id='word_1_12' title='bbox 561 499 658 542; x_wconf 80' lang='lat' dir='ltr'><strong>eos</strong></span> <span class='ocrx_word' id='word_1_13' title='bbox 677 482 922 538; x_wconf 83' lang='lat' dir='ltr'><strong>diabolus</strong></span> <span class='ocrx_word' id='word_1_14' title='bbox 949 495 1015 534; x_wconf 81' lang='lat' dir='ltr'><strong>ex</strong></span> <span class='ocrx_word' id='word_1_15' title='bbox 1043 478 1246 549; x_wconf 81' lang='lat' dir='ltr'><strong>angelis</strong></span> <span class='ocrx_word' id='word_1_16' title='bbox 1275 476 1369 532; x_wconf 87' lang='lat' dir='ltr'><strong>Dei</strong></span> <span class='ocrx_word' id='word_1_17' title='bbox 1396 489 1523 540; x_wconf 87' lang='lat' dir='ltr'><strong>suos</strong></span> <span class='ocrx_word' id='word_1_18' title='bbox 1553 475 1678 541; x_wconf 82' lang='lat' dir='ltr'><strong>fecit</strong></span> <span class='ocrx_word' id='word_1_19' title='bbox 1699 475 2059 540; x_wconf 89' lang='lat' dir='ltr'><strong>satellites,ac</strong></span> <span class='ocrx_word' id='word_1_20' title='bbox 2077 473 2171 528; x_wconf 85' lang='lat' dir='ltr'><strong>mi-</strong></span> 
     </span>
    </p>
   </div>
   <div class='ocr_carea' id='block_1_7' title="bbox 560 567 2170 646">
    <p class='ocr_par' dir='ltr' id='par_1_7' title="bbox 560 567 2170 646">
     <span class='ocr_line' id='line_1_7' title="bbox 560 567 2170 646; baseline -0.006 -17"><span class='ocrx_word' id='word_1_21' title='bbox 560 576 776 630; x_wconf 90' lang='lat' dir='ltr'><strong>nistros.</strong></span> <span class='ocrx_word' id='word_1_22' title='bbox 806 571 907 638; x_wconf 85' lang='lat' dir='ltr'><strong>Qui</strong></span> <span class='ocrx_word' id='word_1_23' title='bbox 937 579 1114 625; x_wconf 90' lang='lat' dir='ltr'><strong>autem</strong></span> <span class='ocrx_word' id='word_1_24' title='bbox 1143 578 1267 624; x_wconf 89' lang='lat' dir='ltr'><strong>sunt</strong></span> <span class='ocrx_word' id='word_1_25' title='bbox 1294 584 1360 625; x_wconf 83' lang='lat' dir='ltr'><strong>ex</strong></span> <span class='ocrx_word' id='word_1_26' title='bbox 1389 567 1474 628; x_wconf 85' lang='lat' dir='ltr'><strong>bis</strong></span> <span class='ocrx_word' id='word_1_27' title='bbox 1497 567 1793 646; x_wconf 84' lang='lat' dir='ltr'><strong>procreati,</strong></span> <span class='ocrx_word' id='word_1_28' title='bbox 1830 567 1955 636; x_wconf 86' lang='lat' dir='ltr'><strong>quia</strong></span> <span class='ocrx_word' id='word_1_29' title='bbox 1993 579 2170 635; x_wconf 85' lang='lat' dir='ltr'><strong>neque</strong></span> 
     </span>
    </p>
   </div>
   <div class='ocr_carea' id='block_1_8' title="bbox 558 659 2170 741">
    <p class='ocr_par' dir='ltr' id='par_1_8' title="bbox 558 659 2170 741">
     <span class='ocr_line' id='line_1_8' title="bbox 558 659 2170 741; baseline -0.009 -16"><span class='ocrx_word' id='word_1_30' title='bbox 558 669 756 741; x_wconf 93' lang='lat' dir='ltr'><strong>angeli,</strong></span> <span class='ocrx_word' id='word_1_31' title='bbox 787 681 963 736; x_wconf 86' lang='lat' dir='ltr'><strong>neque</strong></span> <span class='ocrx_word' id='word_1_32' title='bbox 995 665 1246 719; x_wconf 89' lang='lat' dir='ltr'><strong>homines</strong></span> <span class='ocrx_word' id='word_1_33' title='bbox 1280 661 1521 728; x_wconf 87' lang='lat' dir='ltr'><strong>fuerunt,</strong></span> <span class='ocrx_word' id='word_1_34' title='bbox 1547 661 1643 716; x_wconf 88' lang='lat' dir='ltr'><strong>sed</strong></span> <span class='ocrx_word' id='word_1_35' title='bbox 1693 659 1928 715; x_wconf 90' lang='lat' dir='ltr'><strong>mediam</strong></span> <span class='ocrx_word' id='word_1_36' title='bbox 1979 673 2170 729; x_wconf 87' lang='lat' dir='ltr'><strong>quam-</strong></span> 
     </span>
    </p>
   </div>
   <div class='ocr_carea' id='block_1_9' title="bbox 557 747 2166 826">
    <p class='ocr_par' dir='ltr' id='par_1_9' title="bbox 557 747 2166 826">
     <span class='ocr_line' id='line_1_9' title="bbox 557 747 2166 826; baseline -0.01 -8"><span class='ocrx_word' id='word_1_37' title='bbox 557 767 680 818; x_wconf 88' lang='lat' dir='ltr'><strong>dam</strong></span> <span class='ocrx_word' id='word_1_38' title='bbox 730 766 975 816; x_wconf 90' lang='lat' dir='ltr'><strong>naturam</strong></span> <span class='ocrx_word' id='word_1_39' title='bbox 1028 764 1284 826; x_wconf 88' lang='lat' dir='ltr'><strong>gerentes</strong></span> <span class='ocrx_word' id='word_1_40' title='bbox 1324 752 1478 826; x_wconf 84' lang='lat' dir='ltr'><strong>(Vid.</strong></span> <span class='ocrx_word' id='word_1_41' title='bbox 1508 751 1572 809; x_wconf 89' lang='lat' dir='ltr'><strong>S.</strong></span> <span class='ocrx_word' id='word_1_42' title='bbox 1604 752 1738 823; x_wconf 80' lang='lat' dir='ltr'><strong>Aug.</strong></span> <span class='ocrx_word' id='word_1_43' title='bbox 1774 752 1838 805; x_wconf 83' lang='lat' dir='ltr'><strong>de</strong></span> <span class='ocrx_word' id='word_1_44' title='bbox 1861 748 2010 804; x_wconf 82' lang='lat' dir='ltr'><strong>Civil.</strong></span> <span class='ocrx_word' id='word_1_45' title='bbox 2045 747 2166 812; x_wconf 84' lang='lat' dir='ltr'><strong>Dei,</strong></span> 
     </span>
    </p>
   </div>
   <div class='ocr_carea' id='block_1_10' title="bbox 555 842 2168 921">
    <p class='ocr_par' dir='ltr' id='par_1_10' title="bbox 555 842 2168 921">
     <span class='ocr_line' id='line_1_10' title="bbox 555 842 2168 921; baseline -0.008 -12"><span class='ocrx_word' id='word_1_46' title='bbox 555 854 647 909; x_wconf 85' lang='lat' dir='ltr'><strong>lib.</strong></span> <span class='ocrx_word' id='word_1_47' title='bbox 678 867 798 917; x_wconf 81' lang='lat' dir='ltr'><strong>vin,</strong></span> <span class='ocrx_word' id='word_1_48' title='bbox 846 867 963 921; x_wconf 85' lang='lat' dir='ltr'><strong>cap.</strong></span> <span class='ocrx_word' id='word_1_49' title='bbox 995 850 1112 921; x_wconf 71' lang='grc'><strong>14),</strong></span> <span class='ocrx_word' id='word_1_50' title='bbox 1145 864 1252 904; x_wconf 90' lang='lat' dir='ltr'><strong>non</strong></span> <span class='ocrx_word' id='word_1_51' title='bbox 1281 856 1408 904; x_wconf 85' lang='lat' dir='ltr'><strong>sunt</strong></span> <span class='ocrx_word' id='word_1_52' title='bbox 1431 845 1500 902; x_wconf 90' lang='lat' dir='ltr'><strong>ad</strong></span> <span class='ocrx_word' id='word_1_53' title='bbox 1537 845 1741 901; x_wconf 89' lang='lat' dir='ltr'><strong>inferos</strong></span> <span class='ocrx_word' id='word_1_54' title='bbox 1763 843 1992 913; x_wconf 90' lang='lat' dir='ltr'><strong>recepti,</strong></span> <span class='ocrx_word' id='word_1_55' title='bbox 2027 842 2168 898; x_wconf 91' lang='lat' dir='ltr'><strong>sicut</strong></span> 
     </span>
    </p>
   </div>
   <div class='ocr_carea' id='block_1_11' title="bbox 553 935 2167 1014">
    <p class='ocr_par' dir='ltr' id='par_1_11' title="bbox 553 935 2167 1014">
     <span class='ocr_line' id='line_1_11' title="bbox 553 935 2167 1014; baseline -0.009 -12"><span class='ocrx_word' id='word_1_56' title='bbox 553 947 607 1002; x_wconf 91' lang='lat' dir='ltr'><strong>in</strong></span> <span class='ocrx_word' id='word_1_57' title='bbox 656 945 852 1002; x_wconf 62' lang='lat' dir='ltr'><strong>caelum</strong></span> <span class='ocrx_word' id='word_1_58' title='bbox 909 950 1164 1014; x_wconf 87' lang='lat' dir='ltr'><strong>parentes</strong></span> <span class='ocrx_word' id='word_1_59' title='bbox 1206 956 1418 998; x_wconf 89' lang='lat' dir='ltr'><strong>eorum.</strong></span> <span class='ocrx_word' id='word_1_60' title='bbox 1459 938 1534 996; x_wconf 86' lang='lat' dir='ltr'><strong>ita</strong></span> <span class='ocrx_word' id='word_1_61' title='bbox 1573 938 1684 994; x_wconf 91' lang='lat' dir='ltr'><strong>duo</strong></span> <span class='ocrx_word' id='word_1_62' title='bbox 1712 951 1912 1008; x_wconf 84' lang='lat' dir='ltr'><strong>genera</strong></span> <span class='ocrx_word' id='word_1_63' title='bbox 1962 935 2167 989; x_wconf 68' lang='lat' dir='ltr'><strong>daemo-</strong></span> 
     </span>
    </p>
   </div>
   <div class='ocr_carea' id='block_1_12' title="bbox 550 1025 2160 1102">
    <p class='ocr_par' dir='ltr' id='par_1_12' title="bbox 550 1025 2160 1102">
     <span class='ocr_line' id='line_1_12' title="bbox 550 1025 2160 1102; baseline -0.009 -8"><span class='ocrx_word' id='word_1_64' title='bbox 550 1054 680 1094; x_wconf 86' lang='lat' dir='ltr'><strong>num</strong></span> <span class='ocrx_word' id='word_1_65' title='bbox 713 1038 848 1092; x_wconf 84' lang='lat' dir='ltr'><strong>facta</strong></span> <span class='ocrx_word' id='word_1_66' title='bbox 878 1044 1024 1102; x_wconf 91' lang='lat' dir='ltr'><strong>sunt,</strong></span> <span class='ocrx_word' id='word_1_67' title='bbox 1058 1049 1223 1090; x_wconf 90' lang='lat' dir='ltr'><strong>unum</strong></span> <span class='ocrx_word' id='word_1_68' title='bbox 1246 1033 1490 1098; x_wconf 61' lang='lat' dir='ltr'><strong>caeleste,</strong></span> <span class='ocrx_word' id='word_1_69' title='bbox 1514 1031 1745 1086; x_wconf 89' lang='lat' dir='ltr'><strong>alterum</strong></span> <span class='ocrx_word' id='word_1_70' title='bbox 1775 1038 2072 1086; x_wconf 91' lang='lat' dir='ltr'><strong>terrenum.</strong></span> <span class='ocrx_word' id='word_1_71' title='bbox 2099 1025 2160 1080; x_wconf 87' lang='lat' dir='ltr'><strong>lli</strong></span> 
     </span>
    </p>
   </div>
   <div class='ocr_carea' id='block_1_13' title="bbox 549 1126 2162 1199">
    <p class='ocr_par' dir='ltr' id='par_1_13' title="bbox 549 1126 2162 1199">
     <span class='ocr_line' id='line_1_13' title="bbox 549 1126 2162 1199; baseline -0.008 -11"><span class='ocrx_word' id='word_1_72' title='bbox 549 1128 960 1188; x_wconf 87' lang='lat' dir='ltr'><strong>suntimmundi</strong></span> <span class='ocrx_word' id='word_1_73' title='bbox 981 1128 1229 1199; x_wconf 84' lang='lat' dir='ltr'><strong>spiritus,</strong></span> <span class='ocrx_word' id='word_1_74' title='bbox 1257 1126 1542 1193; x_wconf 86' lang='lat' dir='ltr'><strong>malorum,</strong></span> <span class='ocrx_word' id='word_1_75' title='bbox 1570 1139 1692 1196; x_wconf 67' lang='lat' dir='ltr'><strong>quae</strong></span> <span class='ocrx_word' id='word_1_76' title='bbox 1721 1131 2004 1195; x_wconf 88' lang='lat' dir='ltr'><strong>geruntur,</strong></span> <span class='ocrx_word' id='word_1_77' title='bbox 2032 1135 2162 1176; x_wconf 86' lang='lat' dir='ltr'><strong>auc-</strong></span> 
     </span>
    </p>
   </div>
   <div class='ocr_carea' id='block_1_14' title="bbox 548 1213 2160 1295">
    <p class='ocr_par' dir='ltr' id='par_1_14' title="bbox 548 1213 2160 1295">
     <span class='ocr_line' id='line_1_14' title="bbox 548 1213 2160 1295; baseline -0.009 -14"><span class='ocrx_word' id='word_1_78' title='bbox 548 1236 717 1293; x_wconf 86' lang='lat' dir='ltr'><strong>tores,</strong></span> <span class='ocrx_word' id='word_1_79' title='bbox 764 1239 996 1295; x_wconf 87' lang='lat' dir='ltr'><strong>quorum</strong></span> <span class='ocrx_word' id='word_1_80' title='bbox 1047 1221 1190 1278; x_wconf 93' lang='lat' dir='ltr'><strong>idem</strong></span> <span class='ocrx_word' id='word_1_81' title='bbox 1245 1219 1495 1276; x_wconf 86' lang='lat' dir='ltr'><strong>diabolus</strong></span> <span class='ocrx_word' id='word_1_82' title='bbox 1550 1229 1632 1274; x_wconf 90' lang='lat' dir='ltr'><strong>est</strong></span> <span class='ocrx_word' id='word_1_83' title='bbox 1680 1217 1954 1288; x_wconf 79' lang='lat' dir='ltr'><strong>princeps.</strong></span> <span class='ocrx_word' id='word_1_84' title='bbox 2003 1213 2160 1270; x_wconf 89' lang='lat' dir='ltr'><strong>Unde</strong></span> 
     </span>
    </p>
   </div>
   <div class='ocr_carea' id='block_1_15' title="bbox 547 1311 2157 1389">
    <p class='ocr_par' dir='ltr' id='par_1_15' title="bbox 547 1311 2157 1389">
     <span class='ocr_line' id='line_1_15' title="bbox 547 1311 2157 1389; baseline -0.007 -15"><span class='ocrx_word' id='word_1_85' title='bbox 547 1318 933 1389; x_wconf 89' lang='lat' dir='ltr'><strong>Trismegistus</strong></span> <span class='ocrx_word' id='word_1_86' title='bbox 965 1316 1115 1373; x_wconf 91' lang='lat' dir='ltr'><strong>illum</strong></span> <span class='ocrx_word' id='word_1_87' title='bbox 1145 1314 1508 1388; x_wconf 79' lang='grc' dir='ltr'><strong>δαιμονιὰρχεν</strong></span> <span class='ocrx_word' id='word_1_88' title='bbox 1531 1321 1709 1368; x_wconf 89' lang='lat' dir='ltr'><strong>vocat.</strong></span> <span class='ocrx_word' id='word_1_89' title='bbox 1745 1311 2030 1366; x_wconf 76' lang='lat' dir='ltr'><strong>Dzemonas</strong></span> <span class='ocrx_word' id='word_1_90' title='bbox 2056 1323 2157 1363; x_wconf 90' lang='lat' dir='ltr'><strong>au-</strong></span> 
     </span>
    </p>
   </div>
   <div class='ocr_carea' id='block_1_16' title="bbox 545 1401 2152 1483">
    <p class='ocr_par' dir='ltr' id='par_1_16' title="bbox 545 1401 2152 1483">
     <span class='ocr_line' id='line_1_16' title="bbox 545 1401 2152 1483; baseline -0.008 -15"><span class='ocrx_word' id='word_1_91' title='bbox 545 1420 652 1468; x_wconf 89' lang='lat' dir='ltr'><strong>tem</strong></span> <span class='ocrx_word' id='word_1_92' title='bbox 683 1410 1023 1483; x_wconf 77' lang='lat' dir='ltr'><strong>grammatici</strong></span> <span class='ocrx_word' id='word_1_93' title='bbox 1053 1409 1226 1465; x_wconf 89' lang='lat' dir='ltr'><strong>dictos</strong></span> <span class='ocrx_word' id='word_1_94' title='bbox 1252 1407 1425 1474; x_wconf 87' lang='lat' dir='ltr'><strong>aiunt,</strong></span> <span class='ocrx_word' id='word_1_95' title='bbox 1458 1406 1613 1478; x_wconf 90' lang='lat' dir='ltr'><strong>quasi</strong></span> <span class='ocrx_word' id='word_1_96' title='bbox 1653 1404 1929 1478; x_wconf 78' lang='grc' dir='ltr'><strong>δαήμονας,</strong></span> <span class='ocrx_word' id='word_1_97' title='bbox 1964 1401 2014 1456; x_wconf 88' lang='lat' dir='ltr'><strong>id</strong></span> <span class='ocrx_word' id='word_1_98' title='bbox 2047 1408 2152 1467; x_wconf 89' lang='lat' dir='ltr'><strong>est,</strong></span> 
     </span>
    </p>
   </div>
   <div class='ocr_carea' id='block_1_17' title="bbox 543 1495 2149 1576">
    <p class='ocr_par' dir='ltr' id='par_1_17' title="bbox 543 1495 2149 1576">
     <span class='ocr_line' id='line_1_17' title="bbox 543 1495 2149 1576; baseline -0.007 -17"><span class='ocrx_word' id='word_1_99' title='bbox 543 1505 770 1576; x_wconf 90' lang='lat' dir='ltr'><strong>peritos,</strong></span> <span class='ocrx_word' id='word_1_100' title='bbox 799 1518 863 1558; x_wconf 90' lang='lat' dir='ltr'><strong>ac</strong></span> <span class='ocrx_word' id='word_1_101' title='bbox 890 1518 1071 1558; x_wconf 91' lang='lat' dir='ltr'><strong>rerum</strong></span> <span class='ocrx_word' id='word_1_102' title='bbox 1101 1501 1269 1568; x_wconf 91' lang='lat' dir='ltr'><strong>scios,</strong></span> <span class='ocrx_word' id='word_1_103' title='bbox 1303 1499 1404 1556; x_wconf 89' lang='lat' dir='ltr'><strong>hos</strong></span> <span class='ocrx_word' id='word_1_104' title='bbox 1430 1500 1574 1556; x_wconf 90' lang='lat' dir='ltr'><strong>enim</strong></span> <span class='ocrx_word' id='word_1_105' title='bbox 1611 1505 1801 1566; x_wconf 92' lang='lat' dir='ltr'><strong>putant</strong></span> <span class='ocrx_word' id='word_1_106' title='bbox 1840 1495 1973 1551; x_wconf 86' lang='lat' dir='ltr'><strong>deos</strong></span> <span class='ocrx_word' id='word_1_107' title='bbox 2007 1507 2149 1549; x_wconf 86' lang='lat' dir='ltr'><strong>esse.</strong></span> 
     </span>
    </p>
   </div>
   <div class='ocr_carea' id='block_1_18' title="bbox 547 1583 2156 1666">
    <p class='ocr_par' dir='ltr' id='par_1_18' title="bbox 547 1583 2156 1666">
     <span class='ocr_line' id='line_1_18' title="bbox 547 1583 2156 1666; baseline -0.011 -13"><span class='ocrx_word' id='word_1_108' title='bbox 547 1598 740 1654; x_wconf 90' lang='lat' dir='ltr'><strong>Sciunt</strong></span> <span class='ocrx_word' id='word_1_109' title='bbox 769 1595 844 1650; x_wconf 89' lang='lat' dir='ltr'><strong>illi</strong></span> <span class='ocrx_word' id='word_1_110' title='bbox 875 1595 1094 1666; x_wconf 87' lang='lat' dir='ltr'><strong>quidem</strong></span> <span class='ocrx_word' id='word_1_111' title='bbox 1126 1595 1307 1649; x_wconf 89' lang='lat' dir='ltr'><strong>futura</strong></span> <span class='ocrx_word' id='word_1_112' title='bbox 1331 1593 1499 1648; x_wconf 91' lang='lat' dir='ltr'><strong>multa</strong></span> <span class='ocrx_word' id='word_1_113' title='bbox 1533 1589 1686 1663; x_wconf 87' lang='lat' dir='ltr'><strong>(Vid.</strong></span> <span class='ocrx_word' id='word_1_114' title='bbox 1720 1587 1782 1643; x_wconf 87' lang='lat' dir='ltr'><strong>S.</strong></span> <span class='ocrx_word' id='word_1_115' title='bbox 1813 1587 1948 1658; x_wconf 78' lang='lat' dir='ltr'><strong>Aug.</strong></span> <span class='ocrx_word' id='word_1_116' title='bbox 1981 1585 2043 1640; x_wconf 85' lang='lat' dir='ltr'><strong>de</strong></span> <span class='ocrx_word' id='word_1_117' title='bbox 2072 1583 2156 1637; x_wconf 86' lang='lat' dir='ltr'><strong>Ci-</strong></span> 
     </span>
    </p>
   </div>
   <div class='ocr_carea' id='block_1_19' title="bbox 543 1681 2156 1761">
    <p class='ocr_par' dir='ltr' id='par_1_19' title="bbox 543 1681 2156 1761">
     <span class='ocr_line' id='line_1_19' title="bbox 543 1681 2156 1761; baseline -0.008 -14"><span class='ocrx_word' id='word_1_118' title='bbox 543 1693 702 1747; x_wconf 80' lang='lat' dir='ltr'><strong>vitate</strong></span> <span class='ocrx_word' id='word_1_119' title='bbox 728 1691 846 1758; x_wconf 84' lang='lat' dir='ltr'><strong>Dei,</strong></span> <span class='ocrx_word' id='word_1_120' title='bbox 877 1691 968 1746; x_wconf 84' lang='lat' dir='ltr'><strong>lib.</strong></span> <span class='ocrx_word' id='word_1_121' title='bbox 999 1707 1080 1759; x_wconf 76' lang='lat' dir='ltr'><strong>rx,</strong></span> <span class='ocrx_word' id='word_1_122' title='bbox 1131 1707 1247 1761; x_wconf 81' lang='lat' dir='ltr'><strong>cap.</strong></span> <span class='ocrx_word' id='word_1_123' title='bbox 1281 1689 1396 1761; x_wconf 75' lang='lat'><strong>‘20),</strong></span> <span class='ocrx_word' id='word_1_124' title='bbox 1447 1687 1544 1744; x_wconf 91' lang='lat' dir='ltr'><strong>sed</strong></span> <span class='ocrx_word' id='word_1_125' title='bbox 1582 1703 1688 1741; x_wconf 94' lang='lat' dir='ltr'><strong>non</strong></span> <span class='ocrx_word' id='word_1_126' title='bbox 1719 1683 1923 1747; x_wconf 84' lang='lat' dir='ltr'><strong>omnia,</strong></span> <span class='ocrx_word' id='word_1_127' title='bbox 1954 1681 2156 1751; x_wconf 84' lang='lat' dir='ltr'><strong>quippe</strong></span> 
     </span>
    </p>
   </div>
   <div class='ocr_carea' id='block_1_20' title="bbox 1660 262 2796 322">
    <p class='ocr_par' dir='ltr' id='par_1_20' title="bbox 1660 262 2796 322">
     <span class='ocr_line' id='line_1_20' title="bbox 1660 262 2796 322; baseline -0.003 0"><span class='ocrx_word' id='word_1_128' title='bbox 1660 265 1848 322; x_wconf 80' lang='lat' dir='ltr'><strong>FIRM.</strong></span> <span class='ocrx_word' id='word_1_129' title='bbox 1890 263 2257 321; x_wconf 78' lang='lat' dir='ltr'><strong>LACTANTII</strong></span> <span class='ocrx_word' id='word_1_130' title='bbox 2302 263 2506 321; x_wconf 86' lang='lat' dir='ltr'><strong>DlVlN.</strong></span> <span class='ocrx_word' id='word_1_131' title='bbox 2547 262 2796 320; x_wconf 82' lang='lat' dir='ltr'><strong>lNSTlT.</strong></span> 
     </span>
    </p>
   </div>
   <div class='ocr_carea' id='block_1_21' title="bbox 3719 267 3800 330">
    <p class='ocr_par' dir='ltr' id='par_1_21' title="bbox 3719 267 3800 330">
     <span class='ocr_line' id='line_1_21' title="bbox 3719 267 3800 330; baseline 0 -1"><span class='ocrx_word' id='word_1_132' title='bbox 3719 267 3800 330; x_wconf 63' lang='grc' dir='ltr'><strong>ὅδε</strong></span> 
     </span>
    </p>
   </div>
   <div class='ocr_carea' id='block_1_22' title="bbox 2513 387 3481 443">
    <p class='ocr_par' dir='ltr' id='par_1_22' title="bbox 2513 387 3481 443">
     <span class='ocr_line' id='line_1_22' title="bbox 2513 387 3481 443; baseline -0.001 -10"><span class='ocrx_word' id='word_1_133' title='bbox 2513 393 2559 434; x_wconf 79' lang='lat' dir='ltr'><strong>Oi</strong></span> <span class='ocrx_word' id='word_1_134' title='bbox 2583 395 2647 443; x_wconf 74' lang='grc' dir='ltr'><strong>μιν</strong></span> <span class='ocrx_word' id='word_1_135' title='bbox 2671 389 2839 442; x_wconf 47' lang='lat' dir='ltr'><strong>Sullae“;</strong></span> <span class='ocrx_word' id='word_1_136' title='bbox 2863 393 2934 431; x_wconf 72' lang='lat' dir='ltr'><strong>stat</strong></span> <span class='ocrx_word' id='word_1_137' title='bbox 2955 391 3036 438; x_wconf 71' lang='grc' dir='ltr'><strong>Διὸς</strong></span> <span class='ocrx_word' id='word_1_138' title='bbox 3061 391 3218 442; x_wconf 53' lang='lat' dir='ltr'><strong>laqueo</strong></span> <span class='ocrx_word' id='word_1_139' title='bbox 3242 387 3306 430; x_wconf 69' lang='grc' dir='ltr'><strong>διὰ</strong></span> <span class='ocrx_word' id='word_1_140' title='bbox 3323 391 3450 442; x_wconf 65' lang='grc' dir='ltr'><strong>βουλὰς</strong></span> <span class='ocrx_word' id='word_1_141' title='bbox 3468 419 3481 443; x_wconf 89' lang='lat'><strong>,</strong></span> 
     </span>
    </p>
   </div>
   <div class='ocr_carea' id='block_1_23' title="bbox 2528 449 3465 516">
    <p class='ocr_par' dir='ltr' id='par_1_23' title="bbox 2528 449 3465 516">
     <span class='ocr_line' id='line_1_23' title="bbox 2528 449 3465 516; baseline -0.002 -20"><span class='ocrx_word' id='word_1_142' title='bbox 2528 449 2678 504; x_wconf 65' lang='grc' dir='ltr'><strong>ἐσθλοὶ,</strong></span> <span class='ocrx_word' id='word_1_143' title='bbox 2699 456 2910 509; x_wconf 69' lang='grc' dir='ltr'><strong>ικιιθόνιοι,</strong></span> <span class='ocrx_word' id='word_1_144' title='bbox 2933 455 3085 507; x_wconf 53' lang='lat' dir='ltr'><strong>quia“;</strong></span> <span class='ocrx_word' id='word_1_145' title='bbox 3111 455 3246 504; x_wconf 71' lang='grc' dir='ltr'><strong>θνητόν</strong></span> <span class='ocrx_word' id='word_1_146' title='bbox 3271 455 3465 516; x_wconf 62' lang='grc' dir='ltr'><strong>ἀνθρώπων.</strong></span> 
     </span>
    </p>
   </div>
   <div class='ocr_carea' id='block_1_24' title="bbox 2344 569 3801 641">
    <p class='ocr_par' dir='ltr' id='par_1_24' title="bbox 2344 569 3801 641">
     <span class='ocr_line' id='line_1_24' title="bbox 2344 569 3801 641; baseline 0.003 -14"><span class='ocrx_word' id='word_1_147' title='bbox 2344 571 2497 641; x_wconf 86' lang='lat' dir='ltr'><strong>Quod</strong></span> <span class='ocrx_word' id='word_1_148' title='bbox 2529 571 2734 627; x_wconf 88' lang='lat' dir='ltr'><strong>idcirco</strong></span> <span class='ocrx_word' id='word_1_149' title='bbox 2773 569 2974 627; x_wconf 88' lang='lat' dir='ltr'><strong>dictum</strong></span> <span class='ocrx_word' id='word_1_150' title='bbox 3024 578 3127 635; x_wconf 87' lang='lat' dir='ltr'><strong>est,</strong></span> <span class='ocrx_word' id='word_1_151' title='bbox 3171 569 3422 641; x_wconf 81' lang='lat' dir='ltr'><strong>quonian</strong></span> <span class='ocrx_word' id='word_1_152' title='bbox 3466 571 3696 629; x_wconf 74' lang='lat' dir='ltr'><strong>custodes</strong></span> <span class='ocrx_word' id='word_1_153' title='bbox 3726 589 3801 631; x_wconf 82' lang='lat' dir='ltr'><strong>eos</strong></span> 
     </span>
    </p>
   </div>
   <div class='ocr_carea' id='block_1_25' title="bbox 2274 663 3802 737">
    <p class='ocr_par' dir='ltr' id='par_1_25' title="bbox 2274 663 3802 737">
     <span class='ocr_line' id='line_1_25' title="bbox 2274 663 3802 737; baseline 0.003 -18"><span class='ocrx_word' id='word_1_154' title='bbox 2274 665 2511 720; x_wconf 83' lang='lat' dir='ltr'><strong>humano</strong></span> <span class='ocrx_word' id='word_1_155' title='bbox 2560 664 2746 735; x_wconf 82' lang='lat' dir='ltr'><strong>generi</strong></span> <span class='ocrx_word' id='word_1_156' title='bbox 2795 665 2939 721; x_wconf 86' lang='lat' dir='ltr'><strong>Deus</strong></span> <span class='ocrx_word' id='word_1_157' title='bbox 2988 663 3212 720; x_wconf 80' lang='lat' dir='ltr'><strong>miserat</strong></span> <span class='ocrx_word' id='word_1_158' title='bbox 3243 681 3256 717; x_wconf 74' lang='grc' dir='ltr'><em>τ</em></span> <span class='ocrx_word' id='word_1_159' title='bbox 3289 663 3382 720; x_wconf 83' lang='lat' dir='ltr'><strong>sed</strong></span> <span class='ocrx_word' id='word_1_160' title='bbox 3427 664 3542 737; x_wconf 89' lang='lat' dir='ltr'><strong>ipsi,</strong></span> <span class='ocrx_word' id='word_1_161' title='bbox 3585 681 3692 728; x_wconf 87' lang='lat' dir='ltr'><strong>cum</strong></span> <span class='ocrx_word' id='word_1_162' title='bbox 3713 668 3802 723; x_wconf 83' lang='lat' dir='ltr'><strong>sint</strong></span> 
     </span>
    </p>
   </div>
   <div class='ocr_carea' id='block_1_26' title="bbox 2272 755 3802 828">
    <p class='ocr_par' dir='ltr' id='par_1_26' title="bbox 2272 755 3802 828">
     <span class='ocr_line' id='line_1_26' title="bbox 2272 755 3802 828; baseline 0.001 -14"><span class='ocrx_word' id='word_1_163' title='bbox 2272 759 2580 828; x_wconf 90' lang='lat' dir='ltr'><strong>perditores</strong></span> <span class='ocrx_word' id='word_1_164' title='bbox 2609 757 2912 823; x_wconf 86' lang='lat' dir='ltr'><strong>hominum,</strong></span> <span class='ocrx_word' id='word_1_165' title='bbox 2953 755 3210 812; x_wconf 80' lang='lat' dir='ltr'><strong>custodes</strong></span> <span class='ocrx_word' id='word_1_166' title='bbox 3253 765 3428 812; x_wconf 86' lang='lat' dir='ltr'><strong>tamen</strong></span> <span class='ocrx_word' id='word_1_167' title='bbox 3452 773 3512 814; x_wconf 89' lang='lat' dir='ltr'><strong>se</strong></span> <span class='ocrx_word' id='word_1_168' title='bbox 3545 758 3696 814; x_wconf 88' lang='lat' dir='ltr'><strong>videri</strong></span> <span class='ocrx_word' id='word_1_169' title='bbox 3727 776 3802 816; x_wconf 42' lang='lat' dir='ltr'><strong>vo‘</strong></span> 
     </span>
    </p>
   </div>
   <div class='ocr_carea' id='block_1_27' title="bbox 2270 850 3803 923">
    <p class='ocr_par' dir='ltr' id='par_1_27' title="bbox 2270 850 3803 923">
     <span class='ocr_line' id='line_1_27' title="bbox 2270 850 3803 923; baseline 0.001 -16"><span class='ocrx_word' id='word_1_170' title='bbox 2270 851 2406 918; x_wconf 89' lang='lat' dir='ltr'><strong>lunt,</strong></span> <span class='ocrx_word' id='word_1_171' title='bbox 2437 862 2494 906; x_wconf 89' lang='lat' dir='ltr'><strong>ut</strong></span> <span class='ocrx_word' id='word_1_172' title='bbox 2524 852 2624 923; x_wconf 88' lang='lat' dir='ltr'><strong>ipsi</strong></span> <span class='ocrx_word' id='word_1_173' title='bbox 2654 851 2926 919; x_wconf 83' lang='lat' dir='ltr'><strong>colantur,</strong></span> <span class='ocrx_word' id='word_1_174' title='bbox 2956 859 3011 905; x_wconf 92' lang='lat' dir='ltr'><strong>et</strong></span> <span class='ocrx_word' id='word_1_175' title='bbox 3043 850 3184 905; x_wconf 85' lang='lat' dir='ltr'><strong>Deus</strong></span> <span class='ocrx_word' id='word_1_176' title='bbox 3209 865 3317 904; x_wconf 91' lang='lat' dir='ltr'><strong>non</strong></span> <span class='ocrx_word' id='word_1_177' title='bbox 3358 851 3574 906; x_wconf 85' lang='lat' dir='ltr'><strong>colatur.</strong></span> <span class='ocrx_word' id='word_1_178' title='bbox 3602 851 3803 910; x_wconf 74' lang='lat' dir='ltr'><strong>Philoso-</strong></span> 
     </span>
    </p>
   </div>
   <div class='ocr_carea' id='block_1_28' title="bbox 2269 940 3800 1015">
    <p class='ocr_par' dir='ltr' id='par_1_28' title="bbox 2269 940 3800 1015">
     <span class='ocr_line' id='line_1_28' title="bbox 2269 940 3800 1015; baseline 0.002 -18"><span class='ocrx_word' id='word_1_179' title='bbox 2269 942 2362 1014; x_wconf 91' lang='lat' dir='ltr'><strong>phi</strong></span> <span class='ocrx_word' id='word_1_180' title='bbox 2404 959 2620 1015; x_wconf 89' lang='lat' dir='ltr'><strong>quoque</strong></span> <span class='ocrx_word' id='word_1_181' title='bbox 2647 942 2715 998; x_wconf 85' lang='lat' dir='ltr'><strong>de</strong></span> <span class='ocrx_word' id='word_1_182' title='bbox 2739 943 2822 998; x_wconf 87' lang='lat' dir='ltr'><strong>his</strong></span> <span class='ocrx_word' id='word_1_183' title='bbox 2852 941 3146 998; x_wconf 89' lang='lat' dir='ltr'><strong>disserunt.</strong></span> <span class='ocrx_word' id='word_1_184' title='bbox 3174 940 3309 998; x_wconf 85' lang='lat' dir='ltr'><strong>Nam</strong></span> <span class='ocrx_word' id='word_1_185' title='bbox 3336 941 3484 998; x_wconf 85' lang='lat' dir='ltr'><strong>Plato</strong></span> <span class='ocrx_word' id='word_1_186' title='bbox 3508 944 3655 1006; x_wconf 83' lang='lat' dir='ltr'><strong>etiam</strong></span> <span class='ocrx_word' id='word_1_187' title='bbox 3677 955 3800 1000; x_wconf 82' lang='lat' dir='ltr'><strong>natu-</strong></span> 
     </span>
    </p>
   </div>
   <div class='ocr_carea' id='block_1_29' title="bbox 2267 1033 3801 1106">
    <p class='ocr_par' dir='ltr' id='par_1_29' title="bbox 2267 1033 3801 1106">
     <span class='ocr_line' id='line_1_29' title="bbox 2267 1033 3801 1106; baseline -0.001 -14"><span class='ocrx_word' id='word_1_188' title='bbox 2267 1051 2356 1092; x_wconf 88' lang='lat' dir='ltr'><strong>ras</strong></span> <span class='ocrx_word' id='word_1_189' title='bbox 2385 1050 2572 1090; x_wconf 88' lang='lat' dir='ltr'><strong>eorum</strong></span> <span class='ocrx_word' id='word_1_190' title='bbox 2608 1035 2664 1089; x_wconf 90' lang='lat' dir='ltr'><strong>in</strong></span> <span class='ocrx_word' id='word_1_191' title='bbox 2687 1033 2978 1106; x_wconf 88' lang='lat' dir='ltr'><strong>Symposio</strong></span> <span class='ocrx_word' id='word_1_192' title='bbox 3008 1033 3320 1104; x_wconf 85' lang='lat' dir='ltr'><strong>exprimere</strong></span> <span class='ocrx_word' id='word_1_193' title='bbox 3365 1042 3581 1090; x_wconf 86' lang='lat' dir='ltr'><strong>conatus</strong></span> <span class='ocrx_word' id='word_1_194' title='bbox 3627 1044 3716 1091; x_wconf 81' lang='lat' dir='ltr'><strong>est.</strong></span> <span class='ocrx_word' id='word_1_195' title='bbox 3751 1037 3801 1092; x_wconf 82' lang='lat' dir='ltr'><strong>Et</strong></span> 
     </span>
    </p>
   </div>
   <div class='ocr_carea' id='block_1_30' title="bbox 2266 1127 3800 1199">
    <p class='ocr_par' dir='ltr' id='par_1_30' title="bbox 2266 1127 3800 1199">
     <span class='ocr_line' id='line_1_30' title="bbox 2266 1127 3800 1199; baseline -0.002 -12"><span class='ocrx_word' id='word_1_196' title='bbox 2266 1132 2521 1187; x_wconf 88' lang='lat' dir='ltr'><strong>Socrates</strong></span> <span class='ocrx_word' id='word_1_197' title='bbox 2539 1144 2661 1185; x_wconf 89' lang='lat' dir='ltr'><strong>esse</strong></span> <span class='ocrx_word' id='word_1_198' title='bbox 2676 1130 2821 1184; x_wconf 90' lang='lat' dir='ltr'><strong>circa</strong></span> <span class='ocrx_word' id='word_1_199' title='bbox 2845 1144 2905 1184; x_wconf 93' lang='lat' dir='ltr'><strong>se</strong></span> <span class='ocrx_word' id='word_1_200' title='bbox 2930 1127 3211 1183; x_wconf 90' lang='lat' dir='ltr'><strong>assiduum</strong></span> <span class='ocrx_word' id='word_1_201' title='bbox 3237 1127 3478 1183; x_wconf 69' lang='lat' dir='ltr'><strong>daemone</strong></span> <span class='ocrx_word' id='word_1_202' title='bbox 3507 1128 3800 1199; x_wconf 84' lang='lat' dir='ltr'><strong>loquebatur,</strong></span> 
     </span>
    </p>
   </div>
   <div class='ocr_carea' id='block_1_31' title="bbox 2264 1221 3801 1297">
    <p class='ocr_par' dir='ltr' id='par_1_31' title="bbox 2264 1221 3801 1297">
     <span class='ocr_line' id='line_1_31' title="bbox 2264 1221 3801 1297; baseline -0.001 -17"><span class='ocrx_word' id='word_1_203' title='bbox 2264 1227 2354 1297; x_wconf 93' lang='lat' dir='ltr'><strong>qui</strong></span> <span class='ocrx_word' id='word_1_204' title='bbox 2383 1225 2482 1280; x_wconf 89' lang='lat' dir='ltr'><strong>sibi</strong></span> <span class='ocrx_word' id='word_1_205' title='bbox 2517 1239 2688 1295; x_wconf 91' lang='lat' dir='ltr'><strong>pnero</strong></span> <span class='ocrx_word' id='word_1_206' title='bbox 2719 1223 3062 1292; x_wconf 70' lang='lat' dir='ltr'><strong>adluesisset,</strong></span> <span class='ocrx_word' id='word_1_207' title='bbox 3100 1225 3257 1293; x_wconf 88' lang='lat' dir='ltr'><strong>cujus</strong></span> <span class='ocrx_word' id='word_1_208' title='bbox 3284 1221 3503 1278; x_wconf 88' lang='lat' dir='ltr'><strong>arbitrio</strong></span> <span class='ocrx_word' id='word_1_209' title='bbox 3523 1231 3575 1277; x_wconf 92' lang='lat' dir='ltr'><strong>et</strong></span> <span class='ocrx_word' id='word_1_210' title='bbox 3597 1232 3708 1278; x_wconf 90' lang='lat' dir='ltr'><strong>nutu</strong></span> <span class='ocrx_word' id='word_1_211' title='bbox 3728 1239 3801 1279; x_wconf 80' lang='lat' dir='ltr'><strong>sua</strong></span> 
     </span>
    </p>
   </div>
   <div class='ocr_carea' id='block_1_32' title="bbox 2264 1315 3803 1389">
    <p class='ocr_par' dir='ltr' id='par_1_32' title="bbox 2264 1315 3803 1389">
     <span class='ocr_line' id='line_1_32' title="bbox 2264 1315 3803 1389; baseline -0.001 -16"><span class='ocrx_word' id='word_1_212' title='bbox 2264 1318 2372 1373; x_wconf 91' lang='lat' dir='ltr'><strong>vita</strong></span> <span class='ocrx_word' id='word_1_213' title='bbox 2403 1327 2703 1389; x_wconf 87' lang='lat' dir='ltr'><strong>regeretur.</strong></span> <span class='ocrx_word' id='word_1_214' title='bbox 2734 1316 3010 1386; x_wconf 81' lang='lat' dir='ltr'><strong>Magorum</strong></span> <span class='ocrx_word' id='word_1_215' title='bbox 3053 1329 3270 1386; x_wconf 87' lang='lat' dir='ltr'><strong>quoque</strong></span> <span class='ocrx_word' id='word_1_216' title='bbox 3314 1328 3406 1370; x_wconf 86' lang='lat' dir='ltr'><strong>ars</strong></span> <span class='ocrx_word' id='word_1_217' title='bbox 3443 1315 3610 1370; x_wconf 88' lang='lat' dir='ltr'><strong>omnis</strong></span> <span class='ocrx_word' id='word_1_218' title='bbox 3653 1331 3708 1371; x_wconf 85' lang='lat' dir='ltr'><strong>ac</strong></span> <span class='ocrx_word' id='word_1_219' title='bbox 3729 1331 3803 1387; x_wconf 88' lang='lat' dir='ltr'><strong>po-</strong></span> 
     </span>
    </p>
   </div>
   <div class='ocr_carea' id='block_1_33' title="bbox 2264 1396 3800 1480">
    <p class='ocr_par' dir='ltr' id='par_1_33' title="bbox 2264 1396 3800 1480">
     <span class='ocr_line' id='line_1_33' title="bbox 2264 1396 3800 1480; baseline -0.001 -14"><span class='ocrx_word' id='word_1_220' title='bbox 2264 1396 2652 1466; x_wconf 43' lang='lat' dir='ltr'><strong>tentia&#39;horum</strong></span> <span class='ocrx_word' id='word_1_221' title='bbox 2685 1408 3110 1480; x_wconf 87' lang='lat' dir='ltr'><strong>aspirationibus</strong></span> <span class='ocrx_word' id='word_1_222' title='bbox 3141 1416 3378 1475; x_wconf 82' lang='lat' dir='ltr'><strong>constat,</strong></span> <span class='ocrx_word' id='word_1_223' title='bbox 3410 1421 3438 1461; x_wconf 84' lang='lat' dir='ltr'><strong>a</strong></span> <span class='ocrx_word' id='word_1_224' title='bbox 3465 1407 3646 1478; x_wconf 89' lang='lat' dir='ltr'><strong>quibus</strong></span> <span class='ocrx_word' id='word_1_225' title='bbox 3670 1409 3800 1464; x_wconf 84' lang='lat' dir='ltr'><strong>invo-</strong></span> 
     </span>
    </p>
   </div>
   <div class='ocr_carea' id='block_1_34' title="bbox 2261 1499 3802 1572">
    <p class='ocr_par' dir='ltr' id='par_1_34' title="bbox 2261 1499 3802 1572">
     <span class='ocr_line' id='line_1_34' title="bbox 2261 1499 3802 1572; baseline -0.003 -12"><span class='ocrx_word' id='word_1_226' title='bbox 2261 1505 2390 1572; x_wconf 88' lang='lat' dir='ltr'><strong>cati,</strong></span> <span class='ocrx_word' id='word_1_227' title='bbox 2438 1503 2588 1560; x_wconf 91' lang='lat' dir='ltr'><strong>visus</strong></span> <span class='ocrx_word' id='word_1_228' title='bbox 2645 1503 2923 1558; x_wconf 90' lang='lat' dir='ltr'><strong>hominum</strong></span> <span class='ocrx_word' id='word_1_229' title='bbox 2970 1500 3263 1572; x_wconf 72' lang='lat' dir='ltr'><strong>praestigiis</strong></span> <span class='ocrx_word' id='word_1_230' title='bbox 3317 1499 3694 1556; x_wconf 70' lang='lat' dir='ltr'><strong>obcmcantibus</strong></span> <span class='ocrx_word' id='word_1_231' title='bbox 3724 1499 3802 1555; x_wconf 81' lang='lat' dir='ltr'><strong>fal-</strong></span> 
     </span>
    </p>
   </div>
   <div class='ocr_carea' id='block_1_35' title="bbox 2258 1593 3801 1666">
    <p class='ocr_par' dir='ltr' id='par_1_35' title="bbox 2258 1593 3801 1666">
     <span class='ocr_line' id='line_1_35' title="bbox 2258 1593 3801 1666; baseline -0.003 -13"><span class='ocrx_word' id='word_1_232' title='bbox 2258 1597 2396 1665; x_wconf 90' lang='lat' dir='ltr'><strong>lunt;</strong></span> <span class='ocrx_word' id='word_1_233' title='bbox 2423 1605 2482 1653; x_wconf 94' lang='lat' dir='ltr'><strong>ut</strong></span> <span class='ocrx_word' id='word_1_234' title='bbox 2509 1611 2614 1652; x_wconf 90' lang='lat' dir='ltr'><strong>non</strong></span> <span class='ocrx_word' id='word_1_235' title='bbox 2638 1595 2857 1652; x_wconf 84' lang='lat' dir='ltr'><strong>videant</strong></span> <span class='ocrx_word' id='word_1_236' title='bbox 2871 1610 2936 1650; x_wconf 87' lang='lat' dir='ltr'><strong>ea</strong></span> <span class='ocrx_word' id='word_1_237' title='bbox 2963 1609 3086 1666; x_wconf 63' lang='lat' dir='ltr'><strong>quae</strong></span> <span class='ocrx_word' id='word_1_238' title='bbox 3112 1603 3263 1661; x_wconf 90' lang='lat' dir='ltr'><strong>sunt,</strong></span> <span class='ocrx_word' id='word_1_239' title='bbox 3289 1601 3349 1648; x_wconf 86' lang='lat' dir='ltr'><strong>et</strong></span> <span class='ocrx_word' id='word_1_240' title='bbox 3377 1593 3555 1650; x_wconf 90' lang='lat' dir='ltr'><strong>videre</strong></span> <span class='ocrx_word' id='word_1_241' title='bbox 3575 1609 3630 1649; x_wconf 89' lang='lat' dir='ltr'><strong>se</strong></span> <span class='ocrx_word' id='word_1_242' title='bbox 3655 1602 3801 1663; x_wconf 86' lang='lat' dir='ltr'><strong>putent</strong></span> 
     </span>
    </p>
   </div>
   <div class='ocr_carea' id='block_1_36' title="bbox 2258 1687 3801 1761">
    <p class='ocr_par' dir='ltr' id='par_1_36' title="bbox 2258 1687 3801 1761">
     <span class='ocr_line' id='line_1_36' title="bbox 2258 1687 3801 1761; baseline -0.003 -17"><span class='ocrx_word' id='word_1_243' title='bbox 2258 1689 2345 1746; x_wconf 91' lang='lat' dir='ltr'><strong>illa</strong></span> <span class='ocrx_word' id='word_1_244' title='bbox 2378 1705 2498 1761; x_wconf 62' lang='lat' dir='ltr'><strong>quas</strong></span> <span class='ocrx_word' id='word_1_245' title='bbox 2530 1704 2636 1745; x_wconf 92' lang='lat' dir='ltr'><strong>non</strong></span> <span class='ocrx_word' id='word_1_246' title='bbox 2667 1697 2812 1744; x_wconf 91' lang='lat' dir='ltr'><strong>sunt.</strong></span> <span class='ocrx_word' id='word_1_247' title='bbox 2849 1688 2936 1754; x_wconf 87' lang='lat' dir='ltr'><strong>iii,</strong></span> <span class='ocrx_word' id='word_1_248' title='bbox 2976 1695 3037 1742; x_wconf 92' lang='lat' dir='ltr'><strong>ut</strong></span> <span class='ocrx_word' id='word_1_249' title='bbox 3062 1687 3210 1756; x_wconf 88' lang='lat' dir='ltr'><strong>dico,</strong></span> <span class='ocrx_word' id='word_1_250' title='bbox 3244 1687 3469 1756; x_wconf 86' lang='lat' dir='ltr'><strong>spiritus</strong></span> <span class='ocrx_word' id='word_1_251' title='bbox 3505 1687 3801 1744; x_wconf 80' lang='lat' dir='ltr'><strong>contaminati</strong></span> 
     </span>
    </p>
   </div>
   <div class='ocr_carea' id='block_1_37' title="bbox 538 1772 3800 1855">
    <p class='ocr_par' dir='ltr' id='par_1_37' title="bbox 538 1772 3800 1855">
     <span class='ocr_line' id='line_1_37' title="bbox 538 1772 3800 1855; baseline -0.005 -16"><span class='ocrx_word' id='word_1_252' title='bbox 538 1785 733 1854; x_wconf 84' lang='lat' dir='ltr'><strong>quibus</strong></span> <span class='ocrx_word' id='word_1_253' title='bbox 757 1785 970 1855; x_wconf 87' lang='lat' dir='ltr'><strong>penitus</strong></span> <span class='ocrx_word' id='word_1_254' title='bbox 990 1784 1277 1841; x_wconf 71' lang='lat' dir='ltr'><strong>consilium</strong></span> <span class='ocrx_word' id='word_1_255' title='bbox 1304 1783 1395 1838; x_wconf 90' lang='lat' dir='ltr'><strong>Dei</strong></span> <span class='ocrx_word' id='word_1_256' title='bbox 1427 1781 1567 1837; x_wconf 91' lang='lat' dir='ltr'><strong>scire</strong></span> <span class='ocrx_word' id='word_1_257' title='bbox 1590 1794 1696 1834; x_wconf 90' lang='lat' dir='ltr'><strong>non</strong></span> <span class='ocrx_word' id='word_1_258' title='bbox 1718 1778 1913 1833; x_wconf 88' lang='lat' dir='ltr'><strong>liceat:</strong></span> <span class='ocrx_word' id='word_1_259' title='bbox 1943 1782 1998 1830; x_wconf 86' lang='lat' dir='ltr'><strong>et</strong></span> <span class='ocrx_word' id='word_1_260' title='bbox 2028 1772 2152 1830; x_wconf 91' lang='lat' dir='ltr'><strong>ideo</strong></span> <span class='ocrx_word' id='word_1_261' title='bbox 2180 1790 2228 1851; x_wconf 84' lang='lat' dir='ltr'><strong>B</strong></span> <span class='ocrx_word' id='word_1_262' title='bbox 2255 1799 2319 1840; x_wconf 75' lang='lat' dir='ltr'><strong>ac</strong></span> <span class='ocrx_word' id='word_1_263' title='bbox 2351 1781 2549 1854; x_wconf 61' lang='lat' dir='ltr'><strong>perditi</strong></span> <span class='ocrx_word' id='word_1_264' title='bbox 2571 1797 2668 1853; x_wconf 75' lang='lat' dir='ltr'><strong>per</strong></span> <span class='ocrx_word' id='word_1_265' title='bbox 2695 1796 2914 1837; x_wconf 80' lang='lat' dir='ltr'><strong>omnem</strong></span> <span class='ocrx_word' id='word_1_266' title='bbox 2961 1789 3163 1836; x_wconf 66' lang='lat' dir='ltr'><strong>terram</strong></span> <span class='ocrx_word' id='word_1_267' title='bbox 3193 1791 3481 1850; x_wconf 61' lang='lat' dir='ltr'><strong>vagantur,</strong></span> <span class='ocrx_word' id='word_1_268' title='bbox 3518 1790 3572 1836; x_wconf 70' lang='grc' dir='ltr'>ει</span> <span class='ocrx_word' id='word_1_269' title='bbox 3594 1781 3800 1836; x_wconf 64' lang='lat' dir='ltr'><strong>solatium</strong></span> 
     </span>
    </p>
   </div>
   <div class='ocr_carea' id='block_1_38' title="bbox 537 1865 2147 1949">
    <p class='ocr_par' dir='ltr' id='par_1_38' title="bbox 537 1865 2147 1949">
     <span class='ocr_line' id='line_1_38' title="bbox 537 1865 2147 1949; baseline -0.007 -17"><span class='ocrx_word' id='word_1_270' title='bbox 537 1877 716 1932; x_wconf 89' lang='lat' dir='ltr'><strong>solent</strong></span> <span class='ocrx_word' id='word_1_271' title='bbox 740 1892 1001 1949; x_wconf 87' lang='lat' dir='ltr'><strong>responsa</strong></span> <span class='ocrx_word' id='word_1_272' title='bbox 1030 1878 1084 1933; x_wconf 93' lang='lat' dir='ltr'><strong>in</strong></span> <span class='ocrx_word' id='word_1_273' title='bbox 1129 1877 1413 1947; x_wconf 86' lang='lat' dir='ltr'><strong>ambiguos</strong></span> <span class='ocrx_word' id='word_1_274' title='bbox 1461 1875 1638 1931; x_wconf 81' lang='lat' dir='ltr'><strong>exitus</strong></span> <span class='ocrx_word' id='word_1_275' title='bbox 1666 1881 1993 1940; x_wconf 86' lang='lat' dir='ltr'><strong>temperare.</strong></span> <span class='ocrx_word' id='word_1_276' title='bbox 2038 1865 2147 1920; x_wconf 86' lang='lat' dir='ltr'><strong>Eos</strong></span> 
     </span>
    </p>
   </div>
   <div class='ocr_carea' id='block_1_39' title="bbox 539 1957 2146 2041">
    <p class='ocr_par' dir='ltr' id='par_1_39' title="bbox 539 1957 2146 2041">
     <span class='ocr_line' id='line_1_39' title="bbox 539 1957 2146 2041; baseline -0.008 -15"><span class='ocrx_word' id='word_1_277' title='bbox 539 1981 714 2041; x_wconf 88' lang='lat' dir='ltr'><strong>poetae</strong></span> <span class='ocrx_word' id='word_1_278' title='bbox 739 1980 795 2026; x_wconf 93' lang='lat' dir='ltr'><strong>et</strong></span> <span class='ocrx_word' id='word_1_279' title='bbox 837 1971 1016 2026; x_wconf 91' lang='lat' dir='ltr'><strong>sciunt</strong></span> <span class='ocrx_word' id='word_1_280' title='bbox 1045 1985 1166 2027; x_wconf 91' lang='lat' dir='ltr'><strong>esse</strong></span> <span class='ocrx_word' id='word_1_281' title='bbox 1193 1970 1491 2037; x_wconf 84' lang='lat' dir='ltr'><strong>daemonas,</strong></span> <span class='ocrx_word' id='word_1_282' title='bbox 1521 1976 1576 2022; x_wconf 92' lang='lat' dir='ltr'><strong>et</strong></span> <span class='ocrx_word' id='word_1_283' title='bbox 1603 1966 1918 2036; x_wconf 90' lang='lat' dir='ltr'><strong>loquuntur.</strong></span> <span class='ocrx_word' id='word_1_284' title='bbox 1950 1957 2146 2016; x_wconf 84' lang='lat' dir='ltr'><strong>Hesio-</strong></span> 
     </span>
    </p>
   </div>
   <div class='ocr_carea' id='block_1_40' title="bbox 537 2064 963 2121">
    <p class='ocr_par' dir='ltr' id='par_1_40' title="bbox 537 2064 963 2121">
     <span class='ocr_line' id='line_1_40' title="bbox 537 2064 963 2121; baseline 0 -1"><span class='ocrx_word' id='word_1_285' title='bbox 537 2064 638 2120; x_wconf 90' lang='lat' dir='ltr'><strong>dus</strong></span> <span class='ocrx_word' id='word_1_286' title='bbox 667 2065 736 2120; x_wconf 89' lang='lat' dir='ltr'><strong>ita</strong></span> <span class='ocrx_word' id='word_1_287' title='bbox 767 2065 963 2121; x_wconf 89' lang='lat' dir='ltr'><strong>tradit:</strong></span> 
     </span>
    </p>
   </div>
   <div class='ocr_carea' id='block_1_41' title="bbox 2257 1874 3801 1950">
    <p class='ocr_par' dir='ltr' id='par_1_41' title="bbox 2257 1874 3801 1950">
     <span class='ocr_line' id='line_1_41' title="bbox 2257 1874 3801 1950; baseline -0.003 -16"><span class='ocrx_word' id='word_1_288' title='bbox 2257 1877 2579 1950; x_wconf 90' lang='lat' dir='ltr'><strong>perditionis</strong></span> <span class='ocrx_word' id='word_1_289' title='bbox 2610 1890 2722 1931; x_wconf 78' lang='lat' dir='ltr'><strong>suae</strong></span> <span class='ocrx_word' id='word_1_290' title='bbox 2749 1874 3044 1946; x_wconf 89' lang='lat' dir='ltr'><strong>perdendis</strong></span> <span class='ocrx_word' id='word_1_291' title='bbox 3071 1874 3383 1930; x_wconf 90' lang='lat' dir='ltr'><strong>hominibus</strong></span> <span class='ocrx_word' id='word_1_292' title='bbox 3412 1882 3699 1945; x_wconf 87' lang='lat' dir='ltr'><strong>operantur.</strong></span> <span class='ocrx_word' id='word_1_293' title='bbox 3721 1874 3801 1930; x_wconf 81' lang='lat' dir='ltr'><strong>Ita-</strong></span> 
     </span>
    </p>
   </div>
   <div class='ocr_carea' id='block_1_42' title="bbox 2255 1967 3796 2050">
    <p class='ocr_par' dir='ltr' id='par_1_42' title="bbox 2255 1967 3796 2050">
     <span class='ocr_line' id='line_1_42' title="bbox 2255 1967 3796 2050; baseline -0.003 -23"><span class='ocrx_word' id='word_1_294' title='bbox 2255 1988 2358 2042; x_wconf 89' lang='lat' dir='ltr'><strong>que</strong></span> <span class='ocrx_word' id='word_1_295' title='bbox 2388 1971 2570 2026; x_wconf 87' lang='lat' dir='ltr'><strong>omnia</strong></span> <span class='ocrx_word' id='word_1_296' title='bbox 2599 1968 2830 2036; x_wconf 92' lang='lat' dir='ltr'><strong>insidiis,</strong></span> <span class='ocrx_word' id='word_1_297' title='bbox 2863 1968 3164 2036; x_wconf 82' lang='lat' dir='ltr'><strong>fraudibus,</strong></span> <span class='ocrx_word' id='word_1_298' title='bbox 3198 1967 3363 2035; x_wconf 91' lang='lat' dir='ltr'><strong>dolis,</strong></span> <span class='ocrx_word' id='word_1_299' title='bbox 3395 1969 3656 2050; x_wconf 78' lang='lat' dir='ltr'><strong>erroribus</strong></span> <span class='ocrx_word' id='word_1_300' title='bbox 3678 1983 3796 2024; x_wconf 88' lang='lat' dir='ltr'><strong>com-</strong></span> 
     </span>
    </p>
   </div>
   <div class='ocr_carea' id='block_1_43' title="bbox 2254 2059 3798 2138">
    <p class='ocr_par' dir='ltr' id='par_1_43' title="bbox 2254 2059 3798 2138">
     <span class='ocr_line' id='line_1_43' title="bbox 2254 2059 3798 2138; baseline -0.005 -16"><span class='ocrx_word' id='word_1_301' title='bbox 2254 2067 2437 2138; x_wconf 88' lang='lat' dir='ltr'><strong>plent;</strong></span> <span class='ocrx_word' id='word_1_302' title='bbox 2461 2062 2746 2118; x_wconf 64' lang='lat' dir='ltr'><strong>adhaerent</strong></span> <span class='ocrx_word' id='word_1_303' title='bbox 2775 2061 2920 2117; x_wconf 92' lang='lat' dir='ltr'><strong>enim</strong></span> <span class='ocrx_word' id='word_1_304' title='bbox 2962 2061 3191 2132; x_wconf 90' lang='lat' dir='ltr'><strong>singulis</strong></span> <span class='ocrx_word' id='word_1_305' title='bbox 3225 2059 3558 2128; x_wconf 91' lang='lat' dir='ltr'><strong>hominibus,</strong></span> <span class='ocrx_word' id='word_1_306' title='bbox 3582 2070 3632 2118; x_wconf 92' lang='lat' dir='ltr'><strong>et</strong></span> <span class='ocrx_word' id='word_1_307' title='bbox 3649 2073 3798 2117; x_wconf 86' lang='lat' dir='ltr'><strong>omnes</strong></span> 
     </span>
    </p>
   </div>
   <div class='ocr_carea' id='block_1_44' title="bbox 1898 2202 2523 2270">
    <p class='ocr_par' dir='ltr' id='par_1_44' title="bbox 1898 2202 2523 2270">
     <span class='ocr_line' id='line_1_44' title="bbox 1898 2202 2523 2270; baseline -0.021 0"><span class='ocrx_word' id='word_1_308' title='bbox 1898 2206 2257 2270; x_wconf 79' lang='lat' dir='ltr'><strong>VABIORUM</strong></span> <span class='ocrx_word' id='word_1_309' title='bbox 2294 2202 2523 2262; x_wconf 68' lang='grc' dir='ltr'><strong>ΝΟΤΕ.</strong></span> 
     </span>
    </p>
   </div>
   <div class='ocr_carea' id='block_1_45' title="bbox 533 2349 2135 2435">
    <p class='ocr_par' dir='ltr' id='par_1_45' title="bbox 533 2349 2135 2435">
     <span class='ocr_line' id='line_1_45' title="bbox 533 2349 2135 2435; baseline -0.011 -15"><span class='ocrx_word' id='word_1_310' title='bbox 533 2365 914 2435; x_wconf 82' lang='lat' dir='ltr'><strong>degenerasse,</strong></span> <span class='ocrx_word' id='word_1_311' title='bbox 941 2361 1026 2418; x_wconf 86' lang='lat' dir='ltr'><strong>vel</strong></span> <span class='ocrx_word' id='word_1_312' title='bbox 1071 2362 1264 2416; x_wconf 88' lang='lat' dir='ltr'><strong>saltem</strong></span> <span class='ocrx_word' id='word_1_313' title='bbox 1307 2376 1445 2435; x_wconf 79' lang='lat' dir='ltr'><strong>eum</strong></span> <span class='ocrx_word' id='word_1_314' title='bbox 1477 2357 1627 2414; x_wconf 87' lang='lat' dir='ltr'><strong>Caini</strong></span> <span class='ocrx_word' id='word_1_315' title='bbox 1659 2354 1890 2435; x_wconf 70' lang='lat' dir='ltr'><strong>posteris</strong></span> <span class='ocrx_word' id='word_1_316' title='bbox 1915 2367 1975 2435; x_wconf 47' lang='lat' dir='ltr'><strong>sne</strong></span> <span class='ocrx_word' id='word_1_317' title='bbox 2003 2349 2135 2435; x_wconf 82' lang='lat' dir='ltr'><strong>mis-</strong></span> 
     </span>
    </p>
   </div>
   <div class='ocr_carea' id='block_1_46' title="bbox 531 2425 2135 2498">
    <p class='ocr_par' dir='ltr' id='par_1_46' title="bbox 531 2425 2135 2498">
     <span class='ocr_line' id='line_1_46' title="bbox 531 2425 2135 2498; baseline -0.01 -5"><span class='ocrx_word' id='word_1_318' title='bbox 531 2425 713 2496; x_wconf 65' lang='lat' dir='ltr'><strong>cuisse</strong></span> <span class='ocrx_word' id='word_1_319' title='bbox 743 2434 886 2490; x_wconf 73' lang='lat' dir='ltr'><strong>ftedo</strong></span> <span class='ocrx_word' id='word_1_320' title='bbox 901 2425 1238 2488; x_wconf 73' lang='lat' dir='ltr'><strong>concubitu:</strong></span> <span class='ocrx_word' id='word_1_321' title='bbox 1274 2433 1536 2498; x_wconf 75' lang='lat' dir='ltr'><strong>siquidem</strong></span> <span class='ocrx_word' id='word_1_322' title='bbox 1570 2427 1831 2490; x_wconf 91' lang='lat' dir='ltr'><strong>nonnulli,</strong></span> <span class='ocrx_word' id='word_1_323' title='bbox 1868 2425 2135 2480; x_wconf 85' lang='lat' dir='ltr'><strong>referente</strong></span> 
     </span>
    </p>
   </div>
   <div class='ocr_carea' id='block_1_47' title="bbox 536 2501 2136 2577">
    <p class='ocr_par' dir='ltr' id='par_1_47' title="bbox 536 2501 2136 2577">
     <span class='ocr_line' id='line_1_47' title="bbox 536 2501 2136 2577; baseline -0.009 -14"><span class='ocrx_word' id='word_1_324' title='bbox 536 2510 687 2563; x_wconf 80' lang='lat' dir='ltr'><strong>Aben</strong></span> <span class='ocrx_word' id='word_1_325' title='bbox 713 2508 872 2569; x_wconf 87' lang='lat' dir='ltr'><strong>Ezra,</strong></span> <span class='ocrx_word' id='word_1_326' title='bbox 896 2522 990 2577; x_wconf 91' lang='lat' dir='ltr'><strong>per</strong></span> <span class='ocrx_word' id='word_1_327' title='bbox 1015 2505 1154 2577; x_wconf 78' lang='lat' dir='ltr'><strong>filios</strong></span> <span class='ocrx_word' id='word_1_328' title='bbox 1178 2505 1269 2560; x_wconf 91' lang='lat' dir='ltr'><strong>Dei</strong></span> <span class='ocrx_word' id='word_1_329' title='bbox 1292 2505 1432 2558; x_wconf 86' lang='lat' dir='ltr'><strong>filios</strong></span> <span class='ocrx_word' id='word_1_330' title='bbox 1454 2503 1602 2577; x_wconf 73' lang='lat' dir='ltr'><strong>Setlii</strong></span> <span class='ocrx_word' id='word_1_331' title='bbox 1625 2501 1947 2577; x_wconf 80' lang='lat' dir='ltr'><strong>intelligunt,</strong></span> <span class='ocrx_word' id='word_1_332' title='bbox 1971 2503 2027 2550; x_wconf 89' lang='lat' dir='ltr'><strong>et</strong></span> <span class='ocrx_word' id='word_1_333' title='bbox 2043 2509 2136 2563; x_wconf 87' lang='lat' dir='ltr'><strong>per</strong></span> 
     </span>
    </p>
   </div>
   <div class='ocr_carea' id='block_1_48' title="bbox 536 2571 2135 2645">
    <p class='ocr_par' dir='ltr' id='par_1_48' title="bbox 536 2571 2135 2645">
     <span class='ocr_line' id='line_1_48' title="bbox 536 2571 2135 2645; baseline -0.008 -10"><span class='ocrx_word' id='word_1_334' title='bbox 536 2580 676 2635; x_wconf 81' lang='lat' dir='ltr'><strong>ﬁlios</strong></span> <span class='ocrx_word' id='word_1_335' title='bbox 722 2571 996 2632; x_wconf 78' lang='lat' dir='ltr'><strong>hominum</strong></span> <span class='ocrx_word' id='word_1_336' title='bbox 1035 2576 1187 2631; x_wconf 81' lang='lat' dir='ltr'><strong>Caini</strong></span> <span class='ocrx_word' id='word_1_337' title='bbox 1219 2588 1482 2645; x_wconf 65' lang='grc' dir='ltr'><strong>ροςιθτοε.</strong></span> <span class='ocrx_word' id='word_1_338' title='bbox 1519 2574 1714 2630; x_wconf 75' lang='lat' dir='ltr'><strong>SPABK.</strong></span> <span class='ocrx_word' id='word_1_339' title='bbox 1747 2602 1818 2611; x_wconf 93' lang='lat'><strong>—</strong></span> <span class='ocrx_word' id='word_1_340' title='bbox 1851 2571 1974 2645; x_wconf 70' lang='lat' dir='ltr'><strong>llaec</strong></span> <span class='ocrx_word' id='word_1_341' title='bbox 2003 2582 2135 2645; x_wconf 65' lang='lat' dir='ltr'><strong>sane</strong></span> 
     </span>
    </p>
   </div>
   <div class='ocr_carea' id='block_1_49' title="bbox 534 2639 2130 2720">
    <p class='ocr_par' dir='ltr' id='par_1_49' title="bbox 534 2639 2130 2720">
     <span class='ocr_line' id='line_1_49' title="bbox 534 2639 2130 2720; baseline -0.008 -15"><span class='ocrx_word' id='word_1_342' title='bbox 534 2651 804 2720; x_wconf 80' lang='lat' dir='ltr'><strong>expositio</strong></span> <span class='ocrx_word' id='word_1_343' title='bbox 823 2649 1055 2720; x_wconf 76' lang='lat' dir='ltr'><strong>genuina</strong></span> <span class='ocrx_word' id='word_1_344' title='bbox 1080 2639 1334 2720; x_wconf 29' lang='lat' dir='ltr'><strong>videt-ara</strong></span> <span class='ocrx_word' id='word_1_345' title='bbox 1359 2647 1489 2720; x_wconf 83' lang='lat' dir='ltr'><strong>Vide</strong></span> <span class='ocrx_word' id='word_1_346' title='bbox 1523 2647 1874 2720; x_wconf 69' lang='lat' dir='ltr'><strong>Augustinum</strong></span> <span class='ocrx_word' id='word_1_347' title='bbox 1905 2641 1972 2696; x_wconf 91' lang='lat' dir='ltr'><strong>de</strong></span> <span class='ocrx_word' id='word_1_348' title='bbox 2011 2639 2130 2720; x_wconf 81' lang='lat' dir='ltr'><strong>Civ.</strong></span> 
     </span>
    </p>
   </div>
   <div class='ocr_carea' id='block_1_50' title="bbox 538 2714 2132 2789">
    <p class='ocr_par' dir='ltr' id='par_1_50' title="bbox 538 2714 2132 2789">
     <span class='ocr_line' id='line_1_50' title="bbox 538 2714 2132 2789; baseline -0.007 -13"><span class='ocrx_word' id='word_1_349' title='bbox 538 2714 655 2786; x_wconf 86' lang='lat' dir='ltr'><strong>Dei,</strong></span> <span class='ocrx_word' id='word_1_350' title='bbox 690 2723 782 2775; x_wconf 88' lang='lat' dir='ltr'><strong>lib.</strong></span> <span class='ocrx_word' id='word_1_351' title='bbox 813 2714 906 2787; x_wconf 60' lang='lat' dir='ltr'><strong>x&#39;v,</strong></span> <span class='ocrx_word' id='word_1_352' title='bbox 937 2736 1057 2789; x_wconf 85' lang='lat' dir='ltr'><strong>cap.</strong></span> <span class='ocrx_word' id='word_1_353' title='bbox 1088 2720 1181 2783; x_wconf 62' lang='lat' dir='ltr'><strong>Q5,</strong></span> <span class='ocrx_word' id='word_1_354' title='bbox 1213 2729 1267 2774; x_wconf 90' lang='lat' dir='ltr'><strong>et</strong></span> <span class='ocrx_word' id='word_1_355' title='bbox 1300 2719 1504 2773; x_wconf 89' lang='lat' dir='ltr'><strong>Estinm</strong></span> <span class='ocrx_word' id='word_1_356' title='bbox 1554 2719 1606 2770; x_wconf 91' lang='lat' dir='ltr'><strong>in</strong></span> <span class='ocrx_word' id='word_1_357' title='bbox 1637 2715 1730 2770; x_wconf 89' lang='lat' dir='ltr'><strong>lib.</strong></span> <span class='ocrx_word' id='word_1_358' title='bbox 1764 2731 1800 2769; x_wconf 89' lang='lat' dir='ltr'><strong>ll</strong></span> <span class='ocrx_word' id='word_1_359' title='bbox 1832 2714 2132 2789; x_wconf 72' lang='lat' dir='ltr'><strong>Sententia—</strong></span> 
     </span>
    </p>
   </div>
   <div class='ocr_carea' id='block_1_51' title="bbox 537 2785 2130 2862">
    <p class='ocr_par' dir='ltr' id='par_1_51' title="bbox 537 2785 2130 2862">
     <span class='ocr_line' id='line_1_51' title="bbox 537 2785 2130 2862; baseline -0.006 -16"><span class='ocrx_word' id='word_1_360' title='bbox 537 2809 678 2856; x_wconf 89' lang='lat' dir='ltr'><strong>rum,</strong></span> <span class='ocrx_word' id='word_1_361' title='bbox 703 2785 940 2847; x_wconf 75' lang='lat' dir='ltr'><strong>distitict.</strong></span> <span class='ocrx_word' id='word_1_362' title='bbox 970 2785 1023 2851; x_wconf 63' lang='lat'><strong>6,</strong></span> <span class='ocrx_word' id='word_1_363' title='bbox 1052 2791 1080 2862; x_wconf 84' lang='lat'><strong>§</strong></span> <span class='ocrx_word' id='word_1_364' title='bbox 1107 2792 1267 2862; x_wconf 72' lang='grc'><strong>12.-</strong></span> <span class='ocrx_word' id='word_1_365' title='bbox 1291 2790 1568 2843; x_wconf 84' lang='lat' dir='ltr'><strong>Mulierum</strong></span> <span class='ocrx_word' id='word_1_366' title='bbox 1584 2787 1954 2862; x_wconf 55' lang='lat' dir='ltr'><strong>congressibus.</strong></span> <span class='ocrx_word' id='word_1_367' title='bbox 1983 2785 2130 2862; x_wconf 68' lang='lat' dir='ltr'><strong>idem</strong></span> 
     </span>
    </p>
   </div>
   <div class='ocr_carea' id='block_1_52' title="bbox 536 2855 2128 2927">
    <p class='ocr_par' dir='ltr' id='par_1_52' title="bbox 536 2855 2128 2927">
     <span class='ocr_line' id='line_1_52' title="bbox 536 2855 2128 2927; baseline -0.008 -7"><span class='ocrx_word' id='word_1_368' title='bbox 536 2864 743 2920; x_wconf 90' lang='lat' dir='ltr'><strong>Tertul.</strong></span> <span class='ocrx_word' id='word_1_369' title='bbox 768 2863 900 2918; x_wconf 87' lang='lat' dir='ltr'><strong>ldnl.</strong></span> <span class='ocrx_word' id='word_1_370' title='bbox 927 2877 976 2918; x_wconf 93' lang='lat' dir='ltr'><strong>c.</strong></span> <span class='ocrx_word' id='word_1_371' title='bbox 996 2864 1029 2918; x_wconf 94' lang='lat'><strong>9</strong></span> <span class='ocrx_word' id='word_1_372' title='bbox 1055 2855 1078 2927; x_wconf 65' lang='grc' dir='ltr'><strong>ξ’</strong></span> <span class='ocrx_word' id='word_1_373' title='bbox 1098 2861 1242 2917; x_wconf 88' lang='lat' dir='ltr'><strong>Cult.</strong></span> <span class='ocrx_word' id='word_1_374' title='bbox 1269 2862 1437 2918; x_wconf 67' lang='lat' dir='ltr'><strong>Euam.</strong></span> <span class='ocrx_word' id='word_1_375' title='bbox 1463 2863 1498 2915; x_wconf 92' lang='lat' dir='ltr'><strong>l.</strong></span> <span class='ocrx_word' id='word_1_376' title='bbox 1525 2876 1564 2925; x_wconf 88' lang='grc' dir='ltr'><strong>ι,</strong></span> <span class='ocrx_word' id='word_1_377' title='bbox 1589 2876 1637 2914; x_wconf 93' lang='lat' dir='ltr'><strong>c.</strong></span> <span class='ocrx_word' id='word_1_378' title='bbox 1654 2855 1709 2923; x_wconf 59' lang='grc' dir='ltr'><strong>ἔς</strong></span> <span class='ocrx_word' id='word_1_379' title='bbox 1726 2857 1874 2926; x_wconf 85' lang='lat' dir='ltr'><strong>Virg.</strong></span> <span class='ocrx_word' id='word_1_380' title='bbox 1905 2855 2128 2912; x_wconf 88' lang='lat' dir='ltr'><strong>Veland.</strong></span> 
     </span>
    </p>
   </div>
   <div class='ocr_carea' id='block_1_53' title="bbox 535 2928 2128 3006">
    <p class='ocr_par' dir='ltr' id='par_1_53' title="bbox 535 2928 2128 3006">
     <span class='ocr_line' id='line_1_53' title="bbox 535 2928 2128 3006; baseline -0.005 -16"><span class='ocrx_word' id='word_1_381' title='bbox 535 2951 584 2990; x_wconf 89' lang='lat' dir='ltr'><strong>c.</strong></span> <span class='ocrx_word' id='word_1_382' title='bbox 622 2937 674 3000; x_wconf 90' lang='lat'><strong>7;</strong></span> <span class='ocrx_word' id='word_1_383' title='bbox 702 2935 956 3006; x_wconf 84' lang='lat' dir='ltr'><strong>Cyprian.</strong></span> <span class='ocrx_word' id='word_1_384' title='bbox 987 2938 1054 2988; x_wconf 90' lang='lat' dir='ltr'><strong>de</strong></span> <span class='ocrx_word' id='word_1_385' title='bbox 1082 2935 1216 2988; x_wconf 24' lang='lat' dir='ltr'><strong>l‘lah.</strong></span> <span class='ocrx_word' id='word_1_386' title='bbox 1250 2933 1393 3002; x_wconf 84' lang='lat' dir='ltr'><strong>Virg.</strong></span> <span class='ocrx_word' id='word_1_387' title='bbox 1429 2932 1468 2987; x_wconf 78' lang='lat' dir='ltr'><strong>f.</strong></span> <span class='ocrx_word' id='word_1_388' title='bbox 1504 2949 1574 3006; x_wconf 85' lang='lat' dir='ltr'><strong>m.</strong></span> <span class='ocrx_word' id='word_1_389' title='bbox 1603 2928 2128 3006; x_wconf 48' lang='lat' dir='ltr'><strong>lOSii_(_}tim_tnodia_n.</strong></span> 
     </span>
    </p>
   </div>
   <div class='ocr_carea' id='block_1_54' title="bbox 536 3000 2128 3076">
    <p class='ocr_par' dir='ltr' id='par_1_54' title="bbox 536 3000 2128 3076">
     <span class='ocr_line' id='line_1_54' title="bbox 536 3000 2128 3076; baseline -0.007 -14"><span class='ocrx_word' id='word_1_390' title='bbox 536 3000 926 3062; x_wconf 78' lang='lat' dir='ltr'><strong>Commonitor.</strong></span> <span class='ocrx_word' id='word_1_391' title='bbox 959 3021 1011 3076; x_wconf 91' lang='lat' dir='ltr'><strong>p.</strong></span> <span class='ocrx_word' id='word_1_392' title='bbox 1039 3006 1093 3069; x_wconf 72' lang='grc'><strong>4,</strong></span> <span class='ocrx_word' id='word_1_393' title='bbox 1125 3015 1179 3076; x_wconf 88' lang='lat' dir='ltr'><strong>et</strong></span> <span class='ocrx_word' id='word_1_394' title='bbox 1207 3000 1387 3075; x_wconf 78' lang='lat' dir='ltr'><strong>plures</strong></span> <span class='ocrx_word' id='word_1_395' title='bbox 1411 3004 1643 3076; x_wconf 86' lang='lat' dir='ltr'><strong>tradunt.</strong></span> <span class='ocrx_word' id='word_1_396' title='bbox 1685 3001 1810 3076; x_wconf 61' lang='lat' dir='ltr'><strong>yid.</strong></span> <span class='ocrx_word' id='word_1_397' title='bbox 1861 3000 2128 3076; x_wconf 70' lang='lat' dir='ltr'><strong>Kortholt.</strong></span> 
     </span>
    </p>
   </div>
   <div class='ocr_carea' id='block_1_55' title="bbox 2318 2336 3792 2406">
    <p class='ocr_par' dir='ltr' id='par_1_55' title="bbox 2318 2336 3792 2406">
     <span class='ocr_line' id='line_1_55' title="bbox 2318 2336 3792 2406; baseline -0.002 -11"><span class='ocrx_word' id='word_1_398' title='bbox 2318 2339 2385 2395; x_wconf 86' lang='lat' dir='ltr'><strong>Et</strong></span> <span class='ocrx_word' id='word_1_399' title='bbox 2415 2339 2654 2394; x_wconf 74' lang='lat' dir='ltr'><strong>Socrates</strong></span> <span class='ocrx_word' id='word_1_400' title='bbox 2707 2352 2814 2392; x_wconf 83' lang='lat' dir='ltr'><strong>esse</strong></span> <span class='ocrx_word' id='word_1_401' title='bbox 2844 2337 2982 2390; x_wconf 85' lang='lat' dir='ltr'><strong>circa</strong></span> <span class='ocrx_word' id='word_1_402' title='bbox 3031 2352 3085 2391; x_wconf 84' lang='lat' dir='ltr'><strong>se</strong></span> <span class='ocrx_word' id='word_1_403' title='bbox 3131 2336 3402 2391; x_wconf 80' lang='lat' dir='ltr'><strong>assiduum</strong></span> <span class='ocrx_word' id='word_1_404' title='bbox 3451 2337 3686 2406; x_wconf 74' lang='lat' dir='ltr'><strong>dwmona,</strong></span> <span class='ocrx_word' id='word_1_405' title='bbox 3713 2344 3792 2392; x_wconf 87' lang='lat' dir='ltr'><strong>etc.</strong></span> 
     </span>
    </p>
   </div>
   <div class='ocr_carea' id='block_1_56' title="bbox 2247 2407 3793 2482">
    <p class='ocr_par' dir='ltr' id='par_1_56' title="bbox 2247 2407 3793 2482">
     <span class='ocr_line' id='line_1_56' title="bbox 2247 2407 3793 2482; baseline -0.005 -14"><span class='ocrx_word' id='word_1_406' title='bbox 2247 2412 2418 2482; x_wconf 78' lang='lat' dir='ltr'><strong>Hujus</strong></span> <span class='ocrx_word' id='word_1_407' title='bbox 2443 2410 2686 2482; x_wconf 78' lang='lat' dir='ltr'><strong>Socratis</strong></span> <span class='ocrx_word' id='word_1_408' title='bbox 2714 2407 2976 2482; x_wconf 70' lang='lat' dir='ltr'><strong>daemonis</strong></span> <span class='ocrx_word' id='word_1_409' title='bbox 3020 2422 3164 2482; x_wconf 43' lang='lat' dir='ltr'><strong>saepe</strong></span> <span class='ocrx_word' id='word_1_410' title='bbox 3207 2407 3267 2482; x_wconf 84' lang='lat' dir='ltr'><strong>lit</strong></span> <span class='ocrx_word' id='word_1_411' title='bbox 3298 2409 3505 2482; x_wconf 89' lang='lat' dir='ltr'><strong>mentio</strong></span> <span class='ocrx_word' id='word_1_412' title='bbox 3542 2409 3669 2482; x_wconf 82' lang='lat' dir='ltr'><strong>apud</strong></span> <span class='ocrx_word' id='word_1_413' title='bbox 3698 2408 3793 2463; x_wconf 86' lang='lat' dir='ltr'><strong>Pla-</strong></span> 
     </span>
    </p>
   </div>
   <div class='ocr_carea' id='block_1_57' title="bbox 2240 2479 3791 2551">
    <p class='ocr_par' dir='ltr' id='par_1_57' title="bbox 2240 2479 3791 2551">
     <span class='ocr_line' id='line_1_57' title="bbox 2240 2479 3791 2551; baseline -0.003 -13"><span class='ocrx_word' id='word_1_414' title='bbox 2240 2479 2446 2546; x_wconf 81' lang='lat' dir='ltr'><strong>tonem,</strong></span> <span class='ocrx_word' id='word_1_415' title='bbox 2481 2489 2541 2535; x_wconf 90' lang='lat' dir='ltr'><strong>ut</strong></span> <span class='ocrx_word' id='word_1_416' title='bbox 2567 2482 2620 2535; x_wconf 92' lang='lat' dir='ltr'><strong>in</strong></span> <span class='ocrx_word' id='word_1_417' title='bbox 2649 2480 3024 2551; x_wconf 85' lang='lat' dir='ltr'><strong>Eutyphrone,</strong></span> <span class='ocrx_word' id='word_1_418' title='bbox 3056 2480 3106 2532; x_wconf 93' lang='lat' dir='ltr'><strong>in</strong></span> <span class='ocrx_word' id='word_1_419' title='bbox 3137 2480 3424 2549; x_wconf 80' lang='lat' dir='ltr'><strong>Apologia,</strong></span> <span class='ocrx_word' id='word_1_420' title='bbox 3456 2481 3507 2534; x_wconf 93' lang='lat' dir='ltr'><strong>in</strong></span> <span class='ocrx_word' id='word_1_421' title='bbox 3538 2479 3791 2551; x_wconf 76' lang='lat' dir='ltr'><strong>Thereleto,</strong></span> 
     </span>
    </p>
   </div>
   <div class='ocr_carea' id='block_1_58' title="bbox 2241 2550 3791 2624">
    <p class='ocr_par' dir='ltr' id='par_1_58' title="bbox 2241 2550 3791 2624">
     <span class='ocr_line' id='line_1_58' title="bbox 2241 2550 3791 2624; baseline -0.004 -14"><span class='ocrx_word' id='word_1_422' title='bbox 2241 2557 2292 2610; x_wconf 93' lang='lat' dir='ltr'><strong>in</strong></span> <span class='ocrx_word' id='word_1_423' title='bbox 2329 2553 2579 2620; x_wconf 60' lang='lat' dir='ltr'><strong>Phaedro,</strong></span> <span class='ocrx_word' id='word_1_424' title='bbox 2612 2553 2662 2606; x_wconf 93' lang='lat' dir='ltr'><strong>in</strong></span> <span class='ocrx_word' id='word_1_425' title='bbox 2696 2550 2935 2621; x_wconf 81' lang='lat' dir='ltr'><strong>Tlieage,</strong></span> <span class='ocrx_word' id='word_1_426' title='bbox 2981 2552 3044 2624; x_wconf 10' lang='lat' dir='ltr'><strong>in?</strong></span> <span class='ocrx_word' id='word_1_427' title='bbox 3068 2551 3443 2622; x_wconf 86' lang='lat' dir='ltr'><strong>Enthydemn;</strong></span> <span class='ocrx_word' id='word_1_428' title='bbox 3482 2553 3614 2624; x_wconf 87' lang='lat' dir='ltr'><strong>apud</strong></span> <span class='ocrx_word' id='word_1_429' title='bbox 3648 2550 3791 2606; x_wconf 78' lang='lat' dir='ltr'><strong>Xeno-</strong></span> 
     </span>
    </p>
   </div>
   <div class='ocr_carea' id='block_1_59' title="bbox 2241 2623 3790 2696">
    <p class='ocr_par' dir='ltr' id='par_1_59' title="bbox 2241 2623 3790 2696">
     <span class='ocr_line' id='line_1_59' title="bbox 2241 2623 3790 2696; baseline -0.003 -15"><span class='ocrx_word' id='word_1_430' title='bbox 2241 2627 2523 2696; x_wconf 84' lang='lat' dir='ltr'><strong>phontem,</strong></span> <span class='ocrx_word' id='word_1_431' title='bbox 2539 2626 2608 2696; x_wconf 85' lang='lat' dir='ltr'><strong>de</strong></span> <span class='ocrx_word' id='word_1_432' title='bbox 2633 2624 2767 2696; x_wconf 80' lang='lat' dir='ltr'><strong>Reb.</strong></span> <span class='ocrx_word' id='word_1_433' title='bbox 2788 2623 3087 2678; x_wconf 87' lang='lat' dir='ltr'><strong>memorab.</strong></span> <span class='ocrx_word' id='word_1_434' title='bbox 3105 2623 3352 2696; x_wconf 78' lang='lat' dir='ltr'><strong>Socratis</strong></span> <span class='ocrx_word' id='word_1_435' title='bbox 3370 2640 3384 2686; x_wconf 92' lang='lat'><strong>;</strong></span> <span class='ocrx_word' id='word_1_436' title='bbox 3402 2623 3540 2694; x_wconf 86' lang='lat' dir='ltr'><strong>apud</strong></span> <span class='ocrx_word' id='word_1_437' title='bbox 3556 2623 3790 2696; x_wconf 49' lang='lat' dir='ltr'><strong>(ﬁcetum,</strong></span> 
     </span>
    </p>
   </div>
   <div class='ocr_carea' id='block_1_60' title="bbox 2237 2693 3790 2765">
    <p class='ocr_par' dir='ltr' id='par_1_60' title="bbox 2237 2693 3790 2765">
     <span class='ocr_line' id='line_1_60' title="bbox 2237 2693 3790 2765; baseline -0.005 -12"><span class='ocrx_word' id='word_1_438' title='bbox 2237 2693 2332 2754; x_wconf 84' lang='lat' dir='ltr'><strong>lib.</strong></span> <span class='ocrx_word' id='word_1_439' title='bbox 2386 2697 2499 2754; x_wconf 83' lang='lat' dir='ltr'><strong>Ide</strong></span> <span class='ocrx_word' id='word_1_440' title='bbox 2539 2695 2659 2750; x_wconf 85' lang='lat' dir='ltr'><strong>Nat.</strong></span> <span class='ocrx_word' id='word_1_441' title='bbox 2721 2695 2982 2760; x_wconf 88' lang='lat' dir='ltr'><strong>deorum;</strong></span> <span class='ocrx_word' id='word_1_442' title='bbox 3040 2694 3182 2764; x_wconf 90' lang='lat' dir='ltr'><strong>apud</strong></span> <span class='ocrx_word' id='word_1_443' title='bbox 3235 2693 3524 2750; x_wconf 80' lang='lat' dir='ltr'><strong>Maximum</strong></span> <span class='ocrx_word' id='word_1_444' title='bbox 3573 2693 3790 2765; x_wconf 83' lang='lat' dir='ltr'><strong>Tyrium;</strong></span> 
     </span>
    </p>
   </div>
   <div class='ocr_carea' id='block_1_61' title="bbox 2234 2765 3603 2840">
    <p class='ocr_par' dir='ltr' id='par_1_61' title="bbox 2234 2765 3603 2840">
     <span class='ocr_line' id='line_1_61' title="bbox 2234 2765 3603 2840; baseline -0.003 -14"><span class='ocrx_word' id='word_1_445' title='bbox 2234 2770 2378 2840; x_wconf 86' lang='lat' dir='ltr'><strong>apud</strong></span> <span class='ocrx_word' id='word_1_446' title='bbox 2426 2766 2771 2840; x_wconf 84' lang='lat' dir='ltr'><strong>Plutarchum</strong></span> <span class='ocrx_word' id='word_1_447' title='bbox 2803 2767 2854 2840; x_wconf 86' lang='lat' dir='ltr'><strong>in</strong></span> <span class='ocrx_word' id='word_1_448' title='bbox 2902 2765 3273 2840; x_wconf 71' lang='lat' dir='ltr'><strong>Symposiacis</strong></span> <span class='ocrx_word' id='word_1_449' title='bbox 3316 2768 3390 2823; x_wconf 90' lang='lat' dir='ltr'><strong>lib</strong></span> <span class='ocrx_word' id='word_1_450' title='bbox 3424 2782 3516 2840; x_wconf 66' lang='lat' dir='ltr'><strong>ix,</strong></span> <span class='ocrx_word' id='word_1_451' title='bbox 3547 2782 3603 2840; x_wconf 85' lang='lat' dir='ltr'><strong>ca</strong></span> 
     </span>
    </p>
   </div>
   <div class='ocr_carea' id='block_1_62' title="bbox 2237 2779 3793 2908">
    <p class='ocr_par' dir='ltr' id='par_1_62' title="bbox 2237 2779 3793 2908">
     <span class='ocr_line' id='line_1_62' title="bbox 2237 2779 3793 2840; baseline -0.004 -14"><span class='ocrx_word' id='word_1_452' title='bbox 2237 2779 2378 2840; x_wconf 84' lang='lat' dir='ltr'><strong>apud</strong></span> <span class='ocrx_word' id='word_1_453' title='bbox 2426 2779 2771 2824; x_wconf 74' lang='lat' dir='ltr'><strong>Plutarchum</strong></span> <span class='ocrx_word' id='word_1_454' title='bbox 2803 2783 2854 2820; x_wconf 90' lang='lat' dir='ltr'><strong>In</strong></span> <span class='ocrx_word' id='word_1_455' title='bbox 2902 2779 3273 2836; x_wconf 68' lang='lat' dir='ltr'><strong>by&#39;mpostaCIs</strong></span> <span class='ocrx_word' id='word_1_456' title='bbox 3316 2779 3390 2823; x_wconf 84' lang='lat' dir='ltr'><strong>lib</strong></span> <span class='ocrx_word' id='word_1_457' title='bbox 3436 2782 3516 2834; x_wconf 74' lang='lat' dir='ltr'><strong>lx,</strong></span> <span class='ocrx_word' id='word_1_458' title='bbox 3547 2782 3603 2822; x_wconf 86' lang='lat' dir='ltr'><strong>ca</strong></span> <span class='ocrx_word' id='word_1_459' title='bbox 3643 2807 3654 2820; x_wconf 92' lang='lat'><strong>.</strong></span> <span class='ocrx_word' id='word_1_460' title='bbox 3685 2779 3793 2835; x_wconf 86' lang='lat' dir='ltr'><strong>pene</strong></span> 
     </span>
     <span class='ocr_line' id='line_1_63' title="bbox 2237 2784 3793 2908; baseline -0.003 -12"><span class='ocrx_word' id='word_1_461' title='bbox 2237 2841 2450 2896; x_wconf 90' lang='lat' dir='ltr'><strong>ultimo.</strong></span> <span class='ocrx_word' id='word_1_462' title='bbox 2481 2840 2574 2895; x_wconf 91' lang='lat' dir='ltr'><strong>Sic</strong></span> <span class='ocrx_word' id='word_1_463' title='bbox 2624 2838 2886 2905; x_wconf 82' lang='lat' dir='ltr'><strong>Apuleius</strong></span> <span class='ocrx_word' id='word_1_464' title='bbox 2916 2838 2983 2892; x_wconf 92' lang='lat' dir='ltr'><strong>de</strong></span> <span class='ocrx_word' id='word_1_465' title='bbox 3011 2838 3111 2891; x_wconf 89' lang='lat' dir='ltr'><strong>hac</strong></span> <span class='ocrx_word' id='word_1_466' title='bbox 3154 2853 3214 2893; x_wconf 88' lang='lat' dir='ltr'><strong>re</strong></span> <span class='ocrx_word' id='word_1_467' title='bbox 3239 2837 3462 2908; x_wconf 82' lang='lat' dir='ltr'><strong>scripsit</strong></span> <span class='ocrx_word' id='word_1_468' title='bbox 3506 2784 3719 2893; x_wconf 85' lang='lat' dir='ltr'><strong>libellum</strong></span> <span class='ocrx_word' id='word_1_469' title='bbox 3741 2837 3793 2892; x_wconf 86' lang='lat' dir='ltr'><strong>de</strong></span> 
     </span>
    </p>
   </div>
   <div class='ocr_carea' id='block_1_63' title="bbox 2235 2909 3791 2981">
    <p class='ocr_par' dir='ltr' id='par_1_63' title="bbox 2235 2909 3791 2981">
     <span class='ocr_line' id='line_1_64' title="bbox 2235 2909 3791 2981; baseline -0.003 -15"><span class='ocrx_word' id='word_1_470' title='bbox 2235 2913 2339 2968; x_wconf 92' lang='lat' dir='ltr'><strong>deo</strong></span> <span class='ocrx_word' id='word_1_471' title='bbox 2379 2911 2639 2975; x_wconf 87' lang='lat' dir='ltr'><strong>Socratis,</strong></span> <span class='ocrx_word' id='word_1_472' title='bbox 2691 2911 2868 2980; x_wconf 91' lang='lat' dir='ltr'><strong>ibique</strong></span> <span class='ocrx_word' id='word_1_473' title='bbox 2906 2910 3130 2981; x_wconf 73' lang='lat' dir='ltr'><strong>esponit</strong></span> <span class='ocrx_word' id='word_1_474' title='bbox 3174 2909 3332 2979; x_wconf 91' lang='lat' dir='ltr'><strong>cujus</strong></span> <span class='ocrx_word' id='word_1_475' title='bbox 3375 2911 3584 2981; x_wconf 88' lang='lat' dir='ltr'><strong>generis</strong></span> <span class='ocrx_word' id='word_1_476' title='bbox 3631 2923 3791 2981; x_wconf 83' lang='lat' dir='ltr'><strong>numen</strong></span> 
     </span>
    </p>
   </div>
   <div class='ocr_carea' id='block_1_64' title="bbox 2236 2978 3794 3050">
    <p class='ocr_par' dir='ltr' id='par_1_64' title="bbox 2236 2978 3794 3050">
     <span class='ocr_line' id='line_1_65' title="bbox 2236 2978 3794 3050; baseline -0.004 -11"><span class='ocrx_word' id='word_1_477' title='bbox 2236 2984 2491 3042; x_wconf 85' lang='lat' dir='ltr'><strong>Socrates</strong></span> <span class='ocrx_word' id='word_1_478' title='bbox 2523 2982 2621 3037; x_wconf 88' lang='lat' dir='ltr'><strong>sibi</strong></span> <span class='ocrx_word' id='word_1_479' title='bbox 2656 2978 2886 3036; x_wconf 83' lang='lat' dir='ltr'><strong>habebat</strong></span> <span class='ocrx_word' id='word_1_480' title='bbox 2927 2978 3268 3050; x_wconf 88' lang='lat' dir='ltr'><strong>adjunctum,</strong></span> <span class='ocrx_word' id='word_1_481' title='bbox 3301 2992 3358 3036; x_wconf 89' lang='lat' dir='ltr'><strong>et</strong></span> <span class='ocrx_word' id='word_1_482' title='bbox 3383 2978 3627 3036; x_wconf 59' lang='lat' dir='ltr'><strong>&#39;amicitia</strong></span> <span class='ocrx_word' id='word_1_483' title='bbox 3655 2978 3794 3036; x_wconf 90' lang='lat' dir='ltr'><strong>conci-</strong></span> 
     </span>
    </p>
   </div>
   <div class='ocr_carea' id='block_1_65' title="bbox 535 3051 2142 3149">
    <p class='ocr_par' dir='ltr' id='par_1_65' title="bbox 535 3051 2130 3149">
     <span class='ocr_line' id='line_1_66' title="bbox 535 3051 2130 3149; baseline -0.005 -15"><span class='ocrx_word' id='word_1_484' title='bbox 535 3051 1093 3149; x_wconf 49' lang='grc' dir='ltr'><strong>ἔᾶἳὶἱέἷίῖἶῗῐᾶίήἷιὶιῖῖ</strong></span> <span class='ocrx_word' id='word_1_485' title='bbox 1127 3051 1179 3131; x_wconf 69' lang='grc' dir='ltr'><strong>ἴ</strong></span> <span class='ocrx_word' id='word_1_486' title='bbox 1208 3051 1643 3141; x_wconf 49' lang='lat' dir='ltr'><strong>uiuentes:</strong></span> <span class='ocrx_word' id='word_1_487' title='bbox 1683 3051 2130 3128; x_wconf 51' lang='lat' dir='ltr'><strong>rigeat;</strong></span> 
     </span>
    </p>
   </div>
   <div class='ocr_carea' id='block_1_66' title="bbox 2247 3051 3793 3149">
    <p class='ocr_par' dir='ltr' id='par_1_66' title="bbox 2247 3051 3793 3149">
     <span class='ocr_line' id='line_1_67' title="bbox 2247 3051 3793 3149; baseline 0 0"><span class='ocrx_word' id='word_1_488' title='bbox 2247 3056 2458 3149; x_wconf 57' lang='grc' dir='ltr'><strong>Έῖίῖίξῖίῗι</strong></span> <span class='ocrx_word' id='word_1_489' title='bbox 2479 3053 2977 3149; x_wconf 48' lang='grc' dir='ltr'><strong>ίῖξιὶῬλίὶθΨῖἓὲῗιυλν</strong></span> <span class='ocrx_word' id='word_1_490' title='bbox 2994 3053 3223 3149; x_wconf 54' lang='lat'><strong>301559,?</strong></span> <span class='ocrx_word' id='word_1_491' title='bbox 3247 3051 3638 3149; x_wconf 47' lang='lat' dir='ltr'><strong>i’dmoneli’t‘i‘.</strong></span> <span class='ocrx_word' id='word_1_492' title='bbox 3656 3051 3793 3149; x_wconf 57' lang='grc' dir='ltr'><strong>δέῗῖῗ</strong></span> 
     </span>
    </p>
   </div>
   <div class='ocr_carea' id='block_1_67' title="bbox 539 3149 1174 3216">
    <p class='ocr_par' dir='ltr' id='par_1_67' title="bbox 539 3149 1174 3216">
     <span class='ocr_line' id='line_1_68' title="bbox 539 3149 1174 3216; baseline -0.005 -11"><span class='ocrx_word' id='word_1_493' title='bbox 539 3161 580 3205; x_wconf 82' lang='grc'><strong>1.</strong></span> <span class='ocrx_word' id='word_1_494' title='bbox 624 3167 662 3216; x_wconf 85' lang='grc' dir='ltr'><strong>ι,</strong></span> <span class='ocrx_word' id='word_1_495' title='bbox 697 3150 788 3206; x_wconf 86' lang='lat' dir='ltr'><strong>fol.</strong></span> <span class='ocrx_word' id='word_1_496' title='bbox 818 3149 1014 3206; x_wconf 65' lang='lat'><strong>57-40.</strong></span> <span class='ocrx_word' id='word_1_497' title='bbox 1045 3150 1174 3204; x_wconf 74' lang='lat' dir='ltr'><strong>Buu.</strong></span> 
     </span>
    </p>
   </div>
   <div class='ocr_carea' id='block_1_68' title="bbox 612 3215 2136 3292">
    <p class='ocr_par' dir='ltr' id='par_1_68' title="bbox 612 3215 2136 3292">
     <span class='ocr_line' id='line_1_69' title="bbox 612 3215 2136 3292; baseline -0.004 -16"><span class='ocrx_word' id='word_1_498' title='bbox 612 3215 793 3292; x_wconf 86' lang='lat' dir='ltr'><strong>Neque</strong></span> <span class='ocrx_word' id='word_1_499' title='bbox 836 3222 1027 3292; x_wconf 86' lang='lat' dir='ltr'><strong>angeli,</strong></span> <span class='ocrx_word' id='word_1_500' title='bbox 1057 3236 1215 3291; x_wconf 86' lang='lat' dir='ltr'><strong>neque</strong></span> <span class='ocrx_word' id='word_1_501' title='bbox 1255 3219 1484 3292; x_wconf 68' lang='lat' dir='ltr'><strong>[tantum</strong></span> <span class='ocrx_word' id='word_1_502' title='bbox 1531 3217 1758 3287; x_wconf 79' lang='lat' dir='ltr'><strong>fuerunt.</strong></span> <span class='ocrx_word' id='word_1_503' title='bbox 1807 3215 1862 3269; x_wconf 92' lang='lat' dir='ltr'><strong>lu</strong></span> <span class='ocrx_word' id='word_1_504' title='bbox 1896 3215 2136 3292; x_wconf 81' lang='lat' dir='ltr'><strong>pluribus</strong></span> 
     </span>
    </p>
   </div>
   <div class='ocr_carea' id='block_1_69' title="bbox 537 3287 2133 3361">
    <p class='ocr_par' dir='ltr' id='par_1_69' title="bbox 537 3287 2133 3361">
     <span class='ocr_line' id='line_1_70' title="bbox 537 3287 2133 3361; baseline -0.006 -13"><span class='ocrx_word' id='word_1_505' title='bbox 537 3287 719 3348; x_wconf 56' lang='lat' dir='ltr'><strong>editis&#39;</strong></span> <span class='ocrx_word' id='word_1_506' title='bbox 746 3287 972 3349; x_wconf 76' lang='lat' dir='ltr'><strong>deerant</strong></span> <span class='ocrx_word' id='word_1_507' title='bbox 1009 3287 1214 3361; x_wconf 82' lang='lat' dir='ltr'><strong>priores</strong></span> <span class='ocrx_word' id='word_1_508' title='bbox 1251 3291 1372 3345; x_wconf 76' lang='lat' dir='ltr'><strong>dua:</strong></span> <span class='ocrx_word' id='word_1_509' title='bbox 1410 3303 1587 3352; x_wconf 91' lang='lat' dir='ltr'><strong>voces,</strong></span> <span class='ocrx_word' id='word_1_510' title='bbox 1633 3303 1767 3358; x_wconf 91' lang='lat' dir='ltr'><strong>quas</strong></span> <span class='ocrx_word' id='word_1_511' title='bbox 1813 3287 2020 3361; x_wconf 82' lang='lat' dir='ltr'><strong>restitui</strong></span> <span class='ocrx_word' id='word_1_512' title='bbox 2069 3301 2133 3340; x_wconf 79' lang='lat' dir='ltr'><strong>ex</strong></span> 
     </span>
    </p>
   </div>
   <div class='ocr_carea' id='block_1_70' title="bbox 537 3359 2136 3431">
    <p class='ocr_par' dir='ltr' id='par_1_70' title="bbox 537 3359 2136 3431">
     <span class='ocr_line' id='line_1_71' title="bbox 537 3359 2136 3431; baseline -0.002 -15"><span class='ocrx_word' id='word_1_513' title='bbox 537 3365 786 3418; x_wconf 84' lang='lat' dir='ltr'><strong>omnibus</strong></span> <span class='ocrx_word' id='word_1_514' title='bbox 816 3379 947 3417; x_wconf 91' lang='lat' dir='ltr'><strong>mss.</strong></span> <span class='ocrx_word' id='word_1_515' title='bbox 980 3359 1034 3418; x_wconf 85' lang='lat' dir='ltr'><strong>et</strong></span> <span class='ocrx_word' id='word_1_516' title='bbox 1065 3363 1132 3417; x_wconf 71' lang='grc'><strong>12</strong></span> <span class='ocrx_word' id='word_1_517' title='bbox 1154 3373 1260 3417; x_wconf 88' lang='lat' dir='ltr'><strong>vet.</strong></span> <span class='ocrx_word' id='word_1_518' title='bbox 1294 3364 1608 3431; x_wconf 87' lang='lat' dir='ltr'><strong>impressis;</strong></span> <span class='ocrx_word' id='word_1_519' title='bbox 1656 3370 1712 3415; x_wconf 89' lang='lat' dir='ltr'><strong>et</strong></span> <span class='ocrx_word' id='word_1_520' title='bbox 1751 3359 2024 3431; x_wconf 82' lang='lat' dir='ltr'><strong>postulant</strong></span> <span class='ocrx_word' id='word_1_521' title='bbox 2051 3371 2136 3413; x_wconf 87' lang='lat' dir='ltr'><strong>se-</strong></span> 
     </span>
    </p>
   </div>
   <div class='ocr_carea' id='block_1_71' title="bbox 537 3429 2139 3506">
    <p class='ocr_par' dir='ltr' id='par_1_71' title="bbox 537 3429 2139 3506">
     <span class='ocr_line' id='line_1_72' title="bbox 537 3429 2139 3506; baseline -0.003 -18"><span class='ocrx_word' id='word_1_522' title='bbox 537 3436 775 3506; x_wconf 88' lang='lat' dir='ltr'><strong>quentia,</strong></span> <span class='ocrx_word' id='word_1_523' title='bbox 807 3435 1031 3506; x_wconf 85' lang='lat' dir='ltr'><strong>mediam</strong></span> <span class='ocrx_word' id='word_1_524' title='bbox 1055 3435 1332 3502; x_wconf 87' lang='lat' dir='ltr'><strong>quamdam</strong></span> <span class='ocrx_word' id='word_1_525' title='bbox 1371 3429 1609 3488; x_wconf 77' lang='lat' dir='ltr'><strong>naturam</strong></span> <span class='ocrx_word' id='word_1_526' title='bbox 1637 3429 1884 3504; x_wconf 76' lang='lat' dir='ltr'><strong>gerentes,</strong></span> <span class='ocrx_word' id='word_1_527' title='bbox 1931 3429 2139 3485; x_wconf 84' lang='lat' dir='ltr'><strong>scilicet</strong></span> 
     </span>
    </p>
   </div>
   <div class='ocr_carea' id='block_1_72' title="bbox 538 3505 1287 3577">
    <p class='ocr_par' dir='ltr' id='par_1_72' title="bbox 538 3505 1287 3577">
     <span class='ocr_line' id='line_1_73' title="bbox 538 3505 1287 3577; baseline -0.003 -16"><span class='ocrx_word' id='word_1_528' title='bbox 538 3505 679 3564; x_wconf 90' lang='lat' dir='ltr'><strong>inter</strong></span> <span class='ocrx_word' id='word_1_529' title='bbox 705 3508 926 3577; x_wconf 80' lang='lat' dir='ltr'><strong>angelos</strong></span> <span class='ocrx_word' id='word_1_530' title='bbox 946 3517 1000 3562; x_wconf 90' lang='lat' dir='ltr'><strong>et</strong></span> <span class='ocrx_word' id='word_1_531' title='bbox 1021 3505 1287 3561; x_wconf 87' lang='lat' dir='ltr'><strong>homines.</strong></span> 
     </span>
    </p>
   </div>
   <div class='ocr_carea' id='block_1_73' title="bbox 608 3573 2138 3648">
    <p class='ocr_par' dir='ltr' id='par_1_73' title="bbox 608 3573 2138 3648">
     <span class='ocr_line' id='line_1_74' title="bbox 608 3573 2138 3648; baseline -0.005 -15"><span class='ocrx_word' id='word_1_532' title='bbox 608 3577 696 3633; x_wconf 86' lang='lat' dir='ltr'><strong>Ita</strong></span> <span class='ocrx_word' id='word_1_533' title='bbox 723 3573 825 3632; x_wconf 71' lang='lat' dir='ltr'><strong>duo</strong></span> <span class='ocrx_word' id='word_1_534' title='bbox 855 3595 1039 3648; x_wconf 84' lang='lat' dir='ltr'><strong>genera</strong></span> <span class='ocrx_word' id='word_1_535' title='bbox 1059 3578 1370 3642; x_wconf 79' lang='lat' dir='ltr'><strong>dtemonum,</strong></span> <span class='ocrx_word' id='word_1_536' title='bbox 1422 3585 1524 3631; x_wconf 92' lang='lat' dir='ltr'><strong>etc.</strong></span> <span class='ocrx_word' id='word_1_537' title='bbox 1558 3573 1777 3648; x_wconf 58' lang='lat' dir='ltr'><strong>Fabula;</strong></span> <span class='ocrx_word' id='word_1_538' title='bbox 1823 3582 1968 3648; x_wconf 83' lang='lat' dir='ltr'><strong>sunt,</strong></span> <span class='ocrx_word' id='word_1_539' title='bbox 2002 3581 2138 3626; x_wconf 66' lang='lat' dir='ltr'><strong>ortae</strong></span> 
     </span>
    </p>
   </div>
   <div class='ocr_carea' id='block_1_74' title="bbox 537 3647 2048 3720">
    <p class='ocr_par' dir='ltr' id='par_1_74' title="bbox 537 3647 2048 3720">
     <span class='ocr_line' id='line_1_75' title="bbox 537 3647 2048 3720; baseline -0.005 -15"><span class='ocrx_word' id='word_1_540' title='bbox 537 3666 608 3705; x_wconf 77' lang='lat' dir='ltr'><strong>ex</strong></span> <span class='ocrx_word' id='word_1_541' title='bbox 642 3652 780 3712; x_wconf 88' lang='lat' dir='ltr'><strong>loco,</strong></span> <span class='ocrx_word' id='word_1_542' title='bbox 805 3647 964 3720; x_wconf 82' lang='lat' dir='ltr'><strong>quem</strong></span> <span class='ocrx_word' id='word_1_543' title='bbox 992 3665 1148 3718; x_wconf 85' lang='lat' dir='ltr'><strong>supra</strong></span> <span class='ocrx_word' id='word_1_544' title='bbox 1175 3648 1556 3720; x_wconf 86' lang='lat' dir='ltr'><strong>explicuimus,</strong></span> <span class='ocrx_word' id='word_1_545' title='bbox 1589 3647 2048 3720; x_wconf 58' lang='lat' dir='ltr'><strong>maleintellecto.</strong></span> 
     </span>
    </p>
   </div>
   <div class='ocr_carea' id='block_1_75' title="bbox 613 3717 2136 3792">
    <p class='ocr_par' dir='ltr' id='par_1_75' title="bbox 613 3717 2136 3792">
     <span class='ocr_line' id='line_1_76' title="bbox 613 3717 2136 3792; baseline -0.002 -17"><span class='ocrx_word' id='word_1_546' title='bbox 613 3717 1079 3792; x_wconf 70' lang='lat' dir='ltr'><strong>Dwmonasaulem</strong></span> <span class='ocrx_word' id='word_1_547' title='bbox 1100 3717 1440 3792; x_wconf 76' lang='lat' dir='ltr'><strong>grammatici,</strong></span> <span class='ocrx_word' id='word_1_548' title='bbox 1466 3720 1783 3792; x_wconf 17' lang='lat' dir='ltr'><strong>ctc.7l’lacet</strong></span> <span class='ocrx_word' id='word_1_549' title='bbox 1799 3717 1901 3792; x_wconf 76' lang='lat' dir='ltr'><strong>hoc</strong></span> <span class='ocrx_word' id='word_1_550' title='bbox 1919 3729 2136 3792; x_wconf 84' lang='lat' dir='ltr'><strong>etymon</strong></span> 
     </span>
    </p>
   </div>
   <div class='ocr_carea' id='block_1_76' title="bbox 540 3788 2136 3864">
    <p class='ocr_par' dir='ltr' id='par_1_76' title="bbox 540 3788 2136 3864">
     <span class='ocr_line' id='line_1_77' title="bbox 540 3788 2136 3864; baseline -0.004 -15"><span class='ocrx_word' id='word_1_551' title='bbox 540 3793 749 3849; x_wconf 86' lang='lat' dir='ltr'><strong>Platoni</strong></span> <span class='ocrx_word' id='word_1_552' title='bbox 781 3793 832 3846; x_wconf 92' lang='lat' dir='ltr'><strong>in</strong></span> <span class='ocrx_word' id='word_1_553' title='bbox 861 3788 1117 3864; x_wconf 58' lang='lat' dir='ltr'><strong>Cratylo,</strong></span> <span class='ocrx_word' id='word_1_554' title='bbox 1137 3808 1204 3846; x_wconf 88' lang='lat' dir='ltr'><strong>ex</strong></span> <span class='ocrx_word' id='word_1_555' title='bbox 1235 3792 1516 3864; x_wconf 83' lang='lat' dir='ltr'><strong>sententia</strong></span> <span class='ocrx_word' id='word_1_556' title='bbox 1569 3790 1808 3864; x_wconf 75' lang='lat' dir='ltr'><strong>Hesiodi.</strong></span> <span class='ocrx_word' id='word_1_557' title='bbox 1842 3788 1932 3864; x_wconf 77' lang='lat' dir='ltr'><strong>Ait</strong></span> <span class='ocrx_word' id='word_1_558' title='bbox 1973 3789 2136 3843; x_wconf 87' lang='lat' dir='ltr'><strong>etiam</strong></span> 
     </span>
    </p>
   </div>
   <div class='ocr_carea' id='block_1_77' title="bbox 540 3861 2140 3934">
    <p class='ocr_par' dir='ltr' id='par_1_77' title="bbox 540 3861 2140 3934">
     <span class='ocr_line' id='line_1_78' title="bbox 540 3861 2140 3934; baseline 0.001 -20"><span class='ocrx_word' id='word_1_559' title='bbox 540 3866 685 3918; x_wconf 84' lang='lat' dir='ltr'><strong>viros</strong></span> <span class='ocrx_word' id='word_1_560' title='bbox 734 3866 931 3931; x_wconf 90' lang='lat' dir='ltr'><strong>probos</strong></span> <span class='ocrx_word' id='word_1_561' title='bbox 979 3861 1186 3934; x_wconf 81' lang='lat' dir='ltr'><strong>magnis</strong></span> <span class='ocrx_word' id='word_1_562' title='bbox 1233 3862 1545 3934; x_wconf 87' lang='lat' dir='ltr'><strong>honoribus</strong></span> <span class='ocrx_word' id='word_1_563' title='bbox 1577 3861 1819 3926; x_wconf 77' lang='lat' dir='ltr'><strong>allectos,</strong></span> <span class='ocrx_word' id='word_1_564' title='bbox 1865 3861 2140 3916; x_wconf 68' lang='lat' dir='ltr'><strong>daemones</strong></span> 
     </span>
    </p>
   </div>
   <div class='ocr_carea' id='block_1_78' title="bbox 540 3933 2140 4003">
    <p class='ocr_par' dir='ltr' id='par_1_78' title="bbox 540 3933 2140 4003">
     <span class='ocr_line' id='line_1_79' title="bbox 540 3933 2140 4003; baseline -0.001 -15"><span class='ocrx_word' id='word_1_565' title='bbox 540 3935 682 3998; x_wconf 87' lang='lat' dir='ltr'><strong>fieri,</strong></span> <span class='ocrx_word' id='word_1_566' title='bbox 703 3934 850 4003; x_wconf 86' lang='lat' dir='ltr'><strong>juxta</strong></span> <span class='ocrx_word' id='word_1_567' title='bbox 898 3936 998 3988; x_wconf 84' lang='lat' dir='ltr'><strong>hoc</strong></span> <span class='ocrx_word' id='word_1_568' title='bbox 1025 3933 1323 4002; x_wconf 77' lang='lat' dir='ltr'><strong>prudentiae</strong></span> <span class='ocrx_word' id='word_1_569' title='bbox 1354 3942 1407 3987; x_wconf 89' lang='lat' dir='ltr'><strong>ct</strong></span> <span class='ocrx_word' id='word_1_570' title='bbox 1437 3933 1716 4003; x_wconf 80' lang='lat' dir='ltr'><strong>sapientia:</strong></span> <span class='ocrx_word' id='word_1_571' title='bbox 1748 3948 1966 3996; x_wconf 89' lang='lat' dir='ltr'><strong>nomen,</strong></span> <span class='ocrx_word' id='word_1_572' title='bbox 2016 3941 2140 4002; x_wconf 91' lang='lat' dir='ltr'><strong>post</strong></span> 
     </span>
    </p>
   </div>
   <div class='ocr_carea' id='block_1_79' title="bbox 542 4004 2140 4074">
    <p class='ocr_par' dir='ltr' id='par_1_79' title="bbox 542 4004 2140 4074">
     <span class='ocr_line' id='line_1_80' title="bbox 542 4004 2140 4074; baseline -0.001 -15"><span class='ocrx_word' id='word_1_573' title='bbox 542 4015 770 4059; x_wconf 88' lang='lat' dir='ltr'><strong>mortetn</strong></span> <span class='ocrx_word' id='word_1_574' title='bbox 806 4022 820 4062; x_wconf 88' lang='lat'><strong>:</strong></span> <span class='ocrx_word' id='word_1_575' title='bbox 867 4006 1024 4074; x_wconf 90' lang='lat' dir='ltr'><strong>eique</strong></span> <span class='ocrx_word' id='word_1_576' title='bbox 1070 4006 1355 4059; x_wconf 67' lang='lat' dir='ltr'><strong>sententia:</strong></span> <span class='ocrx_word' id='word_1_577' title='bbox 1399 4005 1628 4058; x_wconf 90' lang='lat' dir='ltr'><strong>libenter</strong></span> <span class='ocrx_word' id='word_1_578' title='bbox 1657 4018 1716 4056; x_wconf 90' lang='lat' dir='ltr'><strong>se</strong></span> <span class='ocrx_word' id='word_1_579' title='bbox 1762 4004 2032 4065; x_wconf 88' lang='lat' dir='ltr'><strong>assentiri,</strong></span> <span class='ocrx_word' id='word_1_580' title='bbox 2061 4008 2140 4070; x_wconf 75' lang='lat' dir='ltr'><strong>iut</strong></span> 
     </span>
    </p>
   </div>
   <div class='ocr_carea' id='block_1_80' title="bbox 542 4074 2140 4145">
    <p class='ocr_par' dir='ltr' id='par_1_80' title="bbox 542 4074 2140 4145">
     <span class='ocr_line' id='line_1_81' title="bbox 542 4074 2140 4145; baseline 0.001 -16"><span class='ocrx_word' id='word_1_581' title='bbox 542 4076 778 4144; x_wconf 89' lang='lat' dir='ltr'><strong>optimus</strong></span> <span class='ocrx_word' id='word_1_582' title='bbox 803 4077 1052 4145; x_wconf 84' lang='lat' dir='ltr'><strong>quisque,</strong></span> <span class='ocrx_word' id='word_1_583' title='bbox 1081 4077 1195 4129; x_wconf 87' lang='lat' dir='ltr'><strong>sive</strong></span> <span class='ocrx_word' id='word_1_584' title='bbox 1223 4077 1293 4129; x_wconf 88' lang='lat' dir='ltr'><strong>sit</strong></span> <span class='ocrx_word' id='word_1_585' title='bbox 1313 4077 1486 4142; x_wconf 90' lang='lat' dir='ltr'><strong>vivus,</strong></span> <span class='ocrx_word' id='word_1_586' title='bbox 1511 4075 1626 4129; x_wconf 86' lang='lat' dir='ltr'><strong>sive</strong></span> <span class='ocrx_word' id='word_1_587' title='bbox 1648 4074 1956 4137; x_wconf 87' lang='lat' dir='ltr'><strong>defunctus,</strong></span> <span class='ocrx_word' id='word_1_588' title='bbox 1990 4084 2140 4130; x_wconf 90' lang='lat' dir='ltr'><strong>recte</strong></span> 
     </span>
    </p>
   </div>
   <div class='ocr_carea' id='block_1_81' title="bbox 545 4146 2135 4209">
    <p class='ocr_par' dir='ltr' id='par_1_81' title="bbox 545 4146 2135 4209">
     <span class='ocr_line' id='line_1_82' title="bbox 545 4146 2135 4209; baseline 0 -10"><span class='ocrx_word' id='word_1_589' title='bbox 545 4157 768 4202; x_wconf 87' lang='lat' dir='ltr'><strong>vocetur</strong></span> <span class='ocrx_word' id='word_1_590' title='bbox 795 4148 1030 4200; x_wconf 78' lang='lat' dir='ltr'><strong>daunon.</strong></span> <span class='ocrx_word' id='word_1_591' title='bbox 1065 4147 1436 4209; x_wconf 85' lang='lat' dir='ltr'><strong>Possidonius,</strong></span> <span class='ocrx_word' id='word_1_592' title='bbox 1474 4154 1616 4201; x_wconf 81' lang='lat' dir='ltr'><strong>texte</strong></span> <span class='ocrx_word' id='word_1_593' title='bbox 1644 4146 1884 4201; x_wconf 79' lang='lat' dir='ltr'><strong>Macrob.</strong></span> <span class='ocrx_word' id='word_1_594' title='bbox 1915 4146 2135 4202; x_wconf 90' lang='lat' dir='ltr'><strong>Saturn.</strong></span> 
     </span>
    </p>
   </div>
   <div class='ocr_carea' id='block_1_82' title="bbox 543 4217 2138 4286">
    <p class='ocr_par' dir='ltr' id='par_1_82' title="bbox 543 4217 2138 4286">
     <span class='ocr_line' id='line_1_83' title="bbox 543 4217 2138 4286; baseline -0.001 -13"><span class='ocrx_word' id='word_1_595' title='bbox 543 4234 600 4283; x_wconf 84' lang='lat' dir='ltr'><strong>tt,</strong></span> <span class='ocrx_word' id='word_1_596' title='bbox 634 4221 848 4274; x_wconf 80' lang='grc' dir='ltr'><strong>ἀπὸτοῦ</strong></span> <span class='ocrx_word' id='word_1_597' title='bbox 881 4217 1057 4284; x_wconf 63' lang='lat' dir='ltr'><strong>Beier»,</strong></span> <span class='ocrx_word' id='word_1_598' title='bbox 1096 4218 1148 4272; x_wconf 89' lang='lat' dir='ltr'><strong>id</strong></span> <span class='ocrx_word' id='word_1_599' title='bbox 1197 4226 1300 4284; x_wconf 92' lang='lat' dir='ltr'><strong>est,</strong></span> <span class='ocrx_word' id='word_1_600' title='bbox 1349 4219 1566 4284; x_wconf 86' lang='lat' dir='ltr'><strong>urendo,</strong></span> <span class='ocrx_word' id='word_1_601' title='bbox 1614 4217 1942 4282; x_wconf 88' lang='lat' dir='ltr'><strong>deducebat;</strong></span> <span class='ocrx_word' id='word_1_602' title='bbox 1995 4219 2138 4286; x_wconf 86' lang='lat' dir='ltr'><strong>quod</strong></span> 
     </span>
    </p>
   </div>
   <div class='ocr_carea' id='block_1_83' title="bbox 542 4289 2139 4358">
    <p class='ocr_par' dir='ltr' id='par_1_83' title="bbox 542 4289 2139 4358">
     <span class='ocr_line' id='line_1_84' title="bbox 542 4289 2139 4358; baseline 0.001 -15"><span class='ocrx_word' id='word_1_603' title='bbox 542 4299 795 4346; x_wconf 85' lang='lat' dir='ltr'><strong>constent</strong></span> <span class='ocrx_word' id='word_1_604' title='bbox 839 4305 906 4345; x_wconf 79' lang='lat' dir='ltr'><strong>ex</strong></span> <span class='ocrx_word' id='word_1_605' title='bbox 945 4291 1245 4344; x_wconf 89' lang='lat' dir='ltr'><strong>substantia</strong></span> <span class='ocrx_word' id='word_1_606' title='bbox 1296 4293 1554 4344; x_wconf 72' lang='lat' dir='ltr'><strong>:etlierea.</strong></span> <span class='ocrx_word' id='word_1_607' title='bbox 1610 4289 1806 4343; x_wconf 85' lang='lat' dir='ltr'><strong>Euseb.</strong></span> <span class='ocrx_word' id='word_1_608' title='bbox 1854 4301 2139 4358; x_wconf 90' lang='lat' dir='ltr'><strong>utrumque</strong></span> 
     </span>
    </p>
   </div>
   <div class='ocr_carea' id='block_1_84' title="bbox 542 4360 2138 4434">
    <p class='ocr_par' dir='ltr' id='par_1_84' title="bbox 542 4360 2138 4434">
     <span class='ocr_line' id='line_1_85' title="bbox 542 4360 2138 4434; baseline 0.001 -19"><span class='ocrx_word' id='word_1_609' title='bbox 542 4371 760 4434; x_wconf 87' lang='lat' dir='ltr'><strong>etymon</strong></span> <span class='ocrx_word' id='word_1_610' title='bbox 805 4362 1076 4431; x_wconf 88' lang='lat' dir='ltr'><strong>rejiciens,</strong></span> <span class='ocrx_word' id='word_1_611' title='bbox 1111 4362 1224 4415; x_wconf 83' lang='lat' dir='ltr'><strong>vult</strong></span> <span class='ocrx_word' id='word_1_612' title='bbox 1249 4361 1425 4434; x_wconf 88' lang='lat' dir='ltr'><strong>dictos</strong></span> <span class='ocrx_word' id='word_1_613' title='bbox 1455 4363 1556 4417; x_wconf 83' lang='grc' dir='ltr'><strong>ἀπὸ</strong></span> <span class='ocrx_word' id='word_1_614' title='bbox 1579 4364 1668 4419; x_wconf 72' lang='grc' dir='ltr'><strong>τοὺ</strong></span> <span class='ocrx_word' id='word_1_615' title='bbox 1709 4360 1966 4434; x_wconf 77' lang='grc' dir='ltr'><strong>δειμαίνω,</strong></span> <span class='ocrx_word' id='word_1_616' title='bbox 1995 4360 2138 4432; x_wconf 90' lang='lat' dir='ltr'><strong>quod</strong></span> 
     </span>
    </p>
   </div>
   <div class='ocr_carea' id='block_1_85' title="bbox 543 4433 1834 4505">
    <p class='ocr_par' dir='ltr' id='par_1_85' title="bbox 543 4433 1834 4505">
     <span class='ocr_line' id='line_1_86' title="bbox 543 4433 1834 4505; baseline -0.002 -17"><span class='ocrx_word' id='word_1_617' title='bbox 543 4442 902 4505; x_wconf 27' lang='lat' dir='ltr'><strong>estkexterreo,</strong></span> <span class='ocrx_word' id='word_1_618' title='bbox 933 4434 1218 4505; x_wconf 79' lang='lat' dir='ltr'><strong>pauefacio,</strong></span> <span class='ocrx_word' id='word_1_619' title='bbox 1255 4433 1611 4505; x_wconf 25' lang='lat' dir='ltr'><strong>utAdmmoues</strong></span> <span class='ocrx_word' id='word_1_620' title='bbox 1641 4433 1834 4487; x_wconf 82' lang='lat' dir='ltr'><strong>solent.</strong></span> 
     </span>
    </p>
   </div>
   <div class='ocr_carea' id='block_1_86' title="bbox 613 4501 1924 4572">
    <p class='ocr_par' dir='ltr' id='par_1_86' title="bbox 613 4501 1924 4572">
     <span class='ocr_line' id='line_1_87' title="bbox 613 4501 1924 4572; baseline 0 -13"><span class='ocrx_word' id='word_1_621' title='bbox 613 4501 940 4560; x_wconf 85' lang='lat' dir='ltr'><strong>Cunctorum</strong></span> <span class='ocrx_word' id='word_1_622' title='bbox 966 4501 1097 4559; x_wconf 83' lang='lat' dir='ltr'><strong>mss.</strong></span> <span class='ocrx_word' id='word_1_623' title='bbox 1128 4514 1210 4559; x_wconf 91' lang='lat' dir='ltr'><strong>est</strong></span> <span class='ocrx_word' id='word_1_624' title='bbox 1233 4521 1248 4572; x_wconf 89' lang='lat'><strong>;</strong></span> <span class='ocrx_word' id='word_1_625' title='bbox 1283 4503 1394 4560; x_wconf 83' lang='lat' dir='ltr'><strong>Hos</strong></span> <span class='ocrx_word' id='word_1_626' title='bbox 1418 4515 1608 4570; x_wconf 85' lang='lat' dir='ltr'><strong>autem,</strong></span> <span class='ocrx_word' id='word_1_627' title='bbox 1635 4505 1924 4560; x_wconf 87' lang='lat' dir='ltr'><strong>editorum.</strong></span> 
     </span>
    </p>
   </div>
   <div class='ocr_carea' id='block_1_87' title="bbox 617 4575 2145 4634">
    <p class='ocr_par' dir='ltr' id='par_1_87' title="bbox 617 4575 2145 4634">
     <span class='ocr_line' id='line_1_88' title="bbox 617 4575 2145 4634; baseline 0.001 -2"><span class='ocrx_word' id='word_1_628' title='bbox 617 4577 764 4632; x_wconf 80' lang='lat' dir='ltr'><strong>Scire</strong></span> <span class='ocrx_word' id='word_1_629' title='bbox 812 4593 912 4629; x_wconf 89' lang='lat' dir='ltr'><strong>non</strong></span> <span class='ocrx_word' id='word_1_630' title='bbox 966 4576 1134 4629; x_wconf 85' lang='lat' dir='ltr'><strong>liceat.</strong></span> <span class='ocrx_word' id='word_1_631' title='bbox 1183 4575 1257 4631; x_wconf 89' lang='lat' dir='ltr'><strong>Ita</strong></span> <span class='ocrx_word' id='word_1_632' title='bbox 1297 4577 1508 4632; x_wconf 82' lang='lat' dir='ltr'><strong>restitui</strong></span> <span class='ocrx_word' id='word_1_633' title='bbox 1540 4592 1606 4632; x_wconf 84' lang='lat' dir='ltr'><strong>ex</strong></span> <span class='ocrx_word' id='word_1_634' title='bbox 1636 4579 1886 4633; x_wconf 89' lang='lat' dir='ltr'><strong>omnibus</strong></span> <span class='ocrx_word' id='word_1_635' title='bbox 1917 4592 2048 4634; x_wconf 86' lang='lat' dir='ltr'><strong>mss.</strong></span> <span class='ocrx_word' id='word_1_636' title='bbox 2081 4591 2145 4633; x_wconf 88' lang='lat' dir='ltr'><strong>ac</strong></span> 
     </span>
    </p>
   </div>
   <div class='ocr_carea' id='block_1_88' title="bbox 545 4647 1341 4718">
    <p class='ocr_par' dir='ltr' id='par_1_88' title="bbox 545 4647 1341 4718">
     <span class='ocr_line' id='line_1_89' title="bbox 545 4647 1341 4718; baseline -0.001 -16"><span class='ocrx_word' id='word_1_637' title='bbox 545 4647 674 4703; x_wconf 89' lang='lat' dir='ltr'><strong>edit.</strong></span> <span class='ocrx_word' id='word_1_638' title='bbox 704 4648 865 4702; x_wconf 79' lang='lat' dir='ltr'><strong>Rom.</strong></span> <span class='ocrx_word' id='word_1_639' title='bbox 901 4648 1040 4702; x_wconf 76' lang='lat' dir='ltr'><strong>H70</strong></span> <span class='ocrx_word' id='word_1_640' title='bbox 1067 4658 1120 4702; x_wconf 91' lang='lat' dir='ltr'><strong>et</strong></span> <span class='ocrx_word' id='word_1_641' title='bbox 1145 4647 1341 4718; x_wconf 87' lang='lat' dir='ltr'><strong>Gymn.</strong></span> 
     </span>
    </p>
   </div>
   <div class='ocr_carea' id='block_1_89' title="bbox 617 4719 2146 4790">
    <p class='ocr_par' dir='ltr' id='par_1_89' title="bbox 617 4719 2146 4790">
     <span class='ocr_line' id='line_1_90' title="bbox 617 4719 2146 4790; baseline 0.002 -17"><span class='ocrx_word' id='word_1_642' title='bbox 617 4719 883 4789; x_wconf 80' lang='lat' dir='ltr'><strong>Responsa</strong></span> <span class='ocrx_word' id='word_1_643' title='bbox 907 4721 957 4772; x_wconf 86' lang='lat' dir='ltr'><strong>in</strong></span> <span class='ocrx_word' id='word_1_644' title='bbox 985 4719 1270 4789; x_wconf 81' lang='lat' dir='ltr'><strong>ambiguos.</strong></span> <span class='ocrx_word' id='word_1_645' title='bbox 1299 4721 1372 4774; x_wconf 88' lang='lat' dir='ltr'><strong>De</strong></span> <span class='ocrx_word' id='word_1_646' title='bbox 1394 4719 1590 4790; x_wconf 80' lang='lat' dir='ltr'><strong>quibus</strong></span> <span class='ocrx_word' id='word_1_647' title='bbox 1612 4719 1730 4790; x_wconf 83' lang='lat' dir='ltr'><strong>lege</strong></span> <span class='ocrx_word' id='word_1_648' title='bbox 1757 4719 2050 4778; x_wconf 87' lang='lat' dir='ltr'><strong>Eusebium</strong></span> <span class='ocrx_word' id='word_1_649' title='bbox 2076 4719 2146 4776; x_wconf 91' lang='lat' dir='ltr'><strong>de</strong></span> 
     </span>
    </p>
   </div>
   <div class='ocr_carea' id='block_1_90' title="bbox 544 4791 1376 4860">
    <p class='ocr_par' dir='ltr' id='par_1_90' title="bbox 544 4791 1376 4860">
     <span class='ocr_line' id='line_1_91' title="bbox 544 4791 1376 4860; baseline -0.004 -15"><span class='ocrx_word' id='word_1_650' title='bbox 544 4791 780 4860; x_wconf 68' lang='lat' dir='ltr'><strong>Praepar.</strong></span> <span class='ocrx_word' id='word_1_651' title='bbox 821 4792 1019 4860; x_wconf 80' lang='lat' dir='ltr'><strong>Evang.</strong></span> <span class='ocrx_word' id='word_1_652' title='bbox 1054 4791 1089 4844; x_wconf 95' lang='lat' dir='ltr'><strong>l.</strong></span> <span class='ocrx_word' id='word_1_653' title='bbox 1120 4807 1174 4858; x_wconf 90' lang='lat' dir='ltr'><strong>v,</strong></span> <span class='ocrx_word' id='word_1_654' title='bbox 1205 4807 1255 4845; x_wconf 93' lang='lat' dir='ltr'><strong>c.</strong></span> <span class='ocrx_word' id='word_1_655' title='bbox 1291 4793 1376 4847; x_wconf 82' lang='grc'><strong>10.</strong></span> 
     </span>
    </p>
   </div>
   <div class='ocr_carea' id='block_1_91' title="bbox 615 4861 1421 4937">
    <p class='ocr_par' dir='ltr' id='par_1_91' title="bbox 615 4861 1421 4937">
     <span class='ocr_line' id='line_1_92' title="bbox 615 4861 1421 4937; baseline 0 -20"><span class='ocrx_word' id='word_1_656' title='bbox 615 4865 674 4918; x_wconf 78' lang='grc' dir='ltr'><strong>Οἱ</strong></span> <span class='ocrx_word' id='word_1_657' title='bbox 706 4865 794 4937; x_wconf 80' lang='grc' dir='ltr'><strong>μὲν</strong></span> <span class='ocrx_word' id='word_1_658' title='bbox 815 4861 1162 4936; x_wconf 71' lang='grc' dir='ltr'><strong>δαίμονες.....</strong></span> <span class='ocrx_word' id='word_1_659' title='bbox 1191 4863 1382 4917; x_wconf 89' lang='lat' dir='ltr'><strong>Latine</strong></span> <span class='ocrx_word' id='word_1_660' title='bbox 1408 4881 1421 4917; x_wconf 90' lang='lat'><strong>:</strong></span> 
     </span>
    </p>
   </div>
   <div class='ocr_carea' id='block_1_92' title="bbox 545 4953 2145 5019">
    <p class='ocr_par' dir='ltr' id='par_1_92' title="bbox 545 4953 2145 5019">
     <span class='ocr_line' id='line_1_93' title="bbox 545 4953 2145 5019; baseline 0.003 -17"><span class='ocrx_word' id='word_1_661' title='bbox 545 4953 583 5019; x_wconf 64' lang='lat' dir='ltr'><strong>li</strong></span> <span class='ocrx_word' id='word_1_662' title='bbox 609 4956 808 5015; x_wconf 84' lang='lat' dir='ltr'><strong>quidem</strong></span> <span class='ocrx_word' id='word_1_663' title='bbox 831 4955 1084 5005; x_wconf 66' lang='lat' dir='ltr'><strong>daemones</strong></span> <span class='ocrx_word' id='word_1_664' title='bbox 1106 4961 1221 5004; x_wconf 89' lang='lat' dir='ltr'><strong>sunt</strong></span> <span class='ocrx_word' id='word_1_665' title='bbox 1240 4954 1378 5006; x_wconf 85' lang='lat' dir='ltr'><strong>Jovis</strong></span> <span class='ocrx_word' id='word_1_666' title='bbox 1406 4957 1570 5016; x_wconf 74' lang='lat' dir='ltr'><strong>magni</strong></span> <span class='ocrx_word' id='word_1_667' title='bbox 1597 4963 1799 5019; x_wconf 83' lang='lat' dir='ltr'><strong>propter</strong></span> <span class='ocrx_word' id='word_1_668' title='bbox 1821 4953 2145 5018; x_wconf 86' lang='lat' dir='ltr'><strong>voluntatem,</strong></span> 
     </span>
    </p>
   </div>
   <div class='ocr_carea' id='block_1_93' title="bbox 543 5016 1833 5080">
    <p class='ocr_par' dir='ltr' id='par_1_93' title="bbox 543 5016 1833 5080">
     <span class='ocr_line' id='line_1_94' title="bbox 543 5016 1833 5080; baseline 0.002 -16"><span class='ocrx_word' id='word_1_669' title='bbox 543 5016 688 5080; x_wconf 82' lang='lat' dir='ltr'><strong>Boni,</strong></span> <span class='ocrx_word' id='word_1_670' title='bbox 714 5025 1001 5078; x_wconf 87' lang='lat' dir='ltr'><strong>terrestres,</strong></span> <span class='ocrx_word' id='word_1_671' title='bbox 1019 5019 1251 5068; x_wconf 87' lang='lat' dir='ltr'><strong>custodes</strong></span> <span class='ocrx_word' id='word_1_672' title='bbox 1269 5019 1549 5068; x_wconf 87' lang='lat' dir='ltr'><strong>mortalium</strong></span> <span class='ocrx_word' id='word_1_673' title='bbox 1569 5016 1833 5068; x_wconf 81' lang='lat' dir='ltr'><strong>hominum.</strong></span> 
     </span>
    </p>
   </div>
   <div class='ocr_carea' id='block_1_94' title="bbox 549 5121 2142 5194">
    <p class='ocr_par' dir='ltr' id='par_1_94' title="bbox 549 5121 2142 5194">
     <span class='ocr_line' id='line_1_95' title="bbox 549 5121 2142 5194; baseline 0.004 -20"><span class='ocrx_word' id='word_1_674' title='bbox 549 5121 812 5194; x_wconf 74' lang='lat' dir='ltr'><strong>[lesiodus</strong></span> <span class='ocrx_word' id='word_1_675' title='bbox 843 5123 894 5178; x_wconf 92' lang='lat' dir='ltr'><strong>in</strong></span> <span class='ocrx_word' id='word_1_676' title='bbox 923 5125 1179 5194; x_wconf 82' lang='lat' dir='ltr'><strong>Operibus</strong></span> <span class='ocrx_word' id='word_1_677' title='bbox 1200 5133 1255 5180; x_wconf 91' lang='lat' dir='ltr'><strong>et</strong></span> <span class='ocrx_word' id='word_1_678' title='bbox 1285 5125 1496 5190; x_wconf 88' lang='lat' dir='ltr'><strong>diebus,</strong></span> <span class='ocrx_word' id='word_1_679' title='bbox 1523 5126 1610 5182; x_wconf 85' lang='lat' dir='ltr'><strong>ubi</strong></span> <span class='ocrx_word' id='word_1_680' title='bbox 1638 5125 1706 5182; x_wconf 91' lang='lat' dir='ltr'><strong>de</strong></span> <span class='ocrx_word' id='word_1_681' title='bbox 1733 5141 1898 5182; x_wconf 90' lang='lat' dir='ltr'><strong>aureo</strong></span> <span class='ocrx_word' id='word_1_682' title='bbox 1921 5127 2142 5192; x_wconf 78' lang='lat' dir='ltr'><strong>saeculo,</strong></span> 
     </span>
    </p>
   </div>
   <div class='ocr_carea' id='block_1_95' title="bbox 549 5192 2144 5266">
    <p class='ocr_par' dir='ltr' id='par_1_95' title="bbox 549 5192 2144 5266">
     <span class='ocr_line' id='line_1_96' title="bbox 549 5192 2144 5266; baseline 0.006 -22"><span class='ocrx_word' id='word_1_683' title='bbox 549 5192 626 5266; x_wconf 79' lang='lat' dir='ltr'><strong>De</strong></span> <span class='ocrx_word' id='word_1_684' title='bbox 653 5209 759 5266; x_wconf 83' lang='lat' dir='ltr'><strong>quo</strong></span> <span class='ocrx_word' id='word_1_685' title='bbox 794 5195 913 5250; x_wconf 92' lang='lat' dir='ltr'><strong>loco</strong></span> <span class='ocrx_word' id='word_1_686' title='bbox 940 5192 1062 5251; x_wconf 83' lang='lat' dir='ltr'><strong>vide</strong></span> <span class='ocrx_word' id='word_1_687' title='bbox 1093 5197 1375 5252; x_wconf 79' lang='lat' dir='ltr'><strong>Platonem</strong></span> <span class='ocrx_word' id='word_1_688' title='bbox 1405 5197 1473 5252; x_wconf 89' lang='lat' dir='ltr'><strong>de</strong></span> <span class='ocrx_word' id='word_1_689' title='bbox 1507 5197 1766 5266; x_wconf 83' lang='lat' dir='ltr'><strong>chubl.,</strong></span> <span class='ocrx_word' id='word_1_690' title='bbox 1797 5199 1888 5253; x_wconf 87' lang='lat' dir='ltr'><strong>liv.</strong></span> <span class='ocrx_word' id='word_1_691' title='bbox 1923 5215 1973 5264; x_wconf 87' lang='lat' dir='ltr'><strong>v,</strong></span> <span class='ocrx_word' id='word_1_692' title='bbox 2005 5215 2067 5253; x_wconf 88' lang='lat' dir='ltr'><strong>ac</strong></span> <span class='ocrx_word' id='word_1_693' title='bbox 2089 5201 2144 5254; x_wconf 90' lang='lat' dir='ltr'><strong>in</strong></span> 
     </span>
    </p>
   </div>
   <div class='ocr_carea' id='block_1_96' title="bbox 546 5264 2140 5340">
    <p class='ocr_par' dir='ltr' id='par_1_96' title="bbox 546 5264 2140 5340">
     <span class='ocr_line' id='line_1_97' title="bbox 546 5264 2140 5340; baseline 0.004 -23"><span class='ocrx_word' id='word_1_694' title='bbox 546 5264 785 5340; x_wconf 81' lang='lat' dir='ltr'><strong>Cra_tyl_o;</strong></span> <span class='ocrx_word' id='word_1_695' title='bbox 816 5277 868 5320; x_wconf 89' lang='lat' dir='ltr'><strong>et</strong></span> <span class='ocrx_word' id='word_1_696' title='bbox 901 5268 1212 5336; x_wconf 87' lang='lat' dir='ltr'><strong>Eusebium,</strong></span> <span class='ocrx_word' id='word_1_697' title='bbox 1236 5269 1303 5324; x_wconf 93' lang='lat' dir='ltr'><strong>de</strong></span> <span class='ocrx_word' id='word_1_698' title='bbox 1326 5264 1619 5340; x_wconf 66' lang='lat' dir='ltr'><strong>Praeparat.</strong></span> <span class='ocrx_word' id='word_1_699' title='bbox 1652 5264 1834 5337; x_wconf 68' lang='lat' dir='ltr'><strong>evan,</strong></span> <span class='ocrx_word' id='word_1_700' title='bbox 1867 5273 1899 5324; x_wconf 94' lang='lat' dir='ltr'><strong>l.</strong></span> <span class='ocrx_word' id='word_1_701' title='bbox 1923 5287 1976 5336; x_wconf 90' lang='lat' dir='ltr'><strong>v,</strong></span> <span class='ocrx_word' id='word_1_702' title='bbox 2003 5285 2053 5326; x_wconf 93' lang='lat' dir='ltr'><strong>c.</strong></span> <span class='ocrx_word' id='word_1_703' title='bbox 2087 5269 2140 5324; x_wconf 72' lang='grc'><strong>4.</strong></span> 
     </span>
    </p>
   </div>
   <div class='ocr_carea' id='block_1_97' title="bbox 613 5333 2137 5397">
    <p class='ocr_par' dir='ltr' id='par_1_97' title="bbox 613 5333 2137 5397">
     <span class='ocr_line' id='line_1_98' title="bbox 613 5333 2137 5397; baseline 0.007 -10"><span class='ocrx_word' id='word_1_704' title='bbox 613 5333 681 5387; x_wconf 85' lang='lat' dir='ltr'><strong>Et</strong></span> <span class='ocrx_word' id='word_1_705' title='bbox 711 5334 848 5391; x_wconf 86' lang='lat' dir='ltr'><strong>Deus</strong></span> <span class='ocrx_word' id='word_1_706' title='bbox 877 5355 976 5393; x_wconf 86' lang='lat' dir='ltr'><strong>non</strong></span> <span class='ocrx_word' id='word_1_707' title='bbox 1023 5333 1240 5394; x_wconf 81' lang='lat' dir='ltr'><strong>colatur.</strong></span> <span class='ocrx_word' id='word_1_708' title='bbox 1291 5333 1492 5396; x_wconf 79' lang='lat' dir='ltr'><strong>Desunt</strong></span> <span class='ocrx_word' id='word_1_709' title='bbox 1547 5342 1664 5396; x_wconf 52' lang='lat' dir='ltr'><strong>huic</strong></span> <span class='ocrx_word' id='word_1_710' title='bbox 1704 5333 1864 5396; x_wconf 80' lang='lat' dir='ltr'><strong>verba</strong></span> <span class='ocrx_word' id='word_1_711' title='bbox 1899 5333 2082 5396; x_wconf 27' lang='lat' dir='ltr'><strong>iu&#39;ms.</strong></span> <span class='ocrx_word' id='word_1_712' title='bbox 2111 5343 2137 5397; x_wconf 86' lang='grc'><strong>1</strong></span> 
     </span>
    </p>
   </div>
   <div class='ocr_carea' id='block_1_98' title="bbox 547 5405 2133 5486">
    <p class='ocr_par' dir='ltr' id='par_1_98' title="bbox 547 5405 2133 5486">
     <span class='ocr_line' id='line_1_99' title="bbox 547 5405 2133 5486; baseline 0.004 -27"><span class='ocrx_word' id='word_1_713' title='bbox 547 5405 754 5486; x_wconf 64' lang='lat' dir='ltr'><strong>Bonon.</strong></span> <span class='ocrx_word' id='word_1_714' title='bbox 789 5410 1174 5486; x_wconf 78' lang='lat' dir='ltr'><strong>antiq.,_Tax.,</strong></span> <span class='ocrx_word' id='word_1_715' title='bbox 1211 5413 1354 5483; x_wconf 87' lang='lat' dir='ltr'><strong>Lips.</strong></span> <span class='ocrx_word' id='word_1_716' title='bbox 1389 5411 1588 5466; x_wconf 83' lang='lat' dir='ltr'><strong>Extant</strong></span> <span class='ocrx_word' id='word_1_717' title='bbox 1637 5411 1688 5468; x_wconf 93' lang='lat' dir='ltr'><strong>in</strong></span> <span class='ocrx_word' id='word_1_718' title='bbox 1717 5415 1928 5469; x_wconf 62' lang='lat' dir='ltr'><strong>caeteris</strong></span> <span class='ocrx_word' id='word_1_719' title='bbox 1958 5415 2133 5484; x_wconf 86' lang='lat' dir='ltr'><strong>scrip-</strong></span> 
     </span>
    </p>
   </div>
   <div class='ocr_carea' id='block_1_99' title="bbox 546 5481 1556 5550">
    <p class='ocr_par' dir='ltr' id='par_1_99' title="bbox 546 5481 1556 5550">
     <span class='ocr_line' id='line_1_100' title="bbox 546 5481 1556 5550; baseline 0.008 -20"><span class='ocrx_word' id='word_1_720' title='bbox 546 5481 614 5531; x_wconf 90' lang='lat' dir='ltr'><strong>tis</strong></span> <span class='ocrx_word' id='word_1_721' title='bbox 633 5490 690 5550; x_wconf 75' lang='lat' dir='ltr'><strong>et</strong></span> <span class='ocrx_word' id='word_1_722' title='bbox 725 5481 773 5534; x_wconf 91' lang='lat' dir='ltr'><strong>in</strong></span> <span class='ocrx_word' id='word_1_723' title='bbox 809 5481 1055 5550; x_wconf 82' lang='lat' dir='ltr'><strong>vulgatis.</strong></span> <span class='ocrx_word' id='word_1_724' title='bbox 1274 5481 1287 5483; x_wconf 24' lang='lat'><em>7</em></span> <span class='ocrx_word' id='word_1_725' title='bbox 1551 5509 1556 5512; x_wconf 94' lang='grc'>·</span> 
     </span>
    </p>
   </div>
   <div class='ocr_carea' id='block_1_100' title="bbox 618 5549 2139 5626">
    <p class='ocr_par' dir='ltr' id='par_1_100' title="bbox 618 5549 2139 5626">
     <span class='ocr_line' id='line_1_101' title="bbox 618 5549 2139 5626; baseline 0.007 -27"><span class='ocrx_word' id='word_1_726' title='bbox 618 5549 694 5603; x_wconf 87' lang='lat' dir='ltr'><strong>De</strong></span> <span class='ocrx_word' id='word_1_727' title='bbox 721 5552 798 5626; x_wconf 67' lang='lat' dir='ltr'><strong>liis</strong></span> <span class='ocrx_word' id='word_1_728' title='bbox 828 5549 1110 5608; x_wconf 77' lang='lat' dir='ltr'><strong>disserunt.</strong></span> <span class='ocrx_word' id='word_1_729' title='bbox 1139 5555 1226 5610; x_wconf 84' lang='lat' dir='ltr'><strong>Sic</strong></span> <span class='ocrx_word' id='word_1_730' title='bbox 1250 5555 1575 5612; x_wconf 84' lang='lat' dir='ltr'><strong>l&#39;cruntmss.</strong></span> <span class='ocrx_word' id='word_1_731' title='bbox 1603 5555 1635 5611; x_wconf 88' lang='lat'><strong>6</strong></span> <span class='ocrx_word' id='word_1_732' title='bbox 1658 5555 1814 5626; x_wconf 60' lang='lat' dir='ltr'><strong>Reg,</strong></span> <span class='ocrx_word' id='word_1_733' title='bbox 1847 5556 1989 5611; x_wconf 90' lang='lat' dir='ltr'><strong>inter</strong></span> <span class='ocrx_word' id='word_1_734' title='bbox 2003 5569 2139 5625; x_wconf 87' lang='lat' dir='ltr'><strong>quos</strong></span> 
     </span>
    </p>
   </div>
   <div class='ocr_carea' id='block_1_101' title="bbox 542 5622 2138 5703">
    <p class='ocr_par' dir='ltr' id='par_1_101' title="bbox 542 5622 2138 5703">
     <span class='ocr_line' id='line_1_102' title="bbox 542 5622 2138 5703; baseline 0.004 -30"><span class='ocrx_word' id='word_1_735' title='bbox 542 5622 822 5703; x_wconf 42' lang='lat' dir='ltr'><strong>suntnduo‘</strong></span> <span class='ocrx_word' id='word_1_736' title='bbox 860 5626 1180 5703; x_wconf 74' lang='lat' dir='ltr'><strong>veterrimi,~</strong></span> <span class='ocrx_word' id='word_1_737' title='bbox 1211 5627 1229 5680; x_wconf 89' lang='grc'><strong>1</strong></span> <span class='ocrx_word' id='word_1_738' title='bbox 1283 5625 1462 5703; x_wconf 67' lang='lat' dir='ltr'><strong>Eolb.,</strong></span> <span class='ocrx_word' id='word_1_739' title='bbox 1492 5627 1526 5680; x_wconf 67' lang='lat'>‘2</span> <span class='ocrx_word' id='word_1_740' title='bbox 1558 5622 1828 5703; x_wconf 61' lang='lat' dir='ltr'><strong>Clarum,</strong></span> <span class='ocrx_word' id='word_1_741' title='bbox 1883 5628 1946 5703; x_wconf 72' lang='lat'><strong>2__</strong></span> <span class='ocrx_word' id='word_1_742' title='bbox 1973 5622 2138 5695; x_wconf 82' lang='lat' dir='ltr'><strong>Brun.</strong></span> 
     </span>
    </p>
   </div>
   <div class='ocr_carea' id='block_1_102' title="bbox 539 5692 2143 5821">
    <p class='ocr_par' dir='ltr' id='par_1_102' title="bbox 539 5692 2143 5821">
     <span class='ocr_line' id='line_1_103' title="bbox 539 5692 2143 5821; baseline 0.006 -76"><span class='ocrx_word' id='word_1_743' title='bbox 539 5692 765 5821; x_wconf 49' lang='lat' dir='ltr'><strong>31:05:.ng</strong></span> <span class='ocrx_word' id='word_1_744' title='bbox 769 5693 919 5821; x_wconf 51' lang='lat' dir='ltr'><strong>(9an</strong></span> <span class='ocrx_word' id='word_1_745' title='bbox 932 5695 1037 5749; x_wconf 87' lang='lat' dir='ltr'><strong>nic.</strong></span> <span class='ocrx_word' id='word_1_746' title='bbox 1072 5706 1126 5752; x_wconf 91' lang='lat' dir='ltr'><strong>et</strong></span> <span class='ocrx_word' id='word_1_747' title='bbox 1149 5697 1342 5766; x_wconf 81' lang='lat' dir='ltr'><strong>Spark.</strong></span> <span class='ocrx_word' id='word_1_748' title='bbox 1374 5698 1593 5766; x_wconf 78' lang='lat' dir='ltr'><strong>Cameri,</strong></span> <span class='ocrx_word' id='word_1_749' title='bbox 1621 5692 1878 5755; x_wconf 73' lang='lat' dir='ltr'><strong>dixerunt.</strong></span> <span class='ocrx_word' id='word_1_750' title='bbox 1903 5693 2143 5770; x_wconf 89' lang='lat' dir='ltr'><strong>Utraque</strong></span> 
     </span>
     <span class='ocr_line' id='line_1_104' title="bbox 579 5780 898 5821; baseline 0.006 -2"><span class='ocrx_word' id='word_1_751' title='bbox 579 5780 590 5796; x_wconf 72' lang='grc' dir='ltr'>ι</span> <span class='ocrx_word' id='word_1_752' title='bbox 805 5781 898 5821; x_wconf 90' lang='lat' dir='ltr'><strong>na.</strong></span> 
     </span>
    </p>
   </div>
   <div class='ocr_carea' id='block_1_103' title="bbox 561 5778 898 5821">
    <p class='ocr_par' dir='ltr' id='par_1_103' title="bbox 561 5778 898 5821">
     <span class='ocr_line' id='line_1_105' title="bbox 561 5778 898 5821; baseline 0.012 -3"><span class='ocrx_word' id='word_1_753' title='bbox 561 5778 706 5821; x_wconf 87' lang='lat' dir='ltr'><strong>ecuo</strong></span> <span class='ocrx_word' id='word_1_754' title='bbox 734 5778 898 5821; x_wconf 78' lang='lat' dir='ltr'><strong>bona.</strong></span> 
     </span>
    </p>
   </div>
   <div class='ocr_carea' id='block_1_104' title="bbox 2239 3123 3793 3196">
    <p class='ocr_par' dir='ltr' id='par_1_104' title="bbox 2239 3123 3793 3196">
     <span class='ocr_line' id='line_1_106' title="bbox 2239 3123 3793 3196; baseline -0.004 -15"><span class='ocrx_word' id='word_1_755' title='bbox 2239 3127 2463 3183; x_wconf 88' lang='lat' dir='ltr'><strong>teretah</strong></span> <span class='ocrx_word' id='word_1_756' title='bbox 2491 3123 2720 3196; x_wconf 89' lang='lat' dir='ltr'><strong>agendo,</strong></span> <span class='ocrx_word' id='word_1_757' title='bbox 2748 3123 2963 3194; x_wconf 89' lang='lat' dir='ltr'><strong>quando</strong></span> <span class='ocrx_word' id='word_1_758' title='bbox 2994 3123 3046 3178; x_wconf 92' lang='lat' dir='ltr'><strong>id</strong></span> <span class='ocrx_word' id='word_1_759' title='bbox 3078 3123 3222 3196; x_wconf 86' lang='lat' dir='ltr'><strong>quod</strong></span> <span class='ocrx_word' id='word_1_760' title='bbox 3246 3140 3410 3196; x_wconf 90' lang='lat' dir='ltr'><strong>agere</strong></span> <span class='ocrx_word' id='word_1_761' title='bbox 3439 3125 3659 3196; x_wconf 86' lang='lat' dir='ltr'><strong>volebat,</strong></span> <span class='ocrx_word' id='word_1_762' title='bbox 3678 3136 3793 3196; x_wconf 81' lang='lat' dir='ltr'><strong>pros-</strong></span> 
     </span>
    </p>
   </div>
   <div class='ocr_carea' id='block_1_105' title="bbox 2240 3194 3791 3267">
    <p class='ocr_par' dir='ltr' id='par_1_105' title="bbox 2240 3194 3791 3267">
     <span class='ocr_line' id='line_1_107' title="bbox 2240 3194 3791 3267; baseline -0.003 -15"><span class='ocrx_word' id='word_1_763' title='bbox 2240 3215 2368 3267; x_wconf 89' lang='lat' dir='ltr'><strong>pere</strong></span> <span class='ocrx_word' id='word_1_764' title='bbox 2428 3194 2547 3253; x_wconf 50' lang='lat' dir='ltr'><strong>non&#39;</strong></span> <span class='ocrx_word' id='word_1_765' title='bbox 2589 3196 2762 3252; x_wconf 83' lang='lat' dir='ltr'><strong>fuerat</strong></span> <span class='ocrx_word' id='word_1_766' title='bbox 2789 3205 3134 3251; x_wconf 83' lang='lat' dir='ltr'><strong>eventurum.</strong></span> <span class='ocrx_word' id='word_1_767' title='bbox 3181 3194 3318 3252; x_wconf 78' lang='lat' dir='ltr'><strong>Vide</strong></span> <span class='ocrx_word' id='word_1_768' title='bbox 3360 3206 3414 3252; x_wconf 90' lang='lat' dir='ltr'><strong>et</strong></span> <span class='ocrx_word' id='word_1_769' title='bbox 3443 3196 3498 3254; x_wconf 87' lang='lat' dir='ltr'><strong>S.</strong></span> <span class='ocrx_word' id='word_1_770' title='bbox 3527 3194 3791 3267; x_wconf 66' lang='lat' dir='ltr'><strong>Augustin,</strong></span> 
     </span>
    </p>
   </div>
   <div class='ocr_carea' id='block_1_106' title="bbox 2239 3266 3791 3340">
    <p class='ocr_par' dir='ltr' id='par_1_106' title="bbox 2239 3266 3791 3340">
     <span class='ocr_line' id='line_1_108' title="bbox 2239 3266 3791 3340; baseline -0.005 -16"><span class='ocrx_word' id='word_1_771' title='bbox 2239 3266 2334 3328; x_wconf 90' lang='lat' dir='ltr'><strong>lib.</strong></span> <span class='ocrx_word' id='word_1_772' title='bbox 2372 3285 2466 3326; x_wconf 76' lang='lat' dir='ltr'><strong>vut</strong></span> <span class='ocrx_word' id='word_1_773' title='bbox 2501 3270 2571 3324; x_wconf 90' lang='lat' dir='ltr'><strong>de</strong></span> <span class='ocrx_word' id='word_1_774' title='bbox 2601 3269 2760 3323; x_wconf 82' lang='lat' dir='ltr'><strong>Civit.</strong></span> <span class='ocrx_word' id='word_1_775' title='bbox 2800 3267 2916 3332; x_wconf 89' lang='lat' dir='ltr'><strong>Dei,</strong></span> <span class='ocrx_word' id='word_1_776' title='bbox 2964 3281 3097 3340; x_wconf 69' lang='lat' dir='ltr'><strong>cap.</strong></span> <span class='ocrx_word' id='word_1_777' title='bbox 3126 3267 3212 3334; x_wconf 77' lang='lat' dir='ltr'><strong>M;</strong></span> <span class='ocrx_word' id='word_1_778' title='bbox 3256 3279 3311 3322; x_wconf 88' lang='lat' dir='ltr'><strong>et</strong></span> <span class='ocrx_word' id='word_1_779' title='bbox 3337 3269 3494 3340; x_wconf 88' lang='lat' dir='ltr'><strong>Diog.</strong></span> <span class='ocrx_word' id='word_1_780' title='bbox 3541 3266 3791 3322; x_wconf 89' lang='lat' dir='ltr'><strong>Laertium.</strong></span> 
     </span>
    </p>
   </div>
   <div class='ocr_carea' id='block_1_107' title="bbox 2240 3338 3792 3410">
    <p class='ocr_par' dir='ltr' id='par_1_107' title="bbox 2240 3338 3792 3410">
     <span class='ocr_line' id='line_1_109' title="bbox 2240 3338 3792 3410; baseline -0.006 -10"><span class='ocrx_word' id='word_1_781' title='bbox 2240 3342 2392 3400; x_wconf 89' lang='lat' dir='ltr'><strong>Hunc</strong></span> <span class='ocrx_word' id='word_1_782' title='bbox 2432 3339 2671 3398; x_wconf 90' lang='lat' dir='ltr'><strong>Socratis</strong></span> <span class='ocrx_word' id='word_1_783' title='bbox 2710 3341 2924 3410; x_wconf 89' lang='lat' dir='ltr'><strong>genium</strong></span> <span class='ocrx_word' id='word_1_784' title='bbox 2971 3338 3191 3408; x_wconf 88' lang='lat' dir='ltr'><strong>quidam</strong></span> <span class='ocrx_word' id='word_1_785' title='bbox 3216 3338 3662 3395; x_wconf 71' lang='lat' dir='ltr'><strong>sternutationem</strong></span> <span class='ocrx_word' id='word_1_786' title='bbox 3694 3350 3792 3392; x_wconf 86' lang='lat' dir='ltr'><strong>cum</strong></span> 
     </span>
    </p>
   </div>
   <div class='ocr_carea' id='block_1_108' title="bbox 2240 3410 3790 3482">
    <p class='ocr_par' dir='ltr' id='par_1_108' title="bbox 2240 3410 3790 3482">
     <span class='ocr_line' id='line_1_110' title="bbox 2240 3410 3790 3482; baseline -0.003 -16"><span class='ocrx_word' id='word_1_787' title='bbox 2240 3413 2431 3482; x_wconf 87' lang='lat' dir='ltr'><strong>ipsius,</strong></span> <span class='ocrx_word' id='word_1_788' title='bbox 2466 3422 2578 3467; x_wconf 92' lang='lat' dir='ltr'><strong>tum</strong></span> <span class='ocrx_word' id='word_1_789' title='bbox 2605 3412 2857 3474; x_wconf 88' lang='lat' dir='ltr'><strong>aliorum,</strong></span> <span class='ocrx_word' id='word_1_790' title='bbox 2886 3425 3010 3465; x_wconf 93' lang='lat' dir='ltr'><strong>esse</strong></span> <span class='ocrx_word' id='word_1_791' title='bbox 3053 3410 3331 3465; x_wconf 85' lang='lat' dir='ltr'><strong>dixerunt.</strong></span> <span class='ocrx_word' id='word_1_792' title='bbox 3370 3411 3641 3469; x_wconf 89' lang='lat' dir='ltr'><strong>Socratem</strong></span> <span class='ocrx_word' id='word_1_793' title='bbox 3669 3424 3790 3471; x_wconf 80' lang='lat' dir='ltr'><strong>vero,</strong></span> 
     </span>
    </p>
   </div>
   <div class='ocr_carea' id='block_1_109' title="bbox 2239 3482 3792 3554">
    <p class='ocr_par' dir='ltr' id='par_1_109' title="bbox 2239 3482 3792 3554">
     <span class='ocr_line' id='line_1_111' title="bbox 2239 3482 3792 3554; baseline -0.005 -16"><span class='ocrx_word' id='word_1_794' title='bbox 2239 3487 2284 3538; x_wconf 90' lang='lat' dir='ltr'><strong>si</strong></span> <span class='ocrx_word' id='word_1_795' title='bbox 2313 3484 2441 3554; x_wconf 91' lang='lat' dir='ltr'><strong>quid</strong></span> <span class='ocrx_word' id='word_1_796' title='bbox 2485 3497 2650 3554; x_wconf 89' lang='lat' dir='ltr'><strong>agere</strong></span> <span class='ocrx_word' id='word_1_797' title='bbox 2705 3483 2991 3554; x_wconf 85' lang='lat' dir='ltr'><strong>inciperet,</strong></span> <span class='ocrx_word' id='word_1_798' title='bbox 3043 3495 3106 3536; x_wconf 87' lang='lat' dir='ltr'><strong>ac</strong></span> <span class='ocrx_word' id='word_1_799' title='bbox 3151 3482 3390 3554; x_wconf 81' lang='lat' dir='ltr'><strong>aliquem</strong></span> <span class='ocrx_word' id='word_1_800' title='bbox 3445 3490 3792 3554; x_wconf 86' lang='lat' dir='ltr'><strong>sternutantem</strong></span> 
     </span>
    </p>
   </div>
   <div class='ocr_carea' id='block_1_110' title="bbox 2239 3551 3790 3623">
    <p class='ocr_par' dir='ltr' id='par_1_110' title="bbox 2239 3551 3790 3623">
     <span class='ocr_line' id='line_1_112' title="bbox 2239 3551 3790 3623; baseline -0.004 -15"><span class='ocrx_word' id='word_1_801' title='bbox 2239 3551 2452 3611; x_wconf 90' lang='lat' dir='ltr'><strong>audiret</strong></span> <span class='ocrx_word' id='word_1_802' title='bbox 2485 3551 2771 3618; x_wconf 53' lang='lat' dir='ltr'><strong>a&#39;dextra,</strong></span> <span class='ocrx_word' id='word_1_803' title='bbox 2818 3551 2953 3607; x_wconf 83' lang='lat' dir='ltr'><strong>illud</strong></span> <span class='ocrx_word' id='word_1_804' title='bbox 2989 3568 3086 3623; x_wconf 89' lang='lat' dir='ltr'><strong>pro</strong></span> <span class='ocrx_word' id='word_1_805' title='bbox 3132 3551 3286 3621; x_wconf 84' lang='lat' dir='ltr'><strong>signo</strong></span> <span class='ocrx_word' id='word_1_806' title='bbox 3334 3555 3605 3618; x_wconf 85' lang='lat' dir='ltr'><strong>habuisse,</strong></span> <span class='ocrx_word' id='word_1_807' title='bbox 3629 3553 3674 3606; x_wconf 91' lang='lat' dir='ltr'><strong>in</strong></span> <span class='ocrx_word' id='word_1_808' title='bbox 3697 3559 3790 3606; x_wconf 84' lang='lat' dir='ltr'><strong>aetu</strong></span> 
     </span>
    </p>
   </div>
   <div class='ocr_carea' id='block_1_111' title="bbox 2242 3624 3793 3697">
    <p class='ocr_par' dir='ltr' id='par_1_111' title="bbox 2242 3624 3793 3697">
     <span class='ocr_line' id='line_1_113' title="bbox 2242 3624 3793 3697; baseline -0.004 -16"><span class='ocrx_word' id='word_1_809' title='bbox 2242 3626 2570 3697; x_wconf 89' lang='lat' dir='ltr'><strong>pergendum</strong></span> <span class='ocrx_word' id='word_1_810' title='bbox 2595 3641 2757 3690; x_wconf 85' lang='lat' dir='ltr'><strong>esse;</strong></span> <span class='ocrx_word' id='word_1_811' title='bbox 2781 3627 2862 3680; x_wconf 87' lang='lat' dir='ltr'><strong>sin</strong></span> <span class='ocrx_word' id='word_1_812' title='bbox 2888 3639 3017 3680; x_wconf 91' lang='lat' dir='ltr'><strong>vero</strong></span> <span class='ocrx_word' id='word_1_813' title='bbox 3043 3640 3070 3676; x_wconf 91' lang='lat' dir='ltr'><strong>a</strong></span> <span class='ocrx_word' id='word_1_814' title='bbox 3116 3626 3360 3697; x_wconf 74' lang='lat' dir='ltr'><strong>sinistra,</strong></span> <span class='ocrx_word' id='word_1_815' title='bbox 3395 3627 3549 3694; x_wconf 90' lang='lat' dir='ltr'><strong>plane</strong></span> <span class='ocrx_word' id='word_1_816' title='bbox 3577 3624 3793 3697; x_wconf 69' lang='lat' dir='ltr'><strong>desisten-</strong></span> 
     </span>
    </p>
   </div>
   <div class='ocr_carea' id='block_1_112' title="bbox 2240 3692 3791 3768">
    <p class='ocr_par' dir='ltr' id='par_1_112' title="bbox 2240 3692 3791 3768">
     <span class='ocr_line' id='line_1_114' title="bbox 2240 3692 3791 3768; baseline -0.005 -16"><span class='ocrx_word' id='word_1_817' title='bbox 2240 3692 2368 3752; x_wconf 78' lang='lat' dir='ltr'><strong>dum</strong></span> <span class='ocrx_word' id='word_1_818' title='bbox 2399 3714 2428 3753; x_wconf 92' lang='lat' dir='ltr'><strong>a</strong></span> <span class='ocrx_word' id='word_1_819' title='bbox 2459 3700 2740 3768; x_wconf 87' lang='lat' dir='ltr'><strong>proposito</strong></span> <span class='ocrx_word' id='word_1_820' title='bbox 2771 3715 2784 3750; x_wconf 93' lang='lat'><strong>:</strong></span> <span class='ocrx_word' id='word_1_821' title='bbox 2816 3697 2896 3752; x_wconf 91' lang='lat' dir='ltr'><strong>sic</strong></span> <span class='ocrx_word' id='word_1_822' title='bbox 2941 3706 3170 3750; x_wconf 89' lang='lat' dir='ltr'><strong>testatur</strong></span> <span class='ocrx_word' id='word_1_823' title='bbox 3217 3692 3495 3752; x_wconf 80' lang='lat' dir='ltr'><strong>Plutarch.</strong></span> <span class='ocrx_word' id='word_1_824' title='bbox 3552 3697 3600 3748; x_wconf 92' lang='lat' dir='ltr'><strong>in</strong></span> <span class='ocrx_word' id='word_1_825' title='bbox 3640 3693 3716 3747; x_wconf 92' lang='lat' dir='ltr'><strong>lib.</strong></span> <span class='ocrx_word' id='word_1_826' title='bbox 3739 3692 3791 3768; x_wconf 80' lang='lat' dir='ltr'><strong>de</strong></span> 
     </span>
    </p>
   </div>
   <div class='ocr_carea' id='block_1_113' title="bbox 2240 3763 3792 3838">
    <p class='ocr_par' dir='ltr' id='par_1_113' title="bbox 2240 3763 3792 3838">
     <span class='ocr_line' id='line_1_115' title="bbox 2240 3763 3792 3838; baseline -0.006 -13"><span class='ocrx_word' id='word_1_827' title='bbox 2240 3763 2473 3825; x_wconf 52' lang='lat' dir='ltr'><strong>Sncratf</strong></span> <span class='ocrx_word' id='word_1_828' title='bbox 2505 3763 2644 3825; x_wconf 84' lang='lat' dir='ltr'><strong>Gen.</strong></span> <span class='ocrx_word' id='word_1_829' title='bbox 2676 3768 2817 3837; x_wconf 91' lang='lat' dir='ltr'><strong>quod</strong></span> <span class='ocrx_word' id='word_1_830' title='bbox 2873 3778 3054 3838; x_wconf 88' lang='lat' dir='ltr'><strong>postea</strong></span> <span class='ocrx_word' id='word_1_831' title='bbox 3099 3769 3212 3838; x_wconf 88' lang='lat' dir='ltr'><strong>ipse</strong></span> <span class='ocrx_word' id='word_1_832' title='bbox 3246 3769 3466 3824; x_wconf 82' lang='lat' dir='ltr'><strong>refellit.</strong></span> <span class='ocrx_word' id='word_1_833' title='bbox 3508 3763 3792 3828; x_wconf 83' lang='lat' dir='ltr'><strong>Stcruutatio</strong></span> 
     </span>
    </p>
   </div>
   <div class='ocr_carea' id='block_1_114' title="bbox 2242 3838 3790 3904">
    <p class='ocr_par' dir='ltr' id='par_1_114' title="bbox 2242 3838 3790 3904">
     <span class='ocr_line' id='line_1_116' title="bbox 2242 3838 3790 3904; baseline -0.004 -10"><span class='ocrx_word' id='word_1_834' title='bbox 2242 3843 2382 3896; x_wconf 90' lang='lat' dir='ltr'><strong>inter</strong></span> <span class='ocrx_word' id='word_1_835' title='bbox 2411 3841 2591 3898; x_wconf 89' lang='lat' dir='ltr'><strong>omina</strong></span> <span class='ocrx_word' id='word_1_836' title='bbox 2636 3841 2763 3895; x_wconf 92' lang='lat' dir='ltr'><strong>olim</strong></span> <span class='ocrx_word' id='word_1_837' title='bbox 2811 3839 2908 3894; x_wconf 88' lang='lat' dir='ltr'><strong>fuit</strong></span> <span class='ocrx_word' id='word_1_838' title='bbox 2954 3838 3156 3894; x_wconf 87' lang='lat' dir='ltr'><strong>habita.</strong></span> <span class='ocrx_word' id='word_1_839' title='bbox 3187 3838 3502 3904; x_wconf 68' lang='lat' dir='ltr'><strong>l&#39;latutinam</strong></span> <span class='ocrx_word' id='word_1_840' title='bbox 3530 3839 3790 3899; x_wconf 84' lang='lat' dir='ltr'><strong>infaustam,</strong></span> 
     </span>
    </p>
   </div>
   <div class='ocr_carea' id='block_1_115' title="bbox 2241 3906 3789 3973">
    <p class='ocr_par' dir='ltr' id='par_1_115' title="bbox 2241 3906 3789 3973">
     <span class='ocr_line' id='line_1_117' title="bbox 2241 3906 3789 3973; baseline -0.005 -6"><span class='ocrx_word' id='word_1_841' title='bbox 2241 3913 2595 3970; x_wconf 86' lang='lat' dir='ltr'><strong>meridianam</strong></span> <span class='ocrx_word' id='word_1_842' title='bbox 2624 3921 2802 3966; x_wconf 90' lang='lat' dir='ltr'><strong>autem</strong></span> <span class='ocrx_word' id='word_1_843' title='bbox 2846 3913 3040 3966; x_wconf 90' lang='lat' dir='ltr'><strong>bonam</strong></span> <span class='ocrx_word' id='word_1_844' title='bbox 3069 3926 3189 3965; x_wconf 89' lang='lat' dir='ltr'><strong>esse</strong></span> <span class='ocrx_word' id='word_1_845' title='bbox 3218 3912 3386 3966; x_wconf 88' lang='lat' dir='ltr'><strong>tradit</strong></span> <span class='ocrx_word' id='word_1_846' title='bbox 3414 3913 3657 3973; x_wconf 80' lang='lat' dir='ltr'><strong>Aristot.,</strong></span> <span class='ocrx_word' id='word_1_847' title='bbox 3680 3906 3789 3962; x_wconf 86' lang='lat' dir='ltr'><strong>Pro-</strong></span> 
     </span>
    </p>
   </div>
   <div class='ocr_carea' id='block_1_116' title="bbox 2243 3979 3790 4054">
    <p class='ocr_par' dir='ltr' id='par_1_116' title="bbox 2243 3979 3790 4054">
     <span class='ocr_line' id='line_1_118' title="bbox 2243 3979 3790 4054; baseline -0.001 -14"><span class='ocrx_word' id='word_1_848' title='bbox 2243 3985 2386 4040; x_wconf 88' lang='lat' dir='ltr'><strong>blem</strong></span> <span class='ocrx_word' id='word_1_849' title='bbox 2459 3993 2594 4039; x_wconf 85' lang='lat' dir='ltr'><strong>sect.</strong></span> <span class='ocrx_word' id='word_1_850' title='bbox 2652 3985 2743 4052; x_wconf 79' lang='grc'><strong>55,</strong></span> <span class='ocrx_word' id='word_1_851' title='bbox 2779 3982 2807 4054; x_wconf 84' lang='lat'><strong>§</strong></span> <span class='ocrx_word' id='word_1_852' title='bbox 2846 3984 2931 4049; x_wconf 83' lang='grc'><strong>11,</strong></span> <span class='ocrx_word' id='word_1_853' title='bbox 2965 3984 3238 4052; x_wconf 67' lang='lat' dir='ltr'><strong>przncipue</strong></span> <span class='ocrx_word' id='word_1_854' title='bbox 3268 3984 3312 4036; x_wconf 89' lang='lat' dir='ltr'><strong>si</strong></span> <span class='ocrx_word' id='word_1_855' title='bbox 3363 3999 3392 4036; x_wconf 87' lang='lat' dir='ltr'><strong>a</strong></span> <span class='ocrx_word' id='word_1_856' title='bbox 3439 3983 3622 4038; x_wconf 80' lang='lat' dir='ltr'><strong>dextra</strong></span> <span class='ocrx_word' id='word_1_857' title='bbox 3649 3979 3790 4054; x_wconf 73' lang='lat' dir='ltr'><strong>ﬁeret.</strong></span> 
     </span>
    </p>
   </div>
   <div class='ocr_carea' id='block_1_117' title="bbox 2245 4049 3792 4112">
    <p class='ocr_par' dir='ltr' id='par_1_117' title="bbox 2245 4049 3792 4112">
     <span class='ocr_line' id='line_1_119' title="bbox 2245 4049 3792 4112; baseline -0.008 0"><span class='ocrx_word' id='word_1_858' title='bbox 2245 4064 2383 4112; x_wconf 86' lang='lat' dir='ltr'><strong>teste</strong></span> <span class='ocrx_word' id='word_1_859' title='bbox 2415 4054 2706 4110; x_wconf 82' lang='lat' dir='ltr'><strong>Plutarcho</strong></span> <span class='ocrx_word' id='word_1_860' title='bbox 2730 4049 3182 4110; x_wconf 52' lang='lat' dir='ltr'><strong>in&#39;Tlieniistocle</strong></span> <span class='ocrx_word' id='word_1_861' title='bbox 3215 4073 3228 4109; x_wconf 88' lang='lat'><strong>:</strong></span> <span class='ocrx_word' id='word_1_862' title='bbox 3258 4054 3386 4110; x_wconf 84' lang='lat' dir='ltr'><strong>hinc</strong></span> <span class='ocrx_word' id='word_1_863' title='bbox 3415 4049 3792 4110; x_wconf 84' lang='lat' dir='ltr'><strong>sternutantibus</strong></span> 
     </span>
    </p>
   </div>
   <div class='ocr_carea' id='block_1_118' title="bbox 2240 4124 3791 4196">
    <p class='ocr_par' dir='ltr' id='par_1_118' title="bbox 2240 4124 3791 4196">
     <span class='ocr_line' id='line_1_120' title="bbox 2240 4124 3791 4196; baseline -0.006 -15"><span class='ocrx_word' id='word_1_864' title='bbox 2240 4127 2380 4183; x_wconf 88' lang='lat' dir='ltr'><strong>bene</strong></span> <span class='ocrx_word' id='word_1_865' title='bbox 2411 4127 2788 4196; x_wconf 83' lang='lat' dir='ltr'><strong>precabantur.</strong></span> <span class='ocrx_word' id='word_1_866' title='bbox 2825 4126 3107 4193; x_wconf 83' lang='lat' dir='ltr'><strong>Apuleius,</strong></span> <span class='ocrx_word' id='word_1_867' title='bbox 3133 4125 3227 4180; x_wconf 89' lang='lat' dir='ltr'><strong>lib.</strong></span> <span class='ocrx_word' id='word_1_868' title='bbox 3259 4142 3318 4180; x_wconf 68' lang='grc' dir='ltr'><strong>ιι</strong></span> <span class='ocrx_word' id='word_1_869' title='bbox 3349 4143 3362 4179; x_wconf 90' lang='lat'><strong>:</strong></span> <span class='ocrx_word' id='word_1_870' title='bbox 3396 4126 3602 4180; x_wconf 81' lang='lat' dir='ltr'><strong>Crebros</strong></span> <span class='ocrx_word' id='word_1_871' title='bbox 3629 4124 3667 4178; x_wconf 84' lang='lat' dir='ltr'><strong>ei</strong></span> <span class='ocrx_word' id='word_1_872' title='bbox 3689 4128 3791 4196; x_wconf 76' lang='lat' dir='ltr'><strong>ster-</strong></span> 
     </span>
    </p>
   </div>
   <div class='ocr_carea' id='block_1_119' title="bbox 2243 4192 3792 4265">
    <p class='ocr_par' dir='ltr' id='par_1_119' title="bbox 2243 4192 3792 4265">
     <span class='ocr_line' id='line_1_121' title="bbox 2243 4192 3792 4265; baseline -0.007 -11"><span class='ocrx_word' id='word_1_873' title='bbox 2243 4192 2531 4254; x_wconf 80' lang='lat' dir='ltr'><strong>nutationes</strong></span> <span class='ocrx_word' id='word_1_874' title='bbox 2580 4197 2943 4262; x_wconf 81' lang='lat' dir='ltr'><strong>commovebat,</strong></span> <span class='ocrx_word' id='word_1_875' title='bbox 2987 4206 3034 4250; x_wconf 89' lang='lat' dir='ltr'><strong>et</strong></span> <span class='ocrx_word' id='word_1_876' title='bbox 3077 4197 3232 4265; x_wconf 87' lang='lat' dir='ltr'><strong>quod,</strong></span> <span class='ocrx_word' id='word_1_877' title='bbox 3285 4213 3404 4260; x_wconf 74' lang='lat' dir='ltr'><strong>cum</strong></span> <span class='ocrx_word' id='word_1_878' title='bbox 3447 4205 3640 4258; x_wconf 80' lang='lat' dir='ltr'><strong>putaret</strong></span> <span class='ocrx_word' id='word_1_879' title='bbox 3675 4192 3792 4245; x_wconf 82' lang='lat' dir='ltr'><strong>abea</strong></span> 
     </span>
    </p>
   </div>
   <div class='ocr_carea' id='block_1_120' title="bbox 2244 4269 3789 4340">
    <p class='ocr_par' dir='ltr' id='par_1_120' title="bbox 2244 4269 3789 4340">
     <span class='ocr_line' id='line_1_122' title="bbox 2244 4269 3789 4340; baseline -0.005 -16"><span class='ocrx_word' id='word_1_880' title='bbox 2244 4275 2550 4340; x_wconf 80' lang='lat' dir='ltr'><strong>profectum,</strong></span> <span class='ocrx_word' id='word_1_881' title='bbox 2581 4270 2732 4323; x_wconf 84' lang='lat' dir='ltr'><strong>solito</strong></span> <span class='ocrx_word' id='word_1_882' title='bbox 2749 4285 2978 4322; x_wconf 83' lang='lat' dir='ltr'><strong>sermone</strong></span> <span class='ocrx_word' id='word_1_883' title='bbox 2998 4269 3216 4334; x_wconf 77' lang='lat' dir='ltr'><strong>salutem</strong></span> <span class='ocrx_word' id='word_1_884' title='bbox 3237 4269 3284 4322; x_wconf 80' lang='lat' dir='ltr'><strong>ei</strong></span> <span class='ocrx_word' id='word_1_885' title='bbox 3310 4272 3478 4336; x_wconf 78' lang='lat' dir='ltr'><strong>fuerat</strong></span> <span class='ocrx_word' id='word_1_886' title='bbox 3510 4269 3789 4340; x_wconf 71' lang='lat' dir='ltr'><strong>imprecatus.</strong></span> 
     </span>
    </p>
   </div>
   <div class='ocr_carea' id='block_1_121' title="bbox 2245 4336 3793 4412">
    <p class='ocr_par' dir='ltr' id='par_1_121' title="bbox 2245 4336 3793 4412">
     <span class='ocr_line' id='line_1_123' title="bbox 2245 4336 3793 4412; baseline -0.003 -16"><span class='ocrx_word' id='word_1_887' title='bbox 2245 4336 2350 4396; x_wconf 81' lang='lat' dir='ltr'><strong>llic</strong></span> <span class='ocrx_word' id='word_1_888' title='bbox 2375 4357 2590 4412; x_wconf 91' lang='lat' dir='ltr'><strong>quoque</strong></span> <span class='ocrx_word' id='word_1_889' title='bbox 2624 4341 2862 4395; x_wconf 66' lang='lat' dir='ltr'><strong>Hebraeis</strong></span> <span class='ocrx_word' id='word_1_890' title='bbox 2889 4354 3006 4394; x_wconf 93' lang='lat' dir='ltr'><strong>mos</strong></span> <span class='ocrx_word' id='word_1_891' title='bbox 3032 4349 3169 4396; x_wconf 87' lang='lat' dir='ltr'><strong>erat.</strong></span> <span class='ocrx_word' id='word_1_892' title='bbox 3205 4340 3434 4408; x_wconf 78' lang='lat' dir='ltr'><strong>Rabbini</strong></span> <span class='ocrx_word' id='word_1_893' title='bbox 3474 4336 3654 4412; x_wconf 81' lang='lat' dir='ltr'><strong>volunt</strong></span> <span class='ocrx_word' id='word_1_894' title='bbox 3701 4336 3793 4406; x_wconf 88' lang='lat' dir='ltr'><strong>plu-</strong></span> 
     </span>
    </p>
   </div>
   <div class='ocr_carea' id='block_1_122' title="bbox 2245 4410 3792 4483">
    <p class='ocr_par' dir='ltr' id='par_1_122' title="bbox 2245 4410 3792 4483">
     <span class='ocr_line' id='line_1_124' title="bbox 2245 4410 3792 4483; baseline -0.006 -15"><span class='ocrx_word' id='word_1_895' title='bbox 2245 4428 2333 4468; x_wconf 90' lang='lat' dir='ltr'><strong>res</strong></span> <span class='ocrx_word' id='word_1_896' title='bbox 2363 4416 2414 4468; x_wconf 93' lang='lat' dir='ltr'><strong>in</strong></span> <span class='ocrx_word' id='word_1_897' title='bbox 2443 4410 2840 4468; x_wconf 80' lang='lat' dir='ltr'><strong>sternutatione</strong></span> <span class='ocrx_word' id='word_1_898' title='bbox 2876 4412 3076 4483; x_wconf 80' lang='lat' dir='ltr'><strong>obiisse</strong></span> <span class='ocrx_word' id='word_1_899' title='bbox 3100 4421 3354 4480; x_wconf 85' lang='lat' dir='ltr'><strong>mortem,</strong></span> <span class='ocrx_word' id='word_1_900' title='bbox 3393 4424 3554 4483; x_wconf 74' lang='lat' dir='ltr'><strong>atque</strong></span> <span class='ocrx_word' id='word_1_901' title='bbox 3579 4410 3691 4483; x_wconf 82' lang='lat' dir='ltr'><strong>hinc</strong></span> <span class='ocrx_word' id='word_1_902' title='bbox 3714 4419 3792 4459; x_wconf 75' lang='lat' dir='ltr'><strong>na~</strong></span> 
     </span>
    </p>
   </div>
   <div class='ocr_carea' id='block_1_123' title="bbox 2168 4477 3789 4553">
    <p class='ocr_par' dir='ltr' id='par_1_123' title="bbox 2168 4477 3789 4553">
     <span class='ocr_line' id='line_1_125' title="bbox 2168 4477 3789 4553; baseline -0.006 -16"><span class='ocrx_word' id='word_1_903' title='bbox 2168 4477 2385 4549; x_wconf 90' lang='lat' dir='ltr'><strong>Dtum,</strong></span> <span class='ocrx_word' id='word_1_904' title='bbox 2441 4494 2498 4536; x_wconf 87' lang='lat' dir='ltr'><strong>nt</strong></span> <span class='ocrx_word' id='word_1_905' title='bbox 2545 4493 2939 4538; x_wconf 90' lang='lat' dir='ltr'><strong>sternutantem</strong></span> <span class='ocrx_word' id='word_1_906' title='bbox 2988 4482 3202 4542; x_wconf 83' lang='lat' dir='ltr'><strong>salvare</strong></span> <span class='ocrx_word' id='word_1_907' title='bbox 3242 4477 3518 4553; x_wconf 79' lang='lat' dir='ltr'><strong>juberent.</strong></span> <span class='ocrx_word' id='word_1_908' title='bbox 3563 4481 3789 4538; x_wconf 54' lang='lat' dir='ltr'><strong>Ca‘terum</strong></span> 
     </span>
    </p>
   </div>
   <div class='ocr_carea' id='block_1_124' title="bbox 2249 4555 3792 4629">
    <p class='ocr_par' dir='ltr' id='par_1_124' title="bbox 2249 4555 3792 4629">
     <span class='ocr_line' id='line_1_126' title="bbox 2249 4555 3792 4629; baseline -0.004 -17"><span class='ocrx_word' id='word_1_909' title='bbox 2249 4556 2393 4629; x_wconf 86' lang='lat' dir='ltr'><strong>hunc</strong></span> <span class='ocrx_word' id='word_1_910' title='bbox 2437 4556 2786 4629; x_wconf 78' lang='lat' dir='ltr'><strong>Socraticum</strong></span> <span class='ocrx_word' id='word_1_911' title='bbox 2814 4555 3116 4629; x_wconf 62' lang='lat' dir='ltr'><strong>daemonem</strong></span> <span class='ocrx_word' id='word_1_912' title='bbox 3163 4555 3322 4629; x_wconf 72' lang='lat' dir='ltr'><strong>plane</strong></span> <span class='ocrx_word' id='word_1_913' title='bbox 3369 4555 3661 4629; x_wconf 78' lang='lat' dir='ltr'><strong>fabulosum</strong></span> <span class='ocrx_word' id='word_1_914' title='bbox 3698 4559 3792 4629; x_wconf 57' lang='grc' dir='ltr'><strong>ρεξτε</strong></span> 
     </span>
    </p>
   </div>
   <div class='ocr_carea' id='block_1_125' title="bbox 2249 4624 3792 4696">
    <p class='ocr_par' dir='ltr' id='par_1_125' title="bbox 2249 4624 3792 4696">
     <span class='ocr_line' id='line_1_127' title="bbox 2249 4624 3792 4696; baseline -0.008 -13"><span class='ocrx_word' id='word_1_915' title='bbox 2249 4628 2524 4691; x_wconf 82' lang='lat' dir='ltr'><strong>existimo,</strong></span> <span class='ocrx_word' id='word_1_916' title='bbox 2549 4627 2633 4682; x_wconf 85' lang='lat' dir='ltr'><strong>vel</strong></span> <span class='ocrx_word' id='word_1_917' title='bbox 2677 4628 2746 4681; x_wconf 88' lang='lat' dir='ltr'><strong>ab</strong></span> <span class='ocrx_word' id='word_1_918' title='bbox 2777 4627 2894 4696; x_wconf 85' lang='lat' dir='ltr'><strong>ipso</strong></span> <span class='ocrx_word' id='word_1_919' title='bbox 2935 4624 3176 4682; x_wconf 82' lang='lat' dir='ltr'><strong>Socrate</strong></span> <span class='ocrx_word' id='word_1_920' title='bbox 3207 4625 3415 4694; x_wconf 79' lang='lat' dir='ltr'><strong>(ictum,</strong></span> <span class='ocrx_word' id='word_1_921' title='bbox 3448 4627 3527 4681; x_wconf 89' lang='lat' dir='ltr'><strong>vel</strong></span> <span class='ocrx_word' id='word_1_922' title='bbox 3552 4624 3615 4679; x_wconf 91' lang='lat' dir='ltr'><strong>ah</strong></span> <span class='ocrx_word' id='word_1_923' title='bbox 3639 4624 3792 4696; x_wconf 68' lang='lat' dir='ltr'><strong>amicis</strong></span> 
     </span>
    </p>
   </div>
   <div class='ocr_carea' id='block_1_126' title="bbox 2249 4686 3790 4768">
    <p class='ocr_par' dir='ltr' id='par_1_126' title="bbox 2249 4686 3790 4768">
     <span class='ocr_line' id='line_1_128' title="bbox 2249 4686 3790 4768; baseline -0.005 -14"><span class='ocrx_word' id='word_1_924' title='bbox 2249 4699 2368 4768; x_wconf 89' lang='lat' dir='ltr'><strong>ejus</strong></span> <span class='ocrx_word' id='word_1_925' title='bbox 2394 4686 2528 4752; x_wconf 86' lang='lat' dir='ltr'><strong>falso</strong></span> <span class='ocrx_word' id='word_1_926' title='bbox 2555 4686 2906 4768; x_wconf 78' lang='lat' dir='ltr'><strong>divulgatum,</strong></span> <span class='ocrx_word' id='word_1_927' title='bbox 2933 4696 3034 4752; x_wconf 87' lang='lat' dir='ltr'><strong>hoc</strong></span> <span class='ocrx_word' id='word_1_928' title='bbox 3067 4697 3195 4762; x_wconf 85' lang='lat' dir='ltr'><strong>ﬁne,</strong></span> <span class='ocrx_word' id='word_1_929' title='bbox 3214 4708 3270 4752; x_wconf 95' lang='lat' dir='ltr'><strong>ut</strong></span> <span class='ocrx_word' id='word_1_930' title='bbox 3291 4686 3659 4753; x_wconf 76' lang='lat' dir='ltr'><strong>auctoritatem</strong></span> <span class='ocrx_word' id='word_1_931' title='bbox 3679 4686 3790 4762; x_wconf 80' lang='lat' dir='ltr'><strong>apud</strong></span> 
     </span>
    </p>
   </div>
   <div class='ocr_carea' id='block_1_127' title="bbox 2249 4768 3592 4839">
    <p class='ocr_par' dir='ltr' id='par_1_127' title="bbox 2249 4768 3592 4839">
     <span class='ocr_line' id='line_1_129' title="bbox 2249 4768 3592 4839; baseline -0.005 -13"><span class='ocrx_word' id='word_1_932' title='bbox 2249 4771 2559 4838; x_wconf 86' lang='lat' dir='ltr'><strong>imperitum</strong></span> <span class='ocrx_word' id='word_1_933' title='bbox 2592 4771 2782 4839; x_wconf 86' lang='lat' dir='ltr'><strong>vulgus</strong></span> <span class='ocrx_word' id='word_1_934' title='bbox 2808 4770 2908 4823; x_wconf 87' lang='lat' dir='ltr'><strong>sibi</strong></span> <span class='ocrx_word' id='word_1_935' title='bbox 2939 4768 3277 4825; x_wconf 87' lang='lat' dir='ltr'><strong>conciliaret.</strong></span> <span class='ocrx_word' id='word_1_936' title='bbox 3307 4769 3592 4830; x_wconf 68' lang='lat' dir='ltr'><strong>GALLEUS.</strong></span> 
     </span>
    </p>
   </div>
   <div class='ocr_carea' id='block_1_128' title="bbox 2325 4831 3794 4910">
    <p class='ocr_par' dir='ltr' id='par_1_128' title="bbox 2325 4831 3794 4910">
     <span class='ocr_line' id='line_1_130' title="bbox 2325 4831 3794 4910; baseline -0.003 -16"><span class='ocrx_word' id='word_1_937' title='bbox 2325 4831 2520 4896; x_wconf 73' lang='lat' dir='ltr'><strong>Puero.</strong></span> <span class='ocrx_word' id='word_1_938' title='bbox 2548 4831 2846 4906; x_wconf 45' lang='lat' dir='ltr'><strong>Bune&#39;man,</strong></span> <span class='ocrx_word' id='word_1_939' title='bbox 2881 4841 3031 4910; x_wconf 83' lang='lat' dir='ltr'><strong>legit,</strong></span> <span class='ocrx_word' id='word_1_940' title='bbox 3071 4858 3102 4893; x_wconf 91' lang='lat' dir='ltr'><strong>a</strong></span> <span class='ocrx_word' id='word_1_941' title='bbox 3132 4840 3328 4910; x_wconf 88' lang='lat' dir='ltr'><strong>Puero,</strong></span> <span class='ocrx_word' id='word_1_942' title='bbox 3363 4852 3420 4898; x_wconf 87' lang='lat' dir='ltr'><strong>et</strong></span> <span class='ocrx_word' id='word_1_943' title='bbox 3463 4851 3635 4897; x_wconf 84' lang='lat' dir='ltr'><strong>notam</strong></span> <span class='ocrx_word' id='word_1_944' title='bbox 3663 4831 3794 4910; x_wconf 61' lang='lat' dir='ltr'><strong>habet</strong></span> 
     </span>
    </p>
   </div>
   <div class='ocr_carea' id='block_1_129' title="bbox 2251 4905 3793 4982">
    <p class='ocr_par' dir='ltr' id='par_1_129' title="bbox 2251 4905 3793 4982">
     <span class='ocr_line' id='line_1_131' title="bbox 2251 4905 3793 4982; baseline -0.005 -14"><span class='ocrx_word' id='word_1_945' title='bbox 2251 4923 2593 4982; x_wconf 89' lang='lat' dir='ltr'><strong>sequentem.</strong></span> <span class='ocrx_word' id='word_1_946' title='bbox 2620 4943 2689 4953; x_wconf 97' lang='lat'><strong><em>—</em></strong></span> <span class='ocrx_word' id='word_1_947' title='bbox 2712 4905 2880 4968; x_wconf 84' lang='lat' dir='ltr'><strong>Sibia</strong></span> <span class='ocrx_word' id='word_1_948' title='bbox 2904 4905 3082 4982; x_wconf 70' lang='lat' dir='ltr'><strong>puero.</strong></span> <span class='ocrx_word' id='word_1_949' title='bbox 3116 4913 3294 4978; x_wconf 88' lang='lat' dir='ltr'><strong>Edidi,</strong></span> <span class='ocrx_word' id='word_1_950' title='bbox 3315 4905 3409 4980; x_wconf 75' lang='grc' dir='ltr'><strong>ἰιιὶ</strong></span> <span class='ocrx_word' id='word_1_951' title='bbox 3441 4905 3793 4982; x_wconf 76' lang='lat' dir='ltr'><strong>Betuleiusha-</strong></span> 
     </span>
    </p>
   </div>
   <div class='ocr_carea' id='block_1_130' title="bbox 2251 4977 3793 5054">
    <p class='ocr_par' dir='ltr' id='par_1_130' title="bbox 2251 4977 3793 5054">
     <span class='ocr_line' id='line_1_132' title="bbox 2251 4977 3793 5054; baseline -0.008 -14"><span class='ocrx_word' id='word_1_952' title='bbox 2251 4977 2364 5050; x_wconf 75' lang='lat' dir='ltr'><strong>bet,</strong></span> <span class='ocrx_word' id='word_1_953' title='bbox 2420 4985 2683 5040; x_wconf 64' lang='lat' dir='ltr'><strong>sumente</strong></span> <span class='ocrx_word' id='word_1_954' title='bbox 2741 4977 2989 5054; x_wconf 80' lang='lat' dir='ltr'><strong>Epitoiue</strong></span> <span class='ocrx_word' id='word_1_955' title='bbox 3031 4998 3152 5052; x_wconf 86' lang='lat' dir='ltr'><strong>cap.</strong></span> <span class='ocrx_word' id='word_1_956' title='bbox 3183 4977 3358 5048; x_wconf 13' lang='lat'><strong>9.8.7.4</strong></span> <span class='ocrx_word' id='word_1_957' title='bbox 3403 4985 3567 5054; x_wconf 83' lang='lat' dir='ltr'><strong>prima</strong></span> <span class='ocrx_word' id='word_1_958' title='bbox 3591 4977 3793 5054; x_wconf 46' lang='lat' dir='ltr'><strong>pueritia.</strong></span> 
     </span>
    </p>
   </div>
   <div class='ocr_carea' id='block_1_131' title="bbox 2249 5051 3794 5125">
    <p class='ocr_par' dir='ltr' id='par_1_131' title="bbox 2249 5051 3794 5125">
     <span class='ocr_line' id='line_1_133' title="bbox 2249 5051 3794 5125; baseline -0.006 -14"><span class='ocrx_word' id='word_1_959' title='bbox 2249 5055 2476 5111; x_wconf 89' lang='lat' dir='ltr'><strong>Secutus</strong></span> <span class='ocrx_word' id='word_1_960' title='bbox 2508 5056 2721 5110; x_wconf 87' lang='lat' dir='ltr'><strong>videtur</strong></span> <span class='ocrx_word' id='word_1_961' title='bbox 2747 5051 2976 5112; x_wconf 81' lang='lat' dir='ltr'><strong>Tertull.</strong></span> <span class='ocrx_word' id='word_1_962' title='bbox 3026 5051 3110 5108; x_wconf 85' lang='lat' dir='ltr'><strong>de</strong></span> <span class='ocrx_word' id='word_1_963' title='bbox 3132 5056 3349 5117; x_wconf 87' lang='lat' dir='ltr'><strong>Anima,</strong></span> <span class='ocrx_word' id='word_1_964' title='bbox 3381 5051 3500 5125; x_wconf 84' lang='lat' dir='ltr'><strong>cap.</strong></span> <span class='ocrx_word' id='word_1_965' title='bbox 3530 5055 3555 5110; x_wconf 91' lang='grc'><strong>1</strong></span> <span class='ocrx_word' id='word_1_966' title='bbox 3588 5051 3794 5108; x_wconf 77' lang='lat' dir='ltr'><strong>:Socratt</strong></span> 
     </span>
    </p>
   </div>
   <div class='ocr_carea' id='block_1_132' title="bbox 2247 5127 3610 5196">
    <p class='ocr_par' dir='ltr' id='par_1_132' title="bbox 2247 5127 3610 5196">
     <span class='ocr_line' id='line_1_134' title="bbox 2247 5127 3610 5196; baseline -0.002 -15"><span class='ocrx_word' id='word_1_967' title='bbox 2247 5129 2394 5181; x_wconf 85' lang='lat' dir='ltr'><strong>aiunt</strong></span> <span class='ocrx_word' id='word_1_968' title='bbox 2422 5127 2733 5182; x_wconf 80' lang='lat' dir='ltr'><strong>dazmom&#39;um</strong></span> <span class='ocrx_word' id='word_1_969' title='bbox 2757 5143 2789 5180; x_wconf 90' lang='lat' dir='ltr'><strong>a</strong></span> <span class='ocrx_word' id='word_1_970' title='bbox 2819 5143 2977 5196; x_wconf 83' lang='lat' dir='ltr'><strong>puero</strong></span> <span class='ocrx_word' id='word_1_971' title='bbox 3005 5127 3301 5182; x_wconf 76' lang='lat' dir='ltr'><strong>adhteaisse.</strong></span> <span class='ocrx_word' id='word_1_972' title='bbox 3332 5127 3610 5183; x_wconf 65' lang='lat' dir='ltr'><strong>Bessum.</strong></span> 
     </span>
    </p>
   </div>
   <div class='ocr_carea' id='block_1_133' title="bbox 2323 5189 3789 5271">
    <p class='ocr_par' dir='ltr' id='par_1_133' title="bbox 2323 5189 3789 5271">
     <span class='ocr_line' id='line_1_135' title="bbox 2323 5189 3789 5271; baseline -0.002 -18"><span class='ocrx_word' id='word_1_973' title='bbox 2323 5199 2662 5271; x_wconf 80' lang='lat' dir='ltr'><strong>Magorum...</strong></span> <span class='ocrx_word' id='word_1_974' title='bbox 2694 5189 3152 5271; x_wconf 67' lang='lat' dir='ltr'><strong>adspirationibus.</strong></span> <span class='ocrx_word' id='word_1_975' title='bbox 3193 5197 3315 5253; x_wconf 83' lang='lat' dir='ltr'><strong>Vid.</strong></span> <span class='ocrx_word' id='word_1_976' title='bbox 3348 5199 3570 5271; x_wconf 77' lang='lat' dir='ltr'><strong>Tertull.</strong></span> <span class='ocrx_word' id='word_1_977' title='bbox 3600 5189 3789 5271; x_wconf 65' lang='grc' dir='ltr'><strong>ᾼροῐρξο</strong></span> 
     </span>
    </p>
   </div>
   <div class='ocr_carea' id='block_1_134' title="bbox 2247 5258 3791 5341">
    <p class='ocr_par' dir='ltr' id='par_1_134' title="bbox 2247 5258 3791 5341">
     <span class='ocr_line' id='line_1_136' title="bbox 2247 5258 3791 5341; baseline -0.009 -15"><span class='ocrx_word' id='word_1_978' title='bbox 2247 5286 2364 5340; x_wconf 87' lang='lat' dir='ltr'><strong>cap.</strong></span> <span class='ocrx_word' id='word_1_979' title='bbox 2391 5258 2462 5324; x_wconf 45' lang='lat' dir='ltr'><strong>2V2</strong></span> <span class='ocrx_word' id='word_1_980' title='bbox 2488 5281 2541 5326; x_wconf 92' lang='lat' dir='ltr'><strong>ct</strong></span> <span class='ocrx_word' id='word_1_981' title='bbox 2562 5271 2652 5336; x_wconf 70' lang='lat'><strong>25,</strong></span> <span class='ocrx_word' id='word_1_982' title='bbox 2689 5258 2926 5325; x_wconf 69' lang='lat' dir='ltr'><strong>maiime</strong></span> <span class='ocrx_word' id='word_1_983' title='bbox 2969 5268 3167 5324; x_wconf 82' lang='lat' dir='ltr'><strong>Minue.</strong></span> <span class='ocrx_word' id='word_1_984' title='bbox 3201 5285 3320 5341; x_wconf 89' lang='lat' dir='ltr'><strong>cap.</strong></span> <span class='ocrx_word' id='word_1_985' title='bbox 3344 5269 3418 5326; x_wconf 59' lang='lat'><strong>&#39;26</strong></span> <span class='ocrx_word' id='word_1_986' title='bbox 3449 5287 3461 5321; x_wconf 94' lang='lat'>:</span> <span class='ocrx_word' id='word_1_987' title='bbox 3491 5258 3791 5341; x_wconf 9' lang='lat' dir='ltr'><strong>Magi,r&#39;_quid_-</strong></span> 
     </span>
    </p>
   </div>
   <div class='ocr_carea' id='block_1_135' title="bbox 2246 5329 3790 5414">
    <p class='ocr_par' dir='ltr' id='par_1_135' title="bbox 2246 5329 3790 5414">
     <span class='ocr_line' id='line_1_137' title="bbox 2246 5329 3790 5414; baseline -0.005 -18"><span class='ocrx_word' id='word_1_988' title='bbox 2246 5329 2369 5413; x_wconf 77' lang='lat' dir='ltr'><strong>quid</strong></span> <span class='ocrx_word' id='word_1_989' title='bbox 2397 5329 2652 5397; x_wconf 31' lang='lat' dir='ltr'><strong>miraculi”</strong></span> <span class='ocrx_word' id='word_1_990' title='bbox 2685 5342 2892 5408; x_wconf 87' lang='lat' dir='ltr'><strong>ludunt,</strong></span> <span class='ocrx_word' id='word_1_991' title='bbox 2923 5358 3014 5411; x_wconf 85' lang='lat' dir='ltr'><strong>per</strong></span> <span class='ocrx_word' id='word_1_992' title='bbox 3042 5329 3302 5396; x_wconf 63' lang='lat' dir='ltr'><strong>daemonas</strong></span> <span class='ocrx_word' id='word_1_993' title='bbox 3343 5343 3538 5414; x_wconf 77' lang='lat' dir='ltr'><strong>faciunt</strong></span> <span class='ocrx_word' id='word_1_994' title='bbox 3555 5329 3694 5414; x_wconf 47' lang='lat' dir='ltr'><strong>{illis</strong></span> <span class='ocrx_word' id='word_1_995' title='bbox 3710 5329 3790 5414; x_wconf 61' lang='grc' dir='ltr'><strong>ιιδῇ</strong></span> 
     </span>
    </p>
   </div>
   <div class='ocr_carea' id='block_1_136' title="bbox 2243 5405 3789 5485">
    <p class='ocr_par' dir='ltr' id='par_1_136' title="bbox 2243 5405 3789 5485">
     <span class='ocr_line' id='line_1_138' title="bbox 2243 5405 3789 5485; baseline -0.004 -18"><span class='ocrx_word' id='word_1_996' title='bbox 2243 5405 2552 5482; x_wconf 68' lang='lat' dir='ltr'><strong>spirantibus</strong></span> <span class='ocrx_word' id='word_1_997' title='bbox 2590 5423 2635 5468; x_wconf 89' lang='lat' dir='ltr'><strong>et</strong></span> <span class='ocrx_word' id='word_1_998' title='bbox 2675 5405 3058 5485; x_wconf 73' lang='lat' dir='ltr'><strong>infundentibus</strong></span> <span class='ocrx_word' id='word_1_999' title='bbox 3089 5405 3377 5484; x_wconf 74' lang='lat' dir='ltr'><strong>prwstigids</strong></span> <span class='ocrx_word' id='word_1_1000' title='bbox 3403 5415 3589 5485; x_wconf 84' lang='lat' dir='ltr'><strong>edunt_,</strong></span> <span class='ocrx_word' id='word_1_1001' title='bbox 3616 5405 3789 5473; x_wconf 61' lang='lat' dir='ltr'><strong>relqw</strong></span> 
     </span>
    </p>
   </div>
   <div class='ocr_carea' id='block_1_137' title="bbox 2245 5482 3672 5556">
    <p class='ocr_par' dir='ltr' id='par_1_137' title="bbox 2245 5482 3672 5556">
     <span class='ocr_line' id='line_1_139' title="bbox 2245 5482 3672 5556; baseline -0.003 -19"><span class='ocrx_word' id='word_1_1002' title='bbox 2245 5501 2347 5556; x_wconf 85' lang='lat' dir='ltr'><strong>non</strong></span> <span class='ocrx_word' id='word_1_1003' title='bbox 2374 5495 2510 5551; x_wconf 83' lang='lat' dir='ltr'><strong>sunt,</strong></span> <span class='ocrx_word' id='word_1_1004' title='bbox 2543 5482 2742 5548; x_wconf 48' lang='lat' dir='ltr'><strong>videri,</strong></span> <span class='ocrx_word' id='word_1_1005' title='bbox 2772 5486 2848 5540; x_wconf 87' lang='lat' dir='ltr'><strong>vel</strong></span> <span class='ocrx_word' id='word_1_1006' title='bbox 2902 5501 3019 5556; x_wconf 77' lang='lat' dir='ltr'><strong>qua:</strong></span> <span class='ocrx_word' id='word_1_1007' title='bbox 3046 5482 3183 5551; x_wconf 82' lang='lat' dir='ltr'><strong>sunt,</strong></span> <span class='ocrx_word' id='word_1_1008' title='bbox 3217 5482 3318 5540; x_wconf 81' lang='lat' dir='ltr'><strong>non</strong></span> <span class='ocrx_word' id='word_1_1009' title='bbox 3349 5485 3524 5540; x_wconf 81' lang='lat' dir='ltr'><strong>videri.</strong></span> <span class='ocrx_word' id='word_1_1010' title='bbox 3554 5482 3672 5537; x_wconf 75' lang='lat' dir='ltr'><strong>Bua.</strong></span> 
     </span>
    </p>
   </div>
   <div class='ocr_carea' id='block_1_138' title="bbox 2321 5548 3788 5628">
    <p class='ocr_par' dir='ltr' id='par_1_138' title="bbox 2321 5548 3788 5628">
     <span class='ocr_line' id='line_1_140' title="bbox 2321 5548 3788 5628; baseline -0.005 -18"><span class='ocrx_word' id='word_1_1011' title='bbox 2321 5548 2527 5611; x_wconf 85' lang='lat' dir='ltr'><strong>Pulenl.</strong></span> <span class='ocrx_word' id='word_1_1012' title='bbox 2579 5556 2728 5628; x_wconf 75' lang='lat' dir='ltr'><strong>lianc</strong></span> <span class='ocrx_word' id='word_1_1013' title='bbox 2784 5548 3206 5625; x_wconf 81' lang='lat' dir='ltr'><strong>correctionem,</strong></span> <span class='ocrx_word' id='word_1_1014' title='bbox 3267 5574 3386 5628; x_wconf 77' lang='lat' dir='ltr'><strong>qua:</strong></span> <span class='ocrx_word' id='word_1_1015' title='bbox 3427 5556 3654 5628; x_wconf 85' lang='lat' dir='ltr'><strong>omnium</strong></span> <span class='ocrx_word' id='word_1_1016' title='bbox 3679 5548 3788 5628; x_wconf 71' lang='lat' dir='ltr'><strong>_fer§</strong></span> 
     </span>
    </p>
   </div>
   <div class='ocr_carea' id='block_1_139' title="bbox 2251 5620 3789 5702">
    <p class='ocr_par' dir='ltr' id='par_1_139' title="bbox 2251 5620 3789 5702">
     <span class='ocr_line' id='line_1_141' title="bbox 2251 5620 3789 5702; baseline -0.006 -19"><span class='ocrx_word' id='word_1_1017' title='bbox 2251 5643 2379 5684; x_wconf 91' lang='lat' dir='ltr'><strong>mss.</strong></span> <span class='ocrx_word' id='word_1_1018' title='bbox 2428 5638 2483 5684; x_wconf 91' lang='lat' dir='ltr'><strong>et</strong></span> <span class='ocrx_word' id='word_1_1019' title='bbox 2528 5627 2793 5702; x_wconf 83' lang='lat' dir='ltr'><strong>editorum</strong></span> <span class='ocrx_word' id='word_1_1020' title='bbox 2834 5639 2938 5694; x_wconf 91' lang='lat' dir='ltr'><strong>est,</strong></span> <span class='ocrx_word' id='word_1_1021' title='bbox 2973 5620 3228 5702; x_wconf 72' lang='lat' dir='ltr'><strong>probant</strong></span> <span class='ocrx_word' id='word_1_1022' title='bbox 3271 5620 3635 5700; x_wconf 54' lang='lat' dir='ltr'><strong>praecedentia.</strong></span> <span class='ocrx_word' id='word_1_1023' title='bbox 3677 5620 3724 5675; x_wconf 91' lang='lat' dir='ltr'><strong>lu</strong></span> <span class='ocrx_word' id='word_1_1024' title='bbox 3761 5620 3789 5668; x_wconf 79' lang='grc'>5</span> 
     </span>
    </p>
   </div>
   <div class='ocr_carea' id='block_1_140' title="bbox 2253 5700 3765 5774">
    <p class='ocr_par' dir='ltr' id='par_1_140' title="bbox 2253 5700 3765 5774">
     <span class='ocr_line' id='line_1_142' title="bbox 2253 5700 3765 5774; baseline 0.003 -20"><span class='ocrx_word' id='word_1_1025' title='bbox 2253 5716 2526 5774; x_wconf 47' lang='grc' dir='ltr'><strong>ιιιεῳῖθο.</strong></span> <span class='ocrx_word' id='word_1_1026' title='bbox 2563 5700 2896 5774; x_wconf 85' lang='lat' dir='ltr'><strong>totidemque</strong></span> <span class='ocrx_word' id='word_1_1027' title='bbox 2922 5700 3082 5774; x_wconf 85' lang='lat' dir='ltr'><strong>editis</strong></span> <span class='ocrx_word' id='word_1_1028' title='bbox 3108 5711 3193 5756; x_wconf 90' lang='lat' dir='ltr'><strong>est</strong></span> <span class='ocrx_word' id='word_1_1029' title='bbox 3213 5711 3412 5770; x_wconf 83' lang='lat' dir='ltr'><strong>putant.</strong></span> <span class='ocrx_word' id='word_1_1030' title='bbox 3500 5771 3513 5774; x_wconf 93' lang='lat'><strong>_</strong></span> <span class='ocrx_word' id='word_1_1031' title='bbox 3538 5770 3548 5774; x_wconf 91' lang='lat'><em>_</em></span> <span class='ocrx_word' id='word_1_1032' title='bbox 3757 5757 3765 5767; x_wconf 84' lang='grc'><em>,</em></span> 
     </span>
    </p>
   </div>
   <div class='ocr_carea' id='block_1_141' title="bbox 2326 5763 3788 5847">
    <p class='ocr_par' dir='ltr' id='par_1_141' title="bbox 2326 5763 3788 5847">
     <span class='ocr_line' id='line_1_143' title="bbox 2326 5763 3788 5847; baseline -0.003 -21"><span class='ocrx_word' id='word_1_1033' title='bbox 2326 5771 2600 5829; x_wconf 70' lang='lat' dir='ltr'><strong>All/iterent</strong></span> <span class='ocrx_word' id='word_1_1034' title='bbox 2621 5773 2756 5829; x_wconf 85' lang='lat' dir='ltr'><strong>enim</strong></span> <span class='ocrx_word' id='word_1_1035' title='bbox 2779 5763 2996 5847; x_wconf 77' lang='lat' dir='ltr'><strong>singulis</strong></span> <span class='ocrx_word' id='word_1_1036' title='bbox 3033 5763 3336 5845; x_wconf 80' lang='lat' dir='ltr'><strong>hominibus,</strong></span> <span class='ocrx_word' id='word_1_1037' title='bbox 3367 5782 3469 5831; x_wconf 86' lang='lat' dir='ltr'><strong>etc.</strong></span> <span class='ocrx_word' id='word_1_1038' title='bbox 3498 5763 3788 5836; x_wconf 74' lang='lat' dir='ltr'><strong>[demsettSii</strong></span> 
     </span>
    </p>
   </div>
  </div>
