3986 6358
523 274 630 330 359
1569 276 1757 332 FlllM.
1799 276 2171 335 LACTANTII
2210 275 2413 341 DIVIN.
2457 277 2698 336 INSTIT.
3690 288 3777 345 3ιῦ

520 394 778 450 numinis;
804 395 935 451 inde
961 402 1066 464 est,
1084 394 1228 466 quod
1254 394 1324 449 ab
1344 407 1551 465 augure
1588 394 1725 466 lapis
1753 395 2014 450 novacula
2033 394 2117 449 in-
2140 398 2196 461 Α
2223 405 2357 450 nunt
2380 410 2441 451 se
2470 396 2522 450 in
2553 395 2640 451 his
2668 395 2831 451 rebus
2849 436 2865 463 ,
2895 404 2959 451 ut
2983 400 3339 467 quacumque
3362 404 3393 453 a
3425 398 3532 456 Deo
3558 400 3635 457 vel
3659 401 3778 458 facta

516 488 663 543 cisus
703 496 823 553 est;
870 487 1013 557 quod
1060 485 1205 542 Juno
1237 486 1483 541 Veiensis
1529 486 1766 557 migrare
1805 502 1866 542 se
1891 486 2122 543 Romam
2226 499 2381 557 sunt,
2409 490 2492 545 vel
2522 491 2691 554 bunt,
2737 489 2837 560 ipsi
2863 489 3203 562 potissimum
3232 490 3442 561 facere,
3488 503 3577 548 aut
3617 495 3779 554 iecisse

518 580 664 637 velle
688 579 995 652 respondit;
1027 579 1174 651 quod
1220 578 1461 635 Fortuna
1489 579 1774 635 muliebris
1818 580 2118 649 periculum
2224 582 2529 638 videamur.
2573 582 2642 637 Et
2669 582 2884 653 quoties
2909 583 3070 638 alicui
3097 583 3294 653 populo
3324 585 3406 640 vel
3434 586 3580 653 urbi;
3611 603 3778 643 secun-

520 672 881 739 denuntiavit;
910 673 1054 743 quod
1083 671 1319 728 Claudia:
1349 686 1567 727 manum
1598 674 1756 726 navis
1783 681 1970 727 secuta
1998 682 2114 739 est;
2224 671 2352 729 dum
2382 673 2475 730 Dei
2502 681 2763 729 statutum
2792 673 2919 729 boni
2949 675 3078 745 quid
3103 675 3410 746 impendet,
3446 677 3520 732 illi
3547 693 3602 734 se
3624 679 3671 735 id
3695 680 3781 737 lac-

521 769 668 841 quod
698 768 753 825 in
783 770 1079 840 sacrilegos
1108 779 1165 825 et
1184 767 1325 824 Juno
1354 766 1575 832 nudata,
1597 778 1651 823 et
1671 766 1958 823 Locrensis
1985 765 2120 822 Pro-
2226 776 2377 822 turos
2406 766 2491 823 vel
2520 768 2814 837 prodigiis,
2846 768 2932 824 vel
2975 770 3200 825 somniis
3220 812 3235 837 ,
3283 771 3367 826 vel
3398 773 3620 829 oraculis
3644 776 3779 845 pulli-

522 862 759 933 serpina,
793 871 849 918 et
893 860 1062 918 Ceres
1089 860 1293 917 Milesia
1325 858 1648 924 vindicavit;
1679 869 1734 916 et
1762 858 2027 916 Hercules
2051 858 2122 915 de
2222 867 2433 926 centur,
2466 860 2509 914 si
2542 858 2644 915 sibi
2692 860 2911 934 templa,
2953 862 3001 917 si
3033 861 3300 931 honores,
3346 864 3392 920 si
3432 866 3676 923 sacriﬁcia
3704 870 3779 924 tri-

522 954 726 1026 Appio,
759 963 814 1010 et
841 953 1053 1024 Jupiter
1081 952 1148 1010 de
1176 954 1391 1020 Atinio;
1422 964 1474 1009 et
1500 951 1740 1008 Minerva
1781 953 1848 1008 de
1877 954 2114 1009 Czesare:
2224 951 2453 1006 buanlur
2480 969 2491 1004 :
2524 953 2717 1024 quibus
2747 953 2885 1008 datis
2907 996 2922 1021 ,
2974 970 3097 1011 cum
3144 955 3280 1011 illud
3327 958 3612 1025 acciderit,
3655 962 3777 1031 quod

519 1046 695 1113 Hinc,
728 1045 874 1118 quod
908 1060 1137 1117 serpens
1174 1046 1363 1101 urbem
1386 1044 1618 1100 Romam
1646 1043 1951 1115 pestilentia
1984 1045 2119 1101 iibe—
2223 1061 2447 1123 necesse
2490 1057 2604 1114 est,
2652 1062 2918 1104 summam
2984 1050 3085 1105 sibi
3135 1052 3351 1123 pariunt
3393 1055 3777 1112 venerationem.

512 1138 655 1194 ra'vit
683 1138 955 1210 Epidauro
979 1138 1295 1196 accersitus.
1318 1137 1453 1192 Nam
1471 1138 1598 1193 illuc
1614 1135 1980 1214 δαιμονιάρχης
2001 1137 2118 1208 ipse
2224 1118 2358 1195 llinc
2403 1141 2601 1211 templa
2630 1139 2989 1209 devoventur,
3021 1153 3075 1199 et
3118 1118 3272 1200 nova:
3321 1146 3577 1217 imagines
3619 1164 3782 1207 consc-

511 1231 565 1285 in
598 1230 768 1301 ligura
816 1245 911 1286 sua
954 1232 1074 1286 sine
1119 1230 1227 1286 ulla
1258 1229 1696 1287 dissimulatione
1726 1231 1964 1300 perlatus
1991 1240 2114 1298 est;
2220 1242 2463 1301 crantur,
2489 1244 2795 1290 mactantur
2821 1251 3015 1309 greges
3049 1237 3371 1294 hostiarum.
3407 1239 3510 1296 Sed
3549 1255 3657 1296 cum
3684 1242 3779 1300 hac

511 1323 782 1394 siquidem
812 1323 971 1395 legati
999 1322 1069 1379 ad
1093 1337 1212 1379 eam
1244 1337 1360 1378 rem
1388 1322 1573 1390 missi,
1603 1322 1897 1379 draconem
1927 1328 2114 1379 secum
2220 1316 2358 1384 facta
2383 1338 2509 1384 sunt
2529 1372 2543 1395 ,
2575 1328 2925 1387 nihilominus
2949 1341 3127 1387 tamen
3153 1342 3206 1388 et
3229 1334 3361 1400 vita,
3384 1343 3439 1391 et
3462 1335 3599 1390 salus
3621 1352 3778 1394 eorunt

508 1417 661 1474 mira:
689 1416 1071 1489 magnitudinis
1096 1416 1449 1472 adveserunt.
2218 1423 2307 1492 qui
2334 1421 2449 1504 haec
2477 1422 2736 1491 fecerint,
2770 1425 3143 1482 immolantur.
3191 1427 3418 1496 Quoties
3458 1440 3627 1485 autem
3656 1432 3777 1501 peri-

574 1509 636 1564 ιη
683 1510 919 1565 oraculis
952 1512 1135 1563 autem
1178 1509 1263 1563 vel
1317 1507 1554 1562 maxime
1608 1505 1840 1575 fallunt,
1872 1510 2113 1578 quorum
2217 1515 2339 1570 cuia
2365 1516 2712 1586 impendent,
2745 1517 2815 1574 ob
2854 1519 3089 1591 aliquam
3119 1520 3360 1591 ineptam
3392 1531 3447 1577 et
3486 1521 3647 1579 levem
3677 1540 3780 1579 can-

504 1601 808 1673 priestigias
835 1600 1045 1671 profani
1065 1614 1096 1654 a
1121 1599 1352 1655 verilale
1377 1598 1679 1669 intellisere
1703 1606 1809 1691 “9"
1841 1609 2067 1691 Ροεεωιι
2094 1615 2109 1654 ε
2218 1626 2332 1665 sam
2363 1626 2422 1667 se
2451 1610 2776 1681 proﬁtentur
2800 1613 2967 1668 iratos
2998 1615 3185 1691 :lsicut
3213 1614 3355 1670 Juno
3388 1615 3636 1685 Varroni,
3661 1619 3779 1689 quod

509 1693 739 1764 ideoque
765 1692 835 1747 ab
862 1691 969 1748 illis
993 1691 1214 1747 attribui
1246 1698 1458 1762 putant,
1486 1699 1541 1746 et
1567 1690 1823 1760 imperia,
1850 1699 1905 1746 et
1932 1690 2095 1746 victo-

2216 1705 2510 1762 formosum
2535 1722 2762 1778 puerum
2787 1707 2992 1762 intensa
3014 1690 3165 1763 Jovis
3184 1708 3252 1763 ad
3289 1710 3539 1767 excuvias
3561 1711 3780 1766 tenendas

506 1787 647 1851 ﬁas.
675 1796 731 1841 et
758 1801 889 1856 ορεε
908 1826 922 1851 ν
950 1797 1008 1840 ει
1035 1793 1263 1841 eventus
1304 1799 1597 1855 prosperos
1622 1800 1836 1855 rerum;
1876 1783 2112 1855 denique
2142 1801 2190 1861 Β
2215 1796 2536 1861 collocarati
2560 1808 2615 1853 et
2638 1798 2708 1879 ob
2728 1798 2866 1854 hanc
2894 1814 3115 1855 causam
3136 1798 3440 1856 Romanum
3461 1816 3645 1856 nomen
3663 1800 3779 1872 apud

505 1880 742 1950 ipsarum
774 1886 906 1933 nutu
934 1884 1082 1949 saepe
1110 1879 1500 1947 rempublicam
1531 1878 1787 1949 periculis
1818 1880 2104 1935 imminens
2213 1889 2425 1947 Cannas
2453 1907 2591 1963 pene
2620 1878 2859 1949 deletum
2888 1901 2990 1949 εει,
3017 1892 3173 1961 Qum]
3204 1893 3248 1948 si
3280 1892 3426 1949 ,ιυηο
3453 1895 3668 1950 alterum
3696 1894 3781 1950 aa.

501 1973 644 2029 tibus
671 1974 954 2029 liberatam
986 1990 1001 2027 :
1045 1989 1165 2044 qua:
1194 1974 1465 2043 pericula,
1494 1982 1551 2028 et
1579 1974 1858 2044 responsis
1887 1973 2103 2029 denun-
2216 1986 2502 2044 nymedem
2532 1987 2841 2044 verebatur.
2883 2002 2981 2043 οω-
3006 1966 3019 2044 j

502 2071 769 2125 tiaverunt
787 2112 803 2137 ,
836 2079 889 2125 et
918 2070 1197 2125 sacriﬁciis
1221 2069 1415 2140 placati
1432 2077 1766 2124 averterunt;
1788 2069 1893 2125 Sed
1920 2070 2107 2126 omnia

503 2160 607 2216 ista
635 2160 861 2217 fallacia:
886 2170 1031 2216 sunt.
1064 2161 1200 2216 Nam
1259 2176 1381 2216 eum
1413 2160 1799 2229 dispositiones
1840 2161 1936 2218 Dei
1969 2178 2109 2233 prae-

464 2272 471 2279 ’
501 2254 769 2323 sentiant,
797 2254 995 2327 quippe
1022 2255 1113 2327 qui
1142 2254 1371 2311 ministri
1412 2252 1533 2323 ejus
1581 2255 1833 2318 fuerunt,
1866 2255 2110 2327 interpo-

1823 2376 2187 2456 VARIORDM
2224 2398 2455 2456 NOTIE.

2212 2536 2398 2610 blanda
2429 2536 2532 2610 hoc
2578 2536 2741 2592 modo
2772 2536 2824 2592 in
2870 2545 3076 2610 textum
3108 2538 3397 2610 irrepsisse
3428 2547 3584 2608 puto;
3611 2548 3776 2605 nempe

2211 2607 2462 2683 librarios
2490 2609 2802 2683 ignorantes
2830 2609 2958 2683 quid
2986 2620 3131 2683 esset
3157 2607 3302 2683 tensa
3356 2607 3501 2682 (vo:
3545 2611 3676 2668 enim
3701 2611 3777 2667 nb-

2210 2679 2380 2753 sdlcta
2408 2678 2529 2747 est}
2569 2678 2911 2735 existimasse
2945 2678 3230 2753 legendum
3263 2678 3389 2738 lisse
3418 2683 3629 2750 templo,
3661 2692 3774 2753 pra:-

2211 2751 2397 2805 sertlm
2424 2754 2543 2805 cum
2572 2753 2752 2823 statim
2781 2756 3038 2822 sequatur
3062 2751 3242 2815 Jovis;
3276 2756 3333 2808 et
3373 2751 3676 2823 principium
3700 2769 3775 2807 vv-

2210 2823 2287 2897 cis
2334 2833 2475 2877 tensa
2544 2822 2683 2897 haud
2725 2823 2990 2897 dissimile
3036 2824 3106 2879 sit
3136 2825 3403 2897 vocabulo
3431 2822 3648 2897 templo;
3677 2826 3776 2881 hinc

2211 2890 2468 2961 putarunt
2501 2893 2829 2950 mentionem
2863 2895 2978 2949 iieri
3006 2895 3191 2962 templi
3220 2895 3395 2950 Jovis.
3424 2900 3491 2953 Τὸ
3533 2890 3771 2961 excubias,

571 2968 713 3043 Juno
755 2968 977 3043 nudata,
997 2964 1113 3043 Letc'.
1164 2968 1261 3022 Εςι
1281 2964 1431 3043 ,ξηιιο
1479 2966 1696 3043 Lacinia
1724 3008 1739 3037 ,
1773 2965 1927 3043 cujus
1961 2975 2099 3043 tem-
2207 2980 2308 3043 pro
2334 2966 2542 3020 exuvias
2564 3008 2577 3030 ,
2606 2964 2861 3043 co_tnod_o
2893 2966 3176 3043 irrepsisse
3203 2978 3467 3043 autumo,
3493 2985 3598 3043 quo
3620 2970 3772 3043 lsajus,

505 3034 886 3113 pli‘tinlleitsor
913 3026 1683 3113 Fulviustegulisularmoreis
1712 3026 1988 3113 undavit;
2003 3030 2101 3113 Ld-
2128 3106 2135 3113 ι
2208 3026 2405 3113 nempe
2431 3042 2526 3107 prd
2545 3026 2785 3113 exuvias;
2808 3035 2860 3091 in
2881 3026 3375 3113 mattbseliptoijum
3396 3026 3618 3113 antiiplis
3640 3026 3776 3113 fuisse

504 3100 694 3196 lacernis
728 3109 1073 3196 Protei'pina,
1122 3100 1280 3196 quam
1333 3100 1571 3196 ityn-bus
1618 3108 1868 3196 spoliavit
1900 3128 1911 3163 :
1948 3100 2099 3192 (ζει-εὶ
2126 3106 2171 3178 C
2208 3100 2456 3196 exitbias',
2491 3108 2572 3164 vel
2603 3109 2862 3196 excubias.
2892 3108 2998 3163 Pro
3025 3124 3055 3163 υ
3083 3100 3227 3164 enim
3258 3100 3538 3196 feteresb
3560 3110 3773 3196 scribere

507 3129 560 3165 cr
626 3128 694 3166 sis
728 3128 1073 3181 Proserpina,
1122 3128 1280 3179 qnam
1333 3128 1571 3196 t'yrrnus
1618 3128 1868 3169 sponavu
1900 3128 1911 3163 :
1948 3128 2099 3165 μεν-ει
2126 3128 2171 3178 υ
2208 3128 2421 3162 exuvias
2443 3151 2456 3174 ,
2491 3128 2572 3164 vet
2603 3128 2862 3163 exsuctas.
2892 3128 2998 3163 rro
3025 3128 3055 3163 υ
3083 3128 3227 3164 enim
3258 3128 3475 3165 veteres
3504 3128 3532 3163 υ
3560 3128 3773 3164 srrmere

507 3128 743 3257 Minatur.
774 3186 893 3257 quae
936 3181 1234 3257 Alexandri
1278 3174 1475 3257 milites
1521 3174 1809 3251 sacrilegos
1854 3183 2099 3257 Caecitate
2206 3178 2488 3257 sciebant,
2517 3192 2572 3235 et
2593 3180 2710 3234 vlce
2737 3186 2930 3257 versa,
2978 3190 3038 3234 ut
3088 3180 3430 3257 ostendimus
3477 3182 3528 3236 in
3573 3180 3699 3237 notis
3720 3180 3773 3232 :ul

507 3252 753 3326 multavit
788 3244 805 3307 ἶ
833 3252 1079 3307 Hercules
1108 3244 1393 3326 άεΔΑρμὶο,
1437 3263 1596 3326 quem
1629 3244 1748 3326 cum
1776 3264 1930 3326 sacra
1961 3251 2097 3326 Her:
2208 3244 2529 3326 Epitoin‘en;
2580 3267 2605 3305 s
2658 3254 2874 3326 quoque
2916 3244 3053 3326 post
3084 3267 3127 3326 Ax
3183 3253 3461 3308 addebant
3487 3294 3501 3318 ,
3556 3263 3608 3326 ut
3656 3259 3774 3322 patet

2216 1986 2502 2067 nymedem
2532 1987 2841 2053 verebatur,
2883 2002 2981 2043 cur
3004 1986 3261 2057 juventus
3305 1988 3544 2045 Romana
3573 1989 3661 2044 luit
3685 2004 3778 2059 po:-

2216 2080 2353 2133 nas?
2385 2078 2482 2135 Vel
2508 2080 2553 2135 si
2581 2080 2654 2135 dii
2703 2080 3074 2135 tantummodo
3105 2080 3271 2136 duces
3299 2092 3494 2137 curant
3514 2122 3531 2151 ,
3562 2093 3778 2139 crateram

2218 2173 2617 2230 multitudinem
2649 2174 2959 2246 negligant,
2991 2188 3089 2230 cur
3118 2173 3290 2231 Varro
3324 2175 3476 2232 solus
3504 2177 3681 2245 evasit,
3707 2177 3781 2249 qui

574 2541 798 2612 Augure;
827 2537 963 2596 Vide
976 2552 1158 2612 supra,
1176 2553 1231 2612 c._
1245 2538 1285 2612 _s
1306 2537 1531 2609 hujusce
1547 2536 1690 2612 libri,
1717 2502 2096 2612 post‘initium.

569 2607 712 2667 Juno
754 2610 1003 2669 Veiensis.
1026 2607 1174 2667 Hanc
1207 2607 1469 2665 Monetam
1490 2609 1708 2665 vocavit
1736 2607 1911 2679 capite
1936 2608 1971 2664 8
2004 2608 2104 2663 hu-

504 2682 830 2809 Jusiic‘grltizliird:
866 2750 997 2810 Vide
1021 2746 1079 2809 Β.
1107 2750 1483 2825 Augustinum,
1512 2748 1581 2808 de
1597 2749 1756 2806 Civlt.
1787 2750 1880 2807 Dei
1906 2750 2000 2807 lib.
2024 2760 2099 2819 tv,

502 2826 739 2896 cap.l9.

577 2897 830 2952 Claudite.
865 2896 1000 2952 Vide
1029 2910 1211 2967 supra,
1244 2912 1365 2966 cap.
1398 2896 1451 2951 8.

504 3314 727 3408 enlisad
753 3330 941 3408 servos
966 3314 1351 3408 transtulissei,
1377 3314 1514 3377 Dens
1540 3323 1831 3408 lumihillns
1853 3324 2097 3408 orbavit;
2208 3314 2569 3408 hiemeque},
2622 3314 2938 3408 exsul,_etc§
2980 3342 2993 3377 :
3042 3324 3165 3408 hinc
3215 3334 3314 3393 pro
3355 3339 3423 3379 eo

506 3393 732 3463 Altinio,
764 3401 852 3466 qui
894 3398 1100 3450 senatui
1129 3390 1285 3466 Jovis
1324 3388 1475 3466 iussa
1519 3388 1953 3466 renuntiaverat;
1992 3388 2095 3448 Μὶὲ

504 3485 675 3531 uerva,
695 3460 849 3535 cujus
874 3469 1083 3537 species
1110 3460 1575 3537 ΑΗυΓΙοίᾹιιςιυμιί
1602 3464 1811 3520 metlico
1837 3480 2101 3535 apparue-

507 3550 623 3617 rat.
649 3524 918 3617 serpens;
942 3524 1413 3617 Ais_etilapiiis._De
1437 3524 1528 3617 liis
1558 3548 1717 3617 Supra
1749 3524 1953 3617 capffi‘.

576 3606 977 3687 Δαὶμοῦςᾶρχης.
1012 3611 1135 3666 llaec
1167 3606 1268 3665 'voit
1299 3609 1637 3666 desideratur
1669 3609 1720 3663 in
1751 3620 1878 3663 mss.
1902 3608 1937 3661 ‘2
1964 3606 2095 3680 Reg.

505 3684 904 3737 vetustissimis.

556 3753 642 3810 .ln
671 3755 836 3823 ﬁgura
862 3770 976 3807 sua.
1005 3752 1223 3810 Scilicet
1254 3753 1425 3806 farina
1454 3748 1741 3821 serpentis.

585 3822 819 3879 Perlatus
850 3836 943 3879 est.
976 3822 1051 3895 Ita
1073 3823 1283 3879 restitui
1311 3840 1377 3879 ex
1402 3822 1817 3895 quamplurimm
1842 3836 1974 3877 mss.
2004 3837 2101 3879 an-

507 3897 845 3965 tiquioribus.
876 3894 933 3950 In
963 3892 997 3950 5
1029 3900 1187 3950 manu
1217 3892 1472 3964 exaratis,
1501 3896 1555 3950 et
1582 3892 1834 3949 omnibus
1878 3895 2102 3949 excusis

510 3968 722 4037 legitur,
757 3968 1031 4035 perductus
1055 3977 1147 4022 est.

579 4037 923 4091 Advexerunt.
943 4038 1191 4092 Etnman.
1208 4036 1431 4093 etGoth.
1454 4038 1753 4107 eleganter,
1768 4036 2097 4107 advexerunt.

508 4108 676 4165 Recte
694 4108 825 4162 vidit
845 4110 1138 4164 Terrenius
1161 4111 1213 4164 in
1238 4108 1415 4165 Valer.
1440 4104 1651 4164 Maiim.
1686 4104 1721 4161 Ι.
1748 4123 1785 4172 ι,
1807 4123 1856 4160 c.
1876 4107 1931 4174 8,
1966 4124 2017 4161 ιι.
2039 4106 2096 4175 2,

505 4186 614 4233 una
644 4194 775 4235 voce
801 4179 1104 4249 legendum,
1135 4181 1247 4235 urbi
1272 4188 1325 4235 3e
1350 4191 1538 4235 nostrae
1561 4178 1931 4249 advehendum
1958 4182 2103 4235 resti-

508 4252 621 4306 tuit.
646 4249 744 4307 Ubi
772 4246 887 4305 hinc
911 4251 1085 4306 fabula
1116 4252 1332 4306 uberius
1362 4252 1665 4322 exponitur.
1703 4246 1834 4306 Ben.

584 4322 830 4395 ﬂrofani.
864 4322 920 4395 _lt_l
950 4333 1065 4391 est,
1090 4340 1119 4377 a
1151 4323 1254 4378 lide
1278 4323 1461 4395 alieni.

580 4392 835 4466 Fuerunt.
861 4393 987 4448 Mss.
1018 4408 1111 4466 sex
1137 4394 1463 4466 recentiores
1496 4392 1706 4466 fuel-itit.

578 4464 679 4520 Dei
703 4475 970 4519 statutum.
1011 4464 1100 4521 Sic
1150 4465 1431 4521 emendavi
1476 4464 1539 4522 ex
1585 4468 1713 4519 mss.
1744 4472 1798 4521 et
1828 4465 2098 4522 veteribus

508 4524 689 4592 editis.
718 4535 776 4591 in
807 4537 1024 4607 scriptis
1052 4537 1086 4591 ἓ
1117 4542 1227 4593 re‘c.
1257 4530 1311 4592 et
1336 4532 1495 4593 editis
1524 4545 1732 4609 septem
1762 4537 1960 4608 legitur
1986 4547 2096 4594 sta-

507 4621 612 4662 tum
623 4652 635 4664 .

584 4666 735 4748 Quod
760 4672 1040 4750 {annosum

2123 4498 2179 4560 D

3510 3323 3606 3380 uod
3654 3336 3773 3378 nunc

2208 3341 2256 3375 In
2305 3341 2569 3394 exsequor,
2622 3341 2787 3389 exsut,
2831 3341 2935 3377 etc;
2980 3342 2993 3377 :
3044 3341 3165 3377 nunc
3215 3341 3314 3393 pro
3355 3341 3423 3379 eo
3469 3341 3606 3409 quoa
3654 3341 3773 3378 nunc

2205 3393 2434 3449 dicimus
2498 3395 2750 3458 exuvias,
2811 3394 2887 3448 illi
2947 3394 3258 3448 scribebant
3326 3397 3596 3457 exsubms,
3648 3396 3773 3465 cujus

2206 3467 2355 3520 vocis
2425 3466 2869 3536 signiﬁcationem
2935 3465 3138 3520 librarii
3210 3466 3354 3521 haud
3412 3478 3770 3536 assequentes,

2205 3538 2442 3591 excubias
2475 3539 2667 3608 vitiose
2697 3535 3117 3608 Substituernnt.
3149 3538 3427 3593 Cmternm
3451 3535 3575 3608 quid
3605 3540 3774 3592 sitien-

2203 3624 2285 3679 sa,
2310 3620 2494 3662 notum
2521 3624 2583 3663 ex
2612 3607 2852 3663 Sisinnio
2872 3607 3134 3679 Capitone
3158 3610 3301 3677 apud
3329 3607 3578 3675 Festum;
3608 3624 3772 3677 nempe

2208 3650 2509 3736 vellicnlutn
2530 3720 2544 3745 ,
2577 3694 2683 3748 quo
2713 3682 2921 3734 exuviae
2953 3650 3176 3735 ileon-but
3196 3650 3352 3734 'luilis
3377 3650 3768 3735 Circensibns'in

2204 3750 2406 3805 circum
2454 3761 2507 3806 et
2551 3752 2796 3820 pulvinar
2825 3752 3180 3806 vehebantur.
3215 3752 3332 3807 Hoc
3363 3754 3658 3807 vehiculum
3685 3760 3771 3805 ιη-

2205 3821 2434 3877 hebalttr
2465 3834 2568 3875 non
2614 3830 2643 3876 a
2680 3822 2972 3890 jumentis,
3025 3823 3121 3877 sed
3167 3824 3234 3876 ab
3286 3824 3637 3878 hominibus:
3670 3826 3771 3876 hinc

2206 3892 2355 3948 Suet.
2392 3897 2443 3947 in
2466 3894 2651 3947 Octav.
2688 3899 2937 3962 August.,
2961 3910 3011 3949 c.
3032 3894 3102 3950 45
3135 3895 3375 3949 :Accidit
3404 3898 3577 3950 votivis
3596 3894 3771 3950 Circen-

2202 3965 2360 4029 sibus,
2385 3974 2438 4018 at
2469 3975 2730 4034 correptus
2758 3966 3042 4018 valetudine
3068 3966 3244 4018 lectica
3285 3969 3478 4021 cubans
3525 3977 3679 4021 tensas
3700 3965 3772 4018 de-

2204 4036 2427 4091 duceret.
2461 4036 2539 4090 llli
2564 4048 2742 4089 autem
2774 4037 2862 4105 qui
2890 4036 3230 4091 deducebant
3260 4049 3446 4093 tensas
3469 4081 3483 4101 ,
3511 4041 3771 4091 adteusato-

2204 4124 2283 4160 res
2312 4107 2647 4162 dicebantur.
2680 4107 2850 4180 Erant
2879 4107 2930 4161 lli
2967 4107 3254 4178 plurimum
3277 4109 3425 4180 bini,
3455 4110 3543 4180 qui
3569 4107 3769 4164 vehendi

2204 4194 2339 4231 (Hills
2371 4180 2639 4233 subibant.
2693 4178 2774 4232 Ex
2818 4178 3233 4247 leam—Apud
3261 4178 3665 4243 Tertullianum,
3690 4180 3766 4233 lib.

2204 4249 2271 4304 de
2300 4250 2655 4318 Spectaculis,
2685 4266 2802 4319 cap.
2829 4251 2883 4316 7,
2911 4252 2961 4304 in
2988 4251 3127 4305 ludis
3150 4249 3499 4306 Circensibus
3523 4254 3705 4307 menlio
3723 4248 3770 4303 lit

2204 4321 2272 4375 de
2306 4322 2587 4384 curribus;
2622 4324 2688 4375 tle
2716 4323 2870 4375 tensis
2890 4363 2902 4381 ,
2933 4321 3001 4375 de
3046 4321 3264 4376 sedibus
3287 4364 3303 4389 ,
3353 4324 3421 4378 de
3450 4324 3687 4383 coronis,
3712 4321 3768 4376 de

2202 4394 2417 4447 exuviis.
2451 4392 2580 4447 inde
2611 4402 2789 4462 patet,
2822 4392 2923 4462 legi
2952 4394 3152 4449 debere
3179 4394 3230 4446 in
3255 4404 3401 4447 tensa
3422 4394 3564 4449 Jovis
3587 4396 3649 4447 ad
3668 4408 3768 4447 exu-

2204 4466 2310 4518 vias
2340 4466 2602 4517 tenendas.
2633 4463 2738 4518 Pro
2765 4467 3043 4535 formosum
3068 4506 3083 4530 ,
3132 4464 3318 4519 mallet
3346 4466 3581 4521 Gallzcus
3612 4466 3767 4535 legere

2212 4536 2483 4602 famosum.
2521 4536 2625 4607 Sed
2658 4533 2939 4606 legendum
2968 4549 3089 4591 esse
3110 4540 3395 4607 formasum
3427 4547 3644 4601 constat,
3665 4533 3766 4589 tum

2210 4623 2276 4663 ex
2308 4608 2560 4662 omnibus
2610 4606 2871 4661 Lactantii
2904 4618 3035 4661 mss.
3070 4606 3124 4661 et
3151 4608 3311 4662 editis
3341 4609 3642 4671 codicibus,
3673 4616 3766 4660 tum

1106 4696 1281 4745 uerum
1302 4679 1354 4732 in
1379 4689 1520 4733 tensa
1540 4676 1684 4733 Jovis
1706 4680 1773 4733 ad
1794 4679 2003 4733 exuvias
2034 4688 2106 4734 te-
2208 4694 2273 4732 cx
2304 4678 2513 4733 Valerio
2538 4677 2803 4749 Maximo,
2824 4696 2848 4727 ει
2878 4690 2986 4748 quo
3016 4680 3128 4732 inec
3155 4680 3461 4749 desumpsit
3491 4678 3764 4736 Lactantius

584 4696 732 4748 uuoa
760 4696 1040 4750 [annosum
1106 4696 1281 4745 uerum
1302 4696 1354 4732 in
1379 4696 1520 4733 tensa
1540 4696 1684 4733 Jovis
1706 4696 1772 4733 aa
1794 4696 2003 4733 exuvias
2034 4696 2099 4734 te-

507 4753 701 4806 nendas
731 4751 1029 4823 collocarat.
1057 4696 1410 4823 gd.Sublac.
1444 4749 1603 4805 habet
1629 4752 1681 4804 in
1712 4751 1929 4823 templo,
1951 4765 2064 4823 Apro
2083 4794 2099 4818 ,

510 4826 562 4878 iu
588 4834 749 4879 tensa.
781 4820 837 4877 In
870 4822 1121 4877 onniibus
1167 4821 1443 4890 impressis
1476 4829 1531 4876 et
1560 4823 1742 4876 multis
1784 4818 1912 4876 mss.
1950 4818 2100 4879 locus

508 4895 593 4949 hic
621 4893 1005 4949 viotiosissime
1037 4893 1252 4963 legitur.
1284 4892 1536 4947 Nonnulli
1572 4892 1790 4955 habent.
1826 4894 1879 4948 in
1907 4894 2099 4963 templo

2208 4750 2347 4804 Hist.
2396 4751 2487 4803 lib.
2527 4764 2583 4823 ξ,
2616 4764 2733 4821 cap.
2782 4748 2851 4823 2.
2882 4750 2984 4823 ubi
3018 4751 3250 4823 legitur,
3295 4748 3485 4805 eximia
3525 4753 3645 4823 facie
3664 4764 3766 4823 puc-

2206 4836 2319 4873 rum
2342 4864 2356 4887 ,
2389 4830 2492 4877 etc.
2522 4820 2653 4876 ltctn
2683 4822 2823 4889 apud
2863 4821 3161 4875 Arnobium
3202 4824 3255 4876 in
3288 4824 3395 4878 line
3427 4820 3543 4878 libri
3573 4838 3640 4883 tv.
3668 4820 3763 4874 haec

2204 4893 2638 4966 referentemq—
2662 4890 2726 4945 In
2776 4902 2915 4946 tensa
2940 4894 3104 4947 Jovis.
3137 4892 3364 4966 Tertull.
3415 4894 3483 4949 de
3529 4896 3759 4966 Spectat,

505 4964 650 5020 Jovis
670 4965 737 5018 ad
763 4965 1000 5020 excubias
1030 4967 1303 5031 tenendas;
1329 4964 1415 5018 alii
1438 4965 1489 5017 iu
1514 4964 1703 5033 templo
1717 4965 1856 5035 jovis
1881 4964 2100 5035 adiexu-
2201 4979 2250 5019 c.
2286 4966 2338 5033 7,
2375 4964 2466 5017 lin.
2506 4981 2519 5019 τ
2550 4964 2612 5019 Si
2641 4980 2795 5017 uuam
2844 4974 3036 5017 tensam
3065 4966 3235 5018 ira/tat
3262 4964 3477 5020 Jovis...
3511 4964 3761 5035 plaustrum

504 5037 611 5091 vias
643 5040 884 5091 tenendas
917 5037 1034 5091 :sic
1067 5028 1422 5092 bahentvmss.
1471 5028 1677 5089 Buno'n.
1702 5028 1899 5103 ,'Jmt.,
1929 5034 2094 5101 Tax.,

507 5107 663 5173 Pen.,
694 5111 734 5181 ᾗ
757 5106 915 5181 ch.,
951 5107 1204 5181 l_Sorb.,
1240 5106 1307 5181 l2
1340 5107 1534 5181 Vatic._
1554 5116 1608 5162 et
1635 5105 1900 5181 editiones
1926 5106 1962 5161 2
1992 5103 2096 5181 Be-

507 5192 660 5248 non.,
696 5174 934 5245 Veneia,
971 5174 1233 5245 Florent.,
1280 5178 1449 5243 Junt.,
1494 5177 1768 5248 Gymnic.,
1812 5178 2089 5242 Cratand.,

506 5247 711 5312 Aldin.,
744 5248 972 5320 Graph.,
1005 5251 1233 5307 Tornes.
1266 5261 1322 5306 et
1350 5248 1518 5320 antiq.
1547 5247 1651 5315 38,
1685 5250 1932 5319 aliaeque.
1967 5248 2023 5305 In
2057 5251 2091 5307 6

506 5335 617 5374 rec.
650 5321 859 5388 scriptis
879 5362 893 5385 ,
936 5323 1147 5377 eximias
1172 5338 1191 5387 ,°
1220 5321 1255 5377 6
1282 5321 1394 5385 ed.,
1434 5320 1691 5376 excubias.
1737 5321 1978 5375 Emendo
2005 5338 2091 5377 se—

505 5389 741 5445 cundum
775 5391 1023 5448 meliores
1048 5393 1265 5449 codices
1285 5435 1299 5460 ,
1335 5409 1429 5461 pro
1460 5394 1669 5462 templo,
1714 5402 1875 5462 tensa,
1908 5402 1959 5447 et
1991 5410 2088 5461 pro

502 5464 780 5535 excubias,
804 5466 1009 5535 exuvias
1054 5465 1255 5535 legens.
1288 5464 1377 5520 Sic
1415 5461 1597 5534 legunt
1647 5478 1777 5519 mss.
1823 5461 1939 5518 Pal.
1969 5472 2025 5518 et
2053 5466 2087 5521 5

505 5532 641 5603 Reg.
674 5533 843 5605 antiq.
888 5533 944 5587 ln
987 5534 1056 5588 is.
1089 5532 1348 5600 iiemtesa;
1379 5536 1430 5589 in
1472 5532 1633 5591 Cane.
1670 5535 1865 5605 legitur
1890 5536 1943 5590 in
1975 5546 2086 5591 ten-

501 5613 663 5677 tgzsa;
686 5604 742 5677 in
772 5603 899 5677 Em.
937 5613 1174 5661 tentesea.
1204 5605 1287 5662 Jo.
1315 5604 1477 5662 Cauci
1524 5612 1673 5677 putat
1701 5603 1976 5662 librarium
2006 5608 2084 5663 vi-

504 5673 639 5747 tiose
682 5674 751 5747 ita
799 5675 1111 5747 scripsisse,
1161 5693 1260 5741 pro
1302 5681 1354 5731 in
1393 5673 1566 5745 tensa,
1618 5679 1702 5733 cui
1752 5679 2081 5747 conjectura:

504 5745 804 5801 subscribi).
835 5745 966 5803 Mss.
996 5745 1033 5801 2
1058 5756 1112 5801 et
1137 5746 1274 5803 Uitr.
1308 5749 1507 5806 habent
1528 5757 1581 5803 tn
1603 5759 1802 5805 centesa
1823 5745 1965 5805 {sed
1993 5752 2080 5807 iti-

503 5814 627 5873 dem
670 5815 863 5878 vitiose
909 5834 1005 5892 per
1050 5819 1390 5881 oscitantiam
1436 5821 1643 5882 librarii
1674 5821 1765 5897 sic
1791 5821 2073 5894 scriptum.

2200 5045 2292 5090 est.
2330 5035 2556 5107 Egregie
2586 5045 2829 5107 nostrum
2882 5036 3031 5091 Lact.
3065 5038 3238 5091 locum
3288 5037 3523 5092 illustrat
3549 5037 3759 5107 Cuperus

2201 5107 2251 5161 in
2288 5104 2601 5176 llarpoerat.
2634 5106 2719 5161 ed.
2745 5106 2909 5174 iit-4°,
2939 5122 2987 5177 p.
3022 5109 3126 5162 134
3150 5119 3203 5162 et
3229 5124 3311 5178 sq.
3341 5140 3413 5150 —
3434 5108 3500 5163 In
3527 5104 3655 5163 lPltStt
3681 5104 3760 5159 Jo-

2199 5180 2271 5235 vis
2313 5179 2381 5232 ad
2412 5181 2618 5233 exuvias
2647 5179 2908 5232 tenendas.
2942 5179 3132 5234 Tensze
3158 5189 3336 5234 autem
3362 5225 3376 5248 ,
3407 5183 3519 5237 Sive
3545 5181 3754 5241 tbenszc,

2197 5259 2324 5305 sunt
2352 5250 2596 5305 vehicula
2628 5249 2877 5313 deorum,
2911 5252 3103 5319 quibus
3136 5252 3186 5304 in
3215 5253 3429 5306 Circum
3451 5251 3757 5308 deduceban-

2198 5332 2300 5375 tur.
2329 5323 2622 5377 Suetonius
2642 5320 2777 5391 Aug.
2804 5321 2876 5376 43
2900 5340 2913 5376 :
2940 5322 3134 5375 Accidit
3156 5325 3331 5376 votivis
3352 5323 3674 5383 Circensibus,
3692 5329 3753 5382 ut,

2194 5403 2460 5465 correptus
2491 5392 2802 5459 valetudine,
2834 5394 3011 5447 lectica
3042 5394 3256 5460 cubans,
3299 5406 3468 5451 tensas
3495 5395 3749 5448 deduceret.

3507 5468 3629 5521 llus.

2260 5560 2365 5618 Cur
2406 5559 2584 5614 Varro.
2632 5557 2866 5613 Historia
2897 5566 2981 5612 est
3030 5558 3167 5627 apud
3200 5559 3542 5627 Livinm,lib.
3577 5574 3642 5622 ιι,
3678 5566 3751 5609 se-

2187 5632 2350 5689 cundi
2395 5630 2517 5686 belli
2551 5630 2758 5685 Punici.
2795 5629 2925 5684 Vide
2957 5627 3134 5685 Valer.
3168 5630 3382 5686 Maxim.
3419 5632 3513 5687 lib.
3558 5646 3604 5690 t,
3644 5640 3744 5695 cap.

2185 5706 2253 5760 de
2282 5703 2522 5775 neglecta
2548 5698 3059 5772 Religione.—Cur
3094 5700 3252 5775 Varro
3298 5704 3439 5756 solus
3475 5698 3747 5775 θυμηδεῖ-

2184 5770 2388 5833 rentius
2414 5772 2601 5842 Varro,
2630 5770 2839 5840 censui,
2858 5774 3024 5829 evasit
3042 5789 3109 5830 ex
3130 5774 3395 5831 Cannensi
3417 5775 3608 5846 praelia.
3631 5770 3741 5827 litis.
