3986 6358
172 315 264 371 3-H

1189 305 1390 365 LIBER
1431 304 1493 361 II.
1541 303 1628 360 DE
1669 300 1950 361 ORIGINE
1993 303 2316 361 ERRORIS.

3359 298 3465 353 562

171 437 264 490 hoc
293 431 450 497 fecit,
481 437 532 489 et
560 426 789 494 Paulus,
819 430 908 501 qul
937 430 1070 485 nihil
1101 429 1296 485 meruit
1319 471 1332 491 .
1380 428 1590 484 occisus
1621 426 1747 482 est?
1775 425 1830 486 Α
1854 424 2168 496 disputatio.
2189 423 2377 479 Differt
2404 437 2555 492 ergo,
2587 421 2758 477 donec
2784 421 2963 476 veniat
2985 429 3284 490 tempormn
3317 420 3459 486 linis,

172 524 420 580 VideliCet
448 521 519 578 nil
550 527 674 578 ttinc
696 522 955 578 Remanis
977 521 1170 577 accidit

408 672 422 686 .
461 674 474 686 .
515 676 526 686 .
563 674 575 686 .
615 673 626 684 .
650 632 791 684 Fatis
807 633 1229 697 Junonisiniqute,

170 758 282 800 cum
315 727 548 797 Annibal
579 729 715 797 duos
742 738 1014 795 eitercitns
1044 737 1229 810 populi
1253 736 1501 805 Romani,
1531 743 1585 791 et
1610 743 1751 802 astu,

166 847 214 892 et
237 837 433 890 virtute
479 833 732 890 confecit.
765 832 899 888 Nam
942 832 1083 887 Juno
1122 831 1323 887 audere
1353 835 1458 885 non
1501 832 1750 900 poterat,

166 938 248 985 aut
275 928 655 999 Carthaginem
700 924 994 983 defendere
1017 969 1032 995 ,
1065 926 1152 981 ubi
1207 940 1355 980 arma
1388 924 1505 996 ejus
1534 921 1592 979 et
1631 938 1754 978 cur-

168 1037 252 1078 rus
277 1021 410 1088 fuit,
441 1030 536 1075 aut
558 1020 819 1075 Romanis
847 1025 1042 1074 nocere
1064 1057 1077 1083 ,
1107 1017 1231 1088 quia

310 1175 320 1184 .
362 1177 370 1186 .
416 1171 428 1184 .
472 1172 484 1184 .
524 1170 536 1184 .
575 1134 874 1196 Progeniem
896 1131 1156 1195 Trojanoa
1179 1132 1423 1193 sanguine
1441 1129 1555 1180 duci

300 1198 562 1260 Audierat,
586 1197 756 1261 Tyrias
780 1197 894 1246 olim
918 1210 1028 1259 quae
1064 1202 1288 1246 verteret
1310 1207 1471 1243 arces.

226 1301 329 1358 Sed
369 1300 593 1356 illorum
646 1310 775 1356 sunt
803 1300 891 1356 isti
940 1299 1124 1364 lusus,
1157 1299 1246 1370 qui
1293 1298 1394 1353 sub
1443 1295 1752 1353 nominibus

161 1403 484 1450 mortuorum
514 1392 920 1458 delitescentes,
955 1379 1258 1449 viventibus
1292 1391 1471 1462 plagas
1503 1389 1747 1447 tendunt.

163 1491 333 1561 Itaque
360 1489 477 1543 sive
505 1487 634 1544 illud
667 1489 984 1559 periculurn,
1019 1486 1161 1559 quod
1193 1486 1440 1540 imminet
1467 1484 1624 1540 vitari
1655 1498 1752 1558 po-

161 1591 268 1646 test,
299 1577 475 1636 videri
505 1583 690 1635 volunt
717 1579 768 1635 id
800 1581 986 1651 placati
1027 1581 1322 1645 avertisse;
1355 1577 1474 1634 sive
1513 1594 1620 1634 non
1652 1592 1750 1648 po-

163 1682 268 1741 test,
293 1674 346 1729 id
371 1683 574 1742 agunt,
606 1685 664 1729 ut
695 1682 914 1744 propter
956 1673 1169 1729 illorum
1214 1681 1580 1743 contemptum
1611 1671 1752 1726 acci-

159 1765 286 1821 disse
348 1765 622 1820 videatur.
674 1764 749 1821 Ita
803 1766 903 1822 sibi
950 1765 1092 1837 apud
1153 1765 1403 1821 homines
1435 1807 1450 1832 ,
1507 1764 1599 1837 qui
1654 1780 1750 1821 eos

161 1860 404 1928 nesciunt,
462 1862 873 1926 auctoritatem,
923 1875 986 1916 ac
1042 1861 1286 1914 timorem
1344 1860 1578 1928 pariunt.
1639 1844 1751 1915 lIac

159 1953 369 2006 versutia
397 1994 413 2019 ,
444 1963 502 2008 et
536 1952 618 2008 his
640 1951 846 2008 artibus
870 1995 882 2018 ,
935 1951 1179 2007 notitiam
1212 1951 1324 2007 veri
1353 1968 1415 2007 ac
1461 1950 1752 2021 singularis

168 2043 245 2099 Dei
273 2044 408 2114 apud
440 2051 638 2100 omnes
688 2055 876 2116 gentes
928 2044 1386 2100 inveteraverunt.
1438 2043 1562 2098 Suis
1607 2043 1751 2098 enim

159 2124 284 2191 vitiis
319 2133 542 2207 perditi,
575 2138 824 2202 saeviunt,
851 2149 904 2193 et
924 2147 1242 2208 grassantur
1264 2179 1278 2203 ,
1307 2147 1363 2191 ut
1390 2135 1634 2206 perdant.
1665 2133 1752 2190 ld-

161 2228 282 2284 circo
295 2229 452 2284 etiam
479 2225 748 2285 humanas
764 2229 967 2286 hostias
984 2231 1428 2301 excogitaverunt
1449 2230 1549 2300 ipsi
1564 2229 1748 2286 hostes

164 2320 354 2376 humani
381 2322 628 2393 generis,
663 2331 721 2378 ut
743 2339 901 2394 quam
933 2324 1129 2380 ntultas
1158 2323 1485 2380 devurarent
1515 2324 1746 2380 animas.

707 2434 933 2494 CAPUT
963 2436 1150 2493 XVIII.

168 2544 231 2601 De
256 2545 346 2602 Dei
367 2549 620 2618 patientia
649 2559 697 2604 et
723 2552 918 2606 ultione
943 2592 958 2617 ,
1002 2551 1294 2606 daemonum
1324 2553 1466 2608 cultu
1484 2594 1499 2621 ,
1526 2565 1572 2608 et
1601 2555 1748 2625 falsis

788 2643 1136 2715 religionibus.

221 2749 358 2806 Dicet
404 2751 648 2824 aliquis:
681 2752 792 2808 Cur
822 2755 966 2826 Ergo
996 2739 1140 2811 Deus
1181 2756 1297 2813 haec
1350 2757 1465 2813 ﬁeri
1517 2760 1742 2830 patitur,

169 2854 254 2896 nec
276 2850 376 2897 tam
398 2844 565 2899 malis
587 2845 856 2900 succurrit
884 2847 1200 2903 erroribus?
1232 2849 1298 2906 Ut
1326 2851 1464 2906 mala
1497 2861 1620 2906 cum
1649 2851 1745 2909 bo-

164 2939 236 2992 nis
285 2949 560 3009 pugnent;
596 2947 654 2994 ut
697 2941 821 2995 vitia
878 2941 989 2996 sint
1021 2942 1261 2998 .adversa
1311 2944 1642 3012 virtutibus;
1688 2956 1748 3003 ut

161 3028 330 3085 habeat
359 3032 523 3098 alios,
557 3046 694 3103 quos
731 3033 953 3103 puniat;
997 3034 1154 3100 alios,
1183 3050 1322 3105 quos
1364 3037 1617 3093 honoret.
1649 3037 1744 3094 Ul-

162 3123 284 3178 timis
309 3125 448 3180 enim
482 3125 826 3197 temporibus
873 3127 1062 3183 statuit
1105 3127 1173 3183 de
1225 3128 1360 3183 vivis
1402 3145 1466 3184 ac
1513 3131 1743 3187 mortuis

1858 531 1967 587 quo
1995 515 2236 572 effundat
2265 517 2398 571 iram
2433 531 2584 570 suam
2629 514 2680 568 in
2731 523 3001 584 potestate
3027 528 3092 568 ac
3125 513 3318 568 virtute
3347 525 3461 567 cae-

1857 612 2000 677 lesti,
2043 613 2182 668 sicut

2172 764 2183 774 .
2326 760 2338 772 .
2380 763 2392 774 .
2431 764 2442 775 .
2478 721 2910 788 Vatumprtedicta
2936 724 3123 788 piorum

2044 787 2276 839 Terribili
2295 788 2480 837 monitu
2506 786 2801 836 horriﬁcant.

1856 897 2009 954 Nunc
2063 905 2244 952 autem
2306 893 2504 965 patitur
2559 892 2809 948 homines
2865 901 3203 960 errare,-et
3264 893 3460 949 advero

1857 1005 1975 1046 sum
2004 1005 2064 1045 se
2093 1001 2309 1060 quoque
2367 987 2561 1058 impios
2610 1001 2773 1050 esse,
2825 988 2940 1056 ipse
2990 985 3203 1055 justus,
3255 994 3310 1041 et
3357 986 3462 1040 mi-

1858 1083 1947 1149 tis,
1978 1089 2032 1138 et
2064 1082 2296 1152 patiens.
2339 1080 2448 1135 Nec
2476 1078 2622 1134 enim
2652 1079 2767 1134 fieri
2807 1089 3009 1149 potest,
3044 1087 3101 1134 ut
3147 1093 3254 1134 non
3289 1079 3358 1143 is,
3405 1079 3459 1133 in

1855 1189 1964 1248 quo
1992 1175 2228 1246 perfecta
2255 1174 2326 1228 sit
2356 1173 2551 1237 virtus,
2593 1173 2664 1226 sit
2699 1172 2862 1226 etiam
2898 1171 3135 1241 perfecta
3177 1172 3456 1242 patientia.

1856 1270 2012 1328 Unde
2031 1271 2245 1340 quidam
2274 1279 2489 1340 putant,
2519 1285 2586 1322 ne
2606 1268 2764 1323 irasci
2783 1267 2998 1336 quidem
3027 1267 3192 1323 Deum
3213 1268 3453 1333 omnino,

1855 1362 1997 1434 quod
2029 1361 2332 1426 aIl'ectibus,
2357 1359 2449 1431 qui
2480 1367 2606 1414 sunt
2639 1358 3076 1429 perturbationes
3107 1358 3295 1422 animi,
3331 1357 3458 1412 sub-

1849 1460 2028 1530 jectus
2059 1473 2164 1512 non
2197 1456 2300 1525 sit;
2356 1455 2480 1526 quia
2530 1454 2720 1524 fragile
2751 1461 2835 1509 est
2879 1467 3042 1507 omne
3088 1452 3286 1506 animal
3314 1451 3458 1522 quod

1854 1551 2087 1608 afﬁcitur
2117 1555 2172 1605 et
2200 1555 2593 1604 commovetur.
2639 1540 2770 1615 Quae
2817 1547 3100 1616 persuasio
3129 1547 3411 1600 veritatem
3439 1584 3455 1610 ,

1854 1655 2014 1717 atque
2044 1644 2362 1716 religionem
2394 1641 2637 1697 funditus
2663 1641 2818 1696 tollit.
2845 1640 2951 1696 Sed
2983 1650 3276 1710 seponatur
3314 1640 3457 1696 inte-

1853 1738 1954 1792 rim
1985 1738 2135 1791 locus
2177 1736 2263 1791 hic
2293 1735 2449 1789 nobis
2487 1735 2555 1789 de
2584 1735 2664 1788 ira
2699 1734 2790 1788 Dei
2832 1732 3163 1800 disserendi,
3193 1733 3354 1803 iquod
3402 1743 3459 1789 et

1780 1827 1828 1887 B
1856 1829 2074 1884 uberior
2098 1837 2182 1884 est
2215 1827 2461 1890 materia,
2487 1835 2541 1882 et
2578 1841 2743 1896 opere
2775 1825 2994 1896 preprio
3015 1825 3154 1897 (Scit
3176 1818 3263 1880 tib.
3299 1825 3457 1880 delra

1861 1920 1980 1994 Dei)
2000 1922 2156 1977 latius
2179 1920 2518 1991 exequenda.
2542 1918 2667 1975 Illos
2685 1935 2815 1990 ergo
2841 1919 3204 1989 nequissimos
3226 1919 3451 1989 spiritus

1856 2013 2096 2086 quisquis
2127 2019 2416 2068 veneratus
2465 2011 2662 2079 fuerit,
2692 2020 2746 2066 et
2772 2019 3023 2077 secutus,
3069 2026 3246 2080 neque
3283 2012 3447 2076 cmlo,

1856 2121 2028 2177 neque
2051 2105 2169 2160 luce
2201 2104 2457 2174 potietur,
2487 2119 2608 2172 qua!
2636 2111 2763 2158 sunt
2792 2102 2886 2157 Dei
2915 2122 2928 2157 :
2955 2101 3050 2157 sed
3097 2103 3149 2156 in
3180 2102 3271 2156 illa
3297 2101 3450 2158 deci-

1853 2197 1966 2264 det,
1983 2212 2103 2267 qute
2120 2195 2172 2250 in
2190 2195 2572 2250 distributione
2599 2209 2782 2248 rerum
2807 2193 3064 2248 attributa
3087 2193 3456 2263 esseipsima-

1852 2294 2025 2348 lorum
2065 2293 2311 2362 principii
2343 2291 2767 2361 disputavimus;
2817 2289 2868 2342 in
2902 2289 3155 2344 tenebras
3200 2288 3448 2354 scilicet,

1851 2391 1905 2440 et
1936 2383 2156 2452 inferos,
2188 2395 2242 2440 et
2264 2383 2549 2454 suplicium
2581 2383 2998 2452 sempiternum.

1926 2480 2090 2535 Docui
2114 2480 2410 2551 religiones
2423 2477 2650 2534 deorum
2683 2476 2880 2550 triplici
2912 2475 3075 2531 modo
3102 2490 3266 2530 vanas
3285 2489 3407 2531 esse
3433 2492 3446 2529 :

1850 2589 1978 2639 uno,
2008 2571 2152 2644 quod
2179 2572 2469 2628 simulacra
2498 2567 2622 2637 ista,
2653 2585 2772 2641 qua:
2803 2571 3074 2635 coluntur,
3107 2568 3316 2641 efﬁgies
3340 2569 3452 2624 sint

1851 2667 2131 2722 hominum
2163 2675 2539 2728 mortuorum;
2572 2678 2696 2719 esse
2722 2671 2904 2718 autem
2935 2675 3256 2732 perversum
3286 2672 3341 2716 et
3367 2662 3448 2715 in-

1848 2773 2183 2830 congruens,
2216 2766 2272 2813 ut
2299 2757 2646 2812 simulacrum
2679 2754 2914 2809 hominis
2960 2769 2990 2807 a
3021 2753 3317 2808 simulacro
3355 2751 3450 2808 Dei

1848 2853 2058 2908 colatur
2087 2870 2101 2908 :
2129 2851 2262 2908 colit
2282 2852 2424 2907 enim
2454 2849 2596 2921 quod
2627 2859 2710 2904 est
2741 2848 2978 2902 deterius
3009 2855 3062 2901 et
3095 2844 3444 2912 imbecillius;

1850 2955 1960 3001 tum
1991 2944 2322 3016 inexpiabile
2353 2942 2558 2998 facinus
2585 2956 2730 3008 esse,
2762 2940 3021 2995 deserere
3051 2937 3354 3004 viventem,
3389 2944 3451 2992 ut

1847 3037 2222 3092 defunctorum
2250 3019 2602 3091 monimentis
2619 3032 2845 3098 servias,
2882 3031 2972 3101 qui
3001 3046 3100 3086 nec
3129 3033 3318 3099 vitam,
3345 3045 3448 3087 nec

1847 3133 2022 3187 lucem
2043 3129 2172 3185 dare
2191 3128 2442 3198 cuiquam
2474 3135 2833 3196 possunt,qua
2850 3123 2952 3194 ipsi
2971 3134 3182 3189 carent;
3205 3138 3305 3179 nec
3323 3137 3447 3180 esse

159 3215 369 3285 judicare
399 3238 412 3274 :
454 3219 531 3276 de
560 3235 666 3290 quo
690 3219 898 3291 judicio
945 3221 1077 3275 mihi
1137 3221 1242 3277 erit
1269 3222 1321 3277 in
1371 3221 1559 3279 ultimo
1602 3223 1742 3282 libro
1771 3221 1817 3285 C
1849 3224 2012 3281 alium
2047 3236 2368 3295 quemquam
2393 3221 2584 3287 Deum,
2617 3225 2811 3291 praeter
2829 3233 2993 3273 unum
3016 3259 3031 3285 ,
3060 3217 3214 3288 cujus
3239 3217 3446 3288 judicio

1468 3334 1831 3398 VARIORUM
1869 3336 2097 3395 ΝΟΤέΕ.

217 3443 423 3502 Paulus.
455 3447 564 3523 Qui
596 3447 1010 3523 pullos__'edaces
1041 3449 1348 3523 habuit,et
1380 3460 1557 3506 tamen
1588 3452 1736 3523 apud

163 3513 348 3590 Cannas
375 3513 614 3587 cecidit,
645 3529 701 3573 ut
729 3519 803 3574 illi
830 3520 1130 3590 Cyprianus
1155 3513 1349 3578 illudit.

220 3588 311 3655 Qui
355 3591 486 3664 nihil
527 3592 728 3664 meruit.
763 3591 819 3646 Id
850 3588 927 3647 est
961 3593 1092 3646 nihil
1142 3592 1266 3664 fecit
1303 3607 1460 3664 ptena
1489 3594 1729 3663 dignum.

159 3656 332 3734 lterum
362 3661 682 3718 Lactantius
710 3663 745 3717 Ι.
773 3679 870 3731 vn,
890 3677 1010 3734 cap.
1042 3664 1110 3719 10
1135 3682 1148 3717 :
1175 3656 1462 3720 Bani'niltil
1491 3656 1594 3722 tale
1617 3683 1729 3722 cre-

159 3729 323 3805 duntur
349 3735 556 3798 mereri,
582 3734 734 3804 quale
757 3729 893 3804 ειερε
914 3729 1196 3805 patiuntur.
1230 3735 1358 3791 Btnv.

160 3800 605 3930 Virg;
638 3820 726 3860 vui
747 3800 1085 3872 jEneid.,vs.
1106 3807 1232 3864 607.
1264 3808 1398 3864 Vide
1415 3807 1604 3867 Silium
1624 3810 1729 3866 Ita-

177 3885 233 3926 IC.
262 3885 348 3930 III).
379 3893 434 3931 Χ.

216 3945 349 4022 astu.
374 3948 530 4004 Lact.
561 3949 629 4005 de
652 3949 846 4022 Opific.
867 3992 882 4015 ,
910 3964 1010 4020 cap
1039 3950 1074 4004 2
1105 3969 1116 4003 :
1149 3953 1275 4006 Astu
1299 3968 1354 4008 se
1381 3962 1665 4022 protegant.

215 4015 403 4090 eludere
444 4038 552 4074 non
584 4015 797 4090 poterat.
831 4015 1176 4077 Heumannus
1207 4032 1353 4078 recte
1381 4015 1604 4089 exponit
1632 4041 1732 4078 non

159 4087 676 4165 audebat.Singularis
691 4103 866 4147 tamen
885 4094 1068 4156 dictio,
1085 4095 1410 4148 licetaudere
1439 4087 1533 4163 pro
1562 4111 1728 4165 posse,

159 4165 350 4234 etposse
387 4178 488 4233 pro
531 4164 737 4227 audere,
780 4165 1048 4220 interdum
1089 4176 1288 4234 ponant
1340 4164 1573 4221 veteres.
1607 4167 1726 4222 Vid.

160 4225 434 4308 Broukhu's.
451 4237 520 4289 ad
539 4225 784 4308 Propert.
809 4236 842 4288 l.
863 4251 896 4298 ι,
915 4238 984 4290 el.
1004 4225 1188 4308 liiiivs.
1209 4237 1293 4308 57,
1316 4253 1366 4306 p.
1382 4237 1472 4304 6i,
1491 4253 1573 4308 sq.
1595 4238 1727 4294 Buu.

164 4300 533 4425 l0Progeniem.
589 4300 765 4379 Virg.,
807 4307 1003 4362 initiot
1036 4307 1165 4364 Ain.
1202 4300 1334 4364 Vide
1378 4320 1434 4364 et
1460 4300 1731 4366 Valerium

207 4389 262 4425 co
289 4388 469 4425 citam-

207 4389 262 4426 (:0
289 4388 469 4433 citato.

1844 3453 1980 3509 Nam
2012 3453 2081 3507 ob
2110 3451 2217 3506 hoc
2243 3451 2420 3520 ipsum
2445 3449 2610 3504 mittit
2643 3449 2784 3505 Deus
2813 3449 3107 3504 efﬁcaciam
3132 3449 3397 3507 illusionis
3423 3459 3442 3487 ’

1843 3536 1896 3580 ιιι
1928 3525 2123 3579 Paulus
2149 3522 2217 3577 ad
2257 3520 2499 3576 Thessal.
2535 3521 2743 3582 scribit.
2784 3532 2840 3575 nt
2879 3520 3104 3576 credant
3132 3523 3440 3589 n‘tendacio,

1841 3597 2229 3666 utjudicentur
2247 3608 2435 3647 omnes
2459 3593 2547 3666 qui
2578 3609 2684 3646 non
2716 3591 3066 3650 crediderunt
3089 3595 3321 3649 veritati.
3356 3595 3441 3649 In-

1837 3663 2006 3737 digni,
2033 3669 2275 3736 inquam,
2297 3674 2427 3737 sunt
2450 3663 2600 3719 fonte
2642 3666 2783 3730 vivo,
2808 3667 2897 3735 qui
2930 3667 3195 3722 cisternas
3224 3666 3327 3721 sibi
3360 3667 3439 3720 lo-

1835 3736 2008 3794 diunt.
2051 3759 2069 3790 ι
2104 3737 2248 3792 Hier.
2279 3736 2334 3788 ἓ.
2371 3737 2576 3791 Βετυι.

1840 3883 1880 3939 S
1912 3811 1979 3895 In
2009 3818 2269 3882 potestate.
2289 3807 2348 3864 Id
2366 3817 2468 3874 est,
2486 3823 2584 3878 per
2602 3817 2943 3879 potestatem.
2973 3808 3437 3880 Modusloquendi

1881 3893 2158 3939 crmturac.

1881 3885 2158 3952 cripturac.

1923 3951 2105 4008 Vatum
2136 3953 2379 4024 praedicta
2406 3952 2632 4024 piorum.
2683 3951 2998 4024 Ita_restitui
3026 3970 3091 4010 ex
3123 3969 3254 4010 mss.
3283 3951 3320 4024 2
3347 3967 3441 4008 ve-

1841 4022 2152 4082 tustissimis
2183 4025 2342 4092 Reg.,
2368 4025 2402 4077 2
2429 4023 2501 4077 al.
2532 4022 2690 4093 Reg.,
2749 4022 2939 4088 Cauc..
2989 4028 3022 4082 4
3052 4025 3230 4091 Colb.,
3286 4023 3436 4089 Enn,

1839 4109 1894 4152 et
1921 4113 1988 4153 ex
2021 4111 2151 4151 mss.
2179 4096 2368 4167 Virgil.
2403 4094 2461 4148 In
2511 4109 2605 4149 sex
2644 4097 2804 4167 scrip.
2863 4112 2973 4151 rec.
2998 4101 3072 4162 {et
3112 4099 3164 4152 in
3209 4096 3439 4167 vulgatis

1839 4179 1922 4223 est
1954 4211 1968 4234 ,
2028 4165 2296 4237 priorumf
2331 4165 2475 4236 Virg.
2525 4181 2577 4220 tv
2631 4165 2779 4240 {Em
2820 4167 3138 4240 —7Vatum
3192 4165 3439 4240 prtedicta

1842 4242 2067 4306 piarum.
2098 4239 2186 4296 Sic
2209 4240 2314 4294 edo
2348 4253 2415 4292 ex
2446 4252 2578 4291 mss.
2621 4239 2784 4292 Cauci
2827 4249 2879 4293 et
2909 4239 3154 4294 Emman.
3193 4239 3440 4294 diversis

1841 4314 2002 4383 typis.
2041 4312 2131 4383 Est
2153 4310 2254 4383 hoc
2283 4319 2559 4383 receptum
2592 4310 2888 4383 epitheton.
2923 4312 3013 4366 Sic
3041 4311 3186 4383 Virg.
3217 4327 3272 4364 v1
3303 4308 3434 4383 (En.

1840 4381 1920 4438 vs.
1970 4382 2095 4443 662.
2133 4382 2328 4451 Quique
2356 4381 2428 4451 pii
2457 4389 2610 4452 vates.
2647 4381 2814 4436 Silius
2845 4381 2986 4448 Ital.,
3021 4383 3057 4436 Ι.
3086 4381 3162 4452 vt,
3193 4399 3272 4438 vs.
3301 4381 3433 4451 288,

221 4445 333 4523 Sua
366 4449 654 4504 nominibus
700 4459 1011 4505 mortuarum
1056 4452 1419 4507 delitescentes.
1478 4453 1734 4523 Sequitur
1757 4445 1811 4505 D
1840 4452 1952 4508 Nec
1977 4445 2175 4508 tacuere
2190 4445 2259 4522 pii
2292 4445 2445 4506 rates.
2472 4451 2604 4523 litin.

163 4513 380 4585 Tertull.,
417 4523 576 4587 Apol.
607 4537 654 4576 c.
694 4523 755 4576 2i
801 4541 813 4575 :
844 4523 1115 4578 Contraria
1154 4523 1392 4578 divinitas
1438 4513 1737 4580 delitescens

162 4589 238 4668 sua
264 4593 618 4668 nominibaset
643 4594 944 4668 imaginibus
966 4605 1303 4668 mortuorum,
1332 4596 1635 4665 quibusdam
1660 4597 1735 4651 si-

163 4665 614 4737 qnisetptiruculis
641 4676 685 4719 et
715 4667 936 4721 oraculis
983 4667 1137 4735 [idem
1163 4666 1442 4721 diuinitatis
1469 4677 1734 4737 operatur.

165 4728 222 4784 Et
236 4733 303 4813 de
329 4734 511 4813 Spect.
533 4776 547 4801 ,
570 4750 628 4813 _c.
663 4738 747 4793 10.
809 4738 936 4813 litin.

236 4801 535 4861 Viventibus.
566 4808 691 4862 Mss.
740 4815 774 4864 4
813 4809 1080 4871 Culbert.,
1116 4810 1140 4862 l
1177 4805 1409 4865 Claram.
1459 4819 1515 4865 et
1561 4810 1732 4865 Brun.

167 4872 343 4958 addunt
368 4879 676 4958 Ito-minibus.
708 4879 908 4958 Ibidem
933 4879 1267 4958 Lactantius,
1293 4882 1730 4958 plagastendunt,

169 4957 250 5010 pro
272 4951 532 5004 intendunt
551 4991 566 5016 ,
594 4953 822 5021 simplex
853 4967 950 5023 pro
978 4951 1302 5022 composito,
1329 4951 1395 5008 ut
1420 4953 1552 5008 mihi
1580 4955 1732 5011 vide-

171 5023 260 5082 tur,
288 5034 381 5090 pro
410 5023 740 5077 insidiantur.

227 5091 366 5168 Apud
401 5109 572 5148 omnes
597 5104 788 5168 gentes.
819 5094 1087 5168 Extrema;
1108 5110 1210 5150 vox
1236 5107 1428 5168 gentes,
1459 5095 1638 5151 addita
1667 5112 1732 5153 ex

171 5163 351 5239 cunctis
372 5178 497 5218 mss.
533 5163 794 5239 et'editis,
824 5177 1020 5239 praeter
1048 5166 1214 5239 Thys.
1237 5163 1390 5223 'Gall.
1426 5168 1622 5238 Spark.

203 5229 641 5309 .Inveteraverunt.
676 5229 842 5292 (Σοιίίῖ
865 5237 878 5291 I
936 5254 993 5303 ιι,
1023 5254 1071 5293 c.
1116 5229 1169 5306 1⁷,
1197 5229 1483 5293 inveterata
1518 5257 1731 5306 persua-

176 5304 497 5382 sione._lbid.-,
520 5324 568 5364 c.
604 5309 691 5382 I9,
721 5310 1024 5364 inveteratas
1052 5304 1249 5365 errores
1274 5311 1431 5365 dixit.
1458 5304 1589 5367 Bmv.

238 5374 406 5455 lii/fert
434 5395 570 5455 ergo.
615 5380 750 5455 Quia
785 5391 883 5436 nec
909 5383 1128 5451 gravior
1171 5383 1266 5436 Dei
1299 5383 1400 5448 ira,
1433 5399 1532 5437 nec
1573 5398 1732 5454 poena

181 5450 327 5526 major
363 5450 512 5526 nobis
552 5453 834 5526 imminere
868 5450 1065 5526 potest,
1096 5469 1254 5526 quam
1286 5468 1407 5508 cum
1443 5450 1588 5510 Deus
1610 5471 1734 5526 pec-

181 5525 277 5601 cata
305 5521 444 5587 punit
465 5525 714 5601 peccatis.
740 5525 1073 5601 Maxpéoupog
1091 5521 1306 5595 quidem
1341 5526 1481 5579 Deus
1501 5521 1733 5592 est,’nec

185 5599 384 5666 lI'I‘Ortcm
406 5599 520 5666 vult
547 5597 867 5666 peccaturis;
902 5597 995 5650 sett
1030 5605 1087 5650 ut
1115 5605 1465 5651 convertatur
1486 5608 1540 5652 et
1565 5601 1727 5662 vivat,

201 5653 466 5744 Ezechielis
486 5653 606 5744 mg}
631 5667 818 5744 magna
847 5653 938 5723 Dei
959 5668 1035 5722 ira
1058 5677 1160 5744 est,
1191 5676 1248 5722 ut
1271 5667 1632 5744 Hieronymus
1665 5653 1729 5744 ad

202 5729 493 5790 Castrutium
537 5729 839 5794 Ezechielis
883 5729 1200 5794 auctoritate
1236 5740 1423 5794 scribit
1452 5729 1732 5811 [quando

203 5813 389 5866 peccata
417 5823 512 5864 non
556 5811 795 5882 corrigit,
839 5811 932 5866 sed
958 5812 1250 5866 caecitatem
1295 5811 1537 5869 caecitate
1559 5814 1760 5884 punit._

1917 4525 2160 4592 Quidam.
2187 4521 2457 4595 Epicurei.
2481 4521 2615 4578 Vide
2639 4521 2705 4577 de
2732 4521 2814 4578 Ira
2838 4524 2954 4589 Dei,
2977 4540 3098 4595 cap.
3127 4528 3183 4582 4.

1915 4597 1999 4650 Ne
2024 4597 2175 4649 irasci
2195 4595 2396 4667 quidem
2421 4593 2581 4648 Deum
2613 4598 2841 4661 ontnino,
2866 4599 3002 4667 quod
3018 4593 3303 4665 affectibus,
3324 4605 3428 4652 etc.

1839 4669 1937 4731 Ita,
1954 4679 2008 4722 ut
2033 4678 2089 4723 et
2110 4667 2227 4721 aliae
2246 4666 2546 4736 passiones,
2568 4667 2676 4720 Deo
2693 4666 3024 4723 conveniunt
3047 4685 3152 4723 non
3177 4668 3429 4737 alfectiue,

1840 4742 1934 4795 sed
1963 4738 2207 4806 eﬂ'ective,
2236 4748 2293 4791 ut
2323 4738 2485 4792 habet
2511 4738 2716 4807 regula.
2755 4739 2865 4793 lIoc
2893 4752 3008 4804 est,
3043 4742 3118 4794 ira
3165 4756 3272 4794 non
3316 4751 3434 4794 tur-

1841 4812 1951 4877 bat,
1997 4827 2100 4865 non
2129 4809 2484 4865 afﬁcitDeum
2505 4807 2716 4873 dolore,
2766 4819 2823 4864 ut
2851 4809 3100 4865 homines
3124 4829 3139 4868 :
3165 4811 3260 4866 sed
3289 4811 3433 4867 Deus

1839 4901 1958 4938 cum
1991 4883 2146 4938 irasci
2170 4881 2386 4945 dicitur,
2418 4879 2543 4934 facit
2574 4881 2676 4935 hoc
2698 4881 2841 4950 quod
2865 4883 2983 4936 irati
3012 4883 3210 4948 solent,
3236 4897 3433 4952 nempe

1839 4958 2010 5025 punit,
2035 4953 2250 5024 afﬂigit;
2286 4953 2364 5025 ira
2385 4953 2567 5025 itaque
2597 4952 2648 5005 in
2682 4952 2923 5025 Dcoﬂnon
2945 4963 3030 5025 est
3061 4954 3301 5018 affectus,
3332 4955 3432 5010 sed

1837 5023 2087 5082 voluntas
2115 5023 2390 5095 puniendi.
2408 5024 2767 5079 Gu.u:us.—-
2785 5023 2919 5080 Vide
2935 5024 2992 5081 S.
3010 5025 3202 5081 Thom.
3233 5035 3369 5095 part.
3387 5041 3428 5094 ι,

1837 5107 2025 5150 quaest.
2050 5097 2140 5150 21.
2173 5105 2275 5150 art.
2307 5095 2360 5149 '5.

1876 5107 2025 5153 tuest.
2050 5099 2140 5164 21,
2173 5105 2275 5150 art.
2307 5099 2360 5149 5.

1837 5115 2025 5170 quam.
2050 5115 2140 5164 21,
2173 5115 2275 5150 art.
2307 5115 2360 5149 ο.

1909 5169 2124 5238 Triplici
2146 5168 2316 5238 modo.
2353 5166 2443 5222 Sic
2470 5166 2733 5238 legocum
2763 5168 2923 5223 editis
2954 5167 3113 5223 Rom.
3134 5168 3294 5235 1470,
3329 5168 3431 5224 Be-

1839 5243 1963 5308 tul.,
1991 5237 2244 5302 'l‘ornes.,
2271 5237 2494 5302 Soubr.,
2524 5237 3054 5308 Cellar..cunctisque
3072 5254 3202 5294 mss.
3235 5251 3431 5309 prieter

1839 5314 1956 5368 Em.
1988 5313 2042 5367 in
2073 5327 2179 5382 quo
2210 5311 2407 5382 legitur
2433 5310 2592 5364 tribus
2629 5309 2830 5377 modis;
2859 5312 2912 5365 in
2946 5311 3178 5382 vulgatis
3202 5312 3262 5367 ll
3288 5354 3302 5380 ,
3336 5313 3430 5366 tri-

1838 5386 1959 5456 plici
1984 5386 2203 5456 ratione.

1837 5453 1858 5583 ἐ
1897 5456 2048 5583 ἕνῖἴ).
2070 5455 2149 5535 Ex
2169 5469 2300 5508 mss.
2327 5461 2430 5525 est,
2458 5453 2600 5508 inter
2616 5469 2752 5524 quos
2764 5455 3005 5525 quinque
3025 5453 3394 5511 adduntmoda
3406 5473 3429 5524 ;

1943 5545 1972 5581 t)
2038 5567 2051 5582 .
2079 5543 2201 5579 tmo.

1897 5527 2051 5583 Culb.
2079 5527 2201 5579 imo.

1908 5598 2043 5653 Ista.
2072 5597 2327 5670 Omnium
2358 5609 2489 5650 mss.
2522 5604 2627 5664 est,
2665 5607 2864 5668 praeter
2892 5608 3126 5670 quatuor
3150 5607 3205 5654 et
3228 5598 3430 5669 editos,

1837 5672 1889 5725 in
1919 5671 2114 5739 quibus
2141 5678 2244 5735 est,
2285 5668 2419 5737 ipsa.

1907 5741 2036 5795 Esse
2061 5750 2230 5793 autem
2251 5753 2560 5809 perversum.
2583 5739 2673 5798 Sic
2690 5742 2909 5809 reposui
2930 5759 2996 5798 ex
3016 5741 3264 5798 omnibus
3289 5757 3422 5799 mss.

1835 5825 1888 5868 et
1917 5811 2196 5882 sequentia
2217 5810 2513 5880 posmlant.
2542 5811 2597 5867 lu
2626 5815 2844 5871 excusis
2875 5815 3091 5886 legitur,
3123 5822 3215 5867 est.
