3986 6358
507 273 613 336 515
1547 271 1734 333 Fll'tM.
1770 273 2134 333 LACTANTII
2177 272 2377 332 DIVIN.
2419 274 2665 336 INSTI'I‘.
3673 282 3759 341 561

509 411 577 451 ac
624 395 883 466 potestati
903 393 1081 450 omnis
1108 391 1284 448 anima
1321 390 1567 463 subjecta
1596 391 1687 447 sit.
1716 392 1935 459 Altero,
1966 388 2110 462 quod
2142 391 2193 450 A
2219 402 2316 445 eos
2330 390 2421 461 qui
2453 391 2537 448 vel
2565 392 2800 449 mortuis
2826 390 3154 465 supplicant,
3188 392 3270 451 vel
3305 403 3498 451 terram
3528 411 3758 453 veneran-

510 487 652 558 ipsm
673 488 933 559 imagines
960 502 1149 553 sacra‘,
1181 484 1374 554 quibus
1400 483 1704 539 inanissimi
1733 483 1981 539 homines
1997 496 2112 537 ser—
2220 492 2330 551 tur,
2364 486 2450 541 vel
2493 486 2775 558 spiritibus
2804 487 3032 559 impuris
3058 488 3269 544 animas
3294 503 3418 545 suas
3456 490 3760 562 mancipant,

510 583 693 649 vinnt,
725 583 870 637 onmi
899 596 1062 637 sensu
1091 589 1300 644 carent,
1335 580 1592 651 queniam
1633 588 1775 635 terra
1820 577 1948 633 sint.
1982 576 2112 644 Quis
2224 580 2492 634 rationem
2527 579 2808 637 hominum
2836 598 2942 637 non
2973 592 3180 651 tenere,
3209 597 3409 653 eosque
3432 583 3697 654 impietatis
3714 599 3767 640 ac

507 685 688 730 antem
722 691 827 729 non
854 675 1150 745 intelligat,
1184 672 1336 728 nefas
1362 687 1483 728 esse
1513 682 1719 727 rectum
1759 669 1956 725 animal
1980 684 2109 725 cnr-
2217 671 2447 728 sceleris
2468 673 2552 727 sui
2584 675 2852 745 supplicia
2872 690 3157 746 pensuros,
3185 677 3274 749 qui
3296 675 3520 732 rebelles
3540 677 3769 733 adversus

501 768 642 834 vari,
691 776 749 823 ιιι
777 767 973 824 adoret
1000 768 1243 823 terram?
1272 782 1392 838 qua:
1421 765 1624 824 ideirco
1653 763 1883 835 pedibus
1911 761 2110 816 nostris
2216 775 2498 834 parentem
2535 766 2757 837 generis
2785 767 3005 823 humani
3038 767 3229 831 Deum,
3262 767 3527 839 susceptis
3561 766 3768 840 ineXpia-

506 860 752 931 suhjecta
796 869 901 924 est,
936 870 993 915 ut
1023 858 1285 915 calcanda
1315 858 1496 925 nobis,
1540 873 1646 913 non
1673 854 1951 912 adoranda
2001 852 2107 919 sit,
2215 858 2418 916 bilibus
2448 860 2619 918 sacris
2647 859 2728 917 l‘as
2755 876 2921 919 omne
2938 862 3284 918 violaverint.

501 952 597 1025 qui
622 950 964 1059 suntusideo
991 951 1302 1059 excitati-ex
1336 967 1444 1059 ea,
1470 944 2105 1059 staluﬁ‘qileﬁiimjfgin
2789 999 3020 1059 CAPUT
3047 1000 3172 1058 XIX

508 1054 712 1115 praeter
738 1055 967 1101 caeteras
994 1044 1302 1100 animantes
1326 1043 1655 1113 accepimus,
1688 1048 1749 1096 ut
1787 1054 1896 1095 non
1923 1037 2107 1094 revol-

509 1151 705 1192 vamur
725 1135 1004 1205 deorsum,
1035 1152 1135 1193 nec
1158 1135 1302 1192 hunc
1330 1136 1611 1192 cmlestem
1629 1134 1837 1188 vultum
1861 1130 2109 1203 projicia-
2394 1115 2472 1172 οε
2496 1117 2825 1173 dinumera"!
2849 1128 2897 1174 ει
2921 1128 3239 1175 terrenarum
3256 1119 3438 1176 rerum
3457 1121 3616 1178 εαιια.

2282 1227 2621 1301 Quicumque
2648 1232 2810 1303 igitur
2841 1245 3245 1290 sacramentum
3289 1233 3523 1291 hominis
3544 1235 3770 1303 tueri,ra-

510 1246 639 1288 mus
668 1230 734 1286 ad
779 1241 1012 1297 terram;
1061 1230 1158 1286 sed
1192 1230 1380 1285 oculos
1401 1244 1467 1285 eo
1497 1228 1814 1301 dirigamus,
1846 1241 1954 1297 quo
1989 1224 2109 1280 illos

504 1333 723 1379 natura:
772 1338 886 1379 suae
936 1323 1177 1378 conditio
1226 1322 1445 1388 dixerit,
1478 1320 1719 1391 nihilque
1744 1318 1888 1375 aliud
1914 1317 2109 1373 adore-
2210 1319 2525 1392 tionemque
2574 1335 2782 1380 naturae
2812 1339 2926 1381 sum
2978 1326 3170 1382 nititur
3198 1327 3463 1394 obtinere,
3496 1328 3605 1397 ipse
3638 1343 3692 1384 se
3712 1328 3767 1384 ab

2209 1412 2378 1469 humo
2427 1415 2673 1483 suscitet,
2705 1426 2758 1473 et
2808 1427 2989 1475 erecta
3042 1431 3227 1476 mente
3250 1421 3438 1477 oculos
3467 1434 3590 1476 suos
3613 1421 3767 1477 tendat

508 1431 655 1479 mus,
693 1414 828 1470 nihil
857 1415 1101 1472 colamus
1122 1458 1137 1480 ,
1171 1416 1274 1471 nisi
1302 1416 1471 1471 solius
1500 1414 1727 1469 artiﬁcis
1757 1414 2107 1485 parentisque

2207 1506 2266 1562 in
2298 1509 2500 1563 coelum
2527 1524 2540 1562 :
2572 1525 2681 1565 non
2732 1511 2834 1567 sub
2892 1512 3120 1583 pedibus
3157 1522 3369 1585 quaerat
3423 1514 3608 1582 Deum,
3637 1530 3722 1570 nec
3743 1530 3767 1569 a

504 1509 679 1564 nostri
713 1508 928 1563 unicum
960 1523 1160 1563 numen
1193 1525 1208 1561 :
1240 1507 1332 1579 qui
1362 1516 1646 1577 propterea
1672 1504 1947 1561 hominem
1976 1504 2105 1576 rigi-

2208 1601 2454 1672 vestigiis
2497 1604 2612 1658 suis
2642 1616 2796 1659 eruat
2822 1603 2968 1676 quod
2998 1604 3191 1661 adoret
3241 1605 3390 1680 (quia
3421 1604 3666 1678 quidquid
3694 1606 3773 1663 ho-

495 1599 629 1655 tlum
661 1600 930 1669 ﬁguravit,
962 1608 1020 1656 ut
1039 1602 1291 1667 sciamus,
1316 1615 1416 1655 nos
1444 1600 1511 1656 ad
1533 1614 1764 1671 superna
1786 1607 1843 1654 et
1862 1598 2103 1655 cwlestia

500 1692 810 1764 provocari.
840 1692 1045 1758 Tertio,
1070 1691 1223 1764 quod
1272 1692 1517 1762 Spiritus,
1555 1691 1644 1762 qui
1684 1699 1923 1761 prresnnt
1972 1688 2103 1759 ipsis
2209 1694 2340 1749 mini
2371 1696 2636 1767 subjacet,
2663 1697 2797 1753 intra
2833 1697 3111 1755 hominem
3164 1700 3236 1755 sit
3263 1715 3491 1758 necesse
3532 1701 3630 1774 est)
3659 1702 3772 1767 ;sed

498 1785 874 1856 religionibus,
904 1783 1250 1840 condemnati
1277 1784 1541 1853 etabjecti
1566 1799 1594 1837 a
1628 1783 1758 1850 Deo,
1782 1797 1877 1853 per
1900 1790 2101 1836 terram
2135 1792 2184 1854 Β
2212 1798 2421 1860 quierat,
2450 1791 2503 1846 in
2531 1790 2771 1860 sublimi,
2802 1803 3009 1864 qum-rat
3031 1795 3083 1849 in
3113 1809 3369 1862 summu;
3401 1796 3524 1867 quia
3546 1796 3669 1852 nihil
3689 1811 3768 1868 po.

504 1878 821 1935 volutentur
844 1900 858 1935 :
882 1879 972 1949 qui
1000 1894 1107 1934 non
1130 1886 1336 1932 tantum
1367 1876 1500 1932 nihil
1529 1884 1787 1948 praestare
1808 1873 2105 1930 cultoribus
2211 1891 2316 1938 test
2342 1882 2568 1941 homine
2593 1885 2770 1958 majus
2798 1899 2940 1953 esse,
2974 1886 3077 1942 nisi
3131 1887 3275 1959 quod
3307 1886 3472 1944 fuerit
3521 1903 3669 1959 supra
3689 1888 3768 1944 ho.

504 1970 621 2027 suis
645 1970 876 2040 ῃοεείιιι,
893 1971 1148 2040 queuiam
1166 1985 1344 2025 rerum
1365 1978 1604 2040 potestas
1629 1983 1795 2038 penes
1816 1982 1976 2021 unum
1998 1975 2104 2033 εει,
2214 1975 2414 2031 minem
2442 1992 2457 2042 ς
2489 1976 2630 2032 Deus
2655 1985 2833 2033 autem
2857 1978 3031 2049 major
3054 1988 3138 2035 est
3163 1979 3386 2037 homine
3420 1999 3435 2048 ς
3467 1995 3618 2053 supra
3642 1996 3765 2052 ergo,

513 2077 707 2118 verum
755 2063 917 2118 etiam
967 2062 1260 2119 mortiferis
1306 2077 1402 2118 eos
1433 2061 1707 2118 illecebris
1733 2068 1789 2116 et
1831 2058 2108 2116 erroribus
2212 2083 2323 2124 non
2362 2067 2500 2124 infra
2529 2080 2631 2133 est,
2664 2084 2765 2125 nec
2816 2070 2870 2125 in
2916 2071 3023 2125 ima
3051 2071 3252 2143 potius,
3280 2073 3382 2130 sed
3414 2072 3466 2129 in
3491 2087 3679 2128 summa
3702 2088 3774 2129 re-

505 2153 771 2224 perdant;
826 2154 1080 2224 quoniam
1113 2155 1214 2210 hoc
1247 2154 1351 2209 illis
1378 2154 1751 2225 quotidianum
1810 2153 1881 2208 sit
1918 2167 2093 2223 opus,
2212 2160 2375 2231 gione
2402 2161 2727 2231 quaerendus
2751 2171 2855 2217 est.
2912 2161 3094 2231 Quare
3132 2178 3239 2219 non
3284 2173 3373 2220 est
3415 2163 3629 2219 dubium
3668 2164 3774 2233 quin

510 2247 769 2304 tenebras
798 2245 1111 2302 hominibus
1138 2246 1442 2312 obducere,
1476 2261 1544 2302 ne
1590 2255 1864 2318 quaeratur
1893 2244 1961 2299 ab
2001 2244 2107 2299 illis
2214 2252 2408 2323 religio
2449 2251 2595 2307 nulla
2635 2253 2727 2320 sit,
2768 2252 3094 2324 ubicumque
3128 2254 3489 2311 simulacrum
3528 2263 3625 2311 est.
3666 2254 3775 2311 Nam

508 2353 673 2394 verus
705 2338 870 2394 Deus.
904 2337 1022 2393 Non
1056 2339 1216 2410 igitur
1235 2338 1446 2395 colendi
1474 2348 1620 2406 sunt,
1652 2338 1778 2410 quia
1826 2336 2108 2393 sententiae
2215 2344 2261 2401 si
2288 2344 2477 2415 religio
2498 2359 2564 2399 ex
2596 2344 2793 2401 divints
2825 2345 2989 2401 rebus
3018 2354 3122 2413 est,
3151 2347 3323 2403 divini
3351 2356 3530 2403 autem
3555 2346 3673 2402 nihil
3691 2355 3774 2416 est,

507 2428 607 2484 Dei
624 2428 922 2496 subiacent.
946 2430 1195 2486 Estcnim
1222 2432 1488 2502 piaculum
1503 2431 1826 2495 maximum,
1851 2428 2108 2486 addicere
2216 2436 2320 2491 nisi
2358 2424 2415 2491 in
2442 2435 2756 2493 caelestibus
2793 2436 2953 2493 rebus
2984 2454 2999 2503 ;
3029 2447 3215 2494 carent
3264 2454 3403 2511 ergo
3446 2439 3693 2511 religione
3721 2439 3778 2495 si-

517 2537 580 2579 se
609 2525 858 2593 potestati
886 2539 1095 2590 eorum,
1125 2526 1339 2596 quibus,
1371 2526 1414 2581 si
1437 2525 1699 2595 justitiam
1728 2539 1978 2595 sequare,
2006 2538 2103 2593 ρο·
2214 2527 2474 2594 mulacra,
2506 2528 2631 2598 quia
2654 2528 2784 2583 nihil
2812 2538 2988 2600 potest
3017 2545 3140 2586 esse
3166 2531 3395 2588 caeleste
3420 2531 3476 2588 in
3505 2546 3565 2588 ea
3588 2544 3778 2602 re,qu:e

522 2618 729 2671 tentinr
745 2632 865 2673 esse
891 2618 1086 2689 possis,
1120 2629 1173 2673 ct
1197 2634 1290 2674 eos
1315 2619 1654 2688 adjnratione
1682 2617 1849 2673 divini
1878 2616 2109 2672 nominis
2217 2617 2277 2674 ﬁt
2304 2634 2370 2675 ex
2397 2628 2561 2675 terra.
2593 2618 2747 2687 Quod
2773 2620 2992 2691 quidem
3030 2620 3101 2677 de
3137 2623 3361 2679 nomine
3411 2622 3530 2694 ipso
3553 2637 3779 2694 apparere

515 2709 812 2780 expellere,
835 2726 899 2766 ac
931 2710 1136 2783 fugare.
1170 2712 1320 2780 Quod
1339 2713 1382 2767 si
1403 2721 1644 2783 apparet,
1674 2711 1959 2782 religiones
1978 2711 2108 2766 istas
2214 2710 2445 2782 sapienti
2472 2720 2669 2782 potest.
2700 2711 2970 2784 Quidquid
3001 2713 3149 2769 enim
3194 2714 3499 2782 simulatur,
3536 2714 3585 2771 id
3621 2715 3779 2770 falsum

522 2808 606 2856 tot
632 2801 806 2858 modis
836 2817 959 2860 esse
1002 2819 1187 2873 vanas,
1217 2805 1412 2877 quibus
1433 2804 1626 2877 docui,
1655 2804 1995 2860 manifestum
2024 2813 2108 2859 cst
2214 2805 2286 2859 sit
2309 2818 2532 2861 necesse
2573 2813 2656 2860 est
2681 2820 2696 2871 ;
2725 2819 2827 2860 nec
2855 2814 3033 2877 potest
3083 2823 3318 2879 unquam
3352 2808 3467 2867 veri
3496 2825 3678 2867 nomen
3698 2823 3776 2865 ac-

1808 2942 2169 3001 VABIORUM
2204 2941 2435 3001 NOTAE.

590 3086 783 3141 Altero.
836 3085 963 3142 Hmc
1010 3086 1171 3142 lectio
1203 3086 1237 3141 5
1267 3085 1536 3141 editorum
1578 3093 1635 3141 et
1677 3082 1929 3156 omnium,
1968 3098 2100 3156 mss.
2133 3092 2179 3156 ς
2211 3082 2351 3156 sicut
2374 3081 2781 3156 pauloinl‘erius
2805 3082 3030 3156 verbum
3064 3082 3433 3156 maneipandi.
3459 3084 3586 3140 Nam
3611 3083 3779 3156 addicti

519 3167 625 3221 est,
658 3173 884 3228 quorum
935 3159 1174 3228 quinque
1219 3172 1501 3228 perperam
1530 3156 1738 3211 addunt
1784 3154 2104 3228 vocabulum

518 3226 693 3294 modo,
725 3228 864 3299 quod
891 3226 999 3295 jam
1036 3226 1331 3299 praecessit.
1375 3230 1569 3283 Caneri
1623 3227 1873 3296 impressi
1908 3226 2112 3281 habent

519 3299 704 3363 altera,
734 3311 783 3354 et
816 3300 948 3355 infra
980 3303 1150 3365 tertia,
1169 3317 1266 3370 pro
1287 3301 1453 3361 tertio,
1479 3300 1618 3370 quod
1648 3307 1827 3355 cunct.
1850 3312 1980 3353 mss.
2005 3308 2106 3370 est.

592 3370 913 3426 lnanissimi.
945 3371 1061 3427 Non
1091 3369 1247 3443 aliter
1274 3372 1533 3443 legitnrin
1566 3387 1696 3425 mss.
1723 3372 1830 3443 fere
1856 3369 2108 3425 omnibus

517 3451 575 3498 et
602 3444 652 3497 in
683 3443 869 3497 decem
900 3444 1080 3499 editis.
1110 3444 1136 3498 1
1167 3442 1515 3498 Οιιιιιζιιιιιιθι
1560 3442 1901 3495 inmanissimi
1931 3484 1947 3506 ,
1990 3454 2111 3495 cor-

520 3525 712 3583 rumc;
749 3526 796 3568 et
825 3517 845 3568 1
886 3514 1040 3569 Colb.
1068 3532 1189 3569 eum
1221 3529 1316 3569 sex
1354 3513 1651 3584 impressis,
1682 3513 1964 3567 vanissimi.

595 3586 696 3651 Qui
720 3603 895 3640 sumus
929 3589 1043 3640 ideo
1072 3588 1277 3641 excitati
1317 3602 1380 3639 ea:
1408 3603 1485 3639 ea.
1530 3585 1605 3640 lta
1653 3586 1823 3640 codex
1858 3585 2111 3653 antiquus

521 3656 886 3713 Bononiensis
909 3666 964 3712 et
992 3667 1103 3713 tres
1123 3657 1391 3721 Vaticani;
1413 3656 1555 3726 quod
1583 3671 1803 3711 sensum
1825 3654 1996 3710 efﬁcit
2024 3670 2111 3709 ra-

525 3728 661 3784 tioni
686 3733 854 3797 magis
873 3739 1319 3794 consentaneum,
1351 3729 1426 3781 ait
1453 3729 1801 3782 'l‘homasius.

596 3797 682 3853 Ea:
725 3816 806 3863 ea,
854 3809 1141 3870 statumque
1183 3799 1469 3853 sublimem.
1529 3799 1601 3853 Ita
1645 3797 1897 3863 emendo,
1940 3797 2114 3870 etfic

520 3870 818 3940 prmierttnt
848 3868 1123 3925 veterrimi
1157 3885 1309 3937 mss,
1344 3871 1368 3923 1
1408 3870 1638 3935 Bonon.,
1663 3870 1697 3925 '5
1748 3870 1903 3939 Reg,
1947 3868 1980 3921 5
2011 3868 2113 3924 Va-

521 3939 645 4001 tic..
677 3941 710 3996 5
732 3941 909 4001 Colb..
942 3941 1107 4008 Ultr.,
1135 3941 1295 4003 Tax.,
1345 3940 1516 4010 Lips,
1549 3940 1694 4005 Enn,
1718 3941 1908 3999 Brun..
1943 3949 1996 3993 et
2022 3939 2111 3993 ed.

521 4011 719 4074 Torn.,
750 4011 1023 4068 Sonbrun.
1049 4012 1104 4067 lu
1137 4015 1162 4068 1
1201 4013 1445 4067 Clarum.
1468 4023 1521 4067 et
1543 4012 1822 4076 impressis
1843 4010 2110 4077 Florent.,

524 4081 745 4153 Sparte,
778 4080 1012 4145 Walcb.,
1056 4094 1102 4138 et
1133 4100 1197 4138 ea:
1251 4100 1310 4137 ea
1337 4092 1524 4136 statuat
1554 4083 1851 4144 sublimem;
1883 4083 1934 4135 in
1980 4082 2112 4137 edit.

524 4153 623 4221 15.,
657 4170 719 4207 ea:
738 4170 894 4224 eaque
920 4165 1105 4209 statum
1133 4156 1422 4220 sublimem,
1450 4155 1707 4209 mendose
1735 4153 1955 4224 omnino
1980 4169 1991 4205 :
2016 4169 2114 4208 nec

522 4226 723 4281 melius
754 4222 900 4294 legas
927 4226 977 4280 in
1006 4242 1139 4281 mss.
1169 4226 1204 4280 ‘2
1227 4228 1297 4280 al.
1331 4227 1460 4296 lteg.
1495 4241 1631 4292 rec.,
1676 4225 1871 4289 Cauc.,
1903 4222 2026 4279 Jun.
2062 4232 2116 4278 et

523 4296 580 4353 in
610 4297 742 4352 etlit.
780 4298 935 4351 Huni.
973 4299 1111 4353 1470
1141 4310 1191 4352 et
1216 4298 1335 4350 aliis
1361 4295 1616 4367 quinque.
1639 4296 1691 4350 In
1724 4297 1743 4350 1
1774 4295 2037 4357 Claront.,
2060 4304 2116 4348 ut

522 4384 591 4424 ea:
618 4384 697 4432 eo,
729 4370 894 4436 male;
926 4370 989 4424 ad
1018 4370 1146 4439 quid
1176 4368 1316 4423 enim
1352 4368 1580 4423 refertur
1611 4384 1674 4423 ea:
1716 4367 1819 4422 eo?
1847 4381 2020 4433 neque
2047 4381 2114 4421 ex

522 4449 668 4494 terra
698 4441 937 4506 excitati,
983 4457 1047 4495 ex
1073 4457 1133 4494 ea
1161 4452 1350 4494 statum
1391 4441 1657 4494 sublimem
1686 4439 2011 4507 accepimus.
2043 4467 2116 4478 —

2214 3153 2534 3226 dicebantur
2560 3154 2787 3210 obterati
2805 3163 2859 3209 et
2885 3155 3030 3224 nexi,
3062 3156 3152 3226 qui
3185 3153 3260 3209 ob
3284 3170 3362 3212 ms
3385 3157 3611 3212 alienum
3636 3155 3782 3213 credi-

2216 3225 2428 3281 toribus
2496 3226 2549 3280 in
2608 3228 2990 3294 temporariam
3066 3225 3388 3283 Servittttetn
3445 3229 3779 3283 tradebantur.

2214 3295 2348 3351 Nam
2370 3297 2460 3368 qui
2489 3308 2895 3367 peccat.servus
2920 3304 3004 3353 est
3020 3299 3242 3368 peccati,
3264 3299 3424 3368 juxta
3447 3299 3676 3354 Paulum.
3694 3298 3782 3353 0b-

2214 3383 2396 3442 s_erva,
2431 3369 2575 3442 quod
2604 3368 2882 3442 religionis
2922 3386 3117 3442 nomen
3143 3386 3239 3441 pro
3268 3385 3337 3424 eo
3369 3382 3619 3442 usurpat,
3659 3369 3775 3440 quod

2215 3437 2527 3514 Graecis‘est
2553 3438 2947 3514 δεισιδαιμονία,
2980 3441 3031 3495 in
3066 3437 3261 3514 malam
3290 3437 3544 3514 nimirum
3571 3437 3777 3510 partem:

2215 3510 2311 3565 sed
2347 3511 2398 3564 id
2426 3511 2539 3566 fere
2568 3513 2620 3566 in
2658 3510 2847 3576 plurali
2871 3527 3102 3568 numero
3128 3512 3416 3568 duntaxat.
3452 3512 3747 3569 Βετιιιεισε.

2288 3581 2576 3655 Justitiam.
2614 3581 2799 3655 ldiest,
2830 3598 3012 3639 veram
3043 3584 3390 3655 religionem.

2302 3651 2629 3725 Viotaverint.
2661 3654 2750 3710 Sic
2775 3657 3077 3725 reperimus
3108 3651 3171 3710 in
3189 3658 3577 3713 vetusrioribns
3602 3665 3653 3711 et
3686 3668 3782 3725 me-

2214 3724 2445 3779 lioribus
2492 3724 2891 3792 manuscripti’s,
2944 3725 3248 3783 faventibus
3298 3742 3397 3783 sex
3444 3730 3590 3794 aliis,
3632 3736 3682 3782 et
3704 3724 3776 3781 ed.

2218 3794 2376 3867 80m.
2412 3795 2551 3851 M68
2580 3806 2634 3850 et
2666 3797 2824 3864 1470,
2856 3797 2907 3852 in
2945 3798 3138 3867 quibus
3184 3810 3269 3854 est
3317 3802 3659 3865 violaverunt;
3689 3796 3776 3851 iul

2216 3864 2368 3921 Colb.
2402 3882 2509 3921 rec.
2541 3876 2595 3922 et
2618 3867 2686 3922 12
2712 3864 3016 3938 impressis,
3047 3870 3385 3926 violaverunt.

2290 3937 2700 4014 sacramentum.
2747 3939 2872 3994 Haec
2898 3956 3003 3995 vox
3016 3940 3082 4014 Ain
3132 3941 3420 3998 Lactantio
3448 3958 3590 4014 saepe
3619 3944 3683 3997 ita
3707 3952 3782 4014 ot-

2217 4009 2402 4082 currit,
2438 4018 2494 4063 ut
2515 4010 2779 4080 signiﬁcet
2806 4012 3144 4082 mysterium,
3165 4028 3228 4067 ac
3255 4009 3671 4070 reconditionem
3699 4010 3778 4065 ali-

2218 4080 2371 4149 cujus
2393 4082 2468 4136 rei
2497 4080 2970 4149 signiﬁcationem.

2292 4150 2413 4219 Ipse
2432 4169 2485 4206 se
2512 4150 2575 4205 ab
2603 4153 2756 4207 Immo
2780 4154 3006 4208 suscitet.
3037 4153 3171 4209 Illud
3205 4172 3259 4210 se
3308 4156 3362 4211 in
3387 4157 3649 4213 nonnullis
3671 4154 3777 4221 imp.

2218 4220 2518 4293 deest:sed
2561 4224 2881 4293 exprimitur
2906 4226 2956 4279 in
3000 4226 3236 4281 melioris
3272 4237 3419 4283 notae
3447 4245 3571 4284 mss.
3600 4237 3647 4281 et
3671 4220 3776 4281 edit.

2292 4292 2409 4371 Ne_c_
2432 4295 2487 4348 iu
2518 4292 2835 4371 ima’p-otius,
2871 4297 2960 4350 sed
2982 4297 3035 4350 in
3063 4314 3260 4371 summa
3286 4300 3494 4371 regione
3519 4299 3781 4371 querenda:

2217 4374 2308 4421 est.
2357 4365 2445 4441 Sic
2497 4367 2995 4441 ementlavimus‘ex
3030 4370 3283 4424 omnibus
3312 4365 3452 4441 p'ene
3480 4365 3602 4425 mss.
3629 4370 3779 4441 etim-

2224 4438 2421 4520 pressis
2451 4457 2463 4492 :
2487 4437 2624 4520 ritate
2640 4449 2820 4520 autem
2847 4439 2947 4520 in_5
2967 4439 3096 4509 Reg.
3117 4450 3171 4495 et
3195 4437 3416 4520 totidem
3445 4458 3550 4520 rec.
3568 4440 3777 4520 ted_._lcg.,

527 4510 755 4585 Excitat:
785 4527 848 4565 ex
876 4527 965 4585 ca,
1011 4521 1313 4585 statumque.
1362 4514 1613 4585 Atta_mcn
1650 4522 1705 4564 ut
1732 4509 2117 4585 hiccxcitatunt
2143 4507 2198 4566 D
2224 4509 2491 4585 religione.
2521 4507 2879 4585 Numrectius
2903 4507 3204 4585 legeretur,
3240 4523 3299 4568 ut
3329 4515 3525 4585 placuit
3559 4507 3777 4570 Cellario,

524 4598 590 4655 ea:
622 4599 680 4636 ea
703 4581 918 4655 (terra),
941 4585 1029 4655 Asic
1060 4583 1096 4636 Ι.
1126 4599 1184 4649 ιι,
1219 4598 1337 4651 cap.
1379 4584 1427 4647 l,
1464 4581 1733 4655 Eat/tumo
1761 4582 2118 4655 sublimatum;

524 4654 564 4709 Ι.
596 4669 690 4716 vn.
716 4652 771 4706 'c.
801 4652 961 4719 9,'Ab
983 4654 1137 4708 Immo
1167 4654 1472 4719 excitatum;
1502 4653 1631 4708 ibid.
1663 4669 1715 4708 c.
1746 4656 1796 4721 6,
1834 4652 2121 4706 Atlcvatunt

525 4740 591 4781 ea:
612 4725 835 4779 humo...
869 4727 1114 4779 excitasse
1134 4726 1290 4780 dixit.
1325 4725 1455 4780 Bmv.

2230 4578 2341 4633 Nec
2370 4581 2423 4633 in
2447 4581 2571 4645 ima,
2595 4580 2684 4634 sed
2703 4581 2872 4649 potius
2903 4578 3204 4647 iit—summa,
3224 4578 3419 4639 etcf—
3444 4585 3778 4640 Heumannus:

2228 4650 2431 4726 Probo,
2450 4652 2637 4726 inquit,
2655 4648 2856 4707 codicis
2870 4667 2899 4707 a
2923 4650 3158 4726 Cellario
3178 4654 3375 4710 laudati
3390 4657 3528 4726 (scil.
3545 4648 3779 4726 Emman.)

2224 4723 2571 4789 scripturam,
2591 4723 2725 4796 ima,
2774 4727 2862 4777 sed
2915 4725 3105 4793 potius.
3146 4722 3440 4783 Probarem
3469 4739 3522 4782 et
3548 4728 3669 4796 ipse,
3696 4722 3779 4776 nisi

602 4793 869 4849 Prmter...
893 4797 1198 4852 animantes.
1233 4796 1290 4851 Id
1316 4806 1418 4859 est,
1452 4811 1560 4866 prte
1589 4804 1743 4850 caete:
1760 4795 1805 4847 is
1829 4792 2121 4866 animanti-

529 4866 657 4937 bus.
688 4866 804 4922 Vid.
828 4868 863 4921 I.
882 4884 920 4934 ι,
948 4869 1136 4936 cap.7.
1160 4867 1271 4923 lluc
1287 4862 1603 4937 pertin‘etde
1629 4866 1710 4921 lra
1735 4880 1859 4937 cap.
1877 4862 2121 4920 14.8mm

603 4935 717 4992 Nec
769 4941 905 4993 Imm:
950 4935 1222 4994 calestem.
1259 4935 1468 5008 Sequor
1518 4946 1735 5008 veteres
1777 4935 2045 4991 editiones
2068 4944 2128 5008 et

530 5023 720 5064 omnes
745 5010 859 5066 fere
887 5025 1017 5066 mss.
1043 5012 1112 5068 At
1142 5011 1338 5081 legitur
1352 5006 1436 5076 ne,
1462 5010 1514 5064 in
1537 5010 1567 5064 «1
1588 5007 1806 5079 scriptis
1832 5020 1943 5063 rec.
1978 5017 2031 5061 et
2060 5006 2126 5061 12

527 5083 778 5146 vulgatis.

607 5149 727 5204 Nisi
740 5153 898 5207 solius
911 5152 1145 5224 artiﬁcis.
1166 5152 1263 5209 Ms.
1283 5150 1448 5207 Cane.
1462 5161 1515 5207 et
1534 5150 1601 5224 10
1616 5149 1916 5224 impressis,
1935 5150 2123 5224 solum,

534 5232 819 5293 corrupte;
850 5225 974 5293 quid
1002 5221 1145 5280 cnim
1176 5226 1275 5279 sibi
1308 5224 1423 5278 vult
1462 5221 1631 5277 solum
1658 5222 1863 5293 unicum
1892 5236 2079 5293 numen
2101 5221 2127 5274 Σ)

613 5290 833 5346 Unicum
861 5290 1065 5351 numen.
1105 5295 1232 5352 Mss.
1261 5296 1333 5351 26
1360 5304 1413 5350 et
1434 5294 1521 5351 ed.
1569 5294 1727 5349 Rom.
1760 5292 1899 5347 1-170
1928 5291 2128 5347 habent

528 5379 738 5418 nomen.

605 5433 872 5507 Itigidunt.
891 5436 945 5491 td
967 5446 1068 5501 est,
1089 5438 1492 5494 erectum.Vide
1503 5453 1622 5507 cap.
1639 5450 1754 5506 seq.
1777 5432 1919 5488 circa
1941 5432 2121 5491 ﬁnem.

609 5504 977 5569 Quotidianum
1019 5519 1083 5562 stt
1109 5527 1256 5574 opus.
1289 5526 1419 5564 tnss.
1453 5504 1798 5579 esu—praeter
1842 5521 2005 5560 unum
2042 5521 2126 5561 re-

538 5578 870 5651 centiorem;
901 5588 1003 5651 est,
1033 5582 1170 5650 typis
1195 5582 1393 5651 vulgat.

607 5646 866 5700 Tenebras
919 5646 1203 5704 hominibus
1253 5646 1521 5706 obducere.
1572 5651 1709 5705 Hinc
1735 5648 1902 5704 Tattr.
1955 5648 2120 5717 Epit.,

539 5717 1032 5793 c.23,obdn.rorunt
1058 5721 1279 5793 humano
1304 5724 1479 5793 generi
1509 5722 1760 5778 tenebras.
1779 5718 1991 5793 Cicero,
2019 5720 2052 5774 l.
2072 5736 2123 5774 tv

533 5786 703 5843 Acad.
728 5794 782 5855 o‘,
815 5790 1061 5846 obducere
1090 5786 1323 5847 tenebras
1344 5797 1493 5848 rebus
1517 5794 1839 5848 clarissimis.
1874 5792 2011 5847 Bun.

534 5922 543 5929 ἡ
608 5862 858 5919 Addit-ere
884 5881 959 5919 se.
1002 5862 1238 5933 Usnrpat
1276 5867 1502 5921 verbum
1530 5864 1652 5935 jure
1696 5863 2118 5931 consultorum,

2226 4795 2539 4864 cogitarem,
2588 4793 3103 4867 Lactantiunrsmpe
3134 4796 3264 4851 illud
3297 4799 3468 4867 potius
3511 4793 3679 4852 contra
3705 4807 3777 4847 re-

2226 4872 2439 4936 ceptum
2474 4879 2700 4936 morem
2753 4865 2828 4919 illi
2858 4865 2947 4920 sed
2979 4865 3323 4936 praemittere.
3370 4869 3520 4926 Unde
3546 4867 3695 4922 tutius
3712 4871 3776 4919 tot

2229 4949 2360 4990 mss.
2388 4935 2441 4990 in
2472 4934 2554 5007 his
2575 4934 2832 5007 Reimm.,
2856 4934 3002 5007 Lips.
3033 4948 3087 4992 et
3111 4937 3299 5000 Colb.,
3332 4949 3389 4996 et
3413 4939 3661 4997 editiones
3683 4949 3779 5007 ont-

2229 5020 2329 5062 nes
2375 5005 2555 5078 sequi.
2582 5006 2712 5061 Vide
2763 5023 2882 5078 qua:
2924 5005 3061 5063 noto
3099 5010 3164 5064 ad
3216 5010 3376 5075 intra,
3408 5027 3576 5067 non...
3606 5006 3778 5077 potissi-

2229 5093 2435 5132 mttm...
2469 5077 2597 5144 sed;
2634 5079 2667 5132 l.
2699 5077 2849 5142 Vt,'c.
2897 5079 2986 5144 12,
3019 5096 3194 5135 verum
3223 5082 3320 5136 hoc
3362 5084 3450 5138 ille
3496 5099 3589 5136 non
3634 5077 3776 5149 potius

2228 5150 2496 5222 incaute...
2524 5150 2613 5203 sed
2650 5151 2942 5222 ignorantia
2969 5152 3091 5207 veri.
3138 5151 3292 5221 lbid.,
3327 5168 3379 5210 c.
3410 5155 3499 5222 16,
3529 5167 3672 5207 nec...
3695 5162 3771 5219 po-

2230 5219 2548 5275 tissimum...
2580 5219 2689 5275 sed}
2730 5221 2863 5277 Btnv.

2302 5291 2368 5345 In
2393 5308 2454 5346 ea
2508 5308 2582 5347 re.
2616 5292 2670 5346 ln
2695 5294 2718 5347 1
2748 5292 2984 5349 Claram.
3013 5295 3169 5364 quod,
3207 5296 3508 5360 mendose;
3557 5294 3606 5348 in
3633 5290 3775 5364 altero

2229 5361 2464 5437 glarom.
2494 5364 2681 5437 Silteg.
2708 5380 2842 5429 rec.,
2868 5366 2906 5419 2
2941 5361 3121 5429 Colb.,
3156 5368 3181 5421 1
3215 5367 3469 5437 Tornes.,
3496 5368 3522 5422 1
3551 5362 3771 5425 δοτιιοιιη

2230 5433 2377 5509 Lips.
2400 5444 2455 5509 et
2479 5436 2607 5509 edit.
2634 5435 2792 5491 Rom.
2818 5437 2976 5501 1168,
2998 5438 3052 5491 in
3072 5453 3173 5492 tere
3195 5440 3350 5509 quod.

2304 5506 2454 5574 Quod
2479 5507 2681 5581 quidem
2702 5509 2769 5581 de
2786 5509 3117 5581 nomincipso
3138 5506 3386 5581 apparere
3398 5508 3606 5579 sapienti
3617 5511 3769 5581 potest.

2230 5575 2356 5653 Hinc
2383 5575 2502 5653 quae
2532 5579 2728 5633 desunt
2759 5580 2809 5633 in
2837 5595 2939 5653 ms.
2982 5575 3308 5653 B'Ltnoniensi
3359 5575 3591 5653 antiquo,
3619 5580 3772 5632 extant

2228 5651 2283 5723 i_n
2310 5650 2560 5723 omnibus
2588 5666 2717 5704 mss.
2742 5659 2796 5705 et
2815 5652 2994 5723 editis,
3022 5651 3313 5723 'l‘hysiann,
3347 5650 3701 5710 Thomasiano,
3727 5654 3771 5698 et

2226 5718 2653 5793 Cantabrigiensi
2683 5725 2944 5793 exceptis,
2977 5722 3031 5776 in
3053 5718 3247 5793 quibus
3273 5725 3415 5781 male
3437 5724 3621 5781 omissa
3645 5724 3766 5779 sunt,

2226 5792 2349 5863 quia
2378 5807 2465 5846 res
2492 5803 2545 5847 et
2565 5807 2755 5848 sensus
2780 5792 3068 5862 pustulam.

2301 5862 2629 5935 Quidquid...
2655 5857 2942 5921 simulatur.
2967 5867 3106 5937 Apte
3129 5866 3420 5937 Iuvenalis,
3448 5876 3544 5924 sat.
3565 5881 3628 5931 vt,
3647 5857 3767 5916 5242
