3986 6358
185 333 274 391 515
1351 325 1691 386 ANALYSIS
1716 326 1898 384 LIBRI
1937 329 2196 388 TERTII.

3340 333 3452 394 3‘6

181 451 356 521 cipere,
380 445 514 519 quod
542 445 816 503 veritatem
866 445 988 501 fuco
1027 453 1084 502 et
1123 446 1420 502 imitatione
1453 446 1730 502 mentitur.
1761 445 1817 506 Α
1839 448 2072 518 suscepti
2117 450 2298 520 operis
2347 449 2557 520 portio;
2587 456 2642 506 et
2672 448 2955 521 majestate
3007 447 3215 507 caelesti
3247 465 3449 523 sugge-

182 545 230 600 Si
252 550 414 596 autem
451 541 621 595 omnis
653 539 904 606 imitatio,
933 554 1039 595 non
1070 554 1158 594 res
1204 539 1544 610 potissimum
1577 539 1739 606 seria,

183 634 264 690 sed
291 633 430 705 quasi
456 631 606 688 ludus
644 647 709 687 ac
750 631 908 702 jocus
935 640 1036 698 est,
1064 647 1171 687 non
1219 633 1408 704 religio
1440 632 1490 686 in
1515 631 1742 687 simula-

182 730 292 791 eris,
314 727 403 782 sed
427 728 620 781 mimus
657 726 936 797 religionis
963 736 1066 782 est.
1099 726 1503 782 Prmferendum
1532 735 1614 782 est
1643 726 1742 794 igi-

183 830 256 876 tur
282 834 458 874 verum
497 819 745 874 omnibus
775 818 961 876 falsis:
999 819 1253 875 calcanda
1279 828 1516 886 terrena,
1545 828 1602 874 ut
1627 834 1741 875 coe-

177 911 310 968 lestia
337 925 742 983 consequamur.
787 911 862 966 Ita
891 912 1034 968 enim
1083 926 1174 967 res
1207 927 1267 967 se
1299 912 1482 979 habet,
1513 921 1570 966 ut
1595 911 1746 982 quis-

178 1007 281 1077 quis
323 1004 548 1058 animam
585 1019 736 1059 suam
767 1046 781 1070 ,
831 1004 988 1074 cujus
1015 1005 1168 1076 origo
1215 1004 1285 1060 de
1347 1004 1488 1060 caelo
1537 1014 1642 1071 est,
1675 1005 1744 1060 ad

179 1097 362 1154 inferna
409 1107 462 1152 et
519 1096 622 1151 ima
670 1096 1048 1168 prostraverit,
1087 1111 1154 1152 eo
1183 1096 1342 1152 cadat
1381 1112 1486 1166 quo
1516 1112 1576 1153 se
1625 1101 1742 1167 ipse

185 1183 433 1260 dejecerit.
455 1186 688 1258 Ideoque
716 1197 930 1259 oportet
955 1189 1200 1255 rationis,
1223 1203 1288 1243 ac
1314 1197 1486 1244 status
1517 1189 1599 1244 sui
1630 1203 1744 1246 me-

178 1297 378 1348 morem,
406 1295 509 1335 non
541 1281 642 1336 nisi
669 1281 735 1337 ad
761 1297 994 1352 superna
1024 1282 1120 1337 niti
1144 1297 1378 1352 semper,
1411 1297 1473 1339 ac
1501 1282 1742 1339 tendere.

177 1373 306 1442 Quod
357 1376 442 1443 qui
497 1373 729 1442 fecerit,
770 1374 858 1430 hic
912 1375 1069 1446 plane
1116 1377 1374 1446 sapiens,
1425 1375 1513 1430 hic
1547 1376 1747 1445 justus,

176 1466 248 1520 hic
270 1466 438 1531 homo,
461 1465 544 1520 hic
565 1467 797 1538 denique
823 1469 963 1524 coelo
989 1468 1183 1538 dignus
1202 1468 1530 1538 judicabitur
1551 1487 1565 1528 :
1587 1487 1749 1542 quem

179 1573 290 1613 suns
316 1574 502 1628 parens
531 1575 638 1614 non
672 1559 952 1629 humilem,
983 1577 1085 1618 nec
1113 1564 1179 1616 ad
1211 1571 1409 1618 terram
1438 1579 1590 1620 more
1615 1581 1750 1636 qna-

176 1650 442 1720 drupednm
469 1651 763 1723 abjectum,
783 1654 879 1710 sed
919 1664 1150 1710 stantem
1185 1655 1386 1726 potius,
1413 1671 1477 1712 ac
1507 1665 1742 1726 rectum,

176 1743 293 1798 sicut
310 1758 425 1798 cum
452 1743 603 1811 fecit,
629 1745 936 1816 agnoverit.

754 1881 982 1940 CAPUT
1023 1884 1141 1941 XX.

502 2002 586 2059 De
615 2004 959 2076 philosOpItis,
981 2011 1142 2080 deque
1164 2012 1391 2066 veritate.

237 2123 444 2182 Peracta
503 2135 593 2183 est
637 2127 798 2199 igitur
838 2129 915 2201 (ni
964 2129 1141 2200 fallor)
1189 2147 1381 2203 magna
1419 2142 1472 2189 et
1510 2133 1743 2191 difficilis

1846 549 2000 597 rente
2032 543 2187 598 nobis
2236 543 2451 598 dicendi
2484 541 2816 610 facultatem,
2860 543 3192 599 inveteratas
3232 543 3447 616 depuli-

1848 651 1968 690 mus
1996 651 2236 692 errores.
2266 636 2417 692 Nunc
2467 652 2598 692 vero
2648 637 2821 706 major
2851 637 3029 703 nobis,
3075 652 3140 692 ac
3175 637 3451 695 difficilior

1846 749 1967 790 cum
2015 736 2350 807 philosophis
2407 737 2680 808 proposita
2737 737 2956 793 luctatio
2997 745 3084 793 est
3138 753 3152 789 :
3210 749 3444 806 quorum

1846 843 2056 884 summa
2085 831 2328 888 doctrina
2373 841 2427 887 et
2475 831 2808 903 eloquentia,
2867 831 3024 902 quasi
3073 831 3246 887 moles
3273 829 3448 901 aliqua

1848 924 1980 980 mihi
2007 926 2319 996 opponitur.
2351 927 2482 982 Nam
2514 939 2572 982 ut
2621 927 2733 982 illic
2780 927 2858 999 (id
2883 936 2978 994 est,
3018 927 3072 980 in
3122 922 3360 981 secundo
3387 922 3450 978 li-

1848 1016 1973 1090 bro)
2020 1018 2386 1087 multitudine,
2437 1035 2502 1076 ac
2535 1033 2705 1092 prope
2755 1032 3024 1074 consensu
3055 1016 3294 1072 omnium
3317 1030 3450 1087 gen-

1851 1113 1982 1168 tium
2007 1113 2422 1182 premebamur;
2457 1115 2528 1169 ita
2572 1113 2661 1168 hic
2711 1112 3030 1168 auctoritate
3081 1111 3450 1182 praestantium

1851 1207 1998 1262 omni
2026 1222 2226 1278 genere
2244 1207 2418 1263 laudis
2441 1207 2699 1262 virorum.
2725 1207 2857 1274 Quis
2884 1215 3063 1261 autem
3086 1205 3310 1268 nesciat,
3331 1203 3451 1274 plus

1852 1313 1974 1354 esse
2004 1301 2262 1354 momenti
2294 1301 2348 1355 in
2379 1299 2726 1370 paucioribus
2770 1298 2970 1365 doctis,
3002 1313 3160 1368 quam
3192 1298 3242 1352 in
3275 1295 3450 1367 pluri-

1853 1392 1954 1448 bus
1991 1392 2256 1462 impcritis
2281 1393 2304 1447 ?
2334 1391 2440 1449 Sed
2469 1407 2574 1447 non
2607 1401 2690 1446 est
2715 1390 3136 1461 desperandum,
3163 1391 3295 1444 istos
3317 1403 3452 1460 quo-

1853 1499 1960 1555 que
1989 1484 2058 1540 de
2079 1485 2370 1552 sententia,
2401 1485 2512 1540 Deo
2538 1500 2601 1540 ac
2631 1487 2855 1540 veritate
2893 1484 3139 1549 ducibus,
3171 1496 3328 1552 posse
3352 1481 3450 1537 de-

1854 1579 2019 1649 pelli:
2053 1593 2153 1633 nee
2202 1587 2310 1632 tam
2353 1579 2656 1648 pertinaces
2697 1577 2812 1634 fore
2850 1577 3106 1644 arbitror,
3137 1574 3457 1630 utclarissi-

1857 1689 2005 1728 mum
2053 1673 2223 1728 solem
2256 1673 2402 1728 sanis
2433 1687 2495 1728 ac
2525 1672 2829 1744 patentibus
2857 1671 3028 1726 oculis
3059 1669 3247 1724 videre
3275 1683 3334 1724 se
3359 1682 3455 1724 rte-

1855 1775 2003 1837 gent.
2034 1765 2192 1822 Modo
2230 1764 2357 1820 illud
2385 1781 2572 1822 verum
2623 1767 2712 1828 sit.
2742 1764 2884 1836 quod
2931 1765 3033 1835 ipsi
3081 1763 3258 1819 solent
3283 1763 3453 1834 profi-

1863 1861 1988 1928 teri,
2023 1859 2202 1916 studio
2223 1859 2611 1930 investiganda:
2636 1857 2882 1914 veritatis
2910 1872 2970 1912 se
2999 1857 3194 1922 teneri,
3220 1854 3453 1910 efﬁciam

1783 1923 1832 1982 Β
1860 1953 2124 2024 profecto,
2175 1962 2232 2008 ut
2279 1953 2560 2023 qua-sitam
2620 1951 2905 2007 veritatem
2937 1950 3052 2017 diu,
3082 1958 3137 2004 et
3163 1947 3457 2017 aliquando

1849 2045 2122 2102 inventam
2167 2060 2288 2101 esse
2317 2045 2562 2112 credant,
2595 2051 2650 2100 et
2692 2043 2940 2099 humanis
2963 2042 3194 2114 ingeniis
3227 2038 3456 2096 inveniri

1853 2153 1960 2194 non
1983 2140 2227 2211 potuisse
2270 2139 2553 2193 fateantur.

1462 2247 1826 2308 VARIORUM
1869 2252 2102 2309 ΝΟΤᾸΕ.

306 2358 378 2424 Nil
402 2361 463 2410 ibi
489 2374 586 2424 per
611 2361 779 2412 ludum
801 2363 1111 2414 simulabitur
1136 2401 1151 2424 ,
1176 2365 1339 2414 omnia
1362 2362 1481 2415 fient

306 2423 373 2472 Ad
399 2423 592 2474 verum.

178 2503 398 2589 Sic.Cic.,
423 2508 490 2563 de
524 2509 867 2589 A_micitia,c.
898 2510 990 2579 25,
1035 2510 1236 2565 Fucata
1265 2521 1316 2567 et
1355 2513 1599 2567 simulata
1649 2514 1755 2569 sin-

178 2582 283 2634 ceris
296 2589 435 2648 atque
462 2582 599 2635 veris
627 2583 867 2650 opponit.

234 2652 299 2721 ᾼε
313 2652 454 2721 jocus
484 2663 582 2706 est.
612 2650 668 2706 Id
693 2668 757 2707 ex
788 2653 1006 2709 Terent.
1032 2655 1083 2708 in
1109 2655 1359 2712 Ennuclt.

236 2719 411 2776 Mimas
434 2724 701 2795 religionis
728 2735 820 2778 est.
839 2725 986 2781 Hanc
1017 2727 1304 2782 lectionem
1331 2727 1587 2783 exhibent
1615 2743 1746 2784 mss.

181 2800 272 2865 tres
297 2795 562 2865 veterrimi
620 2795 780 2864 Reg.,
826 2797 1016 2861 Cauc.,
1073 2797 1224 2864 Jnn.,
1271 2799 1308 2852 ε).
1354 2799 1748 2865 Colb.,Goth.,

179 2863 324 2932 Lips.,
348 2864 506 2931 Ultr.,
542 2867 684 2931 Pal.,
708 2863 855 2935 Enn,
883 2868 1164 2935 Cantabr.,
1202 2871 1223 2924 1
1256 2863 1529 2936 Clarom.,
1552 2863 1748 2935 Brun.,

178 2935 315 3009 5vet.
348 2939 483 3007 typis
513 2937 726 3002 excusi,
783 2953 845 2992 ac
870 2940 904 2994 3
931 2955 1040 2995 rec.
1094 2941 1161 2994 Et
1200 2942 1341 3009 apud
1373 2935 1632 2996 Senecam
1666 2959 1753 3000 re-

178 3006 378 3077 peritur,
431 3009 464 3062 Ι.
492 3025 550 3082 v.
601 3010 759 3078 epist.
805 3026 958 3065 xxvr.
994 3011 1046 3064 In
1093 3012 1128 3064 2
1179 3006 1309 3082 Reg.
1349 3023 1401 3066 et
1429 3014 1464 3066 2
1491 3013 1643 3068 Coll).
1669 3026 1753 3068 est

179 3096 358 3156 manus,
391 3081 530 3156 quod
571 3096 669 3150 per
699 3082 1057 3156 librarioran
1093 3081 1428 3156 oscitantiam
1462 3086 1751 3156 contigisse

179 3151 279 3218 quis
305 3167 402 3205 non
430 3151 638 3216 videat,
668 3155 965 3209 mutatione
998 3155 1155 3208 trium
1182 3151 1747 3220 elementorum,'mim

1864 2385 1914 2426 c.
1949 2369 2052 2423 25:
2087 2367 2202 2424 Utta
2232 2369 2376 2423 nobis
2399 2378 2444 2423 et
2466 2384 2654 2439 magna
2697 2377 2744 2421 et
2765 2368 3028 2439 prtecipua
3052 2383 3168 2420 cum
3201 2383 3354 2422 carne
3379 2368 3461 2423 lu-

1865 2443 2020 2496 ctatio
2059 2452 2153 2496 est.
2186 2440 2326 2505 Cic.,
2355 2441 2423 2495 de
2466 2436 2618 2506 Fato,
2649 2455 2698 2494 c.
2749 2438 2783 2493 6
2814 2436 3156 2510 :Chrysippe,
3211 2440 3302 2495 tibi
3342 2456 3460 2494 cum

1865 2512 2093 2568 Diodoro
2123 2530 2308 2582 magna
2337 2513 2544 2566 luctatio
2573 2522 2664 2565 est.
2692 2511 2824 2566 BUN.

1939 2584 2096 2651 Quasi
2128 2584 2302 2638 moles.
2337 2583 2650 2638 Difficultas.
2674 2583 2864 2654 Virgil.
2892 2599 2907 2636 :

1988 2698 2160 2750 Tantae
2179 2697 2324 2750 molis
2347 2704 2458 2749 erat
2481 2697 2746 2747 Romanam
2771 2695 2984 2747 condere
3009 2698 3239 2760 gentem!

1856 2826 1928 2836 —
1961 2797 2121 2862 Quasi
2149 2795 2376 2850 moles...
2427 2794 2554 2847 mihi
2604 2792 2900 2863 apponitur.
2932 2789 3259 2846 Observatus
3297 2797 3381 2844 est
3410 2790 3459 2846 ei

1855 2866 2047 2923 Cicero
2075 2869 2126 2922 in
2155 2866 2400 2933 Verrem,
2455 2864 2492 2918 l.
2533 2881 2588 2930 v,
2635 2874 2771 2918 orat.
2800 2863 2888 2926 10,
2912 2879 2961 2916 c.
2983 2865 3009 2918 1
3046 2881 3059 2916 ;
3103 2863 3264 2931 Quasi
3288 2878 3462 2917 murus

1855 2940 2064 3008 quidam
2096 2940 2212 2993 boni
2240 2954 2488 2991 nomen...
2541 2936 2835 3007 opponitur.
2862 2935 2993 3008 BUN.

1931 3011 2005 3063 Ac
2033 3027 2190 3082 prope
2217 3026 2463 3063 consensu
2491 3004 2715 3062 omnium
2733 3007 2957 3082 gentium
2980 3006 3356 3082 premebantur.
3384 3004 3460 3082 Ita

1855 3082 2064 3137 restitui
2124 3077 2187 3136 ex
2237 3081 2484 3134 omnibus
2534 3095 2670 3148 pene
2712 3094 2868 3143 mss.,
2916 3078 2950 3133 8
3002 3078 3159 3148 Reg.,
3212 3077 3462 3148 Cauc.,5

1861 3151 2041 3218 Colb.,
2077 3153 2465 3220 Lipsiettsilitts,
2516 3147 2551 3204 *Ξ
2599 3149 2858 3211 Sorl)tm.,
2900 3147 3251 3214 Nav.,Vicl.,
3303 3147 3460 3213 Gat.,

181 3201 224 3276 iit
251 3239 378 3288 man,
430 3240 493 3277 ex
545 3201 846 3278 litterarum
891 3226 1132 3292 apicibus
1189 3227 1348 3280 ducta
1383 3201 1752 3282 similittidine.
1786 3201 1830 3263 Ο
1865 3201 2076 3291 111111111⁷Ὶ
2118 3201 2267 3287 .1ὐ11.,
2300 3223 2393 3277 Pal
2427 3201 2465 3287 ,I
2491 3223 2634 3287 Em.,
2665 3201 2996 3290 Cantabrig,
3033 3201 3281 3292 Rruthet
3311 3201 3463 3274 retu:

179 3292 288 3347 Mss.
313 3310 424 3367 sex,
453 3297 588 3348 edit.
623 3295 779 3349 Rom.
804 3295 967 3359 1468,
999 3308 1052 3350 et
1081 3297 1146 3350 -l2
1170 3313 1276 3352 rec.
1303 3297 1429 3352 editi
1463 3299 1640 3367 legunt
1663 3301 1759 3352 mi-

182 3365 616 3440 nus.sed_scnsu
666 3367 864 3440 alieno.
921 3367 1194 3440 Caeterum
1253 3370 1436 3423 mimus
1496 3365 1759 3440 feligionis

181 3448 306 3510 recte
333 3437 523 3491 dicitur
549 3438 829 3510 gentilium
860 3438 1046 3508 religio
1068 3481 1082 3502 ,
1111 3441 1232 3510 quia
1257 3440 1406 3494 mimi
1437 3437 1607 3494 instar
1632 3443 1758 3495 reli-

181 3508 364 3575 gionem
394 3518 605 3562 tantum
658 3509 918 3578 imitatur,
949 3508 1231 3566 veritatem
1273 3526 1378 3565 non
1411 3511 1592 3567 habet.
1623 3511 1757 3567 Par-

181 3579 253 3631 tim
273 3596 329 3632 ex
351 3578 610 3636 ϐλιωΕΟ.

237 3649 598 3724 Ηὲεῄάεηὶιιυε
637 3651 763 3706 ctelo
818 3652 1022 3724 dignus.
1071 3654 1158 3709 Sic
1203 3655 1418 3724 reposui
1447 3669 1509 3708 ex
1560 3671 1689 3708 mss.
1732 3657 1756 3708 7

178 3719 313 3794 Reg,
343 3722 479 3777 inter
504 3719 652 3794 quos
675 3732 802 3778 sunt
823 3719 929 3778 duo
951 3727 1246 3789 veterrimi,
1263 3719 1298 3779 ἢ
1318 3726 1548 3791 Bonon.,
1565 3724 1754 3794 Canc.,

176 3793 402 3867 evang,
455 3794 488 3849 6
539 3793 813 3867 AColb.,i2
859 3795 1122 3864 Claront.,
1151 3797 1187 3850 2
1237 3798 1406 3867 Lips.,
1440 3799 1462 3852 1
1497 3793 1756 3863 Sorliom,

179 3863 296 3936 l’al.,
327 3865 479 3926 Tax.,
538 3865 695 3932 Pen.,
748 3866 909 3930 Ultr.,
946 3863 1324 3932 Em.,'Brnn.',
1387 3868 1518 3923 edit.
1552 3869 1754 3936 Graph.

177 3933 234 4012 is.
266 3937 320 4012 _in
347 3937 446 4012 alio
470 3936 626 4012 Lips.
662 3953 760 4012 pro
783 3938 1020 4012 denique,
1056 3951 1137 3994 est
1186 3941 1356 4012 utique
1381 3957 1393 4000 ς
1423 3933 1757 4012 ἱηρΙυι-ἰῐυυε

177 4003 420 4062 Vaticanis
448 4017 500 4062 et
537 4003 675 4062 eun:
695 4008 887 4079 Thys.,
915 4003 1084 4075 Call.,
1118 4003 1338 4078 Spark.,
1369 4012 1450 4064 hic
1477 4003 1582 4066 ΙΙρο
1605 4014 1759 4066 cazlo-

179 4091 257 4144 que
303 4081 523 4153 dignus;
557 4081 624 4153 in,
652 4081 870 4148 scriptis
898 4081 932 4134 2
977 4084 1131 4153 lleg.,
1161 4083 1310 4148 .lun.,
1342 4082 1671 4151 Cantabrig,
1702 4095 1756 4138 et

181 4157 272 4202 vet.
288 4152 796 4224 excusiquuinqne,
826 4153 908 4206 hic
960 4152 1084 4208 mla
1134 4153 1340 4224 Deoqne
1380 4155 1581 4223 dignus.
1621 4153 1753 4209 Deo-

181 4234 272 4294 que_
288 4221 366 4276 hic
399 4221 610 4294 inutilis
641 4223 854 4277 videtnr
878 4225 1026 4294 juxta
1060 4221 1432 4279 Thomasium.

238 4291 462 4347 Peracta.
525 4291 640 4348 Hoc
677 4307 838 4364 caput
871 4291 952 4352 cst
983 4297 1149 4352 veluti
1190 4298 1442 4352 transitus
1474 4295 1538 4351 ad
1564 4297 1759 4353 librum

183 4368 392 4418 tertium.

240 4432 396 4506 Major
420 4438 638 4492 nobis...
665 4453 779 4490 cum
808 4439 1194 4511 pltilosOpltis...
1229 4440 1457 4495 luctatio.
1491 4439 1642 4495 Lact.
1686 4457 1760 4508 tv,

1862 3297 2118 3350 stiorihus
2134 3313 2195 3349 ac
2220 3293 2893 3365 praestantioribnseditis,
2923 3294 2956 3347 ’5
2973 3292 3171 3365 Rom.,
3192 3290 3460 3365 Florent”

1862 3367 2012 3431 Ald,
2045 3362 2244 3432 ParisI,
2277 3366 2440 3430 152;”),
2482 3368 2652 3431 (.2rat.,
2681 3363 2912 3430 ϐνειιιιι..
2956 3364 3177 3429 Cellar.,
3208 3371 3262 3417 et
3289 3362 3457 3418 Tum.

1861 3437 1913 3492 in
1942 3455 2050 3508 quo
2077 3439 2228 3492 deest
2280 3439 2526 3508 gentium.
2554 3436 2608 3489 In
2657 3453 2756 3489 ms.
2805 3435 3037 3508 Tornes:
3080 3451 3142 3488 ac
3192 3450 3464 3508 peneAcon-

1860 3503 2008 3563 sensa
2038 3512 2260 3563 onmium
2280 3503 2694 3579 'premebamar;
2727 3509 2776 3560 in
2812 3506 3129 3579 llegio-Put.
3159 3514 3213 3579 et
3241 3507 3265 3559 1
3301 3503 3457 3579 Colb.

1861 3583 1966 3637 etl
2003 3582 2260 3646 Clarum,
2295 3578 2632 3650 premebatur,
2678 3579 2975 3640 mendose;
3010 3579 3068 3650 in
3102 3578 3135 3630 8
3187 3578 3462 3650 impressis

1863 3668 1974 3707 rcc.
2010 3654 2194 3707 veritas
2237 3645 2591 3722 premebatur;
2635 3651 2686 3704 in
2729 3650 2998 3719 scriptis!
3040 3649 3172 3718 Reg.
3197 3649 3302 3702 etl
3339 3645 3464 3703 Cla-

1866 3740 2001 3779 rom.
2029 3725 2213 3778 veritas
2236 3734 2566 3794 premeretur.

1938 3796 2013 3850 De
2044 3790 2363 3850 sententia...
2401 3795 2604 3863 depelli.
2650 3793 2818 3863 Supra
2857 3791 2989 3863 dixit
3031 3790 3098 3846 de
3126 3791 3414 3863 luctatione
3446 3807 3460 3856 ;

1864 3867 2146 3938 eleganter
2176 3870 2336 3937 igitur
2368 3866 2435 3920 de
2466 3861 2524 3920 re
2552 3861 2863 3938 gladiaitu'ia
2893 3861 2978 3916 hic
3006 3862 3300 3938 transfert"
3321 3863 3354 3915 l.
3380 3877 3458 3938 ψ,

1863 3955 1912 3991 c.
1948 3934 2036 3998 ἱϐ.
2072 3940 2134 3992 de
2160 3934 2407 3992 sententia
2438 3938 2615 4006 pulsus
2647 3947 2739 3992 est.
2764 3934 2922 3989 Conl'.
2942 3935 3115 4000 c.17;
3145 3934 3181 3988 l.
3211 3949 3265 4000 ν,
3294 3948 3344 3987 c.
3373 3934 3461 4006 15.

1864 4009 2036 4066 Nullis
2057 4011 2350 4066 terroribus
2367 4004 2738 4065 de'sententize
2760 4006 3033 4079 pr0posito
3060 4020 3218 4132 posss
3243 4004 3460 4076 depelli.

3213 4093 3301 4132 ex.

3213 4093 3301 4132 UN.

1932 4153 2040 4207 Deo
2074 4171 2131 4208 ac
2162 4154 2363 4207 veritate
2406 4151 2640 4207 ducibus.
2673 4149 2906 4217 Corrigit
2961 4149 3227 4216 vulgatum
3285 4148 3413 4204 illud
3447 4165 3462 4202 :

1865 4223 2008 4279 Duce
2037 4228 2238 4292 virtute,
2283 4226 2467 4278 comite
2519 4223 2772 4277 Fortuna.
2811 4221 2994 4284 llocet,
3029 4220 3168 4292 sicut
3220 4219 3466 4292 christiae

1866 4313 1994 4350 num
2026 4298 2204 4361 decet,
2226 4291 2351 4350 inon
2384 4297 2612 4365 propriis
2662 4295 2888 4357 viribus,
2933 4308 3039 4346 non
3071 4291 3462 4365 Fortunaepsed

1865 4369 1977 4423 Deo
2025 4369 2149 4438 Opt.
2203 4368 2338 4422 Max.
2375 4363 2614 4421 ninnium
2669 4367 2932 4419 bonorum
2978 4363 3209 4428 auctori,
3260 4363 3464 4432 optima

1869 4456 2096 4510 quaeque
2121 4455 2242 4496 esse
2275 4439 2578 4494 tribuenda.
2617 4438 2818 4492 BETUL.

189 4567 3440 4600 Mm

1129 4691 1682 4776 ANALYSIS
1740 4692 2058 4776 LIBRI
2111 4691 2512 4775 TERTII

1504 4890 2120 4964 LACTANTII.

1011 5042 1307 5100 VANITAS
1345 5043 1820 5102 Pl‘llLOSOPlllZE
1864 5045 1949 5101 ET
1989 5043 2589 5102 PHILOSOPHORUM.

1777 5185 2143 5239 Béabeew

245 5319 416 5376 Partes
464 5319 623 5389 hujus
679 5319 798 5374 libri
834 5326 942 5373 lres
981 5324 1144 5370 sunt:
1188 5314 1372 5389 Prima
1401 5314 1468 5368 de
1515 5315 1752 5389 philoso-

188 5388 313 5458 phia,
341 5388 560 5446 secunda
587 5393 652 5446 de
695 5389 1135 5460 philosophorum
1167 5388 1425 5460 vanitate,
1458 5388 1606 5440 tertia
1635 5404 1758 5441 rur—

191 5475 291 5516 sum
314 5458 702 5534 philosophiam
727 5479 832 5516 non
873 5458 992 5534 esse
1033 5461 1352 5534 sapientiam
1397 5458 1751 5534 demonstrat.

251 5529 538 5590 lu'exordio
597 5543 745 5605 optat
791 5535 891 5589 sibi
946 5532 1244 5605 Tullianam
1293 5529 1751 5605 eloquentiatnad

191 5601 648 5676 demonstrandam
697 5601 1050 5676 philosophia:
1089 5602 1404 5676 vanitatem,
1443 5617 1603 5676 qnam
1636 5601 1753 5670 phi-

193 5675 466 5746 losophiam
495 5670 711 5732 inattetti
730 5687 784 5731 et
811 5670 995 5730 falsam
1024 5688 1164 5746 esse,
1195 5670 1278 5725 his
1307 5674 1637 5741 argumentis
1664 5689 1750 5726 ns-

193 5745 359 5803 tendit.
382 5779 449 5788 —
470 5749 509 5802 1.
543 5748 883 5818 PliilOSophia
915 5756 996 5800 est
1026 5745 1268 5818 studium
1289 5748 1598 5818 sapietitiaa;
1628 5759 1755 5812 ergo

196 5834 284 5872 non
314 5832 390 5875 est
415 5815 841 5892 sapientiam-Ill.
874 5817 971 5892 Illo
1001 5817 1179 5892 studio
1209 5815 1279 5892 ad
1298 5815 1614 5892 sapientiam
1648 5833 1755 5870 non

195 5887 520 5958 pervenitur}
551 5907 680 5963 ergo
723 5909 788 5946 ne
810 5890 1026 5962 quidem
1055 5887 1332 5957 sapientiae
1376 5887 1599 5944 studiosi
1633 5899 1755 5944 sunt

1861 5314 2164 5389 philosophi
2200 5314 2359 5386 (Cap.
2388 5313 2466 5386 ‘2).
2513 5343 2585 5389 7-
2626 5311 2710 5389 l_ll.
2744 5311 2800 5366 In
2849 5307 3190 5380 philosophia
3222 5349 3263 5389 ,_
3287 5321 3465 5388 neque

1859 5385 2084 5443 Scientia
2115 5385 2216 5450 est,
2247 5403 2418 5456 neque
2445 5385 2721 5454 opinatio;
2754 5399 2883 5454 ergo
2909 5389 3121 5456 nonest
3150 5385 3414 5456 sapientia
3449 5397 3460 5431 :

1859 5474 1965 5513 non
1989 5459 2098 5516 illa.
2121 5458 2240 5527 quia
2266 5452 2513 5511 Socrates
2536 5465 2590 5511 et
2616 5452 2922 5509 Academici
2953 5469 3070 5508 eam
3089 5452 3456 5527 sustulerunt;

1859 5545 1964 5584 non
1994 5520 2268 5596 lia-e,'qnia
2303 5528 2483 5582 Zenon
2512 5537 2566 5580 et
2591 5528 2758 5582 Stoici
2781 5542 2902 5580 eant
2933 5525 3281 5596 repudiarunt
3307 5520 3459 5596 (Cap.

1856 5603 1936 5666 4).
1962 5600 2138 5655 -1γ.
2170 5595 2514 5668 Ιηιίιοδοιιιιὶει
2544 5601 2778 5665 seipsam
2803 5595 3041 5652 conficit.
3073 5596 3205 5650 Nam
3237 5595 3461 5668 singula:

1860 5665 2025 5727 secta:
2055 5673 2344 5724 multarunt
2378 5665 2646 5724 sectarum
2697 5669 2901 5739 judicio
2951 5667 3192 5722 stultitiae
3233 5665 3462 5739 (111111σὶ11-

1863 5757 2060 5798 cuntur
2087 5759 2100 5805 ;
2144 5757 2332 5796 omnes
2368 5743 2525 5812 igitur
2548 5737 2706 5796 vame
2739 5751 2866 5795 sunt
2895 5750 2950 5795 et
2980 5741 3165 5794 inanes
3197 5737 3350 5812 (Cap.
3373 5737 3455 5812 4).

1862 5815 1999 5868 —V.
2033 5817 2233 5868 Antest
2257 5808 2460 5868 natura:
2487 5815 2733 5874 scientia,
2763 5823 2854 5868 ant
2881 5828 2984 5866 non
3010 5821 3112 5876 est,
3140 5819 3196 5862 nt
3221 5808 3332 5862 vult
3361 5809 3459 5861 Ar-

1863 5886 2073 5944 cesilas.
2103 5885 2218 5940 Non
2268 5885 2418 5954 illud,
2452 5885 2574 5957 qnia
2627 5887 2770 5942 nulla
2799 5893 2973 5957 potest
3005 5897 3125 5938 esse
3156 5881 3206 5936 in
3239 5879 3420 5935 homin
