3986 6358
484 233 585 301 351

1560 241 1749 301 ιτιιω.
1776 241 2151 302 ιΑοτΑΝτιι
2186 240 2396 301 DIVIN.
2436 238 2685 302 INSTIT.

3648 240 3741 301 552

487 356 569 415 las
592 356 900 417 testimonia
920 356 1119 417 divina;
1141 358 1290 416 vocis
1316 357 1632 430 habeamus,
1662 360 1907 432 profecto
1930 376 2087 418 mon-
2110 362 2167 425 Α
2191 361 2485 428 destructo,
2518 359 2728 417 facilior
2755 359 2913 418 nobis
2934 358 3111 417 aditus
3141 357 3397 432 pateatad
3420 358 3743 417 excidendum

485 451 797 518 strahimus,
849 462 1054 524 quanto
1100 453 1423 509 certioribus
1482 454 1816 526 argumentis
1872 455 2083 525 possint

488 558 618 602 vera
643 545 896 613 defendi,
950 561 1071 603 cum
1099 547 1261 603 etiam
1305 545 1441 603 falso
1464 547 1545 603 sic
1588 547 1964 616 defendantur,
2025 557 2085 604 ut

489 652 619 697 vera
649 641 858 697 soleant
879 641 1074 698 videri.
1108 641 1288 711 Quare
1316 658 1425 709 non
1447 652 1552 707 est,
1580 643 1720 714 quod
1750 642 2087 716 philosophis

490 740 701 789 tantum
752 733 976 791 honoris
1028 734 1357 803 habeamus,
1391 743 1485 790 aut
1509 749 1693 791 eorum
1726 734 2085 807 eloquentiam

489 826 955 898 pertimescamus.
986 828 1157 900 Loqui
1192 830 1334 885 enim
1374 814 1851 899 bene'potucrunt,
1882 838 1942 884 ut
1984 828 2087 884 ho-

493 918 671 975 mines
707 919 926 988 eruditi,
966 936 1097 977 vere
1138 930 1316 977 autem
1347 921 1513 993 loqui,
1561 922 1707 978 nullo
1734 921 1916 987 modo,
1965 921 2088 993 quia

491 1011 776 1069 veritatem
802 1029 908 1070 non
933 1014 1233 1072 didicerant
1256 1017 1324 1071 ab
1344 1031 1428 1082 eo,
1455 1016 1544 1087 qui
1564 1017 1682 1085 ejus
1710 1024 1902 1087 potens
1923 1025 2087 1072 esset.

493 1102 607 1161 Nec
628 1120 760 1162 sane
784 1121 1033 1178 magnum
1056 1108 1254 1180 aliquid
1283 1107 1601 1177 efﬁciemus,
1619 1108 1761 1180 quod
1787 1108 1912 1164 illos
1932 1109 2084 1180 igno-

492 1198 683 1254 rantiae
708 1198 1115 1271 redarguemus,
1156 1216 1317 1272 quam
1364 1201 1463 1272 ipsi
1502 1201 1801 1272 saepissime
1829 1201 2091 1257 conﬁten-

495 1301 583 1349 tur
602 1293 656 1349 in
685 1308 752 1349 eo
780 1293 920 1362 solo,
942 1296 1194 1367 quoniam
1219 1295 1305 1350 his
1335 1311 1441 1351 non
1477 1293 1739 1362 creditur,
1770 1294 1821 1350 in
1845 1309 1951 1363 quo
1975 1295 2093 1351 solo

495 1385 644 1441 credi
680 1384 895 1450 debuit;
918 1386 1157 1443 conabor
1181 1387 1490 1453 ostendere,
1524 1402 1795 1459 nunquam
1842 1387 1964 1443 illos
1985 1396 2095 1443 tam

506 1479 777 1536 veridicos
804 1479 994 1550 fuisse,
1020 1497 1182 1555 quam
1208 1498 1329 1539 cum
1358 1483 1681 1540 sententiam
1722 1481 1791 1540 de
1810 1497 1910 1540 sua
1938 1482 2097 1555 igno-

504 1573 718 1631 ratione
748 1573 1018 1631 dixerunt.

1146 1695 1381 1757 CAPUT
1421 1698 1487 1755 ll.

503 1807 586 1865 De
616 1810 966 1885 philosophia,
989 1821 1039 1869 et
1051 1830 1207 1886 quam
1226 1816 1398 1870 inanis
1426 1816 1581 1888 fuerit
1600 1817 1712 1889 eius
1730 1816 1785 1871 in
1807 1814 2108 1888 exponenda

1039 1908 1248 1964 veritate
1273 1910 1564 1981 occupatio.

579 2042 736 2102 Nunc
757 2044 1011 2117 quoniam
1041 2046 1255 2103 duobus
1293 2047 1563 2117 prioribus
1591 2047 1745 2104 libris
1786 2048 2109 2119 religionum

511 2133 721 2193 falsitas
763 2139 1133 2195 demonstrata
1163 2148 1278 2206 est,
1310 2155 1410 2197 nec
1440 2156 1547 2195 non
1592 2140 1745 2211 origo
1795 2140 1909 2211 ipsa
1947 2140 2111 2196 totius

514 2229 717 2286 erroris
743 2232 989 2301 exposita
1014 2250 1028 2287 :
1055 2232 1213 2303 hujus
1239 2232 1364 2288 libri
1394 2249 1586 2289 munus
1607 2242 1691 2289 est
1716 2233 2111 2305 philosophiam

510 2336 724 2394 quoque
746 2325 1059 2391 ostendere,
1088 2342 1247 2398 quam
1277 2326 1455 2383 inanis
1484 2337 1537 2383 et
1562 2327 1694 2384 falsa
1726 2328 1831 2395 sit;
1863 2336 1940 2394 ut,
1964 2329 2112 2383 omni

510 2429 699 2473 errore
724 2417 957 2485 sublato,
985 2419 1185 2476 veritas
1211 2419 1478 2491 patefacta
1509 2422 1791 2477 clarescat.
1823 2422 2115 2478 Ordiamur

510 2504 692 2581 itaque
711 2523 742 2565 a
768 2511 1041 2567 communi
1063 2510 1421 2585 philosophia:
1441 2515 1681 2585 nomine,
1702 2525 1759 2571 ut
1789 2515 1909 2587 ipso
1938 2513 2114 2586 capite

2189 470 2349 512 omne
2376 470 2572 526 corpus
2602 472 2613 508 :
2662 454 2706 510 si
2745 462 2925 511 tamen
2956 461 3135 526 potest
3174 468 3370 525 corpus
3396 453 3586 522 vocari,
3615 454 3746 526 cujus

2191 558 2371 622 partes
2398 563 2462 603 ac
2508 547 2750 604 membra
2781 546 3113 615 discordent,
3157 562 3259 604 nec
3281 547 3386 603 ulla
3416 562 3660 618 compage
3681 548 3749 603 in-

2193 652 2278 699 ter
2312 657 2372 698 se
2413 641 2745 709 cobazreant,
2798 639 2894 697 sed
2946 641 3101 713 quasi
3150 639 3375 712 disjecta
3419 648 3473 697 et
3498 639 3748 710 dissipata,

2197 736 2459 809 palpitare
2489 736 2686 807 potius,
2717 750 2877 807 quam
2906 736 3090 791 vivere
3108 734 3410 791 videantur.
3438 732 3751 806 Philosophia

2198 827 2409 901 est(ut
2452 842 2649 883 nomen
2681 826 2903 894 indicat,
2954 827 3163 899 ipsique
3213 825 3511 896 deﬁniunt)
3540 827 3750 883 studium

2197 921 2491 992 sapientia).
2528 920 2681 978 Unde
2723 921 2884 992 igitur
2910 922 3130 992 probem
3172 920 3344 993 magis
3391 920 3752 992 philosophiam

2197 1029 2305 1071 non
2336 1028 2457 1070 esse
2482 1014 2824 1084 sapientiam,
2858 1029 3019 1086 quam
3044 1029 3109 1070 ex
3137 1013 3306 1086 ipsius
3335 1012 3561 1069 nominis
3581 1013 3757 1084 signiti-

2196 1106 2446 1164 catione?
2469 1106 2569 1175 Qui
2593 1107 2738 1163 enim
2778 1107 3057 1178 sapientiae
3088 1106 3302 1176 studet,
3332 1106 3514 1177 utique
3544 1105 3753 1161 nondum

2199 1202 2359 1274 sapit,
2390 1202 2487 1258 sed
2519 1211 2577 1257 ut
2598 1216 2791 1273 sapere
2817 1203 2986 1274 possit
3008 1201 3208 1258 studet.
3244 1201 3301 1257 In
3324 1201 3533 1257 caeteris
3558 1200 3756 1267 artibus,

2196 1294 2429 1351 studium
2458 1294 2585 1365 quid
2628 1294 2848 1362 efﬁciat,
2897 1305 2953 1351 et
2995 1310 3104 1366 quo
3133 1293 3340 1361 tendat,
3382 1301 3616 1365 apparet.
3639 1292 3760 1360 Quas

2200 1402 2322 1443 cum
2348 1386 2609 1443 discendo
2649 1388 2843 1459 aliquis
2868 1397 3151 1443 assecutus
3174 1396 3278 1453 est,
3320 1386 3431 1457 jam
3460 1401 3563 1440 non
3587 1385 3762 1440 studio-

2203 1496 2298 1538 sus
2320 1481 2555 1547 artiﬁcii,
2584 1480 2679 1536 sed
2710 1479 2906 1536 artifex
2936 1478 3346 1535 nominatur.At
3369 1476 3511 1534 enim
3539 1492 3764 1533 verecun-

2209 1574 2313 1631 dia:
2357 1587 2520 1630 causa
2572 1571 2846 1629 studiosos
2903 1588 2963 1627 se
3015 1571 3332 1642 sapientiae,
3389 1584 3497 1625 non
3533 1569 3766 1639 sapientes

2136 1698 2186 1757 Β
2213 1675 2563 1724 vocaverunt.
2589 1665 2759 1722 Immo
2796 1680 2925 1721 vero
2962 1663 3323 1737 Pythagoras,
3353 1664 3442 1734 qui
3472 1661 3571 1718 hoc
3594 1662 3769 1733 primos

2214 1776 2409 1817 nomen
2460 1759 2685 1827 invenit,
2729 1773 2851 1815 cum
2894 1757 3056 1829 paulo
3092 1757 3216 1826 plus
3253 1766 3500 1827 saperet,
3541 1769 3685 1825 quam
3711 1753 3770 1809 illi

2211 1854 2445 1928 priores,
2476 1852 2568 1923 qui
2596 1867 2656 1908 se
2686 1851 2956 1922 sapientes
2984 1856 3327 1920 putaverunt,
3379 1846 3629 1903 intellexit
3650 1845 3772 1902 nullo

2215 1948 2455 2005 humano
2504 1945 2685 2003 studio
2736 1958 2895 2016 posse
2936 1943 3006 1999 ad
3055 1942 3378 2014 sapientiam
3425 1940 3694 2012 perveniri,
3730 1948 3774 1995 et

2215 2043 2337 2100 ideo
2363 2058 2468 2099 non
2495 2052 2769 2114 oportere,
2796 2038 3262 2111 incompreheusre
3296 2046 3461 2105 atque
3486 2033 3774 2107 imperfecta:

2216 2135 2296 2193 rei
2350 2134 2648 2205 perfectum
2693 2146 2888 2188 nomen
2952 2130 3176 2201 imponi.
3225 2129 3415 2200 itaque
3460 2143 3578 2183 cum
3627 2126 3688 2181 ab
3725 2139 3777 2180 eo

2218 2237 2584 2301 quzereretur,
2640 2240 2925 2297 quemnam
2976 2239 3036 2279 se
3081 2221 3454 2294 proﬁteretur,
3504 2219 3776 2291 respondit:

2218 2319 2622 2395 philosOphum,
2669 2318 2720 2374 id
2760 2325 2864 2383 est,
2898 2316 3243 2388 quaesitorem
3272 2315 3572 2387 sapientiae.
3601 2312 3652 2370 Si
3674 2326 3779 2383 ergo

2218 2413 2558 2490 philosophia
2609 2411 2933 2483 sapientiam
2980 2410 3192 2481 quaerit,
3245 2423 3351 2465 nec
3395 2409 3507 2481 ipsa
3552 2406 3776 2480 sapientia

2217 2521 2335 2578 est;
2368 2512 2491 2581 quia
2524 2519 2747 2564 necesse
2769 2512 2853 2561 est
2873 2502 3017 2559 aliud
3045 2516 3190 2570 esse,
3221 2500 3370 2573 quod
3391 2502 3613 2574 quzerit;
3639 2497 3777 2566 aliud,

1850 2694 2217 2754 VARIORUM
2251 2692 2485 2753 ΝΟΤᾸΞ.

516 2847 696 2916 Colb.,
736 2850 912 2922 Lips.,
947 2851 1201 2921 Tornes.,
1234 2853 1439 2917 Betul.,
1477 2852 1625 2920 Em.,
1670 2854 1837 2910 Brun.
1890 2868 1954 2911 ac
2000 2863 2111 2912 vet.

518 2922 607 2979 ed.
634 2922 691 2994 2,
739 2924 898 2978 Rom.
927 2932 985 2979 et
1007 2924 1200 2981 Venet.
1237 2925 1395 2982 1490.
1428 2925 1486 2981 In
1532 2924 1774 2994 pluribus
1801 2940 1935 2981 mss.
1966 2927 2113 2982 nulla

520 3003 606 3068 est
635 2993 702 3049 ad
732 2996 1036 3068 haecverba
1062 2997 1458 3065 interpunctio:
1486 2993 1717 3068 quatuor
1738 2998 1924 3053 ultima
1946 3014 1973 3051 a
2003 3014 2108 3055 ms.

2219 2857 2387 2927 antiq.
2432 2862 2490 2909 et
2541 2866 2652 2909 rec.
2703 2849 2833 2908 edit.
2863 2848 3082 2919 Thom.,
3131 2846 3329 2921 Thys.,
3361 2848 3501 2905 Gall.
3550 2847 3777 2916 inserunt,

2220 2945 2274 2983 ιη
2292 2943 2584 3054 ῖξιίίονὶὺυε.
2612 2996 2688 3051 Ita
2739 2994 2955 3064 reposui
2984 3007 3051 3049 ex
3101 2991 3509 3064 manuscriptis,
3540 3000 3717 3060 printer
3753 2988 3779 3041 2

519 3062 1116 3141 hiertoniensiabsunt:
1147 3062 1286 3141 unde
1311 3084 1374 3125 ea
1405 3062 1528 3124 esse
1550 3066 1819 3140 glossema
1845 3068 1958 3125 fere
1991 3085 2103 3127 sus.
2141 3064 2186 3128 C
2218 3072 2352 3141 Reg.
2384 3081 2437 3126 et
2477 3068 2671 3141 editos,
2717 3067 2778 3141 _in
2805 3062 3000 3141 quibus
3025 3073 3110 3120 est
3160 3062 3527 3135 superioribus,
3571 3076 3677 3133 qum
3698 3074 3779 3115 vos

521 3137 671 3208 picor
696 3153 818 3193 cum
844 3137 1091 3195 Walchio
1117 3148 1171 3195 et
1190 3139 1528 3196 Heumanno.

598 3207 1013 3265 Monstrabimus.
1047 3210 1137 3268 Sic
1161 3212 1440 3267 emendavi
1473 3228 1539 3267 ex
1568 3213 1778 3267 cunctis
1806 3227 1936 3268 mss.
1965 3214 2115 3269 codi-

522 3280 698 3352 cibus,
732 3282 964 3339 eteditis
995 3282 1153 3339 Rom.
1188 3284 1348 3352 “70,
1381 3284 1579 3350 Betul.,
1616 3294 1670 3339 et
1708 3285 1955 3341 versione
1983 3284 2114 3342 Gal-

523 3350 646 3411 lica.
678 3369 743 3406 an
776 3353 932 3409 1565.

596 3420 818 3478 Tantum
833 3426 1041 3480 honoris
1057 3427 1351 3495 habeamus,
1367 3436 1473 3482 aut.
1495 3427 1744 3494 Bunem.,
1766 3436 1843 3482 ut.
1857 3425 1975 3483 «Sic
1988 3428 2111 3497 edo,

527 3493 720 3570 inquit,
736 3510 802 3570 ex
817 3493 1436 3570 Sublac.,Rost.,Ven.,i
1453 3500 1545 3554 i7l
1561 3500 1673 3564 ,τι
1690 3493 1912 3570 utraque
1928 3493 2113 3567 78,95,

526 3566 617 3629 97,
636 3566 831 3643 Paris.,
854 3567 1076 3643 ParrlL,
1094 3568 1268 3635 Jnnt.,
1289 3569 1437 3636 Ald.,
1461 3570 1626 3634 Crat.,
1658 3566 1878 3643 Gymnl,
1903 3566 2117 3627 etnon?

528 3650 767 3713 manutius
790 3641 867 3695 sic
890 3641 1172 3711 legendum
1200 3643 1390 3697 credit.
1424 3643 1609 3697 Recte.
1662 3641 1752 3698 Sic
1801 3644 1923 3713 lego
1951 3643 1985 3697 I.
2020 3660 2113 3710 vn,

528 3724 580 3763 c.
607 3709 641 3763 5
666 3728 678 3762 :
708 3709 769 3764 Si
796 3709 992 3765 tantum
1013 3714 1220 3767 honoris
1243 3714 1436 3768 homini
1461 3715 1657 3779 habuit,
1700 3726 1752 3766 ut
1774 3709 1934 3781 ipsius
1957 3709 2116 3769 causa

528 3782 776 3851 mundum
806 3782 1097 3851 fabricaret.
1129 3783 1205 3839 Ib.
1236 3827 1249 3848 ,
1274 3799 1324 3839 c.
1347 3786 1381 3840 4
1407 3803 1420 3837 :
1450 3783 1669 3839 Tantum
1696 3784 1773 3839 illi
1797 3786 2006 3840 honoris
2027 3788 2119 3840 ha-

531 3849 657 3913 buit,
691 3862 746 3905 ut
774 3849 885 3907 eum
910 3855 1187 3923 prwﬁcerel
1214 3856 1477 3910 uniuersis.
1502 3855 1853 3911 Recentiores
1874 3857 1991 3912 sine
2013 3859 2117 3912 ulla

533 3937 665 3993 mss.
688 3925 974 3989 mentioae,
1005 3925 1105 3980 nisi
1128 3926 1269 3993 quod
1286 3925 1469 3990 Cauci,
1493 3936 1652 3983 aut...
1670 3929 1818 3981 etiam
1841 3945 2016 3982 eorum
2035 3931 2120 3984 hic

533 3992 1066 4067 variattt._Gryph.,
1126 3992 1286 4066 is“,
1336 4009 1393 4053 et
1442 3998 1585 4053 lntnc
1641 4000 1808 4054 secuti
1861 3999 2115 4055 Tltnmas.

534 4062 721 4130 Isarus,
772 4062 949 4133 Galli,
979 4066 1160 4135 Cant.,
1208 4062 1426 4135 spark.
1456 4067 1612 4125 Cell..
1669 4079 1865 4124 tantum
1914 4072 2121 4126 honoris

535 4136 829 4202 habeamus,
868 4149 954 4193 aut
1000 4143 1208 4205 corumj;
1235 4140 1503 4205 Tornms.,
1537 4142 1676 4198 1548
1702 4149 1758 4197 et
1803 4140 1977 4196 Betul.
2009 4151 2129 4197 tan-

536 4218 641 4280 tum
695 4209 901 4280 honoris
941 4210 1234 4274 debeamus,
1266 4222 1393 4277 aut;
1420 4211 1675 4278 Tornes.,
1710 4213 2039 4280 15874615,
2069 4224 2123 4269 et

539 4277 773 4343 Walclt.,
807 4291 1003 4335 tantum
1032 4283 1275 4337 honorem
1318 4282 1613 4347 habeamus,
1661 4295 1768 4338 aut.
1821 4284 1875 4339 Si
1931 4296 1985 4339 ut
2026 4277 2122 4351 pro

535 4361 626 4428 aut
654 4352 823 4428 legas,
858 4364 1133 4428 postrema
1155 4354 1312 4410 lectio
1340 4357 1502 4411 bona.
1529 4356 1617 4411 Sic
1638 4352 1932 4428 ‘Cyprianq
1961 4358 2120 4427 epist.

533 4422 601 4474 ad
652 4422 915 4492 Magnum,
970 4425 1054 4480 cd.
1102 4425 1327 4491 Patnel.,
1359 4443 1448 4497 ep.
1497 4428 1587 4483 76.
1622 4422 1750 4483 Nisi
1779 4429 1823 4484 si
1852 4422 2119 4496 justum...

534 4503 658 4546 ut...
693 4502 862 4549 tantus
888 4497 1050 4551 honor
1094 4499 1338 4554 habeatur
1368 4500 1637 4568 haereticis,
1681 4510 1737 4555 ut
1772 4517 1874 4556 non
1904 4502 2123 4557 interro-

535 4574 737 4636 gentur,
768 4577 872 4622 etc.
895 4587 915 4620 s

613 4635 1015 4709 Redarguemus.
1065 4640 1137 4695 lta
1190 4657 1381 4697 omnes
1444 4642 1614 4699 ferme
1671 4658 1801 4698 mss.
1862 4652 1917 4699 et
1972 4645 2122 4699 multi

541 4706 810 4787 impressi,
900 4711 1054 4782 εἶρε..
1080 4730 1371 4787 arguetnus;
1390 4715 1427 4770 2
1456 4716 1525 4768 al.
1557 4717 1716 4784 Reg.,
1743 4716 2125 4787 redarguimus;

536 4780 744 4857 §_edd.,
768 4780 1233 4857 redarguatnusI-f—
1262 4784 1388 4841 Illos
1408 4780 1716 4857 ignorantia:
1742 4780 2122 4857 rcdarbuemus.

537 4849 682 4927 Ideni
708 4849 1145 4927 quoque'iterum
1174 4856 1309 4912 dixit
1338 4857 1392 4911 in
1425 4849 1569 4927 Epit.
1593 4900 1609 4925 ,
1639 4874 1756 4927 cap.
1808 4849 1917 4920 29:
1948 4873 2129 4926 eosque

537 4922 765 4979 stultitia:
790 4922 1070 4997 redarguit.
1105 4927 1230 4995 Ejus
1274 4922 1488 4999 generis
1514 4922 1639 4983 sunt
1685 4922 1721 4984 l'.
1774 4944 1908 4994 m,c.
1939 4927 1996 4995 4,
2025 4922 2127 4982 ali-

537 5010 682 5063 quem
708 4999 935 5069 slultitia:
958 4998 1292 5063 convincere;
1326 4999 1522 5056 ibidem
1559 5015 1678 5069 sup.
1710 4998 1939 5055 stultitia:
1975 5016 2127 5054 accu-

538 5081 692 5138 sare;
721 5067 885 5138 Epit.,
918 5084 969 5125 c.
1000 5069 1090 5133 32,
1126 5071 1357 5125 stultitia:
1385 5067 1744 5127 condemnare.
1776 5071 1913 5127 BUN.

614 5135 967 5200 Quoniam'his
992 5158 1093 5194 non
1121 5141 1363 5196 creditur.
1387 5142 1515 5198 Haec
1537 5144 1696 5199 verba
1721 5145 1914 5198 absunt
1939 5158 1968 5197 a
1993 5157 2127 5197 mss.

540 5203 949 5285 Oxgtniensibus,
982 5212 1133 5267 Bold.
1162 5222 1217 5267 et
1248 5210 1392 5267 Cott.
1441 5214 1535 5268 sed
1569 5217 1910 5285 reperiuntur
1937 5216 1989 5269 in
2013 5214 2132 5269 aliis

539 5278 813 5355 codicibus
834 5299 897 5338 ac
918 5278 1214 5355 impressis,
1246 5301 1309 5341 ac
1331 5287 1594 5355 Optimum
1622 5278 1839 5342 sensum
1864 5286 2127 5341 efﬁciunt.

540 5350 667 5405 Haec
698 5368 856 5420 porro
898 5350 1058 5410 lectio
1088 5350 1267 5411 nostra
1318 5350 1489 5411 multo
1538 5358 1844 5414 distinctior
1891 5358 2132 5413 editione

542 5422 804 5503 Rpmaua,
833 5442 953 5495 qua:
981 5426 1284 5503 sic__ltabet:
1334 5428 1447 5503 Nec
1491 5445 1614 5484 sane
1658 5447 1899 5503 magnum
1937 5430 2133 5499 aliquid

538 5494 826 5573 efficiemus,
852 5494 990 5573 quod
1028 5500 1157 5573 illos
1189 5501 1493 5572 ignorantia:
1521 5494 1812 5573 urguemus,
1860 5494 2134 5570 quant'saz-

539 5569 1101 5647 pissimcconﬁtentur.
1132 5569 1293 5627 ln'eo
1320 5569 1741 5647 solo,iqu6niam
1770 5576 1844 5629 eis
1884 5590 1986 5628 non
2025 5590 2135 5628 cre-

536 5640 712 5766 gitur,
742 5641 811 5765 lin
869 5659 968 5714 quo
1023 5642 1133 5696 solo
1208 5646 1348 5700 credi
1397 5640 1609 5713 debuit;
1681 5648 1904 5702 conabor
1960 5658 2130 5702 osten-

573 5727 673 5766 cre.
706 5727 734 5766 e
760 5727 809 5766 c.

573 5727 674 5777 ere,
706 5720 809 5767 etc.

609 5788 943 5845 Sententiam.
992 5788 1120 5844 Post
1170 5787 1313 5847 hanc
1377 5789 1706 5860 dictionem,
1764 5806 1864 5851 ms.
1919 5793 1945 5847 l
1994 5791 2128 5848 Bon.

2217 3138 2371 3200 deest
2402 3143 2453 3195 itt
2487 3156 2592 3194 uno
2615 3138 2950 3193 Colbcrtino.

2290 3213 2370 3268 Ad
2397 3210 2750 3267 excidendum.
2778 3208 2870 3283 Sic
2892 3208 3189 3283 restituiex
3221 3203 3776 3283 quamplurintisnmss.

2216 3285 2501 3356 editisque,
2535 3283 2694 3337 Rom.
2721 3280 2879 3356 M70,
2922 3275 3403 3356 Gymttic.LCrat_.,
3440 3275 3689 3356 Relatum
3720 3275 3781 3356 sic

2218 3345 2505 3429 legendum
2537 3369 2663 3429 esse
2687 3353 2941 3429 censebat
2970 3345 3122 3429 doct.
3168 3350 3452 3429 Francius.
3484 3347 3536 3429 In
3568 3347 3646 3429 li,
3671 3345 3779 3429 ,τηι-

2217 3416 2354 3499 εαῖἱε
2383 3440 2437 3483 et
2466 3423 2914 3499 recentissimisz
2940 3422 3156 3493 scriptis
3206 3430 3291 3476 est
3322 3421 3392 3475 ad
3418 3416 3781 3480 abscindendum;

2218 3495 2271 3557 in
2303 3509 2506 3571 septem
2534 3497 2602 3551 ad
2627 3495 2972 3571 incidendum:

2291 3562 2523 3636 Diijecta
2552 3578 2598 3622 et
2628 3567 2898 3635 dissipata.
2948 3564 3029 3620 Ex
3075 3562 3330 3619 omnibus
3380 3562 3552 3619 ferme
3586 3575 3704 3636 mss.
3737 3564 3778 3611 et

2219 3632 2435 3699 excusis
2462 3642 2531 3695 ita
2577 3632 2813 3707 reposui.
2842 3636 2976 3693 Tres
3026 3636 3274 3707 impressi
3332 3636 3514 3689 lerunt
3549 3632 3779 3707 _diss_ecta,

2219 3731 2321 3771 nec
2348 3713 2519 3778 male;
2551 3703 2659 3765 tres
2688 3709 2871 3781 scripti
2897 3725 3019 3765 cum
3041 3707 3172 3763 edit.
3200 3706 3428 3763 Tornes.
3462 3715 3516 3761 et
3543 3703 3771 3762 Soubron.

2220 3787 2495 3841 disiuncta.

2295 3806 2505 3927 Ἰῖῖῖἆεὲ
2558 3853 2828 3925 deﬁniunt.
2873 3851 3008 3908 Vide
3057 3849 3170 3906 Cic.
3204 3866 3241 3905 ιι
3284 3848 3525 3905 Ofﬁcior.
3572 3847 3621 3903 in
3663 3843 3781 3917 prin-

2223 3945 2269 3986 οι
2278 3944 2384 3986 DlO.

2278 3944 2566 4056 pélndiosos
2590 3997 2877 4066 sapientia,
2902 3994 3218 4071 φιλοσόφους.

2296 4071 2831 4146 δαρῑεηιεενςοφφὺς·
3438 4134 3467 4146 ί.
3600 4133 3629 4146 ..

2299 4134 2467 4216 Immo
2490 4134 2605 4196 vero
2628 4134 3222 4216 Py'thagorasﬂidendi
3244 4134 3570 4216 Augustinus
3595 4134 3780 4216 litasti

2223 4214 2292 4271 de
2321 4213 2604 4278 Trinitate,
2634 4204 2752 4281 cap.
2790 4204 2842 4274 ἱ,
2885 4222 2940 4267 et
2963 4211 3054 4266 lib.
3086 4225 3202 4274 vut,
3246 4204 3366 4278 cap.
3392 4207 3450 4272 2,
3484 4206 3549 4281 de
3590 4204 3779 4258 Civitatc

2228 4286 2358 4350 Dei;
2393 4295 2444 4340 ct
2467 4282 2658 4340 Cicero
2692 4279 2868 4357 glib.iv
2915 4282 3205 4357 Ttisculan.
3264 4288 3460 4357 quiest.
3507 4279 3780 4357 lieus'ergo

2227 4358 2341 4425 ipse
2359 4372 2568 4413 summa
2591 4355 2850 4425 sapientia
2875 4372 2890 4412 :
2920 4355 3094 4409 cultus
3113 4364 3309 4425 autent
3326 4351 3419 4407 Dei
3437 4358 3535 4425 est_
3555 4351 3777 4425 sapientia

2151 4414 2509 4524 1)liontinis,l
2536 4428 2606 4483 de
2629 4414 2730 4524 «Ilua
2762 4441 2904 4481 nunc
2941 4425 3234 4524 loqruitpur.
3264 4423 3400 4524 Nacm
3429 4414 3778 4524 sapiential

2232 4499 2312 4524 2....
2350 4516 2472 4524 --.-...
2518 4499 2530 4524 ξ
2571 4510 2653 4524 ι-ίιι
2682 4497 2789 4524 ιξίῖιι
2823 4505 2897 4524 ιιι-Ι
2927 4512 3028 4524 ηις-ι
3154 4512 3271 4524 ιιι-ιη
3375 4507 3523 4524 ΛΛΙΙηι
3548 4506 3627 4524 nm
3685 4504 3696 4524 I

2225 4499 2314 4569 jus
2349 4487 2531 4554 mundi
2563 4487 2792 4572 _stultitia
2820 4505 2904 4553 est
2926 4487 3065 4572 apud
3101 4496 3296 4572 Deum.
3332 4487 3628 4572 Secundum
3667 4487 3780 4572 hanc

2228 4567 2409 4643 itaque
2459 4570 2801 4643 sapientiam,
2854 4585 2974 4638 qua:
3022 4567 3115 4643 Ι)ςῂ
3155 4567 3471 4643 cn_l_tus_est_,
3512 4567 3583 4614 ait
3614 4567 3778 4643 sancta

2230 4637 2506 4716 Scriptura
2526 4637 2539 4640 ⁷
2563 4641 2580 4712 (
2601 4640 2844 4716 Sapient.
2875 4637 2940 4694 ίνι
2964 4680 2980 4706 ,
3013 4639 3123 4716 ﬁci)
3154 4637 3485 4716 :‘blultitudo
3518 4637 3778 4716 sapientiast

2228 4708 2423 4768 sanitas
2449 4724 2522 4767 est
2551 4708 2690 4768 orbis
2708 4722 2978 4766 terrarum.
3009 4708 3113 4767 Sed
3143 4711 3188 4764 si
3213 4708 3283 4764 de
3321 4708 3577 4777 sapientia
3603 4708 3778 4777 sapien-

2230 4785 2364 4841 tium
2387 4785 2661 4854 disputare
2685 4794 2788 4845 est,
2819 4782 3135 4854 imitandum
3176 4790 3259 4835 est
3285 4771 3584 4854 exemplum
3610 4771 3775 4854 Pytha-

2230 4839 2399 4926 gora),
2424 4839 2512 4923 qui
2539 4870 2661 4909 cum
2692 4839 2857 4910 ausus
2884 4868 2987 4909 non
3016 4852 3203 4926 fuisset
3229 4866 3290 4906 se
3336 4839 3622 4925 sapientem
3648 4839 3776 4926 proli-

2236 4923 2360 4991 teri.
2396 4925 2771 4998 phil050phum
2802 4926 2997 4998 potius,
3025 4925 3077 4979 id
3096 4932 3180 4998 est
3201 4931 3494 4977 amatorem
3519 4923 3774 4998 Sapientiae,

2231 5012 2294 5055 se
2344 4991 2464 5053 esse
2516 4991 2833 5067 respondit?
2866 5000 2905 5051 Α
2953 4991 3059 5066 quo
3101 4994 3152 5049 id
3184 5008 3379 5067 nomen
3429 4998 3673 5067 extortum,
3721 4991 3774 5067 ita

2232 5052 2488 5137 deinceps
2520 5052 2750 5138 posteris
2775 5052 2995 5140 placuit',
3024 5075 3080 5140 ut
3106 5065 3437 5140 quantalibet
3455 5062 3521 5116 de
3549 5057 3691 5140 rebus

2232 5124 2550 5214 sapientiam
2585 5124 3273 5214 puriinéntibus__doetrina
3320 5137 3572 5214 quisque,
3599 5124 3773 5214 vel

2230 5195 2318 5267 vel
2365 5195 2492 5266 altis
2549 5195 2820 5283 videretur
2868 5210 3153 5283 excellere,
3209 5195 3430 5283 nonnisi
3459 5195 3773 5283 philosophus

2231 5294 2538 5339 vocaretur.
2562 5282 2695 5337 Vide
2724 5293 2915 5350 praeter
2944 5281 3001 5335 S.
3034 5279 3315 5346 Augustin.
3347 5278 3431 5350 ubi
3455 5274 3624 5344 supra;
3651 5274 3771 5324 Cice-

2236 5370 2382 5421 t‘on.,
2417 5356 2621 5423 praefat.
2657 5354 2692 5406 Ι.
2720 5348 2736 5407 i
2766 5353 3010 5419 TuscuL,
3038 5363 3091 5406 et
3114 5351 3293 5423 Laert.
3322 5348 3488 5423 initio.

2308 5412 2628 5498 Imperfecla:
2666 5426 2739 5479 rei
2780 5412 3075 5498 perfectum.
3101 5422 3346 5498 Laertius
3374 5434 3424 5474 c.
3467 5419 3502 5473 Ι.
3542 5431 3608 5498 es
3635 5412 3766 5497 ηεξα-

2233 5487 2636 5555 εὶὶἀεῬυίιιίοο
2681 5487 2845 5551 refert
2871 5487 3205 5567 'Pythagorte
3237 5493 3392 5547 verba
3427 5508 3439 5543 :
3469 5487 3768 5567 μῃδένκωεξιᾲξ

2235 5574 2387 5645 σοφὸν
2416 5568 2700 5646 ἄνθρωπον,
2753 5567 2852 5646 ἀλλῖ
2932 5555 3091 5646 brba:
3122 5555 3588 5646 Seneca,.ep.'S-97:

2232 5635 2363 5697 inter
2390 5635 2692 5707 sapientiam
2720 5649 2767 5694 et
2798 5640 3174 5710 philosophiam
3202 5635 3322 5712 quid
3346 5635 3767 5712 intersitasapttg:

2234 5692 2609 5783 iussisti...
2647 5692 2833 5767 nisi.
2854 5692 2957 5783 est
2971 5692 3154 5765 iaetu.
3174 5692 3457 5783 humanis;
3492 5692 3766 5775 philosophia

2234 5781 2499 5860 sapieniia:
2516 5800 2661 5844 amor
2685 5793 2758 5840 est
2783 5790 2831 5840 et
2851 5781 3125 5851 alfectatia.
3166 5782 3297 5845 Bais.
