3986 6358
1571 251 1758 312 FIRM.
1800 235 2168 307 LACTANTII
2207 241 2412 302 DIVIN.
2453 245 2700 306 INSTIT.
3669 259 3756 317 356

504 391 664 434 cursu
690 375 969 440 ferantur;
1000 373 1196 430 coelum
1228 373 1401 444 ipsum
1433 386 1538 443 qua
1574 367 1966 443 magnitudine,
1991 378 2095 436 qua
2121 361 2176 424 Α
2205 364 2442 434 putabit;
2477 374 2529 420 et
2567 381 2688 422 cum
2736 365 2826 423 hic
2869 381 3081 441 quoque
3128 373 3494 442 peroraverit,
3529 385 3690 446 surget
3715 388 3758 432 ct

497 471 723 534 materia
771 475 1018 538 constet,
1063 475 1244 535 utrum
1287 467 1527 536 quietum
1583 465 1655 522 sit
1693 475 1750 521 et
1788 459 2097 528 immobile,

500 578 567 618 an
600 563 900 630 incredibili
929 563 1211 630 celeritate
1256 561 1504 618 volvatur
1535 577 1550 626 ;
1583 566 1781 630 quanta
1829 555 1901 610 sit
1941 562 2103 608 terra:

499 655 820 722 crassitudo,
854 663 947 709 aut
990 654 1185 725 quibus
1234 652 1596 708 fundamentis
1647 650 1839 704 librata
1886 654 1941 702 ct
1985 659 2105 700 sus-

493 761 662 819 pensa
702 748 793 802 sit.
829 747 974 812 litae,
1022 747 1263 816 inquam,
1307 743 1669 814 disputando,
1699 750 1755 796 et
1780 736 2104 809 coniecturis

495 840 638 898 velle
666 839 1153 910 comprehendere,
1189 837 1296 892 tale
1326 846 1412 892 est
1437 838 1700 907 profecto,
1733 831 1892 904 quale
1917 830 1963 886 si
1993 828 2104 883 dis-

493 949 684 1002 serere
730 934 986 998 velimus,
1016 931 1233 1002 qualem
1264 946 1386 987 esse
1431 930 1756 984 arbitremur
1804 923 2103 993 cuiuspiam

494 1029 876 1086 remotissimae
903 1028 1082 1100 gentis
1112 1027 1298 1082 urbem
1319 1067 1332 1092 ,
1357 1041 1515 1096 quam
1544 1038 1814 1093 nunquam
1845 1019 2098 1084 vidimus,

494 1122 759 1193 cujusque
791 1120 925 1176 nihil
959 1119 1105 1175 aliud
1135 1134 1295 1190 quam
1326 1132 1526 1172 nomen
1565 1115 1888 1171 audivimus.
1917 1111 1973 1167 Si
2002 1126 2100 1165 no-

495 1215 580 1272 bis
609 1215 663 1270 in
700 1229 764 1270 ea
793 1229 854 1269 re
897 1213 1178 1268 scientiam
1212 1211 1572 1274 vindicemus,
1606 1223 1726 1278 qua:
1774 1222 1879 1261 non
1928 1211 2104 1274 potest

496 1307 644 1372 sciri,
670 1321 852 1362 nonne
889 1305 1128 1368 insanire
1168 1303 1472 1367 videamur,
1505 1302 1596 1371 qui
1627 1299 1678 1354 id
1705 1297 1977 1353 afﬁrmare
2005 1311 2101 1350 au-

498 1398 748 1464 deamus,
780 1399 834 1464 in
863 1412 972 1469 quo
1003 1397 1208 1453 revinci
1232 1392 1542 1466 possimus?
1565 1393 1776 1462 Quanto
1795 1390 1988 1462 magis,
2012 1388 2103 1460 qui

496 1491 790 1558 naturalia,
821 1506 942 1562 quae
972 1491 1097 1546 sciri
1127 1490 1196 1544 ab
1225 1489 1446 1544 homine
1471 1503 1580 1542 non
1609 1493 1857 1556 possunt,
1885 1484 2024 1538 scire
2045 1496 2104 1538 se

497 1595 710 1655 putant,
762 1583 950 1640 furiosi
1000 1584 1388 1653 dementesque
1429 1589 1556 1636 sunt
1588 1577 1886 1649 judicandi.
1937 1576 2105 1632 Recte

495 1692 626 1747 ergo
653 1677 938 1741 Socrates,
991 1683 1046 1729 et
1091 1690 1215 1730 eum
1255 1673 1424 1728 secuti
1467 1670 1777 1727 Academici
1822 1669 2102 1726 scientiam

2206 458 2430 522 tertius,
2463 466 2519 512 et
2545 458 2634 512 alii
2663 458 2920 531 deinceps
2939 506 2952 530 ,
2994 471 3048 518 et
3071 465 3453 534 epiniabuntur
3478 466 3637 522 multo
3661 468 3755 523 dis-

2205 553 2376 622 paria,
2409 567 2569 624 quam
2611 569 2713 610 nos
2744 570 2931 611 sumus
2972 557 3200 634 opinati.
3243 559 3379 628 Quid
3425 575 3548 632 ergo
3593 562 3683 616 erit
3705 578 3760 618 ex

2203 644 2458 700 omnibus
2491 646 2705 702 verius?
2751 645 2983 704 fortasse
3008 649 3161 705 nihil.
3185 655 3255 707 At
3281 653 3460 708 omnia
3481 663 3599 708 sunt
3618 653 3759 721 dicta,

2205 753 2326 806 qua:
2373 737 2426 792 in
2473 754 2652 794 rerum
2698 750 2948 796 naturam
2980 741 3214 810 cadunt;
3255 754 3312 799 ut
3342 761 3558 802 necesse
3595 747 3656 800 sit
3679 747 3762 801 ali-

2205 831 2335 900 quid
2384 847 2572 886 eorum
2616 848 2736 887 esse
2767 849 2972 888 verum.
3022 835 3091 890 At
3120 837 3412 901 nescietur,
3459 837 3577 908 quis
3605 853 3761 894 verum

2204 922 2427 978 dixerit.
2471 925 2654 980 Potest
2685 925 2822 992 fieri,
2857 937 2915 982 ut
2944 943 3132 983 omnes
3160 943 3226 983 ex
3267 937 3417 994 parte
3445 929 3614 1001 aliqua
3642 947 3765 986 erra-

2205 1015 2402 1079 verint,
2437 1031 2503 1070 ex
2543 1026 2694 1086 parte
2719 1019 3003 1089 attigerint
3031 1020 3335 1076 veritatem.
3367 1018 3522 1076 Stulti
3549 1037 3668 1093 ergo
3689 1038 3764 1077 su-

2205 1121 2352 1174 mus,
2397 1107 2442 1162 si
2489 1107 2593 1164 hoc
2638 1108 3008 1180 disputatione
3058 1127 3397 1182 qumramus;
3447 1122 3612 1184 potest
3649 1115 3766 1169 enim

2205 1202 2562 1272 supervenire
2589 1204 2808 1274 aliquis,
2838 1206 2930 1276 qui
2960 1205 3248 1277 Opiniones
3279 1215 3493 1264 nostras
3523 1207 3766 1276 derideat,

2205 1313 2416 1368 nosque
2441 1313 2538 1369 pro
2563 1299 2768 1354 insanis
2797 1299 3016 1365 habeat,
3044 1301 3137 1372 qui
3159 1301 3388 1357 velimus
3416 1300 3489 1370 id,
3514 1301 3644 1372 quod
3669 1317 3768 1357 aes-

2206 1392 2406 1460 cimus,
2440 1394 2601 1464 quale
2631 1394 2723 1460 sit,
2757 1395 2994 1466 Opinari.
3022 1395 3221 1452 Verum
3252 1410 3363 1451 non
3391 1411 3523 1467 opus
3543 1405 3619 1452 est
3639 1395 3768 1468 longe

2209 1485 2382 1556 posita
2428 1486 2790 1557 conquirere,
2815 1487 2959 1543 unde
2998 1503 3162 1544 nemo
3198 1487 3430 1544 fortasse
3468 1489 3663 1555 veniat,
3697 1490 3768 1560 qui

2208 1595 2310 1636 nos
2356 1580 2667 1652 redarguat.
2706 1583 2853 1654 Age,
2899 1584 3206 1655 opinemur,
3244 1583 3377 1654 quid
3421 1599 3561 1640 nunc
3599 1584 3648 1639 in
3676 1583 3769 1641 loro

2207 1683 2448 1744 geratur,
2481 1675 2608 1746 quid
2641 1675 2694 1730 in
2724 1677 2910 1742 curia;
2943 1677 3164 1748 longum
3193 1685 3281 1732 est
3311 1676 3365 1731 id
3387 1691 3590 1748 quoque
3611 1694 3624 1731 :
3646 1676 3768 1732 dica-

495 1774 852 1838 sustulerunt,
882 1785 1004 1841 qum
1047 1786 1154 1826 non
1181 1767 1530 1840 disputantis,
1555 1765 1649 1822 sed
1680 1763 1971 1821 divinantis
1997 1771 2099 1818 est.
2131 1757 2182 1818 B
2209 1781 2349 1834 mus,
2384 1767 2712 1838 interposito
2744 1784 2851 1824 uno
2883 1769 3093 1839 pariete
3121 1769 3248 1840 quid
3286 1770 3415 1836 fiat;
3445 1785 3596 1826 nemo
3623 1778 3770 1841 potest

496 1865 780 1935 Superest,
816 1871 874 1918 ut
924 1862 1166 1934 opinatio
1207 1863 1257 1915 in
1304 1859 1647 1930 philosophia
1689 1858 1803 1912 sola
1833 1855 1921 1910 sit.
1969 1854 2100 1910 Nam

496 1959 637 2014 unde
694 1960 848 2014 abest
896 1959 1121 2013 scientia
1149 1999 1164 2022 ,
1211 1956 1262 2010 id
1314 1966 1486 2010 totum
1555 1951 1792 2024 possidet
1839 1950 2100 2032 opinatio.

498 2053 553 2107 Id
601 2053 746 2106 enim
795 2053 1048 2122 opinatur
1115 2050 1380 2120 quisque,
1435 2044 1580 2117 quod
1636 2044 1829 2099 nescit.
1884 2041 1965 2097 Illi
2005 2058 2099 2096 au-

497 2154 627 2212 tem,
667 2144 756 2222 qui
805 2144 870 2199 de
925 2144 1087 2199 rebus
1133 2139 1465 2196 naturalibus
1503 2138 1823 2210 disputant,
1875 2135 2104 2206 opinan-

504 2248 592 2302 tur
633 2239 704 2293 ita
737 2254 896 2304 esse,
942 2247 1000 2292 ut
1032 2237 1330 2310 disputant.
1385 2232 1645 2290 Nesciunt
1698 2233 1858 2302 igitur
1907 2231 2102 2284 verita-

496 2343 640 2398 tem;
692 2334 946 2403 quoniam
1001 2331 1264 2395 scientia,
1322 2329 1455 2385 certi
1503 2341 1627 2396 eet,
1688 2327 1961 2398 opinatio,
2019 2325 2101 2378 in-

498 2425 660 2479 certi.

565 2516 872 2573 Redeamus
905 2515 972 2572 ad
1016 2516 1146 2580 illud
1175 2515 1425 2584 superius
1452 2512 1782 2582 exemplum.
1812 2510 1946 2583 Age,
1980 2510 2100 2581 upi-

494 2627 688 2674 nemur
717 2611 782 2665 de
812 2621 954 2670 statu
1000 2619 1054 2666 et
1097 2609 1358 2680 qualitate
1405 2607 1552 2662 urbis
1592 2605 1752 2671 illius,
1796 2618 1916 2674 quze
1945 2603 2101 2658 nobis

493 2705 655 2759 rebus
701 2703 950 2757 omnibus
996 2713 1190 2772 praater
1217 2716 1411 2756 nomen
1441 2699 1620 2770 ignota
1649 2707 1753 2753 est.
1787 2695 2099 2756 Verisimile

493 2807 598 2862 est,
632 2796 682 2850 in
713 2797 873 2865 plano
921 2795 1102 2856 sitam,
1150 2792 1375 2864 lapideis
1408 2791 1698 2856 moenibus,
1731 2788 1972 2844 aedificiis
2004 2806 2095 2844 su-

492 2889 774 2956 blimibus,
807 2889 908 2956 viis
938 2887 1203 2959 pluribus.
1253 2883 1551 2956 magnificis
1594 2881 1911 2952 ornatisque
1940 2882 2098 2944 delu-

496 2981 625 3037 bris.
673 2981 1056 3037 Describatnus
1077 3021 1090 3045 ,
1119 2980 1164 3034 si
1194 2979 1394 3049 placet,
1425 2990 1606 3032 mores
1649 2973 1998 3044 habitumque
2024 2975 2101 3030 ci-

495 3076 660 3130 vium.
695 3074 805 3132 Sed
844 3090 969 3131 cum
1019 3074 1134 3129 haec
1171 3071 1494 3136 dixerimus,
1524 3068 1663 3123 alius
1690 3069 1962 3123 contraria
1992 3067 2106 3124 dis-
2127 3059 2175 3124 C

2207 1857 2260 1912 id
2284 1858 2446 1925 scire,
2481 1861 2583 1914 nisi
2613 1861 2704 1931 qui
2735 1860 3024 1929 audiverit,
3054 1871 3146 1915 aut
3173 1861 3392 1917 viderit.
3429 1863 3611 1918 Nullus
3636 1864 3769 1933 igitur

2204 1952 2367 2008 audet
2394 1951 2448 2010 id
2477 1951 2692 2020 dicere,
2723 1955 2846 2024 quia
2880 1955 3061 2009 statim
3090 1969 3197 2008 non
3225 1955 3432 2022 verbis,
3465 1955 3559 2011 sed
3593 1971 3647 2010 re
3672 1956 3766 2025 ipsa

2207 2046 2460 2116 praesenti
2491 2047 2831 2103 refutabitur.
2875 2048 3043 2120 Atqui
3066 2048 3167 2104 hoc
3201 2048 3348 2104 idem
3392 2049 3588 2104 faciunt
3611 2049 3769 2122 philo-

2209 2139 2388 2211 sephi,
2421 2142 2512 2212 qui
2547 2142 2826 2224 disputant
2855 2142 2910 2198 in
2942 2143 3082 2199 cmlo
3112 2144 3241 2216 quid
3275 2153 3467 2216 agatur
3493 2163 3507 2201 :
3537 2143 3622 2200 sed
3648 2159 3702 2199 eo
3723 2159 3768 2200 se

2207 2233 2261 2288 id
2315 2237 2538 2306 impune
2589 2235 2769 2293 facere
2813 2236 3172 2305 arbitrantur,
3205 2239 3335 2309 quia
3381 2240 3558 2296 nullus
3585 2239 3766 2306 exisnt,

2205 2329 2298 2400 qui
2329 2344 2548 2384 errores
2597 2345 2786 2386 eorum
2831 2341 3110 2402 coarguat.
3164 2331 3324 2400 Quod
3352 2333 3398 2388 si
3441 2333 3769 2388 existimarent

2206 2423 2596 2479 descensurum
2626 2439 2746 2480 esse
2773 2425 3028 2496 aliquem,
3060 2427 3149 2497 qui
3177 2442 3275 2483 eos
3306 2427 3539 2492 delirare
3564 2443 3622 2484 ac
3645 2443 3770 2488 men-

2207 2517 2295 2584 tiri
2318 2516 2564 2588 doceret,
2601 2534 2874 2590 nunquam
2913 2520 3204 2590 quidquam
3252 2520 3321 2576 de
3364 2522 3430 2576 iis
3467 2521 3636 2577 rebus.
3663 2532 3768 2590 quas

2205 2611 2347 2666 scire
2390 2627 2496 2665 non
2539 2597 2795 2680 possunt,
2830 2613 3193 2683 diSputarent.
3227 2613 3341 2669 Nec
3367 2623 3545 2669 tamen
3573 2613 3682 2668 ideo
3704 2613 3768 2667 fe-

2208 2704 2363 2758 licior
2393 2705 2625 2774 putanda
2657 2716 2740 2761 est
2765 2721 2953 2761 eorum
2987 2707 3323 2777 impudentia
3342 2717 3396 2764 et
3421 2707 3649 2773 audacia,
3669 2705 3767 2778 quia

2202 2814 2311 2868 non
2353 2799 2751 2871 redarguuntur
2783 2819 2796 2856 :
2826 2802 3101 2872 redarguit
3148 2801 3296 2864 enim
3357 2802 3517 2870 Deus,
3563 2803 3641 2857 cui
3688 2799 3766 2856 soli

2199 2892 2402 2947 veritas
2441 2903 2564 2948 nota
2594 2902 2709 2958 est,
2753 2893 2880 2948 licet
2925 2895 3222 2949 connivere
3264 2894 3527 2962 videatur,
3572 2906 3761 2964 eamque

2202 2984 2483 3041 hominum
2511 2986 2831 3062 sapientiam
2854 3003 2952 3059 pro
2981 3003 3192 3044 summa
3215 2989 3442 3045 stultitia
3471 2997 3734 3061 computat.

1867 3203 1952 3259 VA
1962 3203 2226 3264 RIORUM
2257 3205 2490 3265 NOTAE.

495 3364 586 3420 lib.
615 3377 655 3417 ιι
700 3358 933 3427 Origin.,
973 3371 1093 3426 cap.
1131 3353 1226 3418 24,
1258 3360 1315 3427 et
1356 3359 1620 3427 praeterea
1652 3347 1776 3427 istic
1807 3345 2054 3427 sequitur
2077 3386 2093 3412 ,

605 3418 888 3488 incredibili
921 3418 1189 3499 celeritate
1230 3418 1479 3499 uoluetur.
1511 3420 1648 3499 fide
1692 3418 2055 3499 Copernicurn
2078 3458 2093 3484 ,

491 3505 820 3562 cardinalem
844 3503 910 3556 de
939 3493 2096 3572 Cusa,7(_3artesinm,aliosqpe(auctoresnin:

493 3560 573 3634 ira
602 3576 867 3640 laudatos;
898 3560 1441 3636 netnpeMacrohium
1463 3566 1553 3621 lib.
1589 3563 1700 3640 |_de
1719 3560 1961 3640 Somnio
1988 3560 2098 3615 Sci-

495 3633 690 3721 pionis,
724 3633 970 3721 cap._'l'i;
997 3633 1226 3721 Plinium
1260 3641 1350 3721 lib_.
1379 3655 1436 3721 ll,
1467 3653 1588 3721 cap.
1617 3633 2091 3721 5;‘Arist0tlelgem_,

491 3704 546 3777 in
580 3704 716 3776 ιίιπὶι
745 3704 810 3772 dé
831 3704 984 3771 C(elo
1012 3711 1274 3775 secundo,
1306 3710 1371 3764 de
1392 3707 1609 3771 Mundo,
1641 3716 1695 3760 et
1725 3704 1872 3758 alibi.
1903 3704 2096 3758 Cicero

493 3795 560 3849 dc
588 3790 949 3847 Universitate
983 3803 1035 3840 n.
1072 3785 1137 3839 i7
1165 3781 1242 3838 sic
1267 3800 1281 3838 :
1312 3780 1542 3835 Maxima
1561 3780 1729 3847 itaque
1752 3793 1853 3830 una
1879 3791 2090 3849 conver-

493 3847 634 3917 sione
663 3871 809 3932 atque
837 3859 1010 3911 eadem
1038 3858 1146 3938 ipse
1171 3855 1360 3908 circum
1387 3868 1438 3906 se
1469 3859 1732 3925 torquetur
1767 3856 1815 3901 et
1844 3847 2078 3901 vertitur.

494 3936 656 4008 (Vide
681 3925 1223 4008 col.?_)55,|ln.'
1288 3995 1300 4008 Ι
1377 3993 1422 4008 η
1475 4007 1483 4008 7
1559 3991 1583 4008 ιγ
1635 3990 1701 4008 Μ
1755 4004 1770 4008 _
1807 3988 2050 4008 μαψ-*ε

570 4007 772 4072 Quanta
799 4004 860 4055 sit
884 3988 1029 4054 terra:
1046 3988 1611 4072 crassitudo...\tlacrob.
1627 3990 1772 4072 _l'ib.l
1790 3989 1854 4044 de
1868 3988 2091 4072 Somnio

494 4060 783 4145 Scipionis,
815 4089 863 4145 c.
896 4071 1000 4145 20,
1022 4069 1249 4145 colligit,
1270 4077 1325 4120 ut
1358 4066 1472 4145 ipse
1495 4062 1770 4145 praedicat,
1802 4060 2091 4145 evidentis-

497 4133 648 4204 simis
673 4158 725 4201 et
747 4133 1183 4199 indubitabililms
1201 4133 1626 4191 tlimen’sionibus
1649 4133 1916 4186 universae
1928 4137 2088 4204 terrte

493 4203 774 4281 ambitum,
797 4231 918 4286 quae
950 4214 1275 4286 ubicumque
1301 4208 1384 4262 vel
1409 4205 1684 4286 incolitur,
1710 4205 1792 4286 vel
1823 4203 2092 4285 inhabita-

495 4293 619 4348 bilis
639 4275 1032 4361 piece-habere
1059 4275 1357 4338 stadiorum
1386 4278 1548 4361 millia
1568 4277 1805 4361 ducenta
1834 4275 2091 4361 quinqua-

493 4345 810 4434 ginta'duoi,
843 4359 1146 4434 diametron
1179 4368 1311 4434 vero
1343 4350 1628 4434 octoginta.
1651 4347 1827 4434 lmillia
1885 4345 2091 4434 stadio:

495 4417 638 4501 ium,
670 4433 753 4487 vel
784 4417 889 4485 non
915 4427 1082 4484 multo
1109 4425 1341 4501 amplius
1362 4417 1772 4501 haberez‘idque
1793 4433 1857 4501 ex
1888 4417 2096 4501 ratione
2122 4419 2176 4479 D

495 4489 894 4568 Eratbsthenis,
917 4515 1075 4574 quam
1103 4489 1350 4574 sequitur
1372 4493 1536 4574 etiarn
1565 4490 1884 4574 Cleometles
1909 4489 2095 4574 libro‘l.

495 4560 637 4649 Lege
660 4577 726 4632 ad
763 4560 1468 4649 tunc.niagnatn_Ptolo.tna:i
1498 4562 1977 4649 Construct‘ione‘tn-
1986 4560 2096 4649 Ι111).

493 4629 746 4720 ῐξίὲῖιιῖλ
762 4648 817 4712 6,
841 4629 897 4702 ἐι
920 4629 1117 4720 eadem
1147 4638 1387 4720 “390955
1406 4636 1855 4720 Hywmre'Wv
1883 4641 1937 4686 οι
1956 4629 2101 4720 Mf“?

496 4705 698 4777 tianuin
732 4719 787 4774 in
806 4705 913 4771 sua
944 4713 1278 4770 Geometria.
1308 4705 1577 4764 Caeterum
1605 4705 1672 4759 de
1702 4715 1862 4777 terrae
1891 4705 2102 4777 magni-

493 4775 677 4849 tudine
698 4790 1114 4846 indeterminate
1137 4784 1374 4853 disputat
1395 4780 1547 4835 Plato
1571 4780 1623 4831 in
1649 4775 1942 4831 Pluedone.
1966 4775 2097 4828 Ber.

568 4886 763 4954 Quibus
811 4879 1158 4954 fundamentis
1211 4876 1440 4954 tibrata,
1480 4880 1592 4954 etc.
1623 4868 1756 4954 Vide
1817 4866 2100 4954 Simmiapi

494 4941 633 5026 apde
670 4941 1032 5022 l'lato'netn'in
1061 4947 1351 5026 Pluedonae
1377 4943 1442 4999 ad
1472 4942 1661 5026 frtrem;
1695 4941 2014 4998 Ciceronem
2046 4941 2100 4992 in

495 5013 662 5086 A'cad.
694 5019 1045 5084 Ptelemagtnn
1081 5021 1171 5077 lib.
1203 5035 1284 5086 in,
1316 5033 1435 5088 cap.
1472 5015 1525 5069 7.
1558 5013 1892 5068 ALMAGESTI.

567 5118 910 5188 Disputqndo.
945 5116 1075 5180 Mss.
1112 5115 1134 5168 1
1178 5112 1315 5166 Bon.
1354 5107 1522 5176 autiq.
1546 5148 1560 5172 ,
1595 5106 1882 5174 disputare.

568 5213 902 5270 Arbitremur.
942 5210 1033 5265 Sic
1059 5206 1267 5263 restitui
1310 5219 1376 5258 ex
1410 5201 1478 5258 15
1503 5199 1723 5268 optimis
1751 5213 1823 5270 ac
1842 5197 2098 5252 vetustis-

495 5267 718 5340 tissimis
758 5299 887 5336 mss.
922 5291 972 5336 et
1010 5283 1043 5335 4
1073 5279 1234 5335 editis
1276 5277 1471 5338 Torn.,
1518 5267 1740 5336 Seubr.,
1785 5267 1988 5324 Cellar.
2045 5276 2102 5324 et

497 5357 709 5412 Walch.
741 5353 938 5421 Scripti
961 5352 992 5406 7
1017 5367 1126 5406 rec.
1150 5358 1205 5404 et
1229 5347 1299 5423 16
1326 5345 1509 5423 excusi
1541 5342 1744 5423 ferunt,
1763 5341 2095 5423 arbitramur.

573 5429 673 5496 Qui
721 5413 1014 5496 natur'atia._
1041 5423 1154 5496 Non
1185 5421 1334 5475 illam
1383 5415 1746 5496 calumniatur
1795 5413 2096 5496 physicen,

495 5483 616 5570 qua;
667 5495 948 5570 medicinae
993 5493 1398 5570 fundamentum
1431 5498 1539 5570 est,
1571 5495 1627 5540 ut
1656 5483 1794 5570 infra
1825 5484 2021 5570 cape.
2044 5495 2097 5539 et

497 5555 530 5628 fi
559 5571 779 5642 patebit;
802 5565 912 5642 sed
942 5564 1268 5642 eam,_cujus
1302 5562 1602 5642 proprium,
1632 5568 1695 5642 ut_
1727 5555 1978 5638 Laertius
2009 5555 2096 5642 inf

497 5625 1142 5715 quiit,est,_'disputarede
1167 5625 1593 5703 tiiundofdeque
1621 5630 1782 5685 rebus
1813 5628 1866 5682 in
1895 5625 2097 5684 mundo

499 5713 880 5773 existentibus.

574 5785 727 5844 Recte
747 5800 866 5859 ergo
894 5781 1157 5849 Socrates,
1185 5786 1290 5836 etc.
1322 5777 1418 5833 Vel
1448 5792 1513 5833 ex
1539 5776 1657 5846 ipso
1678 5772 1894 5829 Laertia
1922 5780 2091 5845 patet,

2204 3347 2546 3420 Academiam
2575 3363 2640 3403 ex
2682 3348 2924 3406 Socratis
2969 3350 3191 3408 ﬂuxisse
3235 3352 3501 3420 doctrina.
3545 3353 3684 3408 Plato
3707 3351 3765 3406 si—

2199 3419 2417 3544 quidem
2441 3420 2678 3476 Socratis
2709 3421 2939 3488 auditor,
2971 3423 3317 3479 Academiam
3345 3425 3632 3481 constituit.
3651 3422 3764 3480 Aca-

2239 3493 2398 3544 cmici
2417 3491 2540 3544 licet
2562 3491 2791 3544 docendi
2819 3509 2988 3544 genus
3011 3498 3277 3544 ontimum
3299 3497 3603 3544 quihusdam
3623 3493 3762 3544 secuti

2239 3493 2398 3566 emici
2417 3491 2540 3547 licet
2562 3491 2791 3566 docendi
2819 3509 2988 3566 genus
3011 3498 3278 3566 optimum
3299 3497 3604 3566 quibusdam
3623 3493 3762 3550 secuti

2200 3563 2476 3638 videntur,
2509 3565 2634 3636 quia
2667 3581 2795 3619 vero
2827 3563 3346 3638 illorum'pt'ofessio
3377 3569 3428 3623 in
3461 3566 3764 3638 Opinionibus

2202 3635 2464 3690 duntaxat
2517 3635 2620 3690 sita
2667 3646 2770 3703 est,
2823 3652 2949 3692 vera
2992 3635 3149 3693 nobis
3179 3635 3668 3696 Carneadis'Stoici
3711 3637 3763 3690 de

2202 3707 2333 3778 ipsis
2362 3722 2588 3786 censura
2623 3707 2832 3786 videtur
2860 3749 2874 3767 .
2906 3710 3014 3786 _qui
3068 3710 3443 3786 opinaturum
3467 3711 3763 3786 sapientem,

2196 3789 2502 3834 erraturum
2532 3778 2686 3840 dixit;
2719 3779 2808 3850 qui
2831 3778 2975 3835 enim
3003 3778 3278 3849 opinatur,
3309 3783 3444 3837 nihil
3475 3778 3588 3836 scit.
3609 3779 3765 3850 Scien-

2199 3849 2267 3904 tia
2298 3851 2460 3921 igitur
2495 3867 2526 3904 e
2567 3847 2747 3905 medio
2771 3852 2838 3905 ab
2870 3852 3000 3921 ipsis
3036 3847 3260 3907 tollitur.
3292 3853 3489 3908 Contra
3521 3847 3763 3908 Academi-

2196 3936 2383 3976 corntn
2412 3923 2643 3978 heresim
2677 3922 2895 3977 disserit
2933 3925 3266 3992 Augustinus
3297 3924 3450 3980 libris
3494 3923 3684 3988 tribus,
3712 3936 3763 3975 ex

2197 4010 2259 4049 re
2286 3994 2399 4062 ipsa
2425 3994 2718 4064 inscriptis;
2747 3994 3082 4064 Epiphanius
3106 3995 3199 4048 lib.
3227 4011 3264 4048 ι.
3299 3993 3498 4051 Beroe.

2272 4062 2606 4135 Opinatur...‘
2640 4066 2777 4136 quod
2795 4062 2979 4120 nescit.
3012 4065 3070 4119 L.
3109 4082 3189 4137 in,
3221 4082 3272 4121 c.
3317 4070 3371 4124 4.
3413 4065 3668 4137 Exprimit
3692 4062 3763 4117 hic

2197 4136 2517 4211 Ciceronem
2550 4137 2588 4191 1.
2613 4153 2663 4190 IV
2677 4137 2839 4211 ATus_.,
2873 4153 2922 4191 c.
2960 4138 3020 4192 11
3058 4157 3070 4190 :
3103 4136 3352 4210 Opinatio
3375 4150 3463 4204 est,
3487 4136 3704 4211 judicare
3720 4147 3762 4188 te

2199 4212 2348 4276 scire,
2379 4210 2518 4277 quod
2549 4209 2763 4263 nesciat.
2789 4209 2921 4263 BUN.

2283 4299 2589 4376 Verius._lta
2623 4301 2838 4376 reposui
2874 4317 2934 4376 ex
2964 4303 3171 4376 cunctis
3203 4319 3374 4376 prepe
3404 4321 3532 4362 mss.
3565 4303 3670 4376 Duo
3691 4313 3760 4354 re-

2202 4373 2496 4432 centissimi
2526 4389 2645 4427 cum
2671 4373 2948 4443 impressis
2973 4373 3149 4428 ferunt
3174 4373 3400 4443 certius;
3423 4386 3530 4432 tres
3555 4373 3650 4429 veri
3669 4385 3757 4424 cer-

2205 4445 2324 4498 tius.
2360 4446 2547 4515 Agitur
2578 4444 2661 4499 hic
2691 4445 2758 4498 de
2790 4460 2938 4500 vero.
2974 4443 3108 4502 Vide
3135 4461 3285 4518 seqq.

2279 4537 2343 4592 In
2372 4555 2541 4594 rerum
2592 4549 2829 4592 naturam
2867 4540 3072 4593 cadunt.
3129 4538 3220 4594 Sic
3270 4541 3478 4597 restitui
3518 4539 3568 4593 in
3603 4543 3761 4606 quarto

2206 4625 2331 4664 casu
2360 4626 2425 4665 ex
2443 4610 2696 4664 omnibus
2723 4610 2891 4665 ferme
2919 4624 3048 4665 mss.
3074 4620 3130 4666 et
3154 4614 3427 4668 veteribus
3453 4610 3604 4666 editis
3629 4607 3659 4661 2
3677 4606 3761 4660 Ro-

2207 4683 2399 4755 manis,
2429 4683 2655 4737 Torues.
2679 4697 2742 4736 ac
2768 4681 3038 4738 Soubron.
3063 4682 3274 4754 Vulgati
3298 4683 3638 4755 quamplures
3660 4689 3758 4733 cum

2204 4754 2420 4822 scriptis
2449 4755 2480 4807 Δ
2501 4794 2514 4817 ,
2550 4764 2754 4806 natura.

2277 4843 2470 4928 Nullus
2517 4844 3432 4928 ἐρξίης-113116ιεςξξρηβηιμάζηξεί
3482 4861 3542 4900 ex
3581 4835 3757 4928 cunctis

2204 4931 2337 4971 mss.
2386 4926 2440 4971 et
2468 4915 2595 4971 edit.
2642 4915 2836 4972 Cellar.
2873 4928 2925 4974 et
2966 4917 3177 4976 Walch.
3211 4918 3267 4974 In
3321 4919 3382 4974 14
3431 4915 3632 4976 excusis
3657 4918 3757 4973 est,

2206 4987 2378 5042 nullus
2403 4989 2558 5043 enim.

2275 5079 2672 5134 Descensurum.
2709 5080 2798 5135 Sc.
2829 5080 2897 5136 de
2927 5082 3088 5138 cmlo.
3123 5081 3386 5149 Reimm.,
3411 5082 3752 5149 dissensurttm.

2205 5166 2309 5218 non
2336 5153 2496 5207 male.
2527 5152 2626 5206 Pro
2662 5162 2874 5223 recepta
2907 5153 3089 5208 Livius
3121 5154 3215 5208 lib.
3251 5171 3327 5221 v1,
3351 5143 3466 5223 cap.
3489 5151 3590 5223 18‘:
3620 5143 3752 5223 Nuit-

2202 5215 2353 5293 quam
2386 5234 2590 5296 propter
2618 5240 2695 5278 me
2723 5213 2802 5279 de.
2829 5225 2954 5280 caelo
3001 5213 3334 5280 descendant.
3375 5213 3523 5279 (Ioni.
3551 5220 3685 5278 Lact.
3718 5213 3748 5266 Ι.

2203 5312 2281 5350 ιιι.
2315 5311 2364 5350 c.
2396 5295 2486 5350 20.
2523 5295 2651 5350 BUN.

2269 5339 2281 5363 ,
2315 5311 2364 5350 c.
2396 5311 2486 5350 zu.
2523 5311 2651 5350 una.

2275 5388 2412 5442 Licet
2433 5387 2699 5443 connivere
2721 5387 2971 5444 videatur.
3003 5391 3090 5454 At,
3117 5398 3252 5445 teste
3277 5385 3578 5450 Thomasio,
3601 5381 3646 5436 in
3663 5387 3750 5454 uno

2205 5460 2460 5516 Vaticano
2489 5459 2676 5514 codice
2703 5460 2919 5527 legitur,
2951 5443 3604 5520 licet'co‘uticereivideatur,
3630 5443 3748 5518 quod

2203 5533 2301 5602 ipsi
2325 5533 2557 5586 maxime
2585 5531 2862 5601 probatur;
2887 5533 3067 5604 aitque
3085 5534 3350 5594 connivere
3381 5527 3746 5599 nilsignilicarei

2202 5604 2346 5674 quod
2376 5604 2442 5660 ad
2471 5619 2584 5668 rem
2619 5604 2869 5674 pertinet.

2273 5696 2490 5825 Signum
2515 5695 2754 5751 stultitia.
2793 5696 2866 5752 De
2889 5697 2990 5753 hac
3019 5697 3142 5754 vide
3169 5699 3410 5764 Paulum,
3439 5695 3458 5750 l
3482 5693 3618 5758 Con,
3642 5695 3742 5755 0³1³·

2201 5784 2279 5835 tu,
2317 5784 2400 5825 tu.
