3986 6358
505 145 613 204 559

1041 262 1053 287 ⁵
1140 261 1372 321 CAPUT
1408 261 1476 319 ν.

647 445 946 516 {Multarum
974 463 1144 503 rerum
1167 448 1431 504 scientiam
1455 465 1561 506 esse
1595 452 1949 506 necessariam.

578 624 714 682 Sunt
739 627 883 682 enim
915 628 1108 696 multa,
1134 645 1256 700 quae
1305 637 1494 686 natura
1542 630 1657 701 ipsa
1691 646 1789 687 nos
1838 630 2009 697 scire,
2051 639 2107 687 et

508 735 640 776 usus
670 720 956 792 frequens,
1003 731 1058 778 et
1097 724 1224 779 vitae
1271 726 1568 780 necessitas
1596 725 1761 796 cogit.
1793 724 1976 796 Itaque
2003 739 2103 795 pe-

443 828 454 838 ·
508 815 774 871 reundum
797 825 902 884 est,
935 817 1038 873 nisi
1067 817 1210 874 scias
1231 861 1246 885 ,
1277 835 1400 890 qua:
1429 819 1494 874 ad
1525 818 1689 874 vitam
1736 832 1862 876 sunt
1911 820 2063 875 utilia
2087 860 2105 888 ,

507 918 565 966 ut
594 917 818 982 appetas
839 952 854 976 ,
883 927 1004 982 qua:
1033 912 1359 981 periculosa,
1393 922 1451 967 ut
1476 913 1650 983 fugias
1681 922 1735 969 et
1764 915 1920 970 vites.
1950 913 2102 968 Prte-

507 1009 652 1057 terea
683 1001 852 1056 multa
901 1011 1062 1068 sunt,
1105 1019 1225 1073 quze
1259 1019 1387 1059 usus
1431 1005 1655 1059 invenit.
1703 1003 1839 1059 Nam
1885 1004 2015 1059 solis
2045 1019 2109 1060 ac

508 1094 652 1150 lunae
679 1094 814 1149 varii
843 1109 1034 1150 cursus
1054 1136 1069 1161 ,
1099 1103 1154 1151 et
1180 1105 1390 1151 meatus
1418 1095 1681 1163 siderum,
1713 1105 1766 1150 et
1794 1095 1935 1150 ratio
1968 1103 2108 1149 tem-

504 1205 698 1262 porum
727 1187 1065 1257 deprehensa
1092 1197 1177 1243 est
1201 1231 1216 1255 ,
1248 1197 1304 1244 et
1330 1197 1521 1243 natura
1549 1204 1842 1258 corporum
1873 1203 1903 1242 a
1931 1186 2107 1242 medi-

507 1284 586 1340 cis
607 1325 623 1350 ,
651 1282 1056 1352 herbarumque
1082 1282 1225 1336 vires
1247 1324 1263 1350 ,
1295 1292 1349 1336 et
1391 1281 1458 1337 ab
1495 1281 1749 1351 agricolis
1781 1291 1970 1336 natura
2003 1289 2110 1333 ter-

507 1395 723 1444 rarum,
753 1392 854 1433 nec
881 1392 988 1430 non
1031 1375 1286 1431 imbrium
1330 1375 1634 1432 futurorum
1658 1418 1673 1443 ,
1705 1391 1768 1431 ac
1815 1383 2112 1446 tempesta-

511 1481 623 1526 tum
654 1471 805 1542 signa
833 1470 1060 1525 collecta
1093 1479 1241 1526 sunt.
1274 1469 1430 1525 Nulla
1455 1469 1693 1541 denique
1723 1485 1813 1525 ars
1841 1479 1956 1533 est,
1989 1484 2112 1539 quae

511 1579 618 1620 non
660 1564 886 1619 scientia
908 1570 1141 1618 constet.
1173 1561 1371 1618 Debuit
1403 1577 1535 1633 ergo
1563 1563 1868 1625 Arcesilas,
1906 1563 1951 1616 si
1982 1560 2112 1632 quid

1585 143 1777 202 FIRM.
1817 140 2187 202 LACTANTII
2226 141 2432 201 DIVIN.
2473 142 2718 202 lNSTlT.
3149 208 3155 213 _
3673 156 3761 216 560

2133 269 2187 328 A

2819 261 3195 338 CAPUT|VL

2407 398 2488 454 De
2513 399 2765 470 sapientia
2781 397 2876 465 ,"el
2905 398 3225 454 Academicis
3250 408 3299 456 et
3332 399 3579 474 Physicis;

2279 533 2551 604 Nusquam
2574 550 2640 590 ne
2674 535 2834 606 igitur
2862 534 3127 605 sapientia
3168 537 3276 592 est?
3301 536 3466 593 Immo
3485 554 3605 596 vero
3646 540 3762 600 inter

2208 624 2357 696 ipsos
2383 625 2529 680 fuit:
2574 625 2671 682 sed
2716 641 2878 683 nemo
2921 627 3074 683 vidit.
3125 627 3231 684 Alii
3271 639 3617 700 putaverunt,
3659 634 3764 692 sciri

2208 732 2368 789 posse
2422 719 2636 785 omnia;
2691 719 2744 774 hi
2803 721 3073 791 sapientes
3136 722 3324 793 utique
3373 739 3482 778 non
3539 725 3762 795 fuerunt;

2208 811 2297 866 alii
2347 811 2498 879 nihil,
2561 827 2628 868 ne
2705 812 2758 867 hi
2800 811 3018 883 quidem
3075 815 3347 885 sapientes
3395 815 3633 883 fuerunt;
3681 819 3763 885 illi,

2209 905 2332 976 quia
2359 906 2477 975 plus
2507 905 2712 960 homini
2735 905 3034 973 dederunt;
3061 907 3114 962 hi
3132 949 3148 975 ,
3172 909 3295 978 quia
3319 910 3492 964 minus
3516 927 3530 965 :
3557 912 3766 982 utrisque

2210 1001 2262 1054 in
2292 1011 2574 1071 utramque
2602 1011 2808 1071 partem
2844 1001 3038 1057 modus
3067 1003 3262 1058 defuit.
3293 1002 3397 1060 Ubi
3427 1019 3552 1075 ergo
3578 1006 3759 1074 sapien-

2211 1093 2284 1147 tia
2309 1092 2427 1147 est?
2459 1092 2531 1148 Ut
2559 1108 2734 1164 neque
2763 1104 2814 1149 te
2839 1095 3017 1149 omnia
3045 1095 3187 1150 scire
3210 1104 3386 1166 putes,
3406 1097 3544 1167 quod
3574 1098 3657 1154 Dei
3679 1108 3762 1166 est,

2212 1200 2387 1255 neque
2433 1187 2614 1240 omnia
2664 1187 2910 1253 nescire,
2943 1188 3086 1258 quod
3131 1187 3371 1258 pecudis.
3417 1189 3508 1244 Est
3531 1191 3660 1245 enim
3682 1191 3762 1245 ali-

2211 1281 2357 1351 quod
2413 1281 2685 1348 medium,
2731 1282 2877 1352 quod
2921 1283 2992 1338 sit
3038 1283 3306 1349 hominis,
3362 1284 3414 1339 id
3459 1294 3538 1339 est
3575 1285 3761 1340 scientia

2211 1387 2332 1426 cum
2381 1373 2716 1442 ignoratione
2761 1377 3047 1444 conjuncta
3093 1385 3149 1432 et
3200 1385 3517 1445 temperata.
3563 1375 3763 1433 Scientia

2214 1465 2266 1519 in
2294 1465 2448 1521 nobis
2473 1466 2542 1522 ab
2570 1467 2752 1522 animo
2783 1477 2866 1523 est
2886 1508 2904 1534 ,
2931 1467 3024 1538 qui
3067 1468 3243 1524 oritur
3269 1483 3300 1525 e
3326 1469 3499 1536 coelo;
3544 1471 3765 1541 ignoratio

2215 1573 2244 1612 a
2272 1574 2520 1630 corpore,
2541 1559 2684 1630 quod
2706 1570 2789 1616 est
2817 1576 2848 1616 e
2878 1570 3020 1616 terra
3049 1578 3062 1614 :
3096 1562 3241 1617 unde
3270 1562 3425 1618 nobis
3450 1571 3636 1618 etcum
3655 1563 3761 1629 Deo,

510 1664 761 1726 saperet,
789 1655 1122 1725 distinguere
1142 1695 1157 1720 ,
1187 1669 1308 1724 qua:
1338 1654 1464 1709 sciri
1490 1662 1732 1723 possent,
1765 1668 1954 1724 quasve
1985 1667 2109 1707 nes-
2137 1659 2187 1719 Β
2215 1660 2270 1706 et
2298 1667 2419 1707 eum
2463 1653 2783 1708 animalibus
2813 1663 2897 1709 est
2936 1653 3112 1724 aliqua
3140 1655 3524 1710 communitas.
3554 1655 3623 1710 lta
3659 1671 3765 1725 quo-

508 1747 628 1803 ciri.
661 1745 768 1803 Sed
792 1747 836 1801 si
863 1745 914 1801 id
943 1745 1191 1811 fecisset,
1237 1746 1352 1814 ipse
1381 1760 1442 1800 se
1486 1744 1538 1798 in
1574 1745 1831 1815 populum
1874 1744 2112 1815 redegis-

508 1850 610 1895 set.
647 1838 778 1894 Nam
811 1838 1006 1909 vulgus
1033 1836 1309 1893 interdum
1339 1838 1459 1907 plus
1505 1837 1682 1908 sapit;
1714 1836 1840 1907 quia
1871 1846 2108 1902 tantum,

555 1940 772 1990 aantum
798 1945 935 2002 opus
980 1939 1064 1986 est
1101 1930 1262 2001 sapit.
1294 1933 1340 1984 A
1389 1943 1498 2000 quo
1543 1931 1590 1984 si
1638 1943 1886 2000 quaeras,
1929 1939 2112 1984 utrum

511 2025 649 2080 sciat
672 2023 907 2096 aliquid,
939 2039 1006 2078 an
1036 2022 1204 2090 nihil,
1233 2022 1381 2078 dicet
1407 2037 1466 2078 se
1499 2022 1659 2088 scire,
1692 2037 1812 2093 quae
1843 2021 2001 2088 sciat,
2033 2019 2114 2075 fa-

514 2120 717 2175 tebitur
746 2133 808 2174 se
834 2117 1044 2173 nescire
1065 2158 1082 2185 ,
1111 2131 1230 2187 quae
1253 2116 1477 2171 nesciat.
1515 2115 1681 2170 Recte
1722 2130 1852 2186 ergo
1883 2115 2115 2169 aliorum

513 2211 728 2268 sustulit
768 2211 1111 2282 disciplinas,
1165 2209 1260 2264 sed
1305 2223 1413 2264 non
1463 2219 1613 2263 recte
1663 2207 1908 2263 fundavit
1938 2224 2111 2262 suam.

512 2302 782 2376 lgnoratio
808 2303 955 2359 enim
1004 2316 1184 2357 rerum
1229 2300 1470 2356 omnium
1514 2316 1620 2354 non
1668 2309 1848 2370 potest
1882 2315 2004 2356 esse
2031 2315 2116 2354 sa-

513 2397 744 2468 pientia,
778 2395 933 2466 cujus
960 2403 1040 2450 est
1071 2394 1214 2449 scire
1251 2393 1550 2464 proprium.
1600 2392 1676 2446 Ita
1712 2407 1834 2448 cum
1870 2392 2111 2463 philoso-

514 2487 653 2560 phos
677 2486 1099 2557 expugnaverit,
1132 2500 1197 2540 ac
1224 2485 1468 2540 docuerit
1495 2499 1590 2540 eos
1619 2483 1752 2539 nihil
1778 2484 1919 2540 scire
1942 2527 1957 2551 ,
2001 2485 2117 2556 ipse

515 2595 730 2651 quoque
781 2593 980 2634 nomen
1032 2577 1343 2648 philosophi
1375 2576 1639 2647 perdidit;
1691 2578 1815 2646 quia
1867 2577 2117 2634 doctrina

516 2675 635 2746 ejus
670 2682 755 2730 est
775 2673 910 2728 nihil
938 2673 1099 2727 scire.
1121 2671 1251 2726 Nam
1277 2671 1366 2741 qui
1389 2671 1528 2726 alios
1555 2671 1925 2742 reprehendit,
1974 2671 2120 2742 quod

518 2769 794 2832 nesciant,
845 2767 961 2837 ipse
988 2765 1151 2821 debet
1200 2766 1382 2820 sciens
1409 2779 1551 2820 esse.
1580 2763 1714 2820 Cum
1757 2775 1936 2821 autem
1984 2765 2121 2822 nihil

518 2865 684 2929 sciat,
709 2877 831 2932 qua:
862 2861 1218 2930 perversitas,
1256 2874 1446 2930 quaeve
1487 2859 1777 2914 insolentia
1805 2868 1922 2927 est,
1952 2860 2022 2914 ob
2067 2858 2121 2914 id

520 2955 695 3026 ipsum
716 2969 774 3009 se
801 2952 1178 3023 philosophum
1209 2952 1564 3020 constituere,
1587 2962 1813 3022 propter
1839 2952 1985 3022 quod
2006 2968 2085 3008 eae
2103 2983 2116 2994 -

2215 1746 2358 1799 niam
2382 1761 2448 1801 ex
2492 1745 2575 1800 his
2619 1745 2832 1801 duobus
2877 1756 3194 1803 constamus
3233 1746 3546 1814 elementis,
3575 1762 3765 1818 quorum

2214 1841 2446 1895 alterum
2479 1841 2599 1896 luce
2631 1839 2914 1911 praaditum
2944 1847 3025 1896 est
3047 1882 3062 1907 ,
3089 1840 3336 1910 ,alterum
3383 1840 3637 1906 tenebris;
3664 1855 3764 1910 pars

2216 1932 2373 1988 nobis
2401 1932 2524 1987 data
2567 1942 2652 1988 est
2697 1932 2972 1998 scientiae,
3005 1947 3131 2002 pars
3163 1932 3499 2003 ignorantiae.
3531 1931 3627 1987 Per
3651 1931 3766 1988 hunc

2216 2026 2371 2096 quasi
2401 2034 2620 2096 pontem
2647 2025 2878 2081 transire
2907 2026 3027 2080 sine
3071 2023 3306 2080 cadendi
3361 2024 3591 2094 periculo
3629 2024 3765 2088 licet;

2217 2136 2340 2176 nam
2371 2121 2445 2176 illi
2477 2136 2666 2177 omnes
2689 2161 2703 2185 ,
2735 2121 2828 2192 qui
2857 2135 2917 2176 se
2941 2121 2994 2174 in
3022 2120 3252 2175 alteram
3283 2130 3488 2191 partem
3517 2118 3763 2174 inclinave-

2218 2222 2373 2278 runt,
2421 2223 2513 2268 aut
2555 2213 2779 2279 dextro,
2825 2221 2917 2267 aut
2955 2212 3176 2268 sinistro
3233 2227 3427 2268 versus
3469 2210 3764 2267 ceciderunt.

2224 2308 2459 2378 Utraque
2482 2318 2658 2363 autem
2686 2321 2812 2377 pars
2837 2306 3108 2378 quomodo
3135 2307 3422 2372 erraverit,
3455 2305 3638 2361 dicam.
3660 2305 3767 2358 Aca-

2219 2400 2416 2456 demici
2431 2411 2616 2456 contra
2639 2400 2901 2472 Physicos
2922 2415 2987 2455 ex
3013 2399 3177 2456 rebus
3193 2400 3439 2456 obscuris
3463 2397 3769 2470 argumentati

2222 2501 2385 2562 sunt,
2419 2494 2620 2548 nullam
2650 2508 2772 2548 esse
2800 2493 3104 2558 scientiam,
3148 2502 3204 2549 et
3234 2492 3496 2564 exemplis
3524 2507 3768 2563 paucarum

2223 2604 2406 2644 rerum
2440 2586 3068 2658 incomprehensibilium
3107 2588 3353 2644 contenti
3377 2629 3394 2654 ,
3421 2587 3640 2656 amplexi
3667 2593 3767 2640 sunt

2223 2682 2606 2753 ignorantiam;
2643 2691 2897 2754 tanquam
2944 2682 3225 2738 scientiam
3255 2692 3422 2739 totam
3453 2683 3768 2746 sustulissent,

2225 2776 2348 2846 quia
2374 2775 2426 2830 in
2457 2784 2608 2845 parte
2633 2775 2986 2831 sustulerant.
3006 2775 3224 2847 Physici
3253 2787 3442 2832 contra
3472 2792 3535 2832 ex
3561 2776 3648 2842 iis,
3675 2789 3768 2845 quat

2225 2878 2411 2938 aperta
2461 2880 2621 2936 sunt,
2668 2877 3046 2941 argumentum
3096 2871 3415 2937 trahebant,
3460 2871 3622 2927 omnia
3675 2867 3772 2922 sciri

2230 2976 2392 3030 posse
2413 3004 2429 3030 ,
2460 2964 2807 3032 contentique
2832 2962 3148 3032 perspicuis,
3171 2964 3478 3020 retinebant
3504 2961 3769 3020 scientiam;

520 3056 666 3102 ιθτοε
695 3045 882 3100 tona”
927 3043 1159 3098 Possum
1186 3044 1332 3098 enim
1376 3043 1454 3098 Sic
1485 3043 1818 3113 respondere
1849 3061 1862 3097 τ
1891 3043 1946 3099 Si
1986 3043 2119 3098 nihil
2146 3060 2192 3124 Ο
2223 3062 2478 3126 tanquam
2510 3063 2676 3110 totam
2723 3055 3113 3123 defendissent,
3145 3059 3273 3128 quia
3302 3074 3365 3115 ex
3391 3066 3538 3128 parte
3565 3053 3774 3112 defende-

521 3154 622 3194 nos
649 3137 788 3192 scire
815 3134 1114 3202 convineis,
1149 3143 1203 3191 et
1229 3135 1354 3190 ideo
1383 3150 1490 3189 non
1517 3149 1640 3191 esse
1663 3135 1958 3206 sapientes,
1992 3137 2117 3206 quia

522 3230 657 3287 nihil
688 3231 953 3294 sciamus;
983 3243 1185 3301 ergone
1237 3236 1291 3283 tu
1324 3227 1542 3299 quidem
1567 3244 1627 3283 es
1654 3229 1892 3299 sapiens,
1917 3231 2043 3300 quia
2070 3239 2121 3286 te

521 3338 735 3395 quoque
759 3322 1033 3378 conﬁteris
1057 3321 1191 3376 nihil
1218 3321 1382 3377 scire?
1411 3321 1549 3390 Quid
1573 3338 1702 3394 ergo
1724 3325 1994 3394 promovit
2022 3325 2126 3380 Ar-

522 3419 740 3485 cesilas,
792 3416 894 3472 nisi
942 3415 1085 3487 quod
1129 3415 1392 3472 confectis
1439 3416 1691 3471 omnibus
1744 3417 2122 3490 philosophis,

521 3515 760 3583 seipsum
793 3525 1006 3582 quoque
1027 3507 1222 3566 eodem
1249 3524 1510 3565 mucrone
1548 3509 1857 3566 transﬁxit?

2221 3157 2362 3201 rant.
2397 3145 2583 3218 Itaque
2614 3163 2790 3219 neque
2817 3149 2870 3203 hi
2900 3149 3080 3216 clara,
3124 3165 3303 3221 neque
3329 3152 3407 3207 illi
3432 3152 3642 3206 obscura
3659 3146 3772 3202 vide-

2225 3249 2352 3293 runt
2385 3256 2398 3292 :
2431 3239 2524 3294 sed
2569 3241 2784 3311 utrique
2805 3283 2819 3308 ,
2852 3240 2980 3296 dum
3030 3242 3201 3297 solam
3255 3242 3528 3300 scientiam
3557 3237 3773 3298 consertis

2226 3330 2474 3386 manibus
2497 3332 2580 3386 vel
2606 3334 2872 3400 retinent,
2922 3335 3006 3390 vel
3056 3336 3333 3406 eripiunt,
3384 3352 3489 3392 non
3533 3336 3769 3395 viderunt,

2227 3424 2281 3479 in
2313 3423 2494 3480 medio
2517 3427 2865 3482 constitutam
2913 3425 3065 3495 fore,
3093 3443 3217 3500 quae
3258 3429 3382 3487 illos
3410 3429 3475 3486 ad
3502 3426 3770 3501 sapientiam

2234 3517 2644 3574 transmitteret.

1879 3654 2238 3714 VARIORUM
2276 3657 2510 3717 NOTAE.
3247 3675 3269 3707 ⁸

527 3797 553 3802 ”
602 3795 888 3850 Herbarum
932 3792 1081 3848 vires.
1111 3791 1387 3847 Herbariae
1429 3791 1710 3848 medicina:
1744 3795 2108 3848 inventionem

525 3864 761 3923 Galenus
787 3867 1024 3934 assignat
1051 3862 1306 3920 Cheironi
1333 3864 1603 3920 Centauro
1623 3907 1638 3931 ,
1669 3865 1844 3920 Macer
1871 3866 2111 3921 Artemi-

525 3941 641 3996 sim.
675 3938 1003 3993 BETULEIUS.

600 4029 712 4084 Nec
741 4046 842 4084 non
867 4028 1125 4083 imbrium.
1155 4028 1212 4085 Id
1250 4030 1364 4100 ipse
1385 4030 1632 4086 Christus
1652 4029 1902 4084 concedit
1929 4028 2111 4084 Matth.

526 4119 614 4159 xvi
634 4145 648 4168 ,
675 4101 835 4157 Lucae
881 4117 958 4155 χι.
998 4101 1070 4155 De
1096 4101 1179 4157 his
1208 4103 1403 4157 Aratus
1433 4102 1773 4173 potissimum
1798 4142 1812 4166 ,
1841 4110 1896 4156 et
1925 4100 2112 4173 Virgil.

527 4177 581 4231 in
607 4175 803 4244 Georg.
836 4173 1036 4228 Βετυι..

601 4269 785 4323 Debuit
805 4284 926 4339 ergo
947 4265 1223 4339 Arcesilas.
1256 4267 1558 4333 Arcesilas,
1602 4275 1740 4324 teste
1785 4267 1951 4331 Mela,
1985 4265 2118 4321 nihil

526 4337 1204 4397 aflirmantis'Academize
1248 4342 1506 4403 antistes,
1557 4339 1627 4393 ita
1681 4354 1895 4394 omnem
1932 4353 2112 4393 rerum

527 4413 808 4469 scientiam
837 4426 901 4465 ex
934 4410 1240 4465 hominibus
1268 4410 1503 4477 sustulit,
1533 4420 1588 4464 ut
1615 4427 1732 4467 eam
1765 4411 1865 4466 soli
1897 4411 2006 4466 Deo
2032 4425 2116 4465 re-

525 4485 779 4554 liquerit;
807 4490 864 4534 ut
898 4481 1223 4554 Epiphanius
1249 4481 1316 4536 de
1342 4497 1407 4536 eo
1438 4483 1626 4538 scribit
1654 4493 1784 4540 tom.
1817 4499 1876 4550 ιι,
1906 4483 2000 4539 lib.
2031 4497 2114 4549 ιιι,

525 4552 596 4611 de
617 4554 942 4610 Haeresibus.
977 4552 1297 4607 BETULEIUS.

601 4627 671 4682 Se
695 4627 747 4679 in
769 4624 1014 4697 populum
1026 4623 1316 4697 redegisset.
1344 4623 1409 4679 In
1434 4625 1678 4695 pupulum
1705 4627 1934 4697 redigere
1961 4625 2114 4688 dixit,

529 4713 624 4768 pro
647 4711 713 4752 eo
734 4695 889 4768 qn0d_
902 4705 984 4750 est
1007 4696 1058 4749 in
1087 4695 1330 4768 ordinem
1357 4697 1620 4768 redigere.
1646 4698 1718 4752 De
1738 4695 1845 4767 quo
1867 4697 2117 4767 loquendi

525 4765 689 4824 modo
715 4765 837 4838 vide
862 4766 1114 4821 Budaeum
1143 4765 1196 4819 in
1227 4767 1285 4821 L.
1315 4768 1374 4821 D.
1403 4765 1633 4822 Marcus.
1661 4769 1713 4823 θ’.
1746 4765 1814 4824 de
1841 4765 1947 4824 Off;
1978 4783 2119 4838 pne-

522 4841 676 4898 sidis.
701 4869 773 4880 —
799 4836 869 4893 Se
913 4838 965 4891 in
1015 4838 1258 4908 populum
1301 4839 1591 4909 redegisset.
1618 4840 1670 4895 ld
1721 4849 1838 4903 est,
1870 4855 1930 4895 se
1961 4836 2120 4908 vulgo

526 4911 1424 4983 philosophorum_aIjtttumerasset.
1462 4910 1615 4965 Prius
1644 4913 1698 4965 in
1727 4911 1956 4965 ordinem
1977 4911 2118 4983 redi-

523 4981 641 5054 gere
661 5027 674 5049 ,
719 4991 937 5038 auctore
968 4981 1242 5054 Prisciano
1289 4990 1342 5054 et
1394 4983 1565 5049 ltaph.
1600 4983 1733 5054 Reg.
1763 4983 1894 5037 inter
1921 4981 2044 5036 viles
2075 4989 2122 5035 et

525 5053 1112 5119 abiectosconnumerari
1136 5053 1270 5107 dixit
1295 5053 1520 5122 Quintil.
1555 5071 1570 5108 ι
1614 5053 1789 5108 Instit.
1819 5071 1868 5108 e.
1902 5054 1956 5107 4.
1987 5054 2116 5107 Βυκ.

599 5126 881 5180 Convincis.
932 5124 1410 5195 Manuscriptorutn
1440 5142 1503 5179 ac
1528 5127 1561 5180 5
1593 5135 1701 5180 vet.
1750 5125 1884 5180 edit.
1933 5124 2119 5188 Rom.,

525 5197 753 5252 Torues.
787 5207 840 5248 et
863 5195 1131 5253 Soubron.
1162 5208 1244 5252 est
1266 5197 1383 5252 haec
1409 5197 1606 5262 lectio;
1636 5197 1935 5263 conviceris,
1955 5208 2118 5252 crete-

521 5283 709 5324 rorum
741 5266 1029 5322 editorum.

597 5338 868 5409 Arcesilas.
904 5338 1029 5394 Mss.
1062 5355 1198 5409 pene
1228 5354 1418 5394 omnes
1445 5348 1500 5396 et
1525 5347 1632 5394 vet.
1665 5338 1794 5394 edit.
1847 5339 2004 5394 Rom.
2040 5340 2120 5395 fe-

521 5419 652 5467 runt
676 5408 984 5463 Archesilas.
1020 5408 1087 5464 At
1128 5413 1152 5466 1
1197 5413 1324 5480 Reg.
1361 5411 1762 5466 vetustissimus
1793 5421 1848 5466 et
1879 5412 2115 5481 vulgati,

517 5481 808 5546 Arcesilas,
837 5493 960 5534 cum
987 5481 1222 5552 Diogene
1252 5483 1466 5538 Laertio
1495 5483 1563 5538 de
1591 5481 1727 5537 Vitis
1759 5482 2121 5553 Philosopho-

521 5569 666 5612 rum.

597 5623 1046 5710 Confectisz‘hrtis
1072 5622 1414 5710 ‘Gladiatorize
1443 5628 1708 5710 verbum,
1733 5627 1876 5710 quod
1908 5627 1984 5710 die
2005 5627 2120 5700 gla-

525 5693 735 5759 diatore
776 5693 958 5751 multis
1005 5695 1313 5752 vulneribus
1363 5699 1615 5757 confosso
1658 5693 1875 5756 dicitur.
1927 5693 2121 5756 Cic'ero

2217 3795 2378 3852 Catil.
2411 3815 2449 3853 ιι
2496 3817 2508 3855 :
2542 3816 2595 3856 c.
2658 3803 2721 3859 Η
2758 3820 2770 3857 :
2803 3801 3093 3859 Gladiatori
3129 3804 3209 3860 illi
3272 3807 3520 3932 confectoC
3535 3814 3579 3859 et
3620 3803 3770 3857 saucia.

3153 3916 3159 3924 .
3527 3892 3693 3932 ELLAR.

3153 3916 3159 3924 -
3483 3892 3693 3932 υειιλιι.

2294 3939 2441 4025 inter
2469 3943 2629 4012 ipsos.
2662 3946 2753 4025 Sic
2799 3947 3012 4025 restitui
3041 3964 3104 4025 ex
3135 3948 3219 4025 Δ29
3268 3949 3558 4021 petioribus
3582 3957 3630 4025 et
3663 3944 3769 4025 auti-

2224 4015 2509 4081 quioribus
2541 4032 2671 4071 mss.
2698 4020 2801 4073 Pro
2826 4019 2987 4084 ipsos,
3017 4020 3147 4076 editi
3178 4031 3229 4077 et
3265 4015 3359 4076 sex
3381 4036 3487 4077 rec.
3513 4018 3678 4089 scripti
3703 4031 3770 4089 re-_

2231 4097 2528 4162 posuerunt
2553 4089 2887 4158 philosOphos
2917 4092 2988 4146 ob
3020 4093 3145 4147 novi
3180 4094 3373 4162 capitis
3401 4087 3628 4154 initiumi
3655 4087 3774 4162 illi”

2229 4164 2283 4234 et
2305 4156 2434 4210 edit.
2467 4156 2689 4228 lsfpost
2718 4162 2856 4231 ipsos
2886 4162 3207 4234 addiderunt
3232 4156 3575 4234 philosOphos,
3600 4161 3764 4216 scilicet

2230 4227 2497 4298 glossema
2526 4227 2591 4286 ex
2620 4247 2714 4286 ora
2739 4227 2869 4288 libri
2897 4233 3193 4290 admissum
3223 4227 3280 4290 in
3306 4227 3528 4291 textum.

2299 4321 2690 4400 ᾼὸ-αηὶηιοίεει
2734 4327 2844 4397 qui.
2891 4327 3189 4400 Masculino
3235 4345 3436 4400 genere
3485 4340 3651 4400 omnes
3687 4322 3772 4400 fere

2141 4372 2194 4432 D
2220 4372 2761 4468 εοιῖίᾘιῐὲῖιῇἱιίῆξιιὲ
2773 4372 3391 4457 ”ὲ’πὲὶίξῖ.”ιίἷὲἷιῑιῗέ’ΰ
3407 4372 3772 4464 ἓεῖἶὶὶῖαιὲίὶπὶᾶ

2220 4481 2356 4544 limi:
2389 4467 2584 4544 supra,
2618 4467 2737 4537 Cal).
2770 4471 2844 4544 '5,
2875 4471 3008 4526 dixit
3037 4473 3320 4528 scientiam
3343 4475 3410 4529 ab
3440 4471 3635 4544 ingenio
3662 4478 3770 4544 esse.

2296 4537 2522 4593 Sinistra
2546 4556 2738 4595 versus.
2762 4543 3103 4599 Sinistrorsus
3128 4545 3361 4602 Cmsaris
3378 4541 3593 4600 v1.6a".
3617 4541 3660 4594 iu
3673 4537 3773 4592 meis

2223 4608 2434 4665 Lexicis
2462 4609 2731 4668 desidero.
2761 4613 2896 4669 Bon.

2299 4702 2590 4778 Raucarum
2621 4722 2812 4761 rerum.
2844 4708 2978 4764 Cum
3020 4724 3121 4766 ms.
3175 4712 3199 4766 1
3248 4711 3458 4767 Βοηοη.
3503 4703 3703 4778 Thysius
3725 4707 3766 4753 et

2225 4771 2458 4831 Gallicus
2485 4778 2690 4833 addunt
2727 4789 2797 4833 et.

2227 4939 2268 4994 F
2299 4869 2452 4952 Quia.
2496 4870 2595 4926 llic
2637 4880 2693 4927 et
2733 4871 2869 4929 infra
2898 4890 3052 4945 quam
3083 4875 3365 4948 legendum
3407 4889 3520 4931 esse
3559 4865 3765 4927 censebat

2273 4956 2515 4994 rancrus.

2273 4956 2515 4996 rancrus.

2300 5031 2558 5110 consertis
2606 5037 2856 5093 manibus.
2909 5038 3258 5096 Praverbium
3281 5081 3296 5107 ,
3330 5055 3426 5110 pro
3465 5047 3646 5110 summa
3670 5040 3768 5110 ρους

2228 5107 2468 5181 tentione
2494 5124 2518 5181 _:
2571 5110 2885 5179 metaphora
2931 5123 3140 5181 sumpta
3174 5127 3202 5165 a
3233 5100 3560 5166 laetantibus.
3605 5100 3685 5181 Vel
3706 5102 3768 5181 est

2226 5177 2418 5232 allusio
2445 5177 2511 5232 ad
2541 5177 2818 5248 antiquum
2864 5181 3014 5236 illum
3059 5180 3164 5236 fori
3213 5198 3438 5246 morem,
3473 5177 3765 5249 quoex-jure

2226 5264 2391 5321 manu
2418 5243 2725 5305 consertum
2764 5253 3042 5308 vocabant.
3082 5254 3155 5308 De
3200 5269 3306 5320 quo
3355 5243 3538 5321 praeter
3571 5243 3683 5321 But].
3723 5245 3764 5291 εί

2226 5319 2453 5394 Erasm.
2474 5321 2763 5394 vidquell.
2801 5325 2890 5378 lib.
2925 5341 3017 5388 xx,
3049 5340 3166 5394 cap.
3201 5315 3254 5380 9.
3287 5315 3481 5378 Βέτυιι.
3510 5347 3573 5360 —-
3594 5315 3768 5394 Conter-

2227 5392 2292 5464 lt's
2317 5393 2570 5464 manibus.
2598 5392 2857 5462 Sparkius
2909 5391 3311 5464 interpretatur,
3366 5408 3550 5447 summa
3574 5391 3765 5464 conatui:

2227 5463 2512 5533 signiﬁcat,
2547 5476 2855 5534 pugnantes,
2888 5475 2944 5521 ut
2975 5467 3008 5519 Ι.
3047 5463 3102 5532 v,
3139 5481 3186 5521 c.
3216 5466 3287 5521 6:
3319 5464 3444 5520 Tum
3473 5464 3590 5517 inter
3615 5471 3659 5511 se
3682 5463 3767 5506 ma-

2228 5549 2328 5589 nus
2350 5550 2639 5591 conserere
2660 5548 2941 5603 creperum.
2980 5537 3113 5593 Bun.

2299 5627 2550 5704 Inntedio
2569 5632 2897 5686 constitutam
2927 5633 3058 5704 fore,
3085 5649 3220 5704 quae.
3249 5631 3337 5692 Sic
3359 5630 3462 5688 fere
3484 5635 3665 5684 omnes.
3685 5614 3763 5672 Su-

2227 5698 2429 5757 baudio
2457 5704 2746 5773 scientiam,
2777 5719 2908 5777 qua.
2927 5698 3081 5761 'Bun.
