  <div class='ocr_page' id='page_1' title='image "/cluster/home/n/w/nwhite01/storage/ocr_20150623/6/hvd.32044015471238/188.png"; bbox 0 0 3986 6358; ppageno 0'>
   <div class='ocr_carea' id='block_1_1' title="bbox 180 281 274 341">
    <p class='ocr_par' dir='ltr' id='par_1_1' title="bbox 180 281 274 341">
     <span class='ocr_line' id='line_1_1' title="bbox 180 281 274 341; baseline -0.064 0"><span class='ocrx_word' id='word_1_1' title='bbox 180 281 274 341; x_wconf 70' lang='lat'><strong>3&amp;5</strong></span> 
     </span>
    </p>
   </div>
   <div class='ocr_carea' id='block_1_2' title="bbox 977 254 2538 324">
    <p class='ocr_par' dir='ltr' id='par_1_2' title="bbox 977 254 2538 324">
     <span class='ocr_line' id='line_1_2' title="bbox 977 254 2538 324; baseline -0.008 0"><span class='ocrx_word' id='word_1_2' title='bbox 977 263 1181 324; x_wconf 79' lang='lat' dir='ltr'><strong>LIBER</strong></span> <span class='ocrx_word' id='word_1_3' title='bbox 1219 264 1302 321; x_wconf 84' lang='lat' dir='ltr'><strong>III.</strong></span> <span class='ocrx_word' id='word_1_4' title='bbox 1345 262 1436 318; x_wconf 83' lang='lat' dir='ltr'><strong>DE</strong></span> <span class='ocrx_word' id='word_1_5' title='bbox 1475 260 1695 318; x_wconf 70' lang='lat' dir='ltr'><strong>FALSA</strong></span> <span class='ocrx_word' id='word_1_6' title='bbox 1735 255 2097 316; x_wconf 68' lang='lat' dir='ltr'><strong>SAPIENTIA</strong></span> <span class='ocrx_word' id='word_1_7' title='bbox 2136 254 2538 316; x_wconf 65' lang='grc' dir='ltr'><strong>ιιιιιιοεοριί.</strong></span> 
     </span>
    </p>
   </div>
   <div class='ocr_carea' id='block_1_3' title="bbox 3337 252 3442 315">
    <p class='ocr_par' dir='ltr' id='par_1_3' title="bbox 3337 252 3442 315">
     <span class='ocr_line' id='line_1_3' title="bbox 3337 252 3442 315; baseline -0.019 0"><span class='ocrx_word' id='word_1_8' title='bbox 3337 252 3442 315; x_wconf 76' lang='grc'><strong>566</strong></span> 
     </span>
    </p>
   </div>
   <div class='ocr_carea' id='block_1_4' title="bbox 178 368 3444 460">
    <p class='ocr_par' dir='ltr' id='par_1_4' title="bbox 178 368 3444 460">
     <span class='ocr_line' id='line_1_4' title="bbox 178 368 3444 460; baseline -0.007 -10"><span class='ocrx_word' id='word_1_9' title='bbox 178 405 335 451; x_wconf 84' lang='lat' dir='ltr'><strong>sumus</strong></span> <span class='ocrx_word' id='word_1_10' title='bbox 377 385 510 460; x_wconf 86' lang='lat' dir='ltr'><strong>quod</strong></span> <span class='ocrx_word' id='word_1_11' title='bbox 554 392 638 441; x_wconf 84' lang='lat' dir='ltr'><strong>est</strong></span> <span class='ocrx_word' id='word_1_12' title='bbox 688 385 902 446; x_wconf 89' lang='lat' dir='ltr'><strong>melius.</strong></span> <span class='ocrx_word' id='word_1_13' title='bbox 930 383 1041 452; x_wconf 84' lang='lat' dir='ltr'><strong>jam</strong></span> <span class='ocrx_word' id='word_1_14' title='bbox 1092 397 1201 436; x_wconf 91' lang='lat' dir='ltr'><strong>non</strong></span> <span class='ocrx_word' id='word_1_15' title='bbox 1253 387 1338 434; x_wconf 88' lang='lat' dir='ltr'><strong>est</strong></span> <span class='ocrx_word' id='word_1_16' title='bbox 1386 375 1728 448; x_wconf 74' lang='lat' dir='ltr'><strong>philoSOphia</strong></span> <span class='ocrx_word' id='word_1_17' title='bbox 1762 375 1808 432; x_wconf 81' lang='grc' dir='ltr'><strong>Λ</strong></span> <span class='ocrx_word' id='word_1_18' title='bbox 1841 370 2056 440; x_wconf 87' lang='lat' dir='ltr'><strong>fuitqui</strong></span> <span class='ocrx_word' id='word_1_19' title='bbox 2085 386 2355 430; x_wconf 88' lang='lat' dir='ltr'><strong>summum</strong></span> <span class='ocrx_word' id='word_1_20' title='bbox 2398 371 2596 426; x_wconf 90' lang='lat' dir='ltr'><strong>bonum</strong></span> <span class='ocrx_word' id='word_1_21' title='bbox 2628 368 3047 426; x_wconf 83' lang='lat' dir='ltr'><strong>crcdiditsnimi</strong></span> <span class='ocrx_word' id='word_1_22' title='bbox 3089 369 3444 442; x_wconf 81' lang='lat' dir='ltr'><strong>voluptatem,</strong></span> 
     </span>
    </p>
   </div>
   <div class='ocr_carea' id='block_1_5' title="bbox 176 471 1732 550">
    <p class='ocr_par' dir='ltr' id='par_1_5' title="bbox 176 471 1732 550">
     <span class='ocr_line' id='line_1_5' title="bbox 176 471 1732 550; baseline -0.015 -4"><span class='ocrx_word' id='word_1_23' title='bbox 176 488 311 546; x_wconf 85' lang='lat' dir='ltr'><strong>nobis</strong></span> <span class='ocrx_word' id='word_1_24' title='bbox 356 482 671 546; x_wconf 82' lang='lat' dir='ltr'><strong>necessaria,</strong></span> <span class='ocrx_word' id='word_1_25' title='bbox 704 479 831 550; x_wconf 84' lang='lat' dir='ltr'><strong>quia</strong></span> <span class='ocrx_word' id='word_1_26' title='bbox 855 483 1131 547; x_wconf 73' lang='lat' dir='ltr'><strong>sapientes</strong></span> <span class='ocrx_word' id='word_1_27' title='bbox 1169 475 1279 546; x_wconf 70' lang='lat' dir='ltr'><strong>iam</strong></span> <span class='ocrx_word' id='word_1_28' title='bbox 1307 489 1520 535; x_wconf 88' lang='lat' dir='ltr'><strong>sumus,</strong></span> <span class='ocrx_word' id='word_1_29' title='bbox 1548 471 1639 541; x_wconf 85' lang='lat' dir='ltr'><strong>qui</strong></span> <span class='ocrx_word' id='word_1_30' title='bbox 1665 471 1732 524; x_wconf 85' lang='lat' dir='ltr'><strong>de</strong></span> 
     </span>
    </p>
   </div>
   <div class='ocr_carea' id='block_1_6' title="bbox 175 565 1733 652">
    <p class='ocr_par' dir='ltr' id='par_1_6' title="bbox 175 565 1733 652">
     <span class='ocr_line' id='line_1_6' title="bbox 175 565 1733 652; baseline -0.013 -13"><span class='ocrx_word' id='word_1_31' title='bbox 175 581 463 652; x_wconf 84' lang='lat' dir='ltr'><strong>sapientium</strong></span> <span class='ocrx_word' id='word_1_32' title='bbox 490 574 776 631; x_wconf 85' lang='lat' dir='ltr'><strong>sententiis</strong></span> <span class='ocrx_word' id='word_1_33' title='bbox 803 573 1130 643; x_wconf 87' lang='lat' dir='ltr'><strong>judicemus.</strong></span> <span class='ocrx_word' id='word_1_34' title='bbox 1156 569 1292 626; x_wconf 85' lang='lat' dir='ltr'><strong>Cum</strong></span> <span class='ocrx_word' id='word_1_35' title='bbox 1316 583 1445 623; x_wconf 88' lang='lat' dir='ltr'><strong>vero</strong></span> <span class='ocrx_word' id='word_1_36' title='bbox 1461 565 1733 621; x_wconf 69' lang='lat' dir='ltr'><strong>discenda:</strong></span> 
     </span>
    </p>
   </div>
   <div class='ocr_carea' id='block_1_7' title="bbox 174 660 1730 745">
    <p class='ocr_par' dir='ltr' id='par_1_7' title="bbox 174 660 1730 745">
     <span class='ocr_line' id='line_1_7' title="bbox 174 660 1730 745; baseline -0.008 -17"><span class='ocrx_word' id='word_1_37' title='bbox 174 674 422 745; x_wconf 82' lang='lat' dir='ltr'><strong>sapienti:e</strong></span> <span class='ocrx_word' id='word_1_38' title='bbox 459 685 616 726; x_wconf 85' lang='lat' dir='ltr'><strong>causa</strong></span> <span class='ocrx_word' id='word_1_39' title='bbox 651 669 950 733; x_wconf 76' lang='lat' dir='ltr'><strong>veniamus,</strong></span> <span class='ocrx_word' id='word_1_40' title='bbox 995 666 1086 737; x_wconf 88' lang='lat' dir='ltr'><strong>qui</strong></span> <span class='ocrx_word' id='word_1_41' title='bbox 1139 677 1428 736; x_wconf 81' lang='lat' dir='ltr'><strong>possumus</strong></span> <span class='ocrx_word' id='word_1_42' title='bbox 1462 660 1730 731; x_wconf 81' lang='lat' dir='ltr'><strong>judicare,</strong></span> 
     </span>
    </p>
   </div>
   <div class='ocr_carea' id='block_1_8' title="bbox 174 757 1736 842">
    <p class='ocr_par' dir='ltr' id='par_1_8' title="bbox 174 757 1736 842">
     <span class='ocr_line' id='line_1_8' title="bbox 174 757 1736 842; baseline -0.013 -18"><span class='ocrx_word' id='word_1_43' title='bbox 174 771 246 842; x_wconf 88' lang='lat' dir='ltr'><strong>qui</strong></span> <span class='ocrx_word' id='word_1_44' title='bbox 272 768 492 822; x_wconf 89' lang='lat' dir='ltr'><strong>nondum</strong></span> <span class='ocrx_word' id='word_1_45' title='bbox 513 778 705 831; x_wconf 80' lang='lat' dir='ltr'><strong>sapere</strong></span> <span class='ocrx_word' id='word_1_46' title='bbox 734 759 1100 831; x_wconf 63' lang='lat' dir='ltr'><strong>eruperimus?</strong></span> <span class='ocrx_word' id='word_1_47' title='bbox 1127 757 1360 811; x_wconf 81' lang='lat' dir='ltr'><strong>maxime</strong></span> <span class='ocrx_word' id='word_1_48' title='bbox 1390 769 1512 809; x_wconf 91' lang='lat' dir='ltr'><strong>cum</strong></span> <span class='ocrx_word' id='word_1_49' title='bbox 1538 762 1736 822; x_wconf 68' lang='lat' dir='ltr'><strong>praesto</strong></span> 
     </span>
    </p>
   </div>
   <div class='ocr_carea' id='block_1_9' title="bbox 174 850 1737 926">
    <p class='ocr_par' dir='ltr' id='par_1_9' title="bbox 174 850 1737 926">
     <span class='ocr_line' id='line_1_9' title="bbox 174 850 1737 926; baseline -0.011 -9"><span class='ocrx_word' id='word_1_50' title='bbox 174 863 292 917; x_wconf 81' lang='lat' dir='ltr'><strong>adsit</strong></span> <span class='ocrx_word' id='word_1_51' title='bbox 333 858 696 918; x_wconf 84' lang='lat' dir='ltr'><strong>academicos,</strong></span> <span class='ocrx_word' id='word_1_52' title='bbox 726 855 816 926; x_wconf 90' lang='lat' dir='ltr'><strong>qui</strong></span> <span class='ocrx_word' id='word_1_53' title='bbox 869 868 967 908; x_wconf 87' lang='lat' dir='ltr'><strong>nos</strong></span> <span class='ocrx_word' id='word_1_54' title='bbox 996 852 1157 924; x_wconf 90' lang='lat' dir='ltr'><strong>pallio</strong></span> <span class='ocrx_word' id='word_1_55' title='bbox 1183 850 1442 913; x_wconf 73' lang='lat' dir='ltr'><strong>retrahat,</strong></span> <span class='ocrx_word' id='word_1_56' title='bbox 1487 862 1551 902; x_wconf 89' lang='lat' dir='ltr'><strong>ac</strong></span> <span class='ocrx_word' id='word_1_57' title='bbox 1592 855 1737 901; x_wconf 85' lang='lat' dir='ltr'><strong>vetet</strong></span> 
     </span>
    </p>
   </div>
   <div class='ocr_carea' id='block_1_10' title="bbox 171 931 1731 1017">
    <p class='ocr_par' dir='ltr' id='par_1_10' title="bbox 171 931 1731 1017">
     <span class='ocr_line' id='line_1_10' title="bbox 171 931 1731 1017; baseline -0.012 -13"><span class='ocrx_word' id='word_1_58' title='bbox 171 949 392 1017; x_wconf 81' lang='lat' dir='ltr'><strong>cuiquam</strong></span> <span class='ocrx_word' id='word_1_59' title='bbox 419 943 662 1007; x_wconf 84' lang='lat' dir='ltr'><strong>credere,</strong></span> <span class='ocrx_word' id='word_1_60' title='bbox 715 956 816 996; x_wconf 89' lang='lat' dir='ltr'><strong>nec</strong></span> <span class='ocrx_word' id='word_1_61' title='bbox 847 949 1027 996; x_wconf 89' lang='lat' dir='ltr'><strong>tamen</strong></span> <span class='ocrx_word' id='word_1_62' title='bbox 1069 936 1262 994; x_wconf 74' lang='lat' dir='ltr'><strong>aﬂerat</strong></span> <span class='ocrx_word' id='word_1_63' title='bbox 1303 937 1416 1006; x_wconf 90' lang='lat' dir='ltr'><strong>ipse</strong></span> <span class='ocrx_word' id='word_1_64' title='bbox 1466 931 1611 1004; x_wconf 88' lang='lat' dir='ltr'><strong>quod</strong></span> <span class='ocrx_word' id='word_1_65' title='bbox 1643 947 1731 986; x_wconf 83' lang='lat' dir='ltr'><strong>se-</strong></span> 
     </span>
    </p>
   </div>
   <div class='ocr_carea' id='block_1_11' title="bbox 170 1055 388 1114">
    <p class='ocr_par' dir='ltr' id='par_1_11' title="bbox 170 1055 388 1114">
     <span class='ocr_line' id='line_1_11' title="bbox 170 1055 388 1114; baseline -0.023 -17"><span class='ocrx_word' id='word_1_66' title='bbox 170 1055 388 1114; x_wconf 84' lang='lat' dir='ltr'><strong>quatuor.</strong></span> 
     </span>
    </p>
   </div>
   <div class='ocr_carea' id='block_1_12' title="bbox 738 1148 1130 1208">
    <p class='ocr_par' dir='ltr' id='par_1_12' title="bbox 738 1148 1130 1208">
     <span class='ocr_line' id='line_1_12' title="bbox 738 1148 1130 1208; baseline -0.015 0"><span class='ocrx_word' id='word_1_67' title='bbox 738 1149 965 1208; x_wconf 80' lang='lat' dir='ltr'><strong>CAPUT</strong></span> <span class='ocrx_word' id='word_1_68' title='bbox 994 1148 1130 1205; x_wconf 81' lang='lat' dir='ltr'><strong>VIII.</strong></span> 
     </span>
    </p>
   </div>
   <div class='ocr_carea' id='block_1_13' title="bbox 196 1307 1703 1383">
    <p class='ocr_par' dir='ltr' id='par_1_13' title="bbox 196 1307 1703 1383">
     <span class='ocr_line' id='line_1_13' title="bbox 196 1307 1703 1383; baseline -0.008 -10"><span class='ocrx_word' id='word_1_69' title='bbox 196 1317 263 1373; x_wconf 77' lang='lat' dir='ltr'><strong>De</strong></span> <span class='ocrx_word' id='word_1_70' title='bbox 307 1331 500 1372; x_wconf 81' lang='lat' dir='ltr'><strong>summo</strong></span> <span class='ocrx_word' id='word_1_71' title='bbox 526 1315 676 1382; x_wconf 86' lang='lat' dir='ltr'><strong>bono,</strong></span> <span class='ocrx_word' id='word_1_72' title='bbox 711 1323 756 1369; x_wconf 84' lang='lat' dir='ltr'><strong>et</strong></span> <span class='ocrx_word' id='word_1_73' title='bbox 791 1313 950 1368; x_wconf 87' lang='lat' dir='ltr'><strong>animi</strong></span> <span class='ocrx_word' id='word_1_74' title='bbox 984 1311 1316 1383; x_wconf 69' lang='lat' dir='ltr'><strong>corporisque</strong></span> <span class='ocrx_word' id='word_1_75' title='bbox 1356 1307 1703 1379; x_wconf 80' lang='lat' dir='ltr'><strong>voluptatibus</strong></span> 
     </span>
    </p>
   </div>
   <div class='ocr_carea' id='block_1_14' title="bbox 822 1406 1097 1462">
    <p class='ocr_par' dir='ltr' id='par_1_14' title="bbox 822 1406 1097 1462">
     <span class='ocr_line' id='line_1_14' title="bbox 822 1406 1097 1462; baseline -0.007 -1"><span class='ocrx_word' id='word_1_76' title='bbox 822 1415 867 1462; x_wconf 87' lang='lat' dir='ltr'><strong>et</strong></span> <span class='ocrx_word' id='word_1_77' title='bbox 896 1406 1097 1461; x_wconf 78' lang='lat' dir='ltr'><strong>uirtute.</strong></span> 
     </span>
    </p>
   </div>
   <div class='ocr_carea' id='block_1_15' title="bbox 223 1578 1739 1658">
    <p class='ocr_par' dir='ltr' id='par_1_15' title="bbox 223 1578 1739 1658">
     <span class='ocr_line' id='line_1_15' title="bbox 223 1578 1739 1658; baseline -0.003 -17"><span class='ocrx_word' id='word_1_78' title='bbox 223 1587 344 1658; x_wconf 86' lang='lat' dir='ltr'><strong>Quid</strong></span> <span class='ocrx_word' id='word_1_79' title='bbox 364 1602 490 1658; x_wconf 86' lang='lat' dir='ltr'><strong>ergo</strong></span> <span class='ocrx_word' id='word_1_80' title='bbox 535 1592 815 1656; x_wconf 82' lang='lat' dir='ltr'><strong>superest,</strong></span> <span class='ocrx_word' id='word_1_81' title='bbox 847 1583 950 1640; x_wconf 89' lang='lat' dir='ltr'><strong>nisi</strong></span> <span class='ocrx_word' id='word_1_82' title='bbox 991 1590 1072 1648; x_wconf 94' lang='lat' dir='ltr'><strong>ut,</strong></span> <span class='ocrx_word' id='word_1_83' title='bbox 1111 1580 1334 1636; x_wconf 87' lang='lat' dir='ltr'><strong>omissis</strong></span> <span class='ocrx_word' id='word_1_84' title='bbox 1377 1578 1739 1650; x_wconf 84' lang='lat' dir='ltr'><strong>litigatoribus</strong></span> 
     </span>
    </p>
   </div>
   <div class='ocr_carea' id='block_1_16' title="bbox 171 1673 1740 1752">
    <p class='ocr_par' dir='ltr' id='par_1_16' title="bbox 171 1673 1740 1752">
     <span class='ocr_line' id='line_1_16' title="bbox 171 1673 1740 1752; baseline -0.008 -12"><span class='ocrx_word' id='word_1_85' title='bbox 171 1683 360 1742; x_wconf 79' lang='lat' dir='ltr'><strong>furiosis</strong></span> <span class='ocrx_word' id='word_1_86' title='bbox 385 1697 449 1738; x_wconf 85' lang='lat' dir='ltr'><strong>ac</strong></span> <span class='ocrx_word' id='word_1_87' title='bbox 472 1679 860 1752; x_wconf 85' lang='lat' dir='ltr'><strong>pertinacibus,</strong></span> <span class='ocrx_word' id='word_1_88' title='bbox 888 1677 1168 1734; x_wconf 80' lang='lat' dir='ltr'><strong>veniamus</strong></span> <span class='ocrx_word' id='word_1_89' title='bbox 1193 1674 1261 1735; x_wconf 86' lang='lat' dir='ltr'><strong>ad</strong></span> <span class='ocrx_word' id='word_1_90' title='bbox 1291 1673 1530 1744; x_wconf 77' lang='lat' dir='ltr'><strong>iudicem</strong></span> <span class='ocrx_word' id='word_1_91' title='bbox 1562 1673 1740 1737; x_wconf 88' lang='lat' dir='ltr'><strong>illum.</strong></span> 
     </span>
    </p>
   </div>
   <div class='ocr_carea' id='block_1_17' title="bbox 171 1763 1817 1846">
    <p class='ocr_par' dir='ltr' id='par_1_17' title="bbox 171 1763 1817 1846">
     <span class='ocr_line' id='line_1_17' title="bbox 171 1763 1817 1846; baseline -0.009 -8"><span class='ocrx_word' id='word_1_92' title='bbox 171 1780 348 1838; x_wconf 83' lang='lat' dir='ltr'><strong>scilicet</strong></span> <span class='ocrx_word' id='word_1_93' title='bbox 381 1779 627 1833; x_wconf 83' lang='lat' dir='ltr'><strong>datorem</strong></span> <span class='ocrx_word' id='word_1_94' title='bbox 659 1774 919 1845; x_wconf 82' lang='lat' dir='ltr'><strong>simplicis</strong></span> <span class='ocrx_word' id='word_1_95' title='bbox 948 1783 1003 1828; x_wconf 91' lang='lat' dir='ltr'><strong>et</strong></span> <span class='ocrx_word' id='word_1_96' title='bbox 1032 1773 1228 1846; x_wconf 68' lang='lat' dir='ltr'><strong>quieta:</strong></span> <span class='ocrx_word' id='word_1_97' title='bbox 1258 1769 1574 1839; x_wconf 78' lang='lat' dir='ltr'><strong>sapientiae?</strong></span> <span class='ocrx_word' id='word_1_98' title='bbox 1599 1766 1731 1836; x_wconf 65' lang='lat' dir='ltr'><strong>Qua:</strong></span> <span class='ocrx_word' id='word_1_99' title='bbox 1769 1763 1817 1824; x_wconf 91' lang='lat' dir='ltr'><strong>B</strong></span> 
     </span>
    </p>
   </div>
   <div class='ocr_carea' id='block_1_18' title="bbox 172 1859 1740 1932">
    <p class='ocr_par' dir='ltr' id='par_1_18' title="bbox 172 1859 1740 1932">
     <span class='ocr_line' id='line_1_18' title="bbox 172 1859 1740 1932; baseline -0.007 -5"><span class='ocrx_word' id='word_1_100' title='bbox 172 1887 261 1928; x_wconf 88' lang='lat' dir='ltr'><strong>non</strong></span> <span class='ocrx_word' id='word_1_101' title='bbox 285 1879 485 1925; x_wconf 86' lang='lat' dir='ltr'><strong>tantum</strong></span> <span class='ocrx_word' id='word_1_102' title='bbox 513 1867 754 1923; x_wconf 83' lang='lat' dir='ltr'><strong>formare</strong></span> <span class='ocrx_word' id='word_1_103' title='bbox 783 1881 902 1932; x_wconf 87' lang='lat' dir='ltr'><strong>nos,</strong></span> <span class='ocrx_word' id='word_1_104' title='bbox 933 1881 994 1919; x_wconf 89' lang='lat' dir='ltr'><strong>ac</strong></span> <span class='ocrx_word' id='word_1_105' title='bbox 1023 1863 1284 1918; x_wconf 86' lang='lat' dir='ltr'><strong>inducere</strong></span> <span class='ocrx_word' id='word_1_106' title='bbox 1305 1862 1357 1916; x_wconf 94' lang='lat' dir='ltr'><strong>in</strong></span> <span class='ocrx_word' id='word_1_107' title='bbox 1378 1860 1514 1916; x_wconf 87' lang='lat' dir='ltr'><strong>viam</strong></span> <span class='ocrx_word' id='word_1_108' title='bbox 1548 1859 1740 1929; x_wconf 87' lang='lat' dir='ltr'><strong>possit,</strong></span> 
     </span>
    </p>
   </div>
   <div class='ocr_carea' id='block_1_19' title="bbox 171 1954 1742 2020">
    <p class='ocr_par' dir='ltr' id='par_1_19' title="bbox 171 1954 1742 2020">
     <span class='ocr_line' id='line_1_19' title="bbox 171 1954 1742 2020; baseline -0.006 -2"><span class='ocrx_word' id='word_1_109' title='bbox 171 1979 330 2020; x_wconf 86' lang='lat' dir='ltr'><strong>verum</strong></span> <span class='ocrx_word' id='word_1_110' title='bbox 360 1965 526 2020; x_wconf 87' lang='lat' dir='ltr'><strong>etiam</strong></span> <span class='ocrx_word' id='word_1_111' title='bbox 566 1961 636 2016; x_wconf 91' lang='lat' dir='ltr'><strong>de</strong></span> <span class='ocrx_word' id='word_1_112' title='bbox 669 1957 1057 2020; x_wconf 78' lang='lat' dir='ltr'><strong>controversiis</strong></span> <span class='ocrx_word' id='word_1_113' title='bbox 1083 1958 1310 2012; x_wconf 84' lang='lat' dir='ltr'><strong>istorum</strong></span> <span class='ocrx_word' id='word_1_114' title='bbox 1338 1954 1484 2012; x_wconf 82' lang='lat' dir='ltr'><strong>ferre</strong></span> <span class='ocrx_word' id='word_1_115' title='bbox 1520 1962 1742 2011; x_wconf 86' lang='lat' dir='ltr'><strong>senten-</strong></span> 
     </span>
    </p>
   </div>
   <div class='ocr_carea' id='block_1_20' title="bbox 173 2048 1744 2121">
    <p class='ocr_par' dir='ltr' id='par_1_20' title="bbox 173 2048 1744 2121">
     <span class='ocr_line' id='line_1_20' title="bbox 173 2048 1744 2121; baseline -0.008 -7"><span class='ocrx_word' id='word_1_116' title='bbox 173 2058 296 2114; x_wconf 84' lang='lat' dir='ltr'><strong>tiam.</strong></span> <span class='ocrx_word' id='word_1_117' title='bbox 337 2057 460 2114; x_wconf 64' lang='lat' dir='ltr'><strong>llaec</strong></span> <span class='ocrx_word' id='word_1_118' title='bbox 505 2070 610 2114; x_wconf 85' lang='lat' dir='ltr'><strong>nos</strong></span> <span class='ocrx_word' id='word_1_119' title='bbox 654 2055 848 2117; x_wconf 88' lang='lat' dir='ltr'><strong>docet,</strong></span> <span class='ocrx_word' id='word_1_120' title='bbox 901 2050 1027 2121; x_wconf 80' lang='lat' dir='ltr'><strong>quid</strong></span> <span class='ocrx_word' id='word_1_121' title='bbox 1067 2052 1138 2104; x_wconf 88' lang='lat' dir='ltr'><strong>sit</strong></span> <span class='ocrx_word' id='word_1_122' title='bbox 1179 2048 1414 2106; x_wconf 81' lang='lat' dir='ltr'><strong>hominis</strong></span> <span class='ocrx_word' id='word_1_123' title='bbox 1458 2062 1644 2103; x_wconf 86' lang='lat' dir='ltr'><strong>verum</strong></span> <span class='ocrx_word' id='word_1_124' title='bbox 1681 2060 1744 2102; x_wconf 85' lang='lat' dir='ltr'><strong>ac</strong></span> 
     </span>
    </p>
   </div>
   <div class='ocr_carea' id='block_1_21' title="bbox 172 2139 1741 2218">
    <p class='ocr_par' dir='ltr' id='par_1_21' title="bbox 172 2139 1741 2218">
     <span class='ocr_line' id='line_1_21' title="bbox 172 2139 1741 2218; baseline -0.012 -10"><span class='ocrx_word' id='word_1_125' title='bbox 172 2167 411 2209; x_wconf 89' lang='lat' dir='ltr'><strong>summum</strong></span> <span class='ocrx_word' id='word_1_126' title='bbox 440 2150 645 2206; x_wconf 88' lang='lat' dir='ltr'><strong>bonum</strong></span> <span class='ocrx_word' id='word_1_127' title='bbox 673 2166 685 2202; x_wconf 91' lang='lat'><strong>:</strong></span> <span class='ocrx_word' id='word_1_128' title='bbox 721 2147 788 2204; x_wconf 90' lang='lat' dir='ltr'><strong>de</strong></span> <span class='ocrx_word' id='word_1_129' title='bbox 809 2163 916 2218; x_wconf 91' lang='lat' dir='ltr'><strong>quo</strong></span> <span class='ocrx_word' id='word_1_130' title='bbox 960 2145 1270 2215; x_wconf 84' lang='lat' dir='ltr'><strong>priusquam</strong></span> <span class='ocrx_word' id='word_1_131' title='bbox 1312 2142 1493 2200; x_wconf 78' lang='lat' dir='ltr'><strong>dicere</strong></span> <span class='ocrx_word' id='word_1_132' title='bbox 1522 2139 1741 2209; x_wconf 76' lang='lat' dir='ltr'><strong>incipio,</strong></span> 
     </span>
    </p>
   </div>
   <div class='ocr_carea' id='block_1_22' title="bbox 172 2236 1747 2304">
    <p class='ocr_par' dir='ltr' id='par_1_22' title="bbox 172 2236 1747 2304">
     <span class='ocr_line' id='line_1_22' title="bbox 172 2236 1747 2304; baseline -0.008 -6"><span class='ocrx_word' id='word_1_133' title='bbox 172 2243 260 2299; x_wconf 66' lang='lat' dir='ltr'><strong>illa:</strong></span> <span class='ocrx_word' id='word_1_134' title='bbox 284 2258 467 2300; x_wconf 86' lang='lat' dir='ltr'><strong>omnes</strong></span> <span class='ocrx_word' id='word_1_135' title='bbox 513 2241 807 2298; x_wconf 73' lang='lat' dir='ltr'><strong>sententia:</strong></span> <span class='ocrx_word' id='word_1_136' title='bbox 839 2246 964 2294; x_wconf 90' lang='lat' dir='ltr'><strong>sunt</strong></span> <span class='ocrx_word' id='word_1_137' title='bbox 1002 2236 1315 2294; x_wconf 68' lang='lat' dir='ltr'><strong>refellenda)</strong></span> <span class='ocrx_word' id='word_1_138' title='bbox 1337 2277 1352 2302; x_wconf 87' lang='lat'><strong>,</strong></span> <span class='ocrx_word' id='word_1_139' title='bbox 1387 2243 1445 2292; x_wconf 88' lang='lat' dir='ltr'><strong>ut</strong></span> <span class='ocrx_word' id='word_1_140' title='bbox 1489 2241 1747 2304; x_wconf 85' lang='lat' dir='ltr'><strong>appareat</strong></span> 
     </span>
    </p>
   </div>
   <div class='ocr_carea' id='block_1_23' title="bbox 171 2326 1746 2400">
    <p class='ocr_par' dir='ltr' id='par_1_23' title="bbox 171 2326 1746 2400">
     <span class='ocr_line' id='line_1_23' title="bbox 171 2326 1746 2400; baseline -0.004 -10"><span class='ocrx_word' id='word_1_141' title='bbox 171 2335 409 2392; x_wconf 85' lang='lat' dir='ltr'><strong>neminem</strong></span> <span class='ocrx_word' id='word_1_142' title='bbox 439 2335 662 2390; x_wconf 88' lang='lat' dir='ltr'><strong>illorum</strong></span> <span class='ocrx_word' id='word_1_143' title='bbox 702 2332 867 2390; x_wconf 81' lang='lat' dir='ltr'><strong>fuisse</strong></span> <span class='ocrx_word' id='word_1_144' title='bbox 910 2333 1235 2400; x_wconf 84' lang='lat' dir='ltr'><strong>sapientem.</strong></span> <span class='ocrx_word' id='word_1_145' title='bbox 1283 2328 1416 2386; x_wconf 87' lang='lat' dir='ltr'><strong>Cum</strong></span> <span class='ocrx_word' id='word_1_146' title='bbox 1460 2327 1530 2383; x_wconf 88' lang='lat' dir='ltr'><strong>de</strong></span> <span class='ocrx_word' id='word_1_147' title='bbox 1565 2326 1746 2384; x_wconf 79' lang='lat' dir='ltr'><strong>ofﬁcio</strong></span> 
     </span>
    </p>
   </div>
   <div class='ocr_carea' id='block_1_24' title="bbox 171 2421 1746 2498">
    <p class='ocr_par' dir='ltr' id='par_1_24' title="bbox 171 2421 1746 2498">
     <span class='ocr_line' id='line_1_24' title="bbox 171 2421 1746 2498; baseline -0.004 -17"><span class='ocrx_word' id='word_1_148' title='bbox 171 2424 375 2482; x_wconf 82' lang='lat' dir='ltr'><strong>hominis</strong></span> <span class='ocrx_word' id='word_1_149' title='bbox 416 2437 612 2498; x_wconf 86' lang='lat' dir='ltr'><strong>agatur</strong></span> <span class='ocrx_word' id='word_1_150' title='bbox 637 2466 650 2491; x_wconf 83' lang='lat'><strong>,</strong></span> <span class='ocrx_word' id='word_1_151' title='bbox 692 2433 910 2496; x_wconf 87' lang='lat' dir='ltr'><strong>oportet</strong></span> <span class='ocrx_word' id='word_1_152' title='bbox 948 2439 1218 2486; x_wconf 86' lang='lat' dir='ltr'><strong>summum</strong></span> <span class='ocrx_word' id='word_1_153' title='bbox 1258 2421 1454 2480; x_wconf 78' lang='lat' dir='ltr'><strong>summi</strong></span> <span class='ocrx_word' id='word_1_154' title='bbox 1497 2421 1746 2480; x_wconf 84' lang='lat' dir='ltr'><strong>animalis</strong></span> 
     </span>
    </p>
   </div>
   <div class='ocr_carea' id='block_1_25' title="bbox 171 2514 1745 2588">
    <p class='ocr_par' dir='ltr' id='par_1_25' title="bbox 171 2514 1745 2588">
     <span class='ocr_line' id='line_1_25' title="bbox 171 2514 1745 2588; baseline -0.003 -13"><span class='ocrx_word' id='word_1_155' title='bbox 171 2519 342 2576; x_wconf 84' lang='lat' dir='ltr'><strong>bonum</strong></span> <span class='ocrx_word' id='word_1_156' title='bbox 371 2523 424 2578; x_wconf 93' lang='lat' dir='ltr'><strong>in</strong></span> <span class='ocrx_word' id='word_1_157' title='bbox 459 2537 527 2576; x_wconf 88' lang='lat' dir='ltr'><strong>eo</strong></span> <span class='ocrx_word' id='word_1_158' title='bbox 561 2519 850 2584; x_wconf 88' lang='lat' dir='ltr'><strong>constitui,</strong></span> <span class='ocrx_word' id='word_1_159' title='bbox 883 2517 1028 2588; x_wconf 88' lang='lat' dir='ltr'><strong>quod</strong></span> <span class='ocrx_word' id='word_1_160' title='bbox 1061 2531 1348 2576; x_wconf 85' lang='lat' dir='ltr'><strong>commune</strong></span> <span class='ocrx_word' id='word_1_161' title='bbox 1377 2529 1498 2572; x_wconf 88' lang='lat' dir='ltr'><strong>cmn</strong></span> <span class='ocrx_word' id='word_1_162' title='bbox 1531 2514 1745 2572; x_wconf 82' lang='lat' dir='ltr'><strong>caeteris</strong></span> 
     </span>
    </p>
   </div>
   <div class='ocr_carea' id='block_1_26' title="bbox 169 2607 1748 2682">
    <p class='ocr_par' dir='ltr' id='par_1_26' title="bbox 169 2607 1748 2682">
     <span class='ocr_line' id='line_1_26' title="bbox 169 2607 1748 2682; baseline -0.003 -14"><span class='ocrx_word' id='word_1_163' title='bbox 169 2614 460 2670; x_wconf 83' lang='lat' dir='ltr'><strong>atnmalibus</strong></span> <span class='ocrx_word' id='word_1_164' title='bbox 491 2630 620 2672; x_wconf 88' lang='lat' dir='ltr'><strong>esse</strong></span> <span class='ocrx_word' id='word_1_165' title='bbox 661 2628 768 2668; x_wconf 89' lang='lat' dir='ltr'><strong>non</strong></span> <span class='ocrx_word' id='word_1_166' title='bbox 809 2612 1000 2682; x_wconf 87' lang='lat' dir='ltr'><strong>possit.</strong></span> <span class='ocrx_word' id='word_1_167' title='bbox 1023 2609 1130 2668; x_wconf 85' lang='lat' dir='ltr'><strong>Sed</strong></span> <span class='ocrx_word' id='word_1_168' title='bbox 1159 2617 1219 2668; x_wconf 86' lang='lat' dir='ltr'><strong>ut</strong></span> <span class='ocrx_word' id='word_1_169' title='bbox 1251 2608 1379 2670; x_wconf 74' lang='lat' dir='ltr'><strong>feris</strong></span> <span class='ocrx_word' id='word_1_170' title='bbox 1409 2607 1622 2673; x_wconf 86' lang='lat' dir='ltr'><strong>dentes,</strong></span> <span class='ocrx_word' id='word_1_171' title='bbox 1659 2622 1748 2664; x_wconf 77' lang='lat' dir='ltr'><strong>ar-</strong></span> 
     </span>
    </p>
   </div>
   <div class='ocr_carea' id='block_1_27' title="bbox 169 2700 1747 2775">
    <p class='ocr_par' dir='ltr' id='par_1_27' title="bbox 169 2700 1747 2775">
     <span class='ocr_line' id='line_1_27' title="bbox 169 2700 1747 2775; baseline -0.005 -13"><span class='ocrx_word' id='word_1_172' title='bbox 169 2709 338 2762; x_wconf 80' lang='lat' dir='ltr'><strong>mentis</strong></span> <span class='ocrx_word' id='word_1_173' title='bbox 362 2723 595 2773; x_wconf 90' lang='lat' dir='ltr'><strong>cornua,</strong></span> <span class='ocrx_word' id='word_1_174' title='bbox 628 2706 938 2762; x_wconf 83' lang='lat' dir='ltr'><strong>volucribus</strong></span> <span class='ocrx_word' id='word_1_175' title='bbox 969 2720 1164 2775; x_wconf 77' lang='lat' dir='ltr'><strong>penna:</strong></span> <span class='ocrx_word' id='word_1_176' title='bbox 1185 2745 1202 2771; x_wconf 91' lang='lat'><strong>,</strong></span> <span class='ocrx_word' id='word_1_177' title='bbox 1239 2700 1454 2773; x_wconf 89' lang='lat' dir='ltr'><strong>propria</strong></span> <span class='ocrx_word' id='word_1_178' title='bbox 1483 2710 1607 2762; x_wconf 85' lang='lat' dir='ltr'><strong>sunt</strong></span> <span class='ocrx_word' id='word_1_179' title='bbox 1635 2701 1747 2756; x_wconf 83' lang='lat' dir='ltr'><strong>:sic</strong></span> 
     </span>
    </p>
   </div>
   <div class='ocr_carea' id='block_1_28' title="bbox 168 2792 1748 2871">
    <p class='ocr_par' dir='ltr' id='par_1_28' title="bbox 168 2792 1748 2871">
     <span class='ocr_line' id='line_1_28' title="bbox 168 2792 1748 2871; baseline -0.006 -18"><span class='ocrx_word' id='word_1_180' title='bbox 168 2795 347 2856; x_wconf 81' lang='lat' dir='ltr'><strong>homini</strong></span> <span class='ocrx_word' id='word_1_181' title='bbox 376 2798 589 2871; x_wconf 85' lang='lat' dir='ltr'><strong>aliquid</strong></span> <span class='ocrx_word' id='word_1_182' title='bbox 630 2813 787 2856; x_wconf 78' lang='lat' dir='ltr'><strong>suum</strong></span> <span class='ocrx_word' id='word_1_183' title='bbox 815 2797 978 2854; x_wconf 86' lang='lat' dir='ltr'><strong>debet</strong></span> <span class='ocrx_word' id='word_1_184' title='bbox 999 2793 1268 2863; x_wconf 86' lang='lat' dir='ltr'><strong>adscribi,</strong></span> <span class='ocrx_word' id='word_1_185' title='bbox 1293 2793 1410 2850; x_wconf 86' lang='lat' dir='ltr'><strong>sine</strong></span> <span class='ocrx_word' id='word_1_186' title='bbox 1446 2807 1554 2861; x_wconf 85' lang='lat' dir='ltr'><strong>quo</strong></span> <span class='ocrx_word' id='word_1_187' title='bbox 1582 2792 1748 2850; x_wconf 85' lang='lat' dir='ltr'><strong>ratio-</strong></span> 
     </span>
    </p>
   </div>
   <div class='ocr_carea' id='block_1_29' title="bbox 169 2885 1750 2958">
    <p class='ocr_par' dir='ltr' id='par_1_29' title="bbox 169 2885 1750 2958">
     <span class='ocr_line' id='line_1_29' title="bbox 169 2885 1750 2958; baseline -0.004 -9"><span class='ocrx_word' id='word_1_188' title='bbox 169 2907 273 2949; x_wconf 86' lang='lat' dir='ltr'><strong>nem</strong></span> <span class='ocrx_word' id='word_1_189' title='bbox 299 2909 409 2949; x_wconf 65' lang='lat' dir='ltr'><strong>sua:</strong></span> <span class='ocrx_word' id='word_1_190' title='bbox 449 2892 784 2950; x_wconf 72' lang='lat' dir='ltr'><strong>canditionis</strong></span> <span class='ocrx_word' id='word_1_191' title='bbox 811 2890 1044 2948; x_wconf 88' lang='lat' dir='ltr'><strong>amittat.</strong></span> <span class='ocrx_word' id='word_1_192' title='bbox 1071 2888 1203 2946; x_wconf 88' lang='lat' dir='ltr'><strong>Nam</strong></span> <span class='ocrx_word' id='word_1_193' title='bbox 1233 2886 1376 2958; x_wconf 89' lang='lat' dir='ltr'><strong>quod</strong></span> <span class='ocrx_word' id='word_1_194' title='bbox 1413 2885 1633 2944; x_wconf 85' lang='lat' dir='ltr'><strong>vivendi</strong></span> <span class='ocrx_word' id='word_1_195' title='bbox 1655 2896 1750 2942; x_wconf 84' lang='lat' dir='ltr'><strong>aut</strong></span> 
     </span>
    </p>
   </div>
   <div class='ocr_carea' id='block_1_30' title="bbox 167 2978 1750 3056">
    <p class='ocr_par' dir='ltr' id='par_1_30' title="bbox 167 2978 1750 3056">
     <span class='ocr_line' id='line_1_30' title="bbox 167 2978 1750 3056; baseline -0.005 -15"><span class='ocrx_word' id='word_1_196' title='bbox 167 2986 432 3056; x_wconf 77' lang='lat' dir='ltr'><strong>generandi</strong></span> <span class='ocrx_word' id='word_1_197' title='bbox 458 3001 631 3043; x_wconf 86' lang='lat' dir='ltr'><strong>causa</strong></span> <span class='ocrx_word' id='word_1_198' title='bbox 657 2985 842 3040; x_wconf 87' lang='lat' dir='ltr'><strong>datum</strong></span> <span class='ocrx_word' id='word_1_199' title='bbox 870 2996 951 3038; x_wconf 86' lang='lat' dir='ltr'><strong>est</strong></span> <span class='ocrx_word' id='word_1_200' title='bbox 974 2981 1258 3046; x_wconf 84' lang='lat' dir='ltr'><strong>munibus,</strong></span> <span class='ocrx_word' id='word_1_201' title='bbox 1295 2987 1377 3036; x_wconf 76' lang='lat' dir='ltr'><strong>est</strong></span> <span class='ocrx_word' id='word_1_202' title='bbox 1406 2979 1624 3049; x_wconf 84' lang='lat' dir='ltr'><strong>quidem</strong></span> <span class='ocrx_word' id='word_1_203' title='bbox 1652 2978 1750 3034; x_wconf 71' lang='lat' dir='ltr'><strong>bo-</strong></span> 
     </span>
    </p>
   </div>
   <div class='ocr_carea' id='block_1_31' title="bbox 169 3073 1749 3146">
    <p class='ocr_par' dir='ltr' id='par_1_31' title="bbox 169 3073 1749 3146">
     <span class='ocr_line' id='line_1_31' title="bbox 169 3073 1749 3146; baseline 0 -14"><span class='ocrx_word' id='word_1_204' title='bbox 169 3092 278 3134; x_wconf 86' lang='lat' dir='ltr'><strong>num</strong></span> <span class='ocrx_word' id='word_1_205' title='bbox 306 3079 595 3146; x_wconf 79' lang='lat' dir='ltr'><strong>naturale;</strong></span> <span class='ocrx_word' id='word_1_206' title='bbox 630 3093 898 3136; x_wconf 89' lang='lat' dir='ltr'><strong>sununum</strong></span> <span class='ocrx_word' id='word_1_207' title='bbox 945 3087 1125 3134; x_wconf 89' lang='lat' dir='ltr'><strong>tamen</strong></span> <span class='ocrx_word' id='word_1_208' title='bbox 1159 3090 1264 3132; x_wconf 89' lang='lat' dir='ltr'><strong>non</strong></span> <span class='ocrx_word' id='word_1_209' title='bbox 1303 3083 1419 3141; x_wconf 89' lang='lat' dir='ltr'><strong>est,</strong></span> <span class='ocrx_word' id='word_1_210' title='bbox 1459 3073 1562 3130; x_wconf 82' lang='lat' dir='ltr'><strong>nisi</strong></span> <span class='ocrx_word' id='word_1_211' title='bbox 1604 3073 1749 3145; x_wconf 88' lang='lat' dir='ltr'><strong>quod</strong></span> 
     </span>
    </p>
   </div>
   <div class='ocr_carea' id='block_1_32' title="bbox 1841 463 3446 536">
    <p class='ocr_par' dir='ltr' id='par_1_32' title="bbox 1841 463 3446 536">
     <span class='ocr_line' id='line_1_32' title="bbox 1841 463 3446 536; baseline 0.001 -16"><span class='ocrx_word' id='word_1_212' title='bbox 1841 467 2094 536; x_wconf 89' lang='lat' dir='ltr'><strong>quoniam</strong></span> <span class='ocrx_word' id='word_1_213' title='bbox 2147 466 2239 520; x_wconf 84' lang='lat' dir='ltr'><strong>illa</strong></span> <span class='ocrx_word' id='word_1_214' title='bbox 2274 465 2392 521; x_wconf 88' lang='lat' dir='ltr'><strong>sive</strong></span> <span class='ocrx_word' id='word_1_215' title='bbox 2430 465 2715 528; x_wconf 80' lang='lat' dir='ltr'><strong>securitas,</strong></span> <span class='ocrx_word' id='word_1_216' title='bbox 2739 465 2852 520; x_wconf 87' lang='lat' dir='ltr'><strong>sive</strong></span> <span class='ocrx_word' id='word_1_217' title='bbox 2876 463 3128 535; x_wconf 86' lang='lat' dir='ltr'><strong>gaudium</strong></span> <span class='ocrx_word' id='word_1_218' title='bbox 3157 475 3261 532; x_wconf 82' lang='lat' dir='ltr'><strong>est,</strong></span> <span class='ocrx_word' id='word_1_219' title='bbox 3291 481 3446 521; x_wconf 87' lang='lat' dir='ltr'><strong>com-</strong></span> 
     </span>
    </p>
   </div>
   <div class='ocr_carea' id='block_1_33' title="bbox 1842 558 3439 628">
    <p class='ocr_par' dir='ltr' id='par_1_33' title="bbox 1842 558 3439 628">
     <span class='ocr_line' id='line_1_33' title="bbox 1842 558 3439 628; baseline 0 -15"><span class='ocrx_word' id='word_1_220' title='bbox 1842 560 2019 614; x_wconf 85' lang='lat' dir='ltr'><strong>munis</strong></span> <span class='ocrx_word' id='word_1_221' title='bbox 2077 569 2164 613; x_wconf 79' lang='lat' dir='ltr'><strong>est</strong></span> <span class='ocrx_word' id='word_1_222' title='bbox 2219 559 2492 614; x_wconf 89' lang='lat' dir='ltr'><strong>omnibus.</strong></span> <span class='ocrx_word' id='word_1_223' title='bbox 2538 559 2816 628; x_wconf 80' lang='lat' dir='ltr'><strong>Aristippo</strong></span> <span class='ocrx_word' id='word_1_224' title='bbox 2867 573 2934 612; x_wconf 89' lang='lat' dir='ltr'><strong>ne</strong></span> <span class='ocrx_word' id='word_1_225' title='bbox 2996 558 3439 628; x_wconf 87' lang='lat' dir='ltr'><strong>respondendum</strong></span> 
     </span>
    </p>
   </div>
   <div class='ocr_carea' id='block_1_34' title="bbox 1843 652 3445 724">
    <p class='ocr_par' dir='ltr' id='par_1_34' title="bbox 1843 652 3445 724">
     <span class='ocr_line' id='line_1_34' title="bbox 1843 652 3445 724; baseline -0.001 -15"><span class='ocrx_word' id='word_1_226' title='bbox 1843 655 2058 724; x_wconf 86' lang='lat' dir='ltr'><strong>quidem</strong></span> <span class='ocrx_word' id='word_1_227' title='bbox 2087 653 2245 719; x_wconf 91' lang='lat' dir='ltr'><strong>duco,</strong></span> <span class='ocrx_word' id='word_1_228' title='bbox 2278 670 2438 719; x_wconf 88' lang='lat' dir='ltr'><strong>quem</strong></span> <span class='ocrx_word' id='word_1_229' title='bbox 2497 669 2714 724; x_wconf 89' lang='lat' dir='ltr'><strong>semper</strong></span> <span class='ocrx_word' id='word_1_230' title='bbox 2751 655 2802 707; x_wconf 93' lang='lat' dir='ltr'><strong>in</strong></span> <span class='ocrx_word' id='word_1_231' title='bbox 2853 652 3098 724; x_wconf 87' lang='lat' dir='ltr'><strong>corporis</strong></span> <span class='ocrx_word' id='word_1_232' title='bbox 3141 653 3445 722; x_wconf 84' lang='lat' dir='ltr'><strong>voluptates</strong></span> 
     </span>
    </p>
   </div>
   <div class='ocr_carea' id='block_1_35' title="bbox 1843 744 3448 816">
    <p class='ocr_par' dir='ltr' id='par_1_35' title="bbox 1843 744 3448 816">
     <span class='ocr_line' id='line_1_35' title="bbox 1843 744 3448 816; baseline -0.001 -15"><span class='ocrx_word' id='word_1_233' title='bbox 1843 757 2091 802; x_wconf 85' lang='lat' dir='ltr'><strong>ruentem</strong></span> <span class='ocrx_word' id='word_1_234' title='bbox 2117 789 2129 811; x_wconf 93' lang='lat'><strong>,</strong></span> <span class='ocrx_word' id='word_1_235' title='bbox 2155 747 2398 816; x_wconf 86' lang='lat' dir='ltr'><strong>nihilque</strong></span> <span class='ocrx_word' id='word_1_236' title='bbox 2429 746 2571 800; x_wconf 92' lang='lat' dir='ltr'><strong>aliud</strong></span> <span class='ocrx_word' id='word_1_237' title='bbox 2611 760 2773 816; x_wconf 82' lang='lat' dir='ltr'><strong>quam</strong></span> <span class='ocrx_word' id='word_1_238' title='bbox 2803 745 2977 800; x_wconf 90' lang='lat' dir='ltr'><strong>ventri</strong></span> <span class='ocrx_word' id='word_1_239' title='bbox 3011 759 3066 800; x_wconf 90' lang='lat' dir='ltr'><strong>et</strong></span> <span class='ocrx_word' id='word_1_240' title='bbox 3097 744 3297 802; x_wconf 81' lang='lat' dir='ltr'><strong>Veneri</strong></span> <span class='ocrx_word' id='word_1_241' title='bbox 3326 761 3448 800; x_wconf 86' lang='lat' dir='ltr'><strong>ser-</strong></span> 
     </span>
    </p>
   </div>
   <div class='ocr_carea' id='block_1_36' title="bbox 1846 839 3450 904">
    <p class='ocr_par' dir='ltr' id='par_1_36' title="bbox 1846 839 3450 904">
     <span class='ocr_line' id='line_1_36' title="bbox 1846 839 3450 904; baseline 0.001 -10"><span class='ocrx_word' id='word_1_242' title='bbox 1846 841 2102 903; x_wconf 81' lang='lat' dir='ltr'><strong>\‘ieulcm,</strong></span> <span class='ocrx_word' id='word_1_243' title='bbox 2131 842 2330 896; x_wconf 87' lang='lat' dir='ltr'><strong>nemini</strong></span> <span class='ocrx_word' id='word_1_244' title='bbox 2359 840 2580 896; x_wconf 90' lang='lat' dir='ltr'><strong>dubium</strong></span> <span class='ocrx_word' id='word_1_245' title='bbox 2603 850 2687 895; x_wconf 81' lang='lat' dir='ltr'><strong>est</strong></span> <span class='ocrx_word' id='word_1_246' title='bbox 2709 841 2982 894; x_wconf 89' lang='lat' dir='ltr'><strong>hominem</strong></span> <span class='ocrx_word' id='word_1_247' title='bbox 3007 856 3112 894; x_wconf 93' lang='lat' dir='ltr'><strong>non</strong></span> <span class='ocrx_word' id='word_1_248' title='bbox 3144 839 3344 904; x_wconf 88' lang='lat' dir='ltr'><strong>fuisse;</strong></span> <span class='ocrx_word' id='word_1_249' title='bbox 3369 839 3450 895; x_wconf 85' lang='lat' dir='ltr'><strong>sic</strong></span> 
     </span>
    </p>
   </div>
   <div class='ocr_carea' id='block_1_37' title="bbox 1849 934 3450 1005">
    <p class='ocr_par' dir='ltr' id='par_1_37' title="bbox 1849 934 3450 1005">
     <span class='ocr_line' id='line_1_37' title="bbox 1849 934 3450 1005; baseline 0 -15"><span class='ocrx_word' id='word_1_250' title='bbox 1849 938 1992 990; x_wconf 87' lang='lat' dir='ltr'><strong>enim</strong></span> <span class='ocrx_word' id='word_1_251' title='bbox 2026 937 2176 1002; x_wconf 76' lang='lat' dir='ltr'><strong>vixit,</strong></span> <span class='ocrx_word' id='word_1_252' title='bbox 2204 946 2260 990; x_wconf 92' lang='lat' dir='ltr'><strong>ut</strong></span> <span class='ocrx_word' id='word_1_253' title='bbox 2283 934 2413 989; x_wconf 91' lang='lat' dir='ltr'><strong>nihil</strong></span> <span class='ocrx_word' id='word_1_254' title='bbox 2439 937 2581 990; x_wconf 89' lang='lat' dir='ltr'><strong>inter</strong></span> <span class='ocrx_word' id='word_1_255' title='bbox 2633 949 2756 990; x_wconf 90' lang='lat' dir='ltr'><strong>eum</strong></span> <span class='ocrx_word' id='word_1_256' title='bbox 2789 936 3158 1005; x_wconf 89' lang='lat' dir='ltr'><strong>pecudemque</strong></span> <span class='ocrx_word' id='word_1_257' title='bbox 3183 935 3450 1000; x_wconf 90' lang='lat' dir='ltr'><strong>distaret,</strong></span> 
     </span>
    </p>
   </div>
   <div class='ocr_carea' id='block_1_38' title="bbox 1848 1025 3452 1097">
    <p class='ocr_par' dir='ltr' id='par_1_38' title="bbox 1848 1025 3452 1097">
     <span class='ocr_line' id='line_1_38' title="bbox 1848 1025 3452 1097; baseline -0.001 -15"><span class='ocrx_word' id='word_1_258' title='bbox 1848 1027 1948 1082; x_wconf 81' lang='lat' dir='ltr'><strong>nisi</strong></span> <span class='ocrx_word' id='word_1_259' title='bbox 1993 1045 2191 1093; x_wconf 89' lang='lat' dir='ltr'><strong>unum,</strong></span> <span class='ocrx_word' id='word_1_260' title='bbox 2257 1027 2400 1096; x_wconf 89' lang='lat' dir='ltr'><strong>quod</strong></span> <span class='ocrx_word' id='word_1_261' title='bbox 2447 1028 2786 1097; x_wconf 88' lang='lat' dir='ltr'><strong>loquebatur.</strong></span> <span class='ocrx_word' id='word_1_262' title='bbox 2845 1025 2998 1094; x_wconf 88' lang='lat' dir='ltr'><strong>Quod</strong></span> <span class='ocrx_word' id='word_1_263' title='bbox 3036 1026 3080 1080; x_wconf 84' lang='lat' dir='ltr'><strong>si</strong></span> <span class='ocrx_word' id='word_1_264' title='bbox 3123 1027 3314 1094; x_wconf 70' lang='lat' dir='ltr'><strong>asino,</strong></span> <span class='ocrx_word' id='word_1_265' title='bbox 3358 1035 3452 1081; x_wconf 85' lang='lat' dir='ltr'><strong>aut</strong></span> 
     </span>
    </p>
   </div>
   <div class='ocr_carea' id='block_1_39' title="bbox 1851 1118 3452 1190">
    <p class='ocr_par' dir='ltr' id='par_1_39' title="bbox 1851 1118 3452 1190">
     <span class='ocr_line' id='line_1_39' title="bbox 1851 1118 3452 1190; baseline 0.001 -14"><span class='ocrx_word' id='word_1_266' title='bbox 1851 1121 1996 1189; x_wconf 89' lang='lat' dir='ltr'><strong>cani,</strong></span> <span class='ocrx_word' id='word_1_267' title='bbox 2025 1130 2119 1175; x_wconf 88' lang='lat' dir='ltr'><strong>aut</strong></span> <span class='ocrx_word' id='word_1_268' title='bbox 2149 1121 2230 1174; x_wconf 91' lang='lat' dir='ltr'><strong>sui</strong></span> <span class='ocrx_word' id='word_1_269' title='bbox 2260 1119 2491 1175; x_wconf 76' lang='lat' dir='ltr'><strong>facultas</strong></span> <span class='ocrx_word' id='word_1_270' title='bbox 2520 1119 2776 1190; x_wconf 88' lang='lat' dir='ltr'><strong>loquendi</strong></span> <span class='ocrx_word' id='word_1_271' title='bbox 2807 1118 3104 1185; x_wconf 86' lang='lat' dir='ltr'><strong>tribuatur,</strong></span> <span class='ocrx_word' id='word_1_272' title='bbox 3129 1134 3452 1190; x_wconf 67' lang='lat' dir='ltr'><strong>quierasquo</strong></span> 
     </span>
    </p>
   </div>
   <div class='ocr_carea' id='block_1_40' title="bbox 1847 1212 3453 1284">
    <p class='ocr_par' dir='ltr' id='par_1_40' title="bbox 1847 1212 3453 1284">
     <span class='ocr_line' id='line_1_40' title="bbox 1847 1212 3453 1284; baseline 0.001 -16"><span class='ocrx_word' id='word_1_273' title='bbox 1847 1214 1915 1270; x_wconf 89' lang='lat' dir='ltr'><strong>ab</strong></span> <span class='ocrx_word' id='word_1_274' title='bbox 1958 1213 2072 1278; x_wconf 87' lang='lat' dir='ltr'><strong>his,</strong></span> <span class='ocrx_word' id='word_1_275' title='bbox 2116 1212 2243 1284; x_wconf 92' lang='lat' dir='ltr'><strong>quid</strong></span> <span class='ocrx_word' id='word_1_276' title='bbox 2275 1213 2379 1268; x_wconf 88' lang='lat' dir='ltr'><strong>sibi</strong></span> <span class='ocrx_word' id='word_1_277' title='bbox 2425 1213 2629 1278; x_wconf 91' lang='lat' dir='ltr'><strong>velint,</strong></span> <span class='ocrx_word' id='word_1_278' title='bbox 2674 1227 2797 1267; x_wconf 93' lang='lat' dir='ltr'><strong>cum</strong></span> <span class='ocrx_word' id='word_1_279' title='bbox 2840 1212 3069 1266; x_wconf 79' lang='lat' dir='ltr'><strong>feminas</strong></span> <span class='ocrx_word' id='word_1_280' title='bbox 3112 1221 3219 1266; x_wconf 86' lang='lat' dir='ltr'><strong>tam</strong></span> <span class='ocrx_word' id='word_1_281' title='bbox 3264 1213 3453 1269; x_wconf 90' lang='lat' dir='ltr'><strong>rabide</strong></span> 
     </span>
    </p>
   </div>
   <div class='ocr_carea' id='block_1_41' title="bbox 1849 1305 3452 1377">
    <p class='ocr_par' dir='ltr' id='par_1_41' title="bbox 1849 1305 3452 1377">
     <span class='ocr_line' id='line_1_41' title="bbox 1849 1305 3452 1377; baseline -0.001 -15"><span class='ocrx_word' id='word_1_282' title='bbox 1849 1316 2254 1370; x_wconf 78' lang='lat' dir='ltr'><strong>consectantur,</strong></span> <span class='ocrx_word' id='word_1_283' title='bbox 2281 1317 2337 1361; x_wconf 93' lang='lat' dir='ltr'><strong>ut</strong></span> <span class='ocrx_word' id='word_1_284' title='bbox 2379 1306 2461 1362; x_wconf 79' lang='lat' dir='ltr'><strong>vix</strong></span> <span class='ocrx_word' id='word_1_285' title='bbox 2491 1307 2674 1363; x_wconf 89' lang='lat' dir='ltr'><strong>divelli</strong></span> <span class='ocrx_word' id='word_1_286' title='bbox 2701 1315 2928 1376; x_wconf 89' lang='lat' dir='ltr'><strong>queant,</strong></span> <span class='ocrx_word' id='word_1_287' title='bbox 2959 1305 3112 1361; x_wconf 88' lang='lat' dir='ltr'><strong>cibos</strong></span> <span class='ocrx_word' id='word_1_288' title='bbox 3139 1307 3326 1373; x_wconf 88' lang='lat' dir='ltr'><strong>etiam,</strong></span> <span class='ocrx_word' id='word_1_289' title='bbox 3353 1323 3452 1377; x_wconf 82' lang='lat' dir='ltr'><strong>po-</strong></span> 
     </span>
    </p>
   </div>
   <div class='ocr_carea' id='block_1_42' title="bbox 1853 1401 3454 1472">
    <p class='ocr_par' dir='ltr' id='par_1_42' title="bbox 1853 1401 3454 1472">
     <span class='ocr_line' id='line_1_42' title="bbox 1853 1401 3454 1472; baseline 0.001 -16"><span class='ocrx_word' id='word_1_290' title='bbox 1853 1409 2076 1470; x_wconf 89' lang='lat' dir='ltr'><strong>tumque</strong></span> <span class='ocrx_word' id='word_1_291' title='bbox 2105 1401 2420 1472; x_wconf 75' lang='lat' dir='ltr'><strong>negligant?</strong></span> <span class='ocrx_word' id='word_1_292' title='bbox 2445 1416 2544 1456; x_wconf 92' lang='lat' dir='ltr'><strong>cur</strong></span> <span class='ocrx_word' id='word_1_293' title='bbox 2563 1411 2655 1456; x_wconf 85' lang='lat' dir='ltr'><strong>aut</strong></span> <span class='ocrx_word' id='word_1_294' title='bbox 2680 1401 2818 1456; x_wconf 88' lang='lat' dir='ltr'><strong>alios</strong></span> <span class='ocrx_word' id='word_1_295' title='bbox 2849 1415 3028 1456; x_wconf 88' lang='lat' dir='ltr'><strong>mares</strong></span> <span class='ocrx_word' id='word_1_296' title='bbox 3054 1401 3321 1456; x_wconf 82' lang='lat' dir='ltr'><strong>violenter</strong></span> <span class='ocrx_word' id='word_1_297' title='bbox 3339 1401 3454 1457; x_wconf 83' lang='lat' dir='ltr'><strong>abi-</strong></span> 
     </span>
    </p>
   </div>
   <div class='ocr_carea' id='block_1_43' title="bbox 1850 1493 3452 1567">
    <p class='ocr_par' dir='ltr' id='par_1_43' title="bbox 1850 1493 3452 1567">
     <span class='ocr_line' id='line_1_43' title="bbox 1850 1493 3452 1567; baseline -0.001 -17"><span class='ocrx_word' id='word_1_298' title='bbox 1850 1507 2011 1567; x_wconf 90' lang='lat' dir='ltr'><strong>gant,</strong></span> <span class='ocrx_word' id='word_1_299' title='bbox 2044 1506 2136 1551; x_wconf 88' lang='lat' dir='ltr'><strong>aut</strong></span> <span class='ocrx_word' id='word_1_300' title='bbox 2165 1511 2233 1550; x_wconf 88' lang='lat' dir='ltr'><strong>ne</strong></span> <span class='ocrx_word' id='word_1_301' title='bbox 2273 1495 2399 1551; x_wconf 88' lang='lat' dir='ltr'><strong>victi</strong></span> <span class='ocrx_word' id='word_1_302' title='bbox 2430 1493 2646 1564; x_wconf 88' lang='lat' dir='ltr'><strong>quidem</strong></span> <span class='ocrx_word' id='word_1_303' title='bbox 2687 1494 2985 1558; x_wconf 85' lang='lat' dir='ltr'><strong>absistam,</strong></span> <span class='ocrx_word' id='word_1_304' title='bbox 3017 1493 3110 1548; x_wconf 88' lang='lat' dir='ltr'><strong>sed</strong></span> <span class='ocrx_word' id='word_1_305' title='bbox 3142 1508 3172 1548; x_wconf 91' lang='lat' dir='ltr'><strong>a</strong></span> <span class='ocrx_word' id='word_1_306' title='bbox 3207 1494 3452 1550; x_wconf 80' lang='lat' dir='ltr'><strong>fortiori-</strong></span> 
     </span>
    </p>
   </div>
   <div class='ocr_carea' id='block_1_44' title="bbox 1853 1587 3455 1661">
    <p class='ocr_par' dir='ltr' id='par_1_44' title="bbox 1853 1587 3455 1661">
     <span class='ocr_line' id='line_1_44' title="bbox 1853 1587 3455 1661; baseline -0.003 -14"><span class='ocrx_word' id='word_1_307' title='bbox 1853 1591 1952 1647; x_wconf 87' lang='lat' dir='ltr'><strong>bus</strong></span> <span class='ocrx_word' id='word_1_308' title='bbox 1974 1605 2121 1660; x_wconf 85' lang='lat' dir='ltr'><strong>saepe</strong></span> <span class='ocrx_word' id='word_1_309' title='bbox 2148 1591 2386 1657; x_wconf 89' lang='lat' dir='ltr'><strong>contriti,</strong></span> <span class='ocrx_word' id='word_1_310' title='bbox 2420 1605 2485 1644; x_wconf 91' lang='lat' dir='ltr'><strong>eo</strong></span> <span class='ocrx_word' id='word_1_311' title='bbox 2510 1589 2680 1661; x_wconf 86' lang='lat' dir='ltr'><strong>magis</strong></span> <span class='ocrx_word' id='word_1_312' title='bbox 2709 1587 3080 1644; x_wconf 81' lang='lat' dir='ltr'><strong>insectentur?</strong></span> <span class='ocrx_word' id='word_1_313' title='bbox 3107 1603 3203 1641; x_wconf 88' lang='lat' dir='ltr'><strong>cur</strong></span> <span class='ocrx_word' id='word_1_314' title='bbox 3231 1602 3332 1642; x_wconf 89' lang='lat' dir='ltr'><strong>nec</strong></span> <span class='ocrx_word' id='word_1_315' title='bbox 3355 1587 3455 1642; x_wconf 68' lang='lat' dir='ltr'><strong>imo</strong></span> 
     </span>
    </p>
   </div>
   <div class='ocr_carea' id='block_1_45' title="bbox 1852 1680 3446 1752">
    <p class='ocr_par' dir='ltr' id='par_1_45' title="bbox 1852 1680 3446 1752">
     <span class='ocr_line' id='line_1_45' title="bbox 1852 1680 3446 1752; baseline -0.002 -16"><span class='ocrx_word' id='word_1_316' title='bbox 1852 1683 1998 1749; x_wconf 91' lang='lat' dir='ltr'><strong>bres,</strong></span> <span class='ocrx_word' id='word_1_317' title='bbox 2032 1698 2132 1738; x_wconf 88' lang='lat' dir='ltr'><strong>nec</strong></span> <span class='ocrx_word' id='word_1_318' title='bbox 2162 1682 2359 1752; x_wconf 82' lang='lat' dir='ltr'><strong>frigora</strong></span> <span class='ocrx_word' id='word_1_319' title='bbox 2390 1681 2803 1751; x_wconf 79' lang='lat' dir='ltr'><strong>pertimescant,</strong></span> <span class='ocrx_word' id='word_1_320' title='bbox 2838 1680 3080 1736; x_wconf 89' lang='lat' dir='ltr'><strong>laborem</strong></span> <span class='ocrx_word' id='word_1_321' title='bbox 3112 1680 3446 1750; x_wconf 86' lang='lat' dir='ltr'><strong>suscipiant,</strong></span> 
     </span>
    </p>
   </div>
   <div class='ocr_carea' id='block_1_46' title="bbox 1849 1774 3450 1846">
    <p class='ocr_par' dir='ltr' id='par_1_46' title="bbox 1849 1774 3450 1846">
     <span class='ocr_line' id='line_1_46' title="bbox 1849 1774 3450 1846; baseline -0.003 -14"><span class='ocrx_word' id='word_1_322' title='bbox 1849 1777 2152 1846; x_wconf 90' lang='lat' dir='ltr'><strong>periculum</strong></span> <span class='ocrx_word' id='word_1_323' title='bbox 2197 1791 2302 1832; x_wconf 94' lang='lat' dir='ltr'><strong>n0n</strong></span> <span class='ocrx_word' id='word_1_324' title='bbox 2335 1776 2627 1831; x_wconf 78' lang='lat' dir='ltr'><strong>recusent?</strong></span> <span class='ocrx_word' id='word_1_325' title='bbox 2655 1776 2794 1843; x_wconf 85' lang='lat' dir='ltr'><strong>Quid</strong></span> <span class='ocrx_word' id='word_1_326' title='bbox 2827 1775 2974 1829; x_wconf 90' lang='lat' dir='ltr'><strong>aliud</strong></span> <span class='ocrx_word' id='word_1_327' title='bbox 3007 1774 3450 1844; x_wconf 79' lang='lat' dir='ltr'><strong>respondebunt,</strong></span> 
     </span>
    </p>
   </div>
   <div class='ocr_carea' id='block_1_47' title="bbox 1849 1867 3453 1938">
    <p class='ocr_par' dir='ltr' id='par_1_47' title="bbox 1849 1867 3453 1938">
     <span class='ocr_line' id='line_1_47' title="bbox 1849 1867 3453 1938; baseline -0.003 -12"><span class='ocrx_word' id='word_1_328' title='bbox 1849 1870 1950 1926; x_wconf 90' lang='lat' dir='ltr'><strong>nisi</strong></span> <span class='ocrx_word' id='word_1_329' title='bbox 1973 1885 2242 1925; x_wconf 88' lang='lat' dir='ltr'><strong>summum</strong></span> <span class='ocrx_word' id='word_1_330' title='bbox 2273 1871 2474 1925; x_wconf 88' lang='lat' dir='ltr'><strong>bonum</strong></span> <span class='ocrx_word' id='word_1_331' title='bbox 2508 1884 2629 1923; x_wconf 88' lang='lat' dir='ltr'><strong>esse</strong></span> <span class='ocrx_word' id='word_1_332' title='bbox 2659 1867 2905 1938; x_wconf 84' lang='lat' dir='ltr'><strong>corporis</strong></span> <span class='ocrx_word' id='word_1_333' title='bbox 2936 1867 3309 1936; x_wconf 81' lang='lat' dir='ltr'><strong>voluptatem?</strong></span> <span class='ocrx_word' id='word_1_334' title='bbox 3334 1883 3453 1921; x_wconf 89' lang='lat' dir='ltr'><strong>eam</strong></span> 
     </span>
    </p>
   </div>
   <div class='ocr_carea' id='block_1_48' title="bbox 1848 1960 3456 2034">
    <p class='ocr_par' dir='ltr' id='par_1_48' title="bbox 1848 1960 3456 2034">
     <span class='ocr_line' id='line_1_48' title="bbox 1848 1960 3456 2034; baseline -0.004 -14"><span class='ocrx_word' id='word_1_335' title='bbox 1848 1980 1907 2020; x_wconf 93' lang='lat' dir='ltr'><strong>se</strong></span> <span class='ocrx_word' id='word_1_336' title='bbox 1934 1977 2190 2034; x_wconf 86' lang='lat' dir='ltr'><strong>appetere</strong></span> <span class='ocrx_word' id='word_1_337' title='bbox 2211 2006 2224 2030; x_wconf 90' lang='lat'><strong>,</strong></span> <span class='ocrx_word' id='word_1_338' title='bbox 2252 1972 2309 2018; x_wconf 91' lang='lat' dir='ltr'><strong>ut</strong></span> <span class='ocrx_word' id='word_1_339' title='bbox 2332 1962 2634 2018; x_wconf 82' lang='lat' dir='ltr'><strong>afﬁciantur</strong></span> <span class='ocrx_word' id='word_1_340' title='bbox 2660 1960 2995 2015; x_wconf 76' lang='lat' dir='ltr'><strong>suavissimis</strong></span> <span class='ocrx_word' id='word_1_341' title='bbox 3017 1960 3299 2022; x_wconf 81' lang='lat' dir='ltr'><strong>sensibus;</strong></span> <span class='ocrx_word' id='word_1_342' title='bbox 3329 1975 3456 2014; x_wconf 81' lang='lat' dir='ltr'><strong>eos~</strong></span> 
     </span>
    </p>
   </div>
   <div class='ocr_carea' id='block_1_49' title="bbox 1848 2054 3458 2128">
    <p class='ocr_par' dir='ltr' id='par_1_49' title="bbox 1848 2054 3458 2128">
     <span class='ocr_line' id='line_1_49' title="bbox 1848 2054 3458 2128; baseline -0.001 -18"><span class='ocrx_word' id='word_1_343' title='bbox 1848 2073 1953 2128; x_wconf 88' lang='lat' dir='ltr'><strong>que</strong></span> <span class='ocrx_word' id='word_1_344' title='bbox 1983 2072 2106 2113; x_wconf 88' lang='lat' dir='ltr'><strong>esse</strong></span> <span class='ocrx_word' id='word_1_345' title='bbox 2154 2057 2308 2121; x_wconf 89' lang='lat' dir='ltr'><strong>tanti,</strong></span> <span class='ocrx_word' id='word_1_346' title='bbox 2358 2065 2416 2112; x_wconf 94' lang='lat' dir='ltr'><strong>ut</strong></span> <span class='ocrx_word' id='word_1_347' title='bbox 2445 2055 2908 2122; x_wconf 85' lang='lat' dir='ltr'><strong>assequendorum</strong></span> <span class='ocrx_word' id='word_1_348' title='bbox 2934 2070 3098 2112; x_wconf 85' lang='lat' dir='ltr'><strong>causa</strong></span> <span class='ocrx_word' id='word_1_349' title='bbox 3127 2097 3141 2117; x_wconf 91' lang='lat'><strong>,</strong></span> <span class='ocrx_word' id='word_1_350' title='bbox 3175 2069 3277 2110; x_wconf 88' lang='lat' dir='ltr'><strong>nec</strong></span> <span class='ocrx_word' id='word_1_351' title='bbox 3302 2054 3458 2110; x_wconf 83' lang='lat' dir='ltr'><strong>labo-</strong></span> 
     </span>
    </p>
   </div>
   <div class='ocr_carea' id='block_1_50' title="bbox 1850 2147 3456 2217">
    <p class='ocr_par' dir='ltr' id='par_1_50' title="bbox 1850 2147 3456 2217">
     <span class='ocr_line' id='line_1_50' title="bbox 1850 2147 3456 2217; baseline -0.002 -12"><span class='ocrx_word' id='word_1_352' title='bbox 1850 2167 1964 2205; x_wconf 91' lang='lat' dir='ltr'><strong>rem</strong></span> <span class='ocrx_word' id='word_1_353' title='bbox 1993 2152 2094 2205; x_wconf 88' lang='lat' dir='ltr'><strong>sibi</strong></span> <span class='ocrx_word' id='word_1_354' title='bbox 2127 2150 2292 2204; x_wconf 91' lang='lat' dir='ltr'><strong>ullum</strong></span> <span class='ocrx_word' id='word_1_355' title='bbox 2317 2193 2331 2216; x_wconf 91' lang='lat'><strong>,</strong></span> <span class='ocrx_word' id='word_1_356' title='bbox 2367 2164 2467 2205; x_wconf 90' lang='lat' dir='ltr'><strong>nec</strong></span> <span class='ocrx_word' id='word_1_357' title='bbox 2497 2149 2720 2204; x_wconf 89' lang='lat' dir='ltr'><strong>vulnera</strong></span> <span class='ocrx_word' id='word_1_358' title='bbox 2743 2189 2757 2213; x_wconf 91' lang='lat'><strong>,</strong></span> <span class='ocrx_word' id='word_1_359' title='bbox 2787 2163 2886 2203; x_wconf 91' lang='lat' dir='ltr'><strong>nec</strong></span> <span class='ocrx_word' id='word_1_360' title='bbox 2916 2159 3144 2202; x_wconf 90' lang='lat' dir='ltr'><strong>mortem</strong></span> <span class='ocrx_word' id='word_1_361' title='bbox 3170 2147 3342 2217; x_wconf 83' lang='lat' dir='ltr'><strong>ipsam</strong></span> <span class='ocrx_word' id='word_1_362' title='bbox 3371 2163 3456 2202; x_wconf 83' lang='lat' dir='ltr'><strong>re-</strong></span> 
     </span>
    </p>
   </div>
   <div class='ocr_carea' id='block_1_51' title="bbox 1849 2240 3455 2313">
    <p class='ocr_par' dir='ltr' id='par_1_51' title="bbox 1849 2240 3455 2313">
     <span class='ocr_line' id='line_1_51' title="bbox 1849 2240 3455 2313; baseline -0.004 -11"><span class='ocrx_word' id='word_1_363' title='bbox 1849 2245 2146 2302; x_wconf 87' lang='lat' dir='ltr'><strong>cusandam</strong></span> <span class='ocrx_word' id='word_1_364' title='bbox 2173 2252 2378 2313; x_wconf 90' lang='lat' dir='ltr'><strong>putent.</strong></span> <span class='ocrx_word' id='word_1_365' title='bbox 2425 2243 2508 2299; x_wconf 82' lang='lat' dir='ltr'><strong>Ab</strong></span> <span class='ocrx_word' id='word_1_366' title='bbox 2539 2243 2695 2298; x_wconf 89' lang='lat' dir='ltr'><strong>hisne</strong></span> <span class='ocrx_word' id='word_1_367' title='bbox 2737 2242 2902 2313; x_wconf 87' lang='lat' dir='ltr'><strong>igitur</strong></span> <span class='ocrx_word' id='word_1_368' title='bbox 2933 2251 3200 2312; x_wconf 68' lang='lat' dir='ltr'><strong>praecepta</strong></span> <span class='ocrx_word' id='word_1_369' title='bbox 3236 2240 3455 2297; x_wconf 90' lang='lat' dir='ltr'><strong>vivendi</strong></span> 
     </span>
    </p>
   </div>
   <div class='ocr_carea' id='block_1_52' title="bbox 1851 2333 3458 2410">
    <p class='ocr_par' dir='ltr' id='par_1_52' title="bbox 1851 2333 3458 2410">
     <span class='ocr_line' id='line_1_52' title="bbox 1851 2333 3458 2410; baseline -0.003 -17"><span class='ocrx_word' id='word_1_370' title='bbox 1851 2349 2098 2410; x_wconf 85' lang='lat' dir='ltr'><strong>petemus</strong></span> <span class='ocrx_word' id='word_1_371' title='bbox 2119 2379 2133 2402; x_wconf 91' lang='lat'><strong>,</strong></span> <span class='ocrx_word' id='word_1_372' title='bbox 2161 2337 2252 2406; x_wconf 91' lang='lat' dir='ltr'><strong>qui</strong></span> <span class='ocrx_word' id='word_1_373' title='bbox 2288 2337 2389 2392; x_wconf 93' lang='lat' dir='ltr'><strong>hoc</strong></span> <span class='ocrx_word' id='word_1_374' title='bbox 2427 2335 2568 2392; x_wconf 87' lang='lat' dir='ltr'><strong>idem</strong></span> <span class='ocrx_word' id='word_1_375' title='bbox 2593 2335 2835 2390; x_wconf 89' lang='lat' dir='ltr'><strong>sentiunt</strong></span> <span class='ocrx_word' id='word_1_376' title='bbox 2854 2375 2869 2402; x_wconf 92' lang='lat'><strong>,</strong></span> <span class='ocrx_word' id='word_1_377' title='bbox 2899 2333 3043 2405; x_wconf 91' lang='lat' dir='ltr'><strong>quod</strong></span> <span class='ocrx_word' id='word_1_378' title='bbox 3070 2335 3266 2389; x_wconf 66' lang='lat' dir='ltr'><strong>anima-2</strong></span> <span class='ocrx_word' id='word_1_379' title='bbox 3293 2334 3458 2389; x_wconf 87' lang='lat' dir='ltr'><strong>ratio-</strong></span> 
     </span>
    </p>
   </div>
   <div class='ocr_carea' id='block_1_53' title="bbox 1850 2428 2255 2498">
    <p class='ocr_par' dir='ltr' id='par_1_53' title="bbox 1850 2428 2255 2498">
     <span class='ocr_line' id='line_1_53' title="bbox 1850 2428 2255 2498; baseline -0.005 -15"><span class='ocrx_word' id='word_1_380' title='bbox 1850 2429 1933 2483; x_wconf 91' lang='lat' dir='ltr'><strong>nis</strong></span> <span class='ocrx_word' id='word_1_381' title='bbox 1964 2428 2255 2498; x_wconf 74' lang='lat' dir='ltr'><strong>expertes?</strong></span> 
     </span>
    </p>
   </div>
   <div class='ocr_carea' id='block_1_54' title="bbox 1923 2518 3458 2592">
    <p class='ocr_par' dir='ltr' id='par_1_54' title="bbox 1923 2518 3458 2592">
     <span class='ocr_line' id='line_1_54' title="bbox 1923 2518 3458 2592; baseline -0.001 -16"><span class='ocrx_word' id='word_1_382' title='bbox 1923 2522 2090 2578; x_wconf 80' lang='lat' dir='ltr'><strong>Aiunt</strong></span> <span class='ocrx_word' id='word_1_383' title='bbox 2119 2518 2401 2592; x_wconf 85' lang='lat' dir='ltr'><strong>Cyrenaici</strong></span> <span class='ocrx_word' id='word_1_384' title='bbox 2453 2519 2710 2574; x_wconf 81' lang='lat' dir='ltr'><strong>virtutem</strong></span> <span class='ocrx_word' id='word_1_385' title='bbox 2762 2519 2930 2588; x_wconf 88' lang='lat' dir='ltr'><strong>ipsam</strong></span> <span class='ocrx_word' id='word_1_386' title='bbox 2975 2535 3041 2574; x_wconf 83' lang='lat' dir='ltr'><strong>ex</strong></span> <span class='ocrx_word' id='word_1_387' title='bbox 3079 2533 3145 2574; x_wconf 92' lang='lat' dir='ltr'><strong>eo</strong></span> <span class='ocrx_word' id='word_1_388' title='bbox 3186 2534 3308 2576; x_wconf 87' lang='lat' dir='ltr'><strong>esse</strong></span> <span class='ocrx_word' id='word_1_389' title='bbox 3341 2520 3458 2574; x_wconf 86' lang='lat' dir='ltr'><strong>lau-</strong></span> 
     </span>
    </p>
   </div>
   <div class='ocr_carea' id='block_1_55' title="bbox 1851 2609 3458 2682">
    <p class='ocr_par' dir='ltr' id='par_1_55' title="bbox 1851 2609 3458 2682">
     <span class='ocr_line' id='line_1_55' title="bbox 1851 2609 3458 2682; baseline -0.001 -14"><span class='ocrx_word' id='word_1_390' title='bbox 1851 2612 2106 2677; x_wconf 88' lang='lat' dir='ltr'><strong>dandam.</strong></span> <span class='ocrx_word' id='word_1_391' title='bbox 2135 2611 2277 2682; x_wconf 88' lang='lat' dir='ltr'><strong>quod</strong></span> <span class='ocrx_word' id='word_1_392' title='bbox 2305 2611 2374 2668; x_wconf 83' lang='lat' dir='ltr'><strong>sit</strong></span> <span class='ocrx_word' id='word_1_393' title='bbox 2402 2610 2651 2666; x_wconf 73' lang='lat' dir='ltr'><strong>officiens</strong></span> <span class='ocrx_word' id='word_1_394' title='bbox 2684 2610 2997 2679; x_wconf 88' lang='lat' dir='ltr'><strong>voluptatis.</strong></span> <span class='ocrx_word' id='word_1_395' title='bbox 3027 2609 3258 2677; x_wconf 83' lang='lat' dir='ltr'><strong>Verum,</strong></span> <span class='ocrx_word' id='word_1_396' title='bbox 3285 2611 3458 2682; x_wconf 85' lang='lat' dir='ltr'><strong>inquit</strong></span> 
     </span>
    </p>
   </div>
   <div class='ocr_carea' id='block_1_56' title="bbox 1851 2705 3458 2772">
    <p class='ocr_par' dir='ltr' id='par_1_56' title="bbox 1851 2705 3458 2772">
     <span class='ocr_line' id='line_1_56' title="bbox 1851 2705 3458 2772; baseline 0 -10"><span class='ocrx_word' id='word_1_397' title='bbox 1851 2706 2144 2762; x_wconf 73' lang='lat' dir='ltr'><strong>obsctnnus</strong></span> <span class='ocrx_word' id='word_1_398' title='bbox 2171 2705 2345 2772; x_wconf 89' lang='lat' dir='ltr'><strong>canis,</strong></span> <span class='ocrx_word' id='word_1_399' title='bbox 2387 2714 2481 2759; x_wconf 88' lang='lat' dir='ltr'><strong>aut</strong></span> <span class='ocrx_word' id='word_1_400' title='bbox 2521 2721 2614 2759; x_wconf 87' lang='lat' dir='ltr'><strong>sus</strong></span> <span class='ocrx_word' id='word_1_401' title='bbox 2663 2705 2755 2760; x_wconf 90' lang='lat' dir='ltr'><strong>ille</strong></span> <span class='ocrx_word' id='word_1_402' title='bbox 2803 2705 3120 2760; x_wconf 89' lang='lat' dir='ltr'><strong>lutulentus.</strong></span> <span class='ocrx_word' id='word_1_403' title='bbox 3161 2705 3296 2761; x_wconf 86' lang='lat' dir='ltr'><strong>Nam</strong></span> <span class='ocrx_word' id='word_1_404' title='bbox 3334 2706 3458 2762; x_wconf 89' lang='lat' dir='ltr'><strong>ideo</strong></span> 
     </span>
    </p>
   </div>
   <div class='ocr_carea' id='block_1_57' title="bbox 1852 2798 3460 2870">
    <p class='ocr_par' dir='ltr' id='par_1_57' title="bbox 1852 2798 3460 2870">
     <span class='ocr_line' id='line_1_57' title="bbox 1852 2798 3460 2870; baseline 0.001 -15"><span class='ocrx_word' id='word_1_405' title='bbox 1852 2817 1973 2855; x_wconf 92' lang='lat' dir='ltr'><strong>cum</strong></span> <span class='ocrx_word' id='word_1_406' title='bbox 1997 2801 2312 2856; x_wconf 88' lang='lat' dir='ltr'><strong>adversario</strong></span> <span class='ocrx_word' id='word_1_407' title='bbox 2337 2814 2546 2854; x_wconf 87' lang='lat' dir='ltr'><strong>summa</strong></span> <span class='ocrx_word' id='word_1_408' title='bbox 2577 2798 2768 2852; x_wconf 89' lang='lat' dir='ltr'><strong>virium</strong></span> <span class='ocrx_word' id='word_1_409' title='bbox 2797 2800 3150 2853; x_wconf 82' lang='lat' dir='ltr'><strong>contentione</strong></span> <span class='ocrx_word' id='word_1_410' title='bbox 3179 2800 3460 2870; x_wconf 89' lang='lat' dir='ltr'><strong>depugno,</strong></span> 
     </span>
    </p>
   </div>
   <div class='ocr_carea' id='block_1_58' title="bbox 1853 2891 3468 2962">
    <p class='ocr_par' dir='ltr' id='par_1_58' title="bbox 1853 2891 3468 2962">
     <span class='ocr_line' id='line_1_58' title="bbox 1853 2891 3468 2962; baseline 0.001 -14"><span class='ocrx_word' id='word_1_411' title='bbox 1853 2903 1908 2948; x_wconf 91' lang='lat' dir='ltr'><strong>ut</strong></span> <span class='ocrx_word' id='word_1_412' title='bbox 1936 2894 2106 2948; x_wconf 83' lang='lat' dir='ltr'><strong>virtus</strong></span> <span class='ocrx_word' id='word_1_413' title='bbox 2145 2908 2264 2948; x_wconf 92' lang='lat' dir='ltr'><strong>mea</strong></span> <span class='ocrx_word' id='word_1_414' title='bbox 2300 2891 2466 2960; x_wconf 88' lang='lat' dir='ltr'><strong>pariat</strong></span> <span class='ocrx_word' id='word_1_415' title='bbox 2509 2891 2640 2946; x_wconf 84' lang='lat' dir='ltr'><strong>inihi</strong></span> <span class='ocrx_word' id='word_1_416' title='bbox 2674 2891 3006 2960; x_wconf 72' lang='lat' dir='ltr'><strong>voluptatem</strong></span> <span class='ocrx_word' id='word_1_417' title='bbox 3034 2934 3047 2953; x_wconf 87' lang='lat'><strong>.</strong></span> <span class='ocrx_word' id='word_1_418' title='bbox 3077 2893 3230 2962; x_wconf 81' lang='lat' dir='ltr'><strong>cujus</strong></span> <span class='ocrx_word' id='word_1_419' title='bbox 3261 2909 3468 2961; x_wconf 75' lang='lat' dir='ltr'><strong>expers</strong></span> 
     </span>
    </p>
   </div>
   <div class='ocr_carea' id='block_1_59' title="bbox 1853 2984 3460 3057">
    <p class='ocr_par' dir='ltr' id='par_1_59' title="bbox 1853 2984 3460 3057">
     <span class='ocr_line' id='line_1_59' title="bbox 1853 2984 3460 3057; baseline -0.002 -15"><span class='ocrx_word' id='word_1_420' title='bbox 1853 2988 1954 3043; x_wconf 89' lang='lat' dir='ltr'><strong>sim</strong></span> <span class='ocrx_word' id='word_1_421' title='bbox 1985 3001 2208 3044; x_wconf 82' lang='lat' dir='ltr'><strong>necesse</strong></span> <span class='ocrx_word' id='word_1_422' title='bbox 2228 2996 2335 3051; x_wconf 88' lang='lat' dir='ltr'><strong>est,</strong></span> <span class='ocrx_word' id='word_1_423' title='bbox 2360 2985 2407 3040; x_wconf 82' lang='lat' dir='ltr'><strong>si</strong></span> <span class='ocrx_word' id='word_1_424' title='bbox 2446 2985 2620 3040; x_wconf 87' lang='lat' dir='ltr'><strong>victus</strong></span> <span class='ocrx_word' id='word_1_425' title='bbox 2647 2984 2957 3039; x_wconf 73' lang='lat' dir='ltr'><strong>abcessero.</strong></span> <span class='ocrx_word' id='word_1_426' title='bbox 2989 2985 3072 3040; x_wconf 83' lang='lat' dir='ltr'><strong>Ab</strong></span> <span class='ocrx_word' id='word_1_427' title='bbox 3105 2985 3187 3041; x_wconf 70' lang='lat' dir='ltr'><strong>his</strong></span> <span class='ocrx_word' id='word_1_428' title='bbox 3219 3003 3347 3057; x_wconf 81' lang='lat' dir='ltr'><strong>ergo</strong></span> <span class='ocrx_word' id='word_1_429' title='bbox 3369 3001 3460 3041; x_wconf 87' lang='lat' dir='ltr'><strong>sa-</strong></span> 
     </span>
    </p>
   </div>
   <div class='ocr_carea' id='block_1_60' title="bbox 1857 3077 3462 3152">
    <p class='ocr_par' dir='ltr' id='par_1_60' title="bbox 1857 3077 3462 3152">
     <span class='ocr_line' id='line_1_60' title="bbox 1857 3077 3462 3152; baseline -0.001 -17"><span class='ocrx_word' id='word_1_430' title='bbox 1857 3097 1984 3152; x_wconf 86' lang='lat' dir='ltr'><strong>pere</strong></span> <span class='ocrx_word' id='word_1_431' title='bbox 2011 3080 2304 3140; x_wconf 87' lang='lat' dir='ltr'><strong>discemus.</strong></span> <span class='ocrx_word' id='word_1_432' title='bbox 2333 3094 2470 3148; x_wconf 85' lang='lat' dir='ltr'><strong>quos</strong></span> <span class='ocrx_word' id='word_1_433' title='bbox 2496 3093 2525 3132; x_wconf 92' lang='lat' dir='ltr'><strong>a</strong></span> <span class='ocrx_word' id='word_1_434' title='bbox 2557 3077 2857 3147; x_wconf 88' lang='lat' dir='ltr'><strong>pecudibus</strong></span> <span class='ocrx_word' id='word_1_435' title='bbox 2881 3093 2943 3131; x_wconf 85' lang='lat' dir='ltr'><strong>ac</strong></span> <span class='ocrx_word' id='word_1_436' title='bbox 2965 3077 3177 3143; x_wconf 82' lang='lat' dir='ltr'><strong>belluis,</strong></span> <span class='ocrx_word' id='word_1_437' title='bbox 3206 3095 3312 3134; x_wconf 87' lang='lat' dir='ltr'><strong>non</strong></span> <span class='ocrx_word' id='word_1_438' title='bbox 3336 3094 3462 3134; x_wconf 85' lang='lat' dir='ltr'><strong>sen-</strong></span> 
     </span>
    </p>
   </div>
   <div class='ocr_carea' id='block_1_61' title="bbox 169 3166 3462 3247">
    <p class='ocr_par' dir='ltr' id='par_1_61' title="bbox 169 3166 3462 3247">
     <span class='ocr_line' id='line_1_61' title="bbox 169 3166 3462 3247; baseline -0 -17"><span class='ocrx_word' id='word_1_439' title='bbox 169 3183 240 3230; x_wconf 80' lang='lat' dir='ltr'><strong>est</strong></span> <span class='ocrx_word' id='word_1_440' title='bbox 276 3175 561 3247; x_wconf 86' lang='lat' dir='ltr'><strong>unicuique</strong></span> <span class='ocrx_word' id='word_1_441' title='bbox 613 3173 794 3246; x_wconf 84' lang='lat' dir='ltr'><strong>generi</strong></span> <span class='ocrx_word' id='word_1_442' title='bbox 842 3173 1144 3244; x_wconf 87' lang='lat' dir='ltr'><strong>proprium.</strong></span> <span class='ocrx_word' id='word_1_443' title='bbox 1191 3170 1420 3241; x_wconf 83' lang='lat' dir='ltr'><strong>Sapiens</strong></span> <span class='ocrx_word' id='word_1_444' title='bbox 1461 3185 1592 3240; x_wconf 87' lang='lat' dir='ltr'><strong>ergo</strong></span> <span class='ocrx_word' id='word_1_445' title='bbox 1643 3186 1751 3231; x_wconf 89' lang='lat' dir='ltr'><strong>non</strong></span> <span class='ocrx_word' id='word_1_446' title='bbox 1781 3166 1827 3230; x_wconf 82' lang='lat' dir='ltr'>C</span> <span class='ocrx_word' id='word_1_447' title='bbox 1861 3174 2026 3230; x_wconf 85' lang='lat' dir='ltr'><strong>tentia</strong></span> <span class='ocrx_word' id='word_1_448' title='bbox 2053 3214 2067 3238; x_wconf 89' lang='lat'><strong>,</strong></span> <span class='ocrx_word' id='word_1_449' title='bbox 2114 3171 2214 3228; x_wconf 90' lang='lat' dir='ltr'><strong>sed</strong></span> <span class='ocrx_word' id='word_1_450' title='bbox 2266 3170 2443 3242; x_wconf 87' lang='lat' dir='ltr'><strong>lingua</strong></span> <span class='ocrx_word' id='word_1_451' title='bbox 2496 3169 2792 3226; x_wconf 90' lang='lat' dir='ltr'><strong>discernit?</strong></span> <span class='ocrx_word' id='word_1_452' title='bbox 2847 3169 3211 3228; x_wconf 85' lang='lat' dir='ltr'><strong>Privatiouem</strong></span> <span class='ocrx_word' id='word_1_453' title='bbox 3255 3172 3462 3230; x_wconf 88' lang='lat' dir='ltr'><strong>doloris</strong></span> 
     </span>
    </p>
   </div>
   <div class='ocr_carea' id='block_1_62' title="bbox 1507 3286 2149 3348">
    <p class='ocr_par' dir='ltr' id='par_1_62' title="bbox 1507 3286 2149 3348">
     <span class='ocr_line' id='line_1_62' title="bbox 1507 3286 2149 3348; baseline 0.008 -6"><span class='ocrx_word' id='word_1_454' title='bbox 1507 3286 1874 3348; x_wconf 78' lang='lat' dir='ltr'><strong>VARIOIIUM</strong></span> <span class='ocrx_word' id='word_1_455' title='bbox 1912 3289 2122 3347; x_wconf 64' lang='lat' dir='ltr'><strong>NOTAE</strong></span> <span class='ocrx_word' id='word_1_456' title='bbox 2135 3333 2149 3346; x_wconf 93' lang='lat'><strong>.</strong></span> 
     </span>
    </p>
   </div>
   <div class='ocr_carea' id='block_1_63' title="bbox 237 3409 1744 3477">
    <p class='ocr_par' dir='ltr' id='par_1_63' title="bbox 237 3409 1744 3477">
     <span class='ocr_line' id='line_1_63' title="bbox 237 3409 1744 3477; baseline -0.004 -4"><span class='ocrx_word' id='word_1_457' title='bbox 237 3418 528 3473; x_wconf 81' lang='lat' dir='ltr'><strong>Veniamus.</strong></span> <span class='ocrx_word' id='word_1_458' title='bbox 579 3416 655 3470; x_wconf 82' lang='lat' dir='ltr'><strong>Ex</strong></span> <span class='ocrx_word' id='word_1_459' title='bbox 696 3431 827 3470; x_wconf 89' lang='lat' dir='ltr'><strong>mss.</strong></span> <span class='ocrx_word' id='word_1_460' title='bbox 862 3423 916 3470; x_wconf 86' lang='lat' dir='ltr'><strong>et</strong></span> <span class='ocrx_word' id='word_1_461' title='bbox 965 3412 1148 3468; x_wconf 90' lang='lat' dir='ltr'><strong>multis</strong></span> <span class='ocrx_word' id='word_1_462' title='bbox 1204 3409 1365 3466; x_wconf 90' lang='lat' dir='ltr'><strong>editis</strong></span> <span class='ocrx_word' id='word_1_463' title='bbox 1406 3411 1654 3477; x_wconf 76' lang='lat' dir='ltr'><strong>restitui;</strong></span> <span class='ocrx_word' id='word_1_464' title='bbox 1691 3413 1744 3467; x_wconf 93' lang='lat' dir='ltr'><strong>in</strong></span> 
     </span>
    </p>
   </div>
   <div class='ocr_carea' id='block_1_64' title="bbox 171 3489 803 3545">
    <p class='ocr_par' dir='ltr' id='par_1_64' title="bbox 171 3489 803 3545">
     <span class='ocr_line' id='line_1_64' title="bbox 171 3489 803 3545; baseline -0.009 0"><span class='ocrx_word' id='word_1_465' title='bbox 171 3493 418 3545; x_wconf 85' lang='lat' dir='ltr'><strong>nonnullis</strong></span> <span class='ocrx_word' id='word_1_466' title='bbox 443 3499 534 3545; x_wconf 73' lang='lat' dir='ltr'><strong>est</strong></span> <span class='ocrx_word' id='word_1_467' title='bbox 557 3489 803 3542; x_wconf 84' lang='lat' dir='ltr'><strong>uenimus.</strong></span> 
     </span>
    </p>
   </div>
   <div class='ocr_carea' id='block_1_65' title="bbox 234 3553 1740 3628">
    <p class='ocr_par' dir='ltr' id='par_1_65' title="bbox 234 3553 1740 3628">
     <span class='ocr_line' id='line_1_65' title="bbox 234 3553 1740 3628; baseline -0.003 -13"><span class='ocrx_word' id='word_1_468' title='bbox 234 3563 339 3628; x_wconf 73' lang='lat' dir='ltr'><strong>Qui.</strong></span> <span class='ocrx_word' id='word_1_469' title='bbox 369 3560 571 3619; x_wconf 86' lang='lat' dir='ltr'><strong>Addidi</strong></span> <span class='ocrx_word' id='word_1_470' title='bbox 615 3575 680 3614; x_wconf 77' lang='lat' dir='ltr'><strong>ex</strong></span> <span class='ocrx_word' id='word_1_471' title='bbox 729 3555 1023 3627; x_wconf 89' lang='lat' dir='ltr'><strong>potioribus</strong></span> <span class='ocrx_word' id='word_1_472' title='bbox 1067 3565 1121 3612; x_wconf 90' lang='lat' dir='ltr'><strong>et</strong></span> <span class='ocrx_word' id='word_1_473' title='bbox 1167 3553 1393 3628; x_wconf 85' lang='lat' dir='ltr'><strong>vetustis</strong></span> <span class='ocrx_word' id='word_1_474' title='bbox 1439 3569 1570 3628; x_wconf 86' lang='lat' dir='ltr'><strong>mss.</strong></span> <span class='ocrx_word' id='word_1_475' title='bbox 1607 3553 1740 3626; x_wconf 78' lang='lat' dir='ltr'><strong>Reg.</strong></span> 
     </span>
    </p>
   </div>
   <div class='ocr_carea' id='block_1_66' title="bbox 173 3626 1740 3699">
    <p class='ocr_par' dir='ltr' id='par_1_66' title="bbox 173 3626 1740 3699">
     <span class='ocr_line' id='line_1_66' title="bbox 173 3626 1740 3699; baseline -0.004 -10"><span class='ocrx_word' id='word_1_476' title='bbox 173 3626 390 3699; x_wconf 60' lang='lat' dir='ltr'><strong>aliiane,</strong></span> <span class='ocrx_word' id='word_1_477' title='bbox 413 3645 468 3689; x_wconf 89' lang='lat' dir='ltr'><strong>et</strong></span> <span class='ocrx_word' id='word_1_478' title='bbox 495 3632 660 3686; x_wconf 83' lang='lat' dir='ltr'><strong>editis</strong></span> <span class='ocrx_word' id='word_1_479' title='bbox 686 3626 872 3686; x_wconf 85' lang='lat' dir='ltr'><strong>decem</strong></span> <span class='ocrx_word' id='word_1_480' title='bbox 906 3647 918 3683; x_wconf 90' lang='lat'>:</span> <span class='ocrx_word' id='word_1_481' title='bbox 949 3630 1003 3683; x_wconf 90' lang='lat' dir='ltr'><strong>iu</strong></span> <span class='ocrx_word' id='word_1_482' title='bbox 1044 3627 1322 3683; x_wconf 87' lang='lat' dir='ltr'><strong>nonnullis</strong></span> <span class='ocrx_word' id='word_1_483' title='bbox 1363 3626 1652 3694; x_wconf 86' lang='lat' dir='ltr'><strong>omissum,</strong></span> <span class='ocrx_word' id='word_1_484' title='bbox 1688 3630 1740 3684; x_wconf 89' lang='lat' dir='ltr'><strong>in</strong></span> 
     </span>
    </p>
   </div>
   <div class='ocr_carea' id='block_1_67' title="bbox 173 3705 656 3776">
    <p class='ocr_par' dir='ltr' id='par_1_67' title="bbox 173 3705 656 3776">
     <span class='ocr_line' id='line_1_67' title="bbox 173 3705 656 3776; baseline -0.008 -17"><span class='ocrx_word' id='word_1_485' title='bbox 173 3705 391 3776; x_wconf 86' lang='lat' dir='ltr'><strong>pluribus</strong></span> <span class='ocrx_word' id='word_1_486' title='bbox 403 3717 479 3759; x_wconf 87' lang='lat' dir='ltr'><strong>est</strong></span> <span class='ocrx_word' id='word_1_487' title='bbox 511 3705 656 3776; x_wconf 81' lang='lat' dir='ltr'><strong>quid.</strong></span> 
     </span>
    </p>
   </div>
   <div class='ocr_carea' id='block_1_68' title="bbox 233 3769 1743 3846">
    <p class='ocr_par' dir='ltr' id='par_1_68' title="bbox 233 3769 1743 3846">
     <span class='ocr_line' id='line_1_68' title="bbox 233 3769 1743 3846; baseline -0.005 -15"><span class='ocrx_word' id='word_1_488' title='bbox 233 3777 336 3832; x_wconf 77' lang='lat' dir='ltr'><strong>Nos</strong></span> <span class='ocrx_word' id='word_1_489' title='bbox 364 3769 538 3846; x_wconf 52' lang='lat' dir='ltr'><strong>pallio&#39;</strong></span> <span class='ocrx_word' id='word_1_490' title='bbox 556 3774 799 3828; x_wconf 86' lang='lat' dir='ltr'><strong>retrahat.</strong></span> <span class='ocrx_word' id='word_1_491' title='bbox 832 3772 1066 3846; x_wconf 77' lang='lat' dir='ltr'><strong>Isidorus</strong></span> <span class='ocrx_word' id='word_1_492' title='bbox 1101 3771 1302 3826; x_wconf 86' lang='lat' dir='ltr'><strong>dictum</strong></span> <span class='ocrx_word' id='word_1_493' title='bbox 1331 3779 1483 3846; x_wconf 74' lang='lat' dir='ltr'><strong>putat</strong></span> <span class='ocrx_word' id='word_1_494' title='bbox 1513 3769 1743 3824; x_wconf 83' lang='lat' dir='ltr'><strong>Pallium</strong></span> 
     </span>
    </p>
   </div>
   <div class='ocr_carea' id='block_1_69' title="bbox 173 3842 1742 3918">
    <p class='ocr_par' dir='ltr' id='par_1_69' title="bbox 173 3842 1742 3918">
     <span class='ocr_line' id='line_1_69' title="bbox 173 3842 1742 3918; baseline -0.004 -16"><span class='ocrx_word' id='word_1_495' title='bbox 173 3865 199 3902; x_wconf 81' lang='grc' dir='ltr'><strong><em>(ι</em></strong></span> <span class='ocrx_word' id='word_1_496' title='bbox 224 3842 440 3916; x_wconf 79' lang='lat' dir='ltr'><strong>pellibus.</strong></span> <span class='ocrx_word' id='word_1_497' title='bbox 469 3852 594 3918; x_wconf 76' lang='lat' dir='ltr'><strong>quia</strong></span> <span class='ocrx_word' id='word_1_498' title='bbox 621 3849 762 3916; x_wconf 84' lang='lat' dir='ltr'><strong>prius</strong></span> <span class='ocrx_word' id='word_1_499' title='bbox 792 3862 942 3916; x_wconf 80' lang='lat' dir='ltr'><strong>super</strong></span> <span class='ocrx_word' id='word_1_500' title='bbox 967 3845 1264 3918; x_wconf 84' lang='lat' dir='ltr'><strong>indumento</strong></span> <span class='ocrx_word' id='word_1_501' title='bbox 1307 3842 1516 3918; x_wconf 80' lang='lat' dir='ltr'><strong>pellicea</strong></span> <span class='ocrx_word' id='word_1_502' title='bbox 1557 3854 1742 3918; x_wconf 73' lang='lat' dir='ltr'><strong>ueteres</strong></span> 
     </span>
    </p>
   </div>
   <div class='ocr_carea' id='block_1_70' title="bbox 173 3913 1743 3987">
    <p class='ocr_par' dir='ltr' id='par_1_70' title="bbox 173 3913 1743 3987">
     <span class='ocr_line' id='line_1_70' title="bbox 173 3913 1743 3987; baseline -0.005 -14"><span class='ocrx_word' id='word_1_503' title='bbox 173 3913 512 3978; x_wconf 66' lang='lat' dir='ltr'><strong>induebamur,</strong></span> <span class='ocrx_word' id='word_1_504' title='bbox 548 3913 690 3987; x_wconf 79' lang='lat' dir='ltr'><strong>quasi</strong></span> <span class='ocrx_word' id='word_1_505' title='bbox 730 3913 909 3982; x_wconf 65' lang='lat' dir='ltr'><strong>uellera,</strong></span> <span class='ocrx_word' id='word_1_506' title='bbox 947 3919 1048 3971; x_wconf 81' lang='lat' dir='ltr'><strong>sive</strong></span> <span class='ocrx_word' id='word_1_507' title='bbox 1079 3934 1108 3968; x_wconf 90' lang='lat' dir='ltr'><strong>a</strong></span> <span class='ocrx_word' id='word_1_508' title='bbox 1139 3916 1313 3987; x_wconf 69' lang='lat' dir='ltr'><strong>palla,</strong></span> <span class='ocrx_word' id='word_1_509' title='bbox 1340 3913 1743 3987; x_wconf 65' lang='lat' dir='ltr'><strong>perderivatio-</strong></span> 
     </span>
    </p>
   </div>
   <div class='ocr_carea' id='block_1_71' title="bbox 174 3984 1740 4058">
    <p class='ocr_par' dir='ltr' id='par_1_71' title="bbox 174 3984 1740 4058">
     <span class='ocr_line' id='line_1_71' title="bbox 174 3984 1740 4058; baseline -0.006 -13"><span class='ocrx_word' id='word_1_510' title='bbox 174 4008 286 4046; x_wconf 78' lang='lat' dir='ltr'><strong>nem.</strong></span> <span class='ocrx_word' id='word_1_511' title='bbox 314 3984 764 4058; x_wconf 75' lang='lat' dir='ltr'><strong>Philasophurum</strong></span> <span class='ocrx_word' id='word_1_512' title='bbox 794 3989 1006 4057; x_wconf 83' lang='lat' dir='ltr'><strong>pr0priu</strong></span> <span class='ocrx_word' id='word_1_513' title='bbox 1042 3988 1156 4041; x_wconf 67' lang='lat' dir='ltr'><strong>haec</strong></span> <span class='ocrx_word' id='word_1_514' title='bbox 1183 3984 1499 4058; x_wconf 71' lang='lat' dir='ltr'><strong>vestisfuit,</strong></span> <span class='ocrx_word' id='word_1_515' title='bbox 1546 3995 1600 4058; x_wconf 90' lang='lat' dir='ltr'><strong>nt</strong></span> <span class='ocrx_word' id='word_1_516' title='bbox 1643 4001 1740 4052; x_wconf 77' lang='lat' dir='ltr'><strong>ap-</strong></span> 
     </span>
    </p>
   </div>
   <div class='ocr_carea' id='block_1_72' title="bbox 174 4056 1736 4131">
    <p class='ocr_par' dir='ltr' id='par_1_72' title="bbox 174 4056 1736 4131">
     <span class='ocr_line' id='line_1_72' title="bbox 174 4056 1736 4131; baseline -0.005 -15"><span class='ocrx_word' id='word_1_517' title='bbox 174 4074 304 4131; x_wconf 88' lang='lat' dir='ltr'><strong>paret</strong></span> <span class='ocrx_word' id='word_1_518' title='bbox 342 4081 403 4117; x_wconf 83' lang='lat' dir='ltr'><strong>ex</strong></span> <span class='ocrx_word' id='word_1_519' title='bbox 433 4056 586 4117; x_wconf 78' lang='lat' dir='ltr'><strong>dicto</strong></span> <span class='ocrx_word' id='word_1_520' title='bbox 630 4056 854 4115; x_wconf 88' lang='lat' dir='ltr'><strong>llerodis</strong></span> <span class='ocrx_word' id='word_1_521' title='bbox 884 4059 1044 4114; x_wconf 76' lang='lat' dir='ltr'><strong>Attici</strong></span> <span class='ocrx_word' id='word_1_522' title='bbox 1084 4058 1225 4124; x_wconf 86' lang='lat' dir='ltr'><strong>apud</strong></span> <span class='ocrx_word' id='word_1_523' title='bbox 1261 4056 1490 4131; x_wconf 79' lang='lat' dir='ltr'><strong>Gellium</strong></span> <span class='ocrx_word' id='word_1_524' title='bbox 1523 4057 1613 4109; x_wconf 92' lang='lat' dir='ltr'><strong>lih.</strong></span> <span class='ocrx_word' id='word_1_525' title='bbox 1639 4072 1691 4110; x_wconf 73' lang='grc' dir='ltr'><strong>ιι</strong></span> <span class='ocrx_word' id='word_1_526' title='bbox 1725 4073 1736 4108; x_wconf 92' lang='lat'>:</span> 
     </span>
    </p>
   </div>
   <div class='ocr_carea' id='block_1_73' title="bbox 185 4128 1741 4203">
    <p class='ocr_par' dir='ltr' id='par_1_73' title="bbox 185 4128 1741 4203">
     <span class='ocr_line' id='line_1_73' title="bbox 185 4128 1741 4203; baseline -0.004 -16"><span class='ocrx_word' id='word_1_527' title='bbox 185 4134 338 4199; x_wconf 78' lang='lat' dir='ltr'><strong>Video,</strong></span> <span class='ocrx_word' id='word_1_528' title='bbox 383 4135 582 4203; x_wconf 88' lang='lat' dir='ltr'><strong>inquit,</strong></span> <span class='ocrx_word' id='word_1_529' title='bbox 628 4134 833 4186; x_wconf 85' lang='lat' dir='ltr'><strong>barbam</strong></span> <span class='ocrx_word' id='word_1_530' title='bbox 873 4142 920 4185; x_wconf 89' lang='lat' dir='ltr'><strong>et</strong></span> <span class='ocrx_word' id='word_1_531' title='bbox 960 4131 1196 4199; x_wconf 81' lang='lat' dir='ltr'><strong>pallium,</strong></span> <span class='ocrx_word' id='word_1_532' title='bbox 1231 4128 1741 4203; x_wconf 81' lang='lat' dir='ltr'><strong>phi_losOphum__non</strong></span> 
     </span>
    </p>
   </div>
   <div class='ocr_carea' id='block_1_74' title="bbox 173 4199 1740 4274">
    <p class='ocr_par' dir='ltr' id='par_1_74' title="bbox 173 4199 1740 4274">
     <span class='ocr_line' id='line_1_74' title="bbox 173 4199 1740 4274; baseline -0.003 -16"><span class='ocrx_word' id='word_1_533' title='bbox 173 4207 315 4260; x_wconf 72' lang='lat' dir='ltr'><strong>uideo.</strong></span> <span class='ocrx_word' id='word_1_534' title='bbox 341 4199 497 4274; x_wconf 74' lang='lat' dir='ltr'><strong>Apud</strong></span> <span class='ocrx_word' id='word_1_535' title='bbox 528 4204 744 4261; x_wconf 73' lang='lat' dir='ltr'><strong>Grarcos</strong></span> <span class='ocrx_word' id='word_1_536' title='bbox 771 4205 933 4258; x_wconf 86' lang='lat' dir='ltr'><strong>etiam</strong></span> <span class='ocrx_word' id='word_1_537' title='bbox 965 4204 1015 4256; x_wconf 92' lang='lat' dir='ltr'><strong>in</strong></span> <span class='ocrx_word' id='word_1_538' title='bbox 1049 4218 1145 4255; x_wconf 81' lang='lat' dir='ltr'><strong>usu</strong></span> <span class='ocrx_word' id='word_1_539' title='bbox 1171 4200 1436 4274; x_wconf 72' lang='lat' dir='ltr'><strong>praecipue</strong></span> <span class='ocrx_word' id='word_1_540' title='bbox 1463 4199 1740 4274; x_wconf 32' lang='lat' dir='ltr'><strong>t&#39;uitalliuc</strong></span> 
     </span>
    </p>
   </div>
   <div class='ocr_carea' id='block_1_75' title="bbox 175 4271 1738 4345">
    <p class='ocr_par' dir='ltr' id='par_1_75' title="bbox 175 4271 1738 4345">
     <span class='ocr_line' id='line_1_75' title="bbox 175 4271 1738 4345; baseline -0.005 -15"><span class='ocrx_word' id='word_1_541' title='bbox 175 4279 352 4345; x_wconf 83' lang='lat' dir='ltr'><strong>palliati</strong></span> <span class='ocrx_word' id='word_1_542' title='bbox 379 4271 669 4332; x_wconf 65' lang='lat' dir='ltr'><strong>sarriuntur</strong></span> <span class='ocrx_word' id='word_1_543' title='bbox 701 4292 794 4345; x_wconf 90' lang='lat' dir='ltr'><strong>pro</strong></span> <span class='ocrx_word' id='word_1_544' title='bbox 833 4275 1054 4338; x_wconf 67' lang='lat' dir='ltr'><strong>(ira-cis,</strong></span> <span class='ocrx_word' id='word_1_545' title='bbox 1084 4274 1222 4327; x_wconf 87' lang='lat' dir='ltr'><strong>sient</strong></span> <span class='ocrx_word' id='word_1_546' title='bbox 1253 4287 1347 4341; x_wconf 88' lang='lat' dir='ltr'><strong>pro</strong></span> <span class='ocrx_word' id='word_1_547' title='bbox 1379 4271 1738 4345; x_wconf 49' lang='lat' dir='ltr'><strong>“inlaudato-</strong></span> 
     </span>
    </p>
   </div>
   <div class='ocr_carea' id='block_1_76' title="bbox 173 4341 1734 4428">
    <p class='ocr_par' dir='ltr' id='par_1_76' title="bbox 173 4341 1734 4428">
     <span class='ocr_line' id='line_1_76' title="bbox 173 4341 1734 4428; baseline -0.003 -28"><span class='ocrx_word' id='word_1_548' title='bbox 173 4341 282 4428; x_wconf 72' lang='lat' dir='ltr'><strong>gati.</strong></span> <span class='ocrx_word' id='word_1_549' title='bbox 337 4351 498 4428; x_wconf 60' lang='lat' dir='ltr'><strong>[liene</strong></span> <span class='ocrx_word' id='word_1_550' title='bbox 558 4341 838 4428; x_wconf 37' lang='lat' dir='ltr'><strong>par-opturet!</strong></span> <span class='ocrx_word' id='word_1_551' title='bbox 876 4346 1067 4402; x_wconf 61' lang='lat' dir='ltr'><strong>fabnlte</strong></span> <span class='ocrx_word' id='word_1_552' title='bbox 1114 4345 1388 4428; x_wconf 48' lang='lat' dir='ltr'><strong>palliatae‘,</strong></span> <span class='ocrx_word' id='word_1_553' title='bbox 1448 4341 1528 4428; x_wconf 50' lang='lat' dir='ltr'><strong>in&quot;</strong></span> <span class='ocrx_word' id='word_1_554' title='bbox 1543 4341 1734 4424; x_wconf 74' lang='lat' dir='ltr'><strong>quibus</strong></span> 
     </span>
    </p>
   </div>
   <div class='ocr_carea' id='block_1_77' title="bbox 1852 3407 3452 3479">
    <p class='ocr_par' dir='ltr' id='par_1_77' title="bbox 1852 3407 3452 3479">
     <span class='ocr_line' id='line_1_77' title="bbox 1852 3407 3452 3479; baseline -0.003 -10"><span class='ocrx_word' id='word_1_555' title='bbox 1852 3423 1958 3478; x_wconf 89' lang='lat' dir='ltr'><strong>tur,</strong></span> <span class='ocrx_word' id='word_1_556' title='bbox 2008 3413 2102 3468; x_wconf 84' lang='lat' dir='ltr'><strong>sed</strong></span> <span class='ocrx_word' id='word_1_557' title='bbox 2152 3411 2219 3467; x_wconf 88' lang='lat' dir='ltr'><strong>de</strong></span> <span class='ocrx_word' id='word_1_558' title='bbox 2256 3410 2562 3466; x_wconf 70' lang='lat' dir='ltr'><strong>hominibus</strong></span> <span class='ocrx_word' id='word_1_559' title='bbox 2599 3409 2954 3464; x_wconf 86' lang='lat' dir='ltr'><strong>contentiosis</strong></span> <span class='ocrx_word' id='word_1_560' title='bbox 2989 3416 3045 3464; x_wconf 91' lang='lat' dir='ltr'><strong>et</strong></span> <span class='ocrx_word' id='word_1_561' title='bbox 3071 3407 3452 3479; x_wconf 83' lang='lat' dir='ltr'><strong>litigatoribus.</strong></span> 
     </span>
    </p>
   </div>
   <div class='ocr_carea' id='block_1_78' title="bbox 1923 3480 3455 3552">
    <p class='ocr_par' dir='ltr' id='par_1_78' title="bbox 1923 3480 3455 3552">
     <span class='ocr_line' id='line_1_78' title="bbox 1923 3480 3455 3552; baseline -0.003 -12"><span class='ocrx_word' id='word_1_562' title='bbox 1923 3485 2239 3551; x_wconf 64' lang='lat' dir='ltr'><strong>Sapientia?</strong></span> <span class='ocrx_word' id='word_1_563' title='bbox 2266 3499 2395 3550; x_wconf 67' lang='lat' dir='ltr'><strong>quae.</strong></span> <span class='ocrx_word' id='word_1_564' title='bbox 2423 3482 2512 3539; x_wconf 89' lang='lat' dir='ltr'><strong>Sic</strong></span> <span class='ocrx_word' id='word_1_565' title='bbox 2545 3482 2759 3552; x_wconf 88' lang='lat' dir='ltr'><strong>reposui</strong></span> <span class='ocrx_word' id='word_1_566' title='bbox 2790 3497 2853 3535; x_wconf 82' lang='lat' dir='ltr'><strong>ex</strong></span> <span class='ocrx_word' id='word_1_567' title='bbox 2883 3495 3012 3552; x_wconf 86' lang='lat' dir='ltr'><strong>mss.</strong></span> <span class='ocrx_word' id='word_1_568' title='bbox 3041 3484 3072 3532; x_wconf 78' lang='lat' dir='ltr'><strong>ti</strong></span> <span class='ocrx_word' id='word_1_569' title='bbox 3103 3480 3329 3552; x_wconf 46' lang='lat' dir='ltr'><strong>Regni</strong></span> <span class='ocrx_word' id='word_1_570' title='bbox 3351 3483 3455 3537; x_wconf 88' lang='lat' dir='ltr'><strong>Bo-</strong></span> 
     </span>
    </p>
   </div>
   <div class='ocr_carea' id='block_1_79' title="bbox 1849 3549 3450 3621">
    <p class='ocr_par' dir='ltr' id='par_1_79' title="bbox 1849 3549 3450 3621">
     <span class='ocr_line' id='line_1_79' title="bbox 1849 3549 3450 3621; baseline -0.002 -9"><span class='ocrx_word' id='word_1_571' title='bbox 1849 3549 2008 3619; x_wconf 59' lang='lat' dir='ltr'><strong>non.,</strong></span> <span class='ocrx_word' id='word_1_572' title='bbox 2029 3549 2287 3620; x_wconf 83' lang='lat' dir='ltr'><strong>Cauc.,et</strong></span> <span class='ocrx_word' id='word_1_573' title='bbox 2323 3555 2379 3608; x_wconf 84' lang='lat' dir='ltr'><strong>ll</strong></span> <span class='ocrx_word' id='word_1_574' title='bbox 2409 3555 2530 3607; x_wconf 89' lang='lat' dir='ltr'><strong>aliis</strong></span> <span class='ocrx_word' id='word_1_575' title='bbox 2559 3549 2621 3605; x_wconf 80' lang='lat' dir='ltr'><strong>ac</strong></span> <span class='ocrx_word' id='word_1_576' title='bbox 2649 3553 2878 3621; x_wconf 86' lang='lat' dir='ltr'><strong>vulgatis</strong></span> <span class='ocrx_word' id='word_1_577' title='bbox 2913 3551 3140 3605; x_wconf 87' lang='lat' dir='ltr'><strong>Tornes.</strong></span> <span class='ocrx_word' id='word_1_578' title='bbox 3162 3563 3218 3608; x_wconf 89' lang='lat' dir='ltr'><strong>et</strong></span> <span class='ocrx_word' id='word_1_579' title='bbox 3235 3549 3450 3610; x_wconf 79' lang='lat' dir='ltr'><strong>Walcb.</strong></span> 
     </span>
    </p>
   </div>
   <div class='ocr_carea' id='block_1_80' title="bbox 1847 3624 2986 3697">
    <p class='ocr_par' dir='ltr' id='par_1_80' title="bbox 1847 3624 2986 3697">
     <span class='ocr_line' id='line_1_80' title="bbox 1847 3624 2986 3697; baseline -0.008 -12"><span class='ocrx_word' id='word_1_580' title='bbox 1847 3630 1905 3686; x_wconf 91' lang='lat' dir='ltr'><strong>In</strong></span> <span class='ocrx_word' id='word_1_581' title='bbox 1950 3633 1984 3685; x_wconf 73' lang='grc'><strong>4</strong></span> <span class='ocrx_word' id='word_1_582' title='bbox 2027 3629 2244 3697; x_wconf 78' lang='lat' dir='ltr'><strong>scriptis</strong></span> <span class='ocrx_word' id='word_1_583' title='bbox 2276 3642 2410 3688; x_wconf 87' lang='lat' dir='ltr'><strong>rec.,</strong></span> <span class='ocrx_word' id='word_1_584' title='bbox 2437 3637 2490 3680; x_wconf 90' lang='lat' dir='ltr'><strong>et</strong></span> <span class='ocrx_word' id='word_1_585' title='bbox 2526 3624 2986 3697; x_wconf 69' lang='lat' dir='ltr'><strong>10t2scitsis,gui.</strong></span> 
     </span>
    </p>
   </div>
   <div class='ocr_carea' id='block_1_81' title="bbox 1924 3693 3453 3767">
    <p class='ocr_par' dir='ltr' id='par_1_81' title="bbox 1924 3693 3453 3767">
     <span class='ocr_line' id='line_1_81' title="bbox 1924 3693 3453 3767; baseline 0 -12"><span class='ocrx_word' id='word_1_586' title='bbox 1924 3702 2050 3758; x_wconf 65' lang='lat' dir='ltr'><strong>Haec</strong></span> <span class='ocrx_word' id='word_1_587' title='bbox 2078 3693 2186 3756; x_wconf 74' lang='lat' dir='ltr'><strong>nos.</strong></span> <span class='ocrx_word' id='word_1_588' title='bbox 2223 3699 2368 3754; x_wconf 86' lang='lat' dir='ltr'><strong>Idem</strong></span> <span class='ocrx_word' id='word_1_589' title='bbox 2395 3712 2525 3752; x_wconf 91' lang='lat' dir='ltr'><strong>mss.</strong></span> <span class='ocrx_word' id='word_1_590' title='bbox 2547 3697 2636 3767; x_wconf 90' lang='lat' dir='ltr'><strong>qui</strong></span> <span class='ocrx_word' id='word_1_591' title='bbox 2667 3711 2847 3767; x_wconf 86' lang='lat' dir='ltr'><strong>supra.</strong></span> <span class='ocrx_word' id='word_1_592' title='bbox 2870 3695 2926 3750; x_wconf 92' lang='lat' dir='ltr'><strong>Iu</strong></span> <span class='ocrx_word' id='word_1_593' title='bbox 2961 3697 2984 3750; x_wconf 82' lang='grc'><strong>1</strong></span> <span class='ocrx_word' id='word_1_594' title='bbox 3021 3693 3153 3766; x_wconf 80' lang='lat' dir='ltr'><strong>Reg.</strong></span> <span class='ocrx_word' id='word_1_595' title='bbox 3186 3710 3296 3752; x_wconf 88' lang='lat' dir='ltr'><strong>rec.</strong></span> <span class='ocrx_word' id='word_1_596' title='bbox 3317 3706 3372 3754; x_wconf 84' lang='lat' dir='ltr'><strong>et</strong></span> <span class='ocrx_word' id='word_1_597' title='bbox 3400 3699 3453 3755; x_wconf 84' lang='lat' dir='ltr'><strong>in</strong></span> 
     </span>
    </p>
   </div>
   <div class='ocr_carea' id='block_1_82' title="bbox 1851 3772 2384 3843">
    <p class='ocr_par' dir='ltr' id='par_1_82' title="bbox 1851 3772 2384 3843">
     <span class='ocr_line' id='line_1_82' title="bbox 1851 3772 2384 3843; baseline -0.008 -16"><span class='ocrx_word' id='word_1_598' title='bbox 1851 3777 2105 3843; x_wconf 83' lang='lat' dir='ltr'><strong>vulgatis,</strong></span> <span class='ocrx_word' id='word_1_599' title='bbox 2139 3772 2241 3826; x_wconf 78' lang='lat' dir='ltr'><strong>llic</strong></span> <span class='ocrx_word' id='word_1_600' title='bbox 2273 3788 2384 3825; x_wconf 82' lang='lat' dir='ltr'><strong>nos.</strong></span> 
     </span>
    </p>
   </div>
   <div class='ocr_carea' id='block_1_83' title="bbox 1923 3838 3456 3910">
    <p class='ocr_par' dir='ltr' id='par_1_83' title="bbox 1923 3838 3456 3910">
     <span class='ocr_line' id='line_1_83' title="bbox 1923 3838 3456 3910; baseline -0.002 -8"><span class='ocrx_word' id='word_1_601' title='bbox 1923 3838 2126 3902; x_wconf 64' lang='lat' dir='ltr'><strong>Summi</strong></span> <span class='ocrx_word' id='word_1_602' title='bbox 2157 3845 2415 3898; x_wconf 86' lang='lat' dir='ltr'><strong>animalis.</strong></span> <span class='ocrx_word' id='word_1_603' title='bbox 2451 3839 2506 3898; x_wconf 87' lang='lat' dir='ltr'><strong>Id</strong></span> <span class='ocrx_word' id='word_1_604' title='bbox 2557 3849 2640 3894; x_wconf 86' lang='lat' dir='ltr'><strong>est</strong></span> <span class='ocrx_word' id='word_1_605' title='bbox 2673 3838 2941 3904; x_wconf 81' lang='lat' dir='ltr'><strong>hominis;</strong></span> <span class='ocrx_word' id='word_1_606' title='bbox 2984 3847 3146 3910; x_wconf 82' lang='lat' dir='ltr'><strong>atque</strong></span> <span class='ocrx_word' id='word_1_607' title='bbox 3176 3839 3228 3896; x_wconf 85' lang='lat' dir='ltr'><strong>in</strong></span> <span class='ocrx_word' id='word_1_608' title='bbox 3260 3855 3326 3897; x_wconf 92' lang='lat' dir='ltr'><strong>eo</strong></span> <span class='ocrx_word' id='word_1_609' title='bbox 3351 3857 3456 3900; x_wconf 55' lang='lat' dir='ltr'><strong>ex.</strong></span> 
     </span>
    </p>
   </div>
   <div class='ocr_carea' id='block_1_84' title="bbox 1847 3914 3378 3990">
    <p class='ocr_par' dir='ltr' id='par_1_84' title="bbox 1847 3914 3378 3990">
     <span class='ocr_line' id='line_1_84' title="bbox 1847 3914 3378 3990; baseline -0.003 -18"><span class='ocrx_word' id='word_1_610' title='bbox 1847 3919 2101 3990; x_wconf 86' lang='lat' dir='ltr'><strong>plicando</strong></span> <span class='ocrx_word' id='word_1_611' title='bbox 2131 3932 2344 3990; x_wconf 82' lang='lat' dir='ltr'><strong>summo</strong></span> <span class='ocrx_word' id='word_1_612' title='bbox 2377 3914 2517 3990; x_wconf 58' lang='lat' dir='ltr'><strong>[mtto</strong></span> <span class='ocrx_word' id='word_1_613' title='bbox 2542 3922 2711 3966; x_wconf 90' lang='lat' dir='ltr'><strong>totum</strong></span> <span class='ocrx_word' id='word_1_614' title='bbox 2739 3915 2840 3965; x_wconf 88' lang='lat' dir='ltr'><strong>hoc</strong></span> <span class='ocrx_word' id='word_1_615' title='bbox 2867 3919 3030 3982; x_wconf 85' lang='lat' dir='ltr'><strong>caput</strong></span> <span class='ocrx_word' id='word_1_616' title='bbox 3059 3926 3378 3983; x_wconf 85' lang='lat' dir='ltr'><strong>occupatur.</strong></span> 
     </span>
    </p>
   </div>
   <div class='ocr_carea' id='block_1_85' title="bbox 1922 3984 2700 4062">
    <p class='ocr_par' dir='ltr' id='par_1_85' title="bbox 1922 3984 2700 4062">
     <span class='ocr_line' id='line_1_85' title="bbox 1922 3984 2700 4062; baseline -0.013 -16"><span class='ocrx_word' id='word_1_617' title='bbox 1922 3991 2044 4047; x_wconf 87' lang='lat' dir='ltr'><strong>Non</strong></span> <span class='ocrx_word' id='word_1_618' title='bbox 2074 3996 2188 4062; x_wconf 80' lang='lat' dir='ltr'><strong>fuit.</strong></span> <span class='ocrx_word' id='word_1_619' title='bbox 2220 3989 2269 4043; x_wconf 68' lang='lat' dir='ltr'><strong>Is</strong></span> <span class='ocrx_word' id='word_1_620' title='bbox 2301 3996 2387 4062; x_wconf 78' lang='lat' dir='ltr'><strong>est</strong></span> <span class='ocrx_word' id='word_1_621' title='bbox 2415 3984 2700 4062; x_wconf 85' lang='lat' dir='ltr'><strong>Epicurus.</strong></span> 
     </span>
    </p>
   </div>
   <div class='ocr_carea' id='block_1_86' title="bbox 1921 4053 3455 4130">
    <p class='ocr_par' dir='ltr' id='par_1_86' title="bbox 1921 4053 3455 4130">
     <span class='ocr_line' id='line_1_86' title="bbox 1921 4053 3455 4130; baseline -0.009 -12"><span class='ocrx_word' id='word_1_622' title='bbox 1921 4053 2214 4118; x_wconf 78' lang='lat' dir='ltr'><strong>Communis</strong></span> <span class='ocrx_word' id='word_1_623' title='bbox 2245 4069 2337 4113; x_wconf 82' lang='lat' dir='ltr'><strong>est.</strong></span> <span class='ocrx_word' id='word_1_624' title='bbox 2372 4053 2653 4130; x_wconf 24' lang='lat' dir='ltr'><strong>lta’l’erunt</strong></span> <span class='ocrx_word' id='word_1_625' title='bbox 2679 4070 2870 4111; x_wconf 90' lang='lat' dir='ltr'><strong>omnes</strong></span> <span class='ocrx_word' id='word_1_626' title='bbox 2897 4053 3277 4130; x_wconf 81' lang='lat' dir='ltr'><strong>editi_et_mss.</strong></span> <span class='ocrx_word' id='word_1_627' title='bbox 3310 4074 3455 4130; x_wconf 59' lang='lat' dir='ltr'><strong>prae-</strong></span> 
     </span>
    </p>
   </div>
   <div class='ocr_carea' id='block_1_87' title="bbox 1846 4125 3457 4201">
    <p class='ocr_par' dir='ltr' id='par_1_87' title="bbox 1846 4125 3457 4201">
     <span class='ocr_line' id='line_1_87' title="bbox 1846 4125 3457 4201; baseline -0.003 -12"><span class='ocrx_word' id='word_1_628' title='bbox 1846 4142 1928 4189; x_wconf 87' lang='lat' dir='ltr'><strong>ter</strong></span> <span class='ocrx_word' id='word_1_629' title='bbox 1963 4136 1985 4189; x_wconf 87' lang='lat' dir='ltr'><strong>-l</strong></span> <span class='ocrx_word' id='word_1_630' title='bbox 2024 4136 2230 4189; x_wconf 83' lang='lat' dir='ltr'><strong>Bouon.</strong></span> <span class='ocrx_word' id='word_1_631' title='bbox 2266 4130 2458 4199; x_wconf 83' lang='lat' dir='ltr'><strong>nutiq.,</strong></span> <span class='ocrx_word' id='word_1_632' title='bbox 2495 4130 2519 4184; x_wconf 79' lang='grc' dir='ltr'>ί</span> <span class='ocrx_word' id='word_1_633' title='bbox 2566 4128 2697 4198; x_wconf 78' lang='lat' dir='ltr'><strong>Reg.</strong></span> <span class='ocrx_word' id='word_1_634' title='bbox 2730 4142 2843 4183; x_wconf 90' lang='lat' dir='ltr'><strong>rec.</strong></span> <span class='ocrx_word' id='word_1_635' title='bbox 2871 4138 2925 4183; x_wconf 87' lang='lat' dir='ltr'><strong>et</strong></span> <span class='ocrx_word' id='word_1_636' title='bbox 2959 4127 2985 4182; x_wconf 80' lang='grc'><strong>1</strong></span> <span class='ocrx_word' id='word_1_637' title='bbox 3026 4125 3206 4196; x_wconf 85' lang='lat' dir='ltr'><strong>Culb.,</strong></span> <span class='ocrx_word' id='word_1_638' title='bbox 3247 4125 3457 4201; x_wconf 46' lang='lat' dir='ltr'><strong>in&#39;qui-</strong></span> 
     </span>
    </p>
   </div>
   <div class='ocr_carea' id='block_1_88' title="bbox 1845 4206 2402 4273">
    <p class='ocr_par' dir='ltr' id='par_1_88' title="bbox 1845 4206 2402 4273">
     <span class='ocr_line' id='line_1_88' title="bbox 1845 4206 2402 4273; baseline -0.009 -14"><span class='ocrx_word' id='word_1_639' title='bbox 1845 4206 1946 4260; x_wconf 78' lang='lat' dir='ltr'><strong>bus</strong></span> <span class='ocrx_word' id='word_1_640' title='bbox 1975 4219 2050 4260; x_wconf 76' lang='lat' dir='ltr'><strong>est</strong></span> <span class='ocrx_word' id='word_1_641' title='bbox 2073 4249 2088 4273; x_wconf 89' lang='lat'><strong>,</strong></span> <span class='ocrx_word' id='word_1_642' title='bbox 2116 4220 2402 4260; x_wconf 81' lang='lat' dir='ltr'><strong>commune.</strong></span> 
     </span>
    </p>
   </div>
   <div class='ocr_carea' id='block_1_89' title="bbox 1920 4271 3457 4345">
    <p class='ocr_par' dir='ltr' id='par_1_89' title="bbox 1920 4271 3457 4345">
     <span class='ocr_line' id='line_1_89' title="bbox 1920 4271 3457 4345; baseline -0.001 -14"><span class='ocrx_word' id='word_1_643' title='bbox 1920 4271 2081 4344; x_wconf 82' lang='lat' dir='ltr'><strong>Quem</strong></span> <span class='ocrx_word' id='word_1_644' title='bbox 2108 4293 2306 4340; x_wconf 78' lang='lat' dir='ltr'><strong>semper</strong></span> <span class='ocrx_word' id='word_1_645' title='bbox 2336 4276 2388 4328; x_wconf 89' lang='lat' dir='ltr'><strong>in</strong></span> <span class='ocrx_word' id='word_1_646' title='bbox 2434 4271 2664 4339; x_wconf 83' lang='lat' dir='ltr'><strong>corporis</strong></span> <span class='ocrx_word' id='word_1_647' title='bbox 2695 4271 2982 4338; x_wconf 76' lang='lat' dir='ltr'><strong>voluptates</strong></span> <span class='ocrx_word' id='word_1_648' title='bbox 3025 4279 3274 4345; x_wconf 79' lang='lat' dir='ltr'><strong>ruentem.</strong></span> <span class='ocrx_word' id='word_1_649' title='bbox 3302 4272 3457 4345; x_wconf 85' lang='lat' dir='ltr'><strong>Legit</strong></span> 
     </span>
    </p>
   </div>
   <div class='ocr_carea' id='block_1_90' title="bbox 1845 4342 3454 4413">
    <p class='ocr_par' dir='ltr' id='par_1_90' title="bbox 1845 4342 3454 4413">
     <span class='ocr_line' id='line_1_90' title="bbox 1845 4342 3454 4413; baseline -0.002 -9"><span class='ocrx_word' id='word_1_650' title='bbox 1845 4342 2186 4406; x_wconf 64' lang='lat' dir='ltr'><strong>Eudemum:</strong></span> <span class='ocrx_word' id='word_1_651' title='bbox 2228 4348 2388 4413; x_wconf 80' lang='lat' dir='ltr'><strong>Quem</strong></span> <span class='ocrx_word' id='word_1_652' title='bbox 2433 4345 2664 4412; x_wconf 82' lang='lat' dir='ltr'><strong>corporis</strong></span> <span class='ocrx_word' id='word_1_653' title='bbox 2705 4360 2906 4413; x_wconf 79' lang='lat' dir='ltr'><strong>semper</strong></span> <span class='ocrx_word' id='word_1_654' title='bbox 2954 4342 3264 4411; x_wconf 82' lang='lat' dir='ltr'><strong>voluptatem</strong></span> <span class='ocrx_word' id='word_1_655' title='bbox 3307 4342 3454 4400; x_wconf 66' lang='lat' dir='ltr'><strong>tuen-</strong></span> 
     </span>
    </p>
   </div>
   <div class='ocr_carea' id='block_1_91' title="bbox 175 4413 3458 4492">
    <p class='ocr_par' dir='ltr' id='par_1_91' title="bbox 175 4413 3458 4492">
     <span class='ocr_line' id='line_1_91' title="bbox 175 4413 3458 4492; baseline -0.002 -20"><span class='ocrx_word' id='word_1_656' title='bbox 175 4413 766 4492; x_wconf 29' lang='lat' dir='ltr'><strong>inducebantur&#39;Grzrci,</strong></span> <span class='ocrx_word' id='word_1_657' title='bbox 795 4418 942 4492; x_wconf 78' lang='lat' dir='ltr'><strong>sicut</strong></span> <span class='ocrx_word' id='word_1_658' title='bbox 965 4427 1156 4492; x_wconf 70' lang='lat' dir='ltr'><strong>togatae</strong></span> <span class='ocrx_word' id='word_1_659' title='bbox 1183 4415 1236 4469; x_wconf 91' lang='lat' dir='ltr'><strong>in</strong></span> <span class='ocrx_word' id='word_1_660' title='bbox 1267 4413 1460 4484; x_wconf 79' lang='lat' dir='ltr'><strong>quibus</strong></span> <span class='ocrx_word' id='word_1_661' title='bbox 1491 4413 1737 4492; x_wconf 53' lang='lat' dir='ltr'><strong>[Iuniani-</strong></span> <span class='ocrx_word' id='word_1_662' title='bbox 1770 4425 1824 4486; x_wconf 90' lang='lat' dir='ltr'><strong>D</strong></span> <span class='ocrx_word' id='word_1_663' title='bbox 1850 4433 1948 4475; x_wconf 86' lang='lat' dir='ltr'><strong>tem</strong></span> <span class='ocrx_word' id='word_1_664' title='bbox 1971 4436 2131 4492; x_wconf 67' lang='lat' dir='ltr'><strong>atque</strong></span> <span class='ocrx_word' id='word_1_665' title='bbox 2161 4423 2212 4475; x_wconf 92' lang='lat' dir='ltr'><strong>in</strong></span> <span class='ocrx_word' id='word_1_666' title='bbox 2235 4425 2376 4472; x_wconf 87' lang='lat' dir='ltr'><strong>lumc</strong></span> <span class='ocrx_word' id='word_1_667' title='bbox 2395 4417 2569 4492; x_wconf 83' lang='lat' dir='ltr'><strong>locum</strong></span> <span class='ocrx_word' id='word_1_668' title='bbox 2594 4423 2772 4492; x_wconf 71' lang='lat' dir='ltr'><strong>notaui</strong></span> <span class='ocrx_word' id='word_1_669' title='bbox 2792 4425 3107 4492; x_wconf 54' lang='lat' dir='ltr'><strong>sequentem</strong></span> <span class='ocrx_word' id='word_1_670' title='bbox 3132 4414 3458 4492; x_wconf 69' lang='lat' dir='ltr'><strong>exhibet.—</strong></span> 
     </span>
    </p>
   </div>
   <div class='ocr_carea' id='block_1_92' title="bbox 175 4485 1742 4553">
    <p class='ocr_par' dir='ltr' id='par_1_92' title="bbox 175 4485 1742 4553">
     <span class='ocr_line' id='line_1_92' title="bbox 175 4485 1742 4553; baseline -0.007 -9"><span class='ocrx_word' id='word_1_671' title='bbox 175 4488 506 4547; x_wconf 81' lang='lat' dir='ltr'><strong>Cotntnunem</strong></span> <span class='ocrx_word' id='word_1_672' title='bbox 545 4494 753 4553; x_wconf 88' lang='lat' dir='ltr'><strong>utrique</strong></span> <span class='ocrx_word' id='word_1_673' title='bbox 796 4490 946 4544; x_wconf 87' lang='lat' dir='ltr'><strong>sexui</strong></span> <span class='ocrx_word' id='word_1_674' title='bbox 980 4489 1141 4543; x_wconf 85' lang='lat' dir='ltr'><strong>fuisse</strong></span> <span class='ocrx_word' id='word_1_675' title='bbox 1181 4499 1406 4550; x_wconf 72' lang='lat' dir='ltr'><strong>vestem,</strong></span> <span class='ocrx_word' id='word_1_676' title='bbox 1436 4485 1619 4553; x_wconf 82' lang='lat' dir='ltr'><strong>colligi</strong></span> <span class='ocrx_word' id='word_1_677' title='bbox 1651 4504 1742 4552; x_wconf 81' lang='lat' dir='ltr'><strong>pu-</strong></span> 
     </span>
    </p>
   </div>
   <div class='ocr_carea' id='block_1_93' title="bbox 176 4509 1751 4690">
    <p class='ocr_par' dir='ltr' id='par_1_93' title="bbox 176 4509 1751 4690">
     <span class='ocr_line' id='line_1_93' title="bbox 176 4509 1742 4553; baseline -0.007 -9"><span class='ocrx_word' id='word_1_678' title='bbox 176 4509 506 4547; x_wconf 71' lang='lat' dir='ltr'><strong>Ltilntlilttlelll</strong></span> <span class='ocrx_word' id='word_1_679' title='bbox 545 4509 666 4545; x_wconf 84' lang='lat' dir='ltr'><strong>illl’tt</strong></span> <span class='ocrx_word' id='word_1_680' title='bbox 690 4509 753 4546; x_wconf 88' lang='lat' dir='ltr'><strong>ne</strong></span> <span class='ocrx_word' id='word_1_681' title='bbox 796 4509 946 4544; x_wconf 72' lang='lat' dir='ltr'><strong>StBXUI</strong></span> <span class='ocrx_word' id='word_1_682' title='bbox 980 4509 1141 4543; x_wconf 77' lang='lat' dir='ltr'><strong>misse</strong></span> <span class='ocrx_word' id='word_1_683' title='bbox 1182 4509 1406 4550; x_wconf 59' lang='lat' dir='ltr'><strong>vastam,</strong></span> <span class='ocrx_word' id='word_1_684' title='bbox 1436 4509 1619 4553; x_wconf 76' lang='lat' dir='ltr'><strong>cumgt</strong></span> <span class='ocrx_word' id='word_1_685' title='bbox 1651 4509 1742 4552; x_wconf 78' lang='lat' dir='ltr'><strong>pu-</strong></span> 
     </span>
     <span class='ocr_line' id='line_1_94' title="bbox 176 4509 1751 4690; baseline -0.004 -74"><span class='ocrx_word' id='word_1_686' title='bbox 176 4570 350 4690; x_wconf 42' lang='lat' dir='ltr'><strong>testﬁx</strong></span> <span class='ocrx_word' id='word_1_687' title='bbox 383 4565 637 4689; x_wconf 52' lang='lat' dir='ltr'><strong>lilqiano,</strong></span> <span class='ocrx_word' id='word_1_688' title='bbox 660 4509 869 4627; x_wconf 73' lang='lat' dir='ltr'><strong>’i‘acito,</strong></span> <span class='ocrx_word' id='word_1_689' title='bbox 912 4563 1000 4632; x_wconf 90' lang='lat' dir='ltr'><strong>qui</strong></span> <span class='ocrx_word' id='word_1_690' title='bbox 1038 4560 1333 4630; x_wconf 75' lang='lat' dir='ltr'><strong>promiscua</strong></span> <span class='ocrx_word' id='word_1_691' title='bbox 1361 4556 1601 4626; x_wconf 85' lang='lat' dir='ltr'><strong>appellat</strong></span> <span class='ocrx_word' id='word_1_692' title='bbox 1634 4558 1751 4627; x_wconf 85' lang='lat' dir='ltr'><strong>pal-</strong></span> 
     </span>
     <span class='ocr_line' id='line_1_95' title="bbox 193 4651 586 4690; baseline 0.003 -4"><span class='ocrx_word' id='word_1_693' title='bbox 193 4651 254 4687; x_wconf 80' lang='grc' dir='ltr'><strong>ια.</strong></span> <span class='ocrx_word' id='word_1_694' title='bbox 328 4652 461 4690; x_wconf 85' lang='lat' dir='ltr'><strong>ama</strong></span> <span class='ocrx_word' id='word_1_695' title='bbox 492 4652 538 4690; x_wconf 87' lang='lat' dir='ltr'><strong>ts</strong></span> <span class='ocrx_word' id='word_1_696' title='bbox 574 4653 586 4687; x_wconf 90' lang='lat'><strong>:</strong></span> 
     </span>
    </p>
   </div>
   <div class='ocr_carea' id='block_1_94' title="bbox 193 4651 586 4692">
    <p class='ocr_par' dir='ltr' id='par_1_94' title="bbox 193 4651 586 4692">
     <span class='ocr_line' id='line_1_96' title="bbox 193 4651 586 4692; baseline 0.003 -6"><span class='ocrx_word' id='word_1_697' title='bbox 193 4651 254 4687; x_wconf 80' lang='grc' dir='ltr'><strong>ια.</strong></span> <span class='ocrx_word' id='word_1_698' title='bbox 281 4651 538 4692; x_wconf 67' lang='grc' dir='ltr'><strong>ωπιιειιιε</strong></span> <span class='ocrx_word' id='word_1_699' title='bbox 574 4653 586 4687; x_wconf 74' lang='grc' dir='ltr'><strong>Ζ</strong></span> 
     </span>
    </p>
   </div>
   <div class='ocr_carea' id='block_1_95' title="bbox 281 4746 1554 4814">
    <p class='ocr_par' dir='ltr' id='par_1_95' title="bbox 281 4746 1554 4814">
     <span class='ocr_line' id='line_1_97' title="bbox 281 4746 1554 4814; baseline -0.005 -10"><span class='ocrx_word' id='word_1_700' title='bbox 281 4751 418 4804; x_wconf 78' lang='lat' dir='ltr'><strong>Hauc</strong></span> <span class='ocrx_word' id='word_1_701' title='bbox 430 4751 566 4811; x_wconf 85' lang='lat' dir='ltr'><strong>velo,</strong></span> <span class='ocrx_word' id='word_1_702' title='bbox 592 4764 702 4814; x_wconf 69' lang='lat' dir='ltr'><strong>qua:</strong></span> <span class='ocrx_word' id='word_1_703' title='bbox 721 4748 895 4810; x_wconf 80' lang='lat' dir='ltr'><strong>facilis,</strong></span> <span class='ocrx_word' id='word_1_704' title='bbox 920 4763 1031 4813; x_wconf 66' lang='lat' dir='ltr'><strong>quae</strong></span> <span class='ocrx_word' id='word_1_705' title='bbox 1055 4746 1302 4812; x_wconf 81' lang='lat' dir='ltr'><strong>palliolata</strong></span> <span class='ocrx_word' id='word_1_706' title='bbox 1325 4751 1554 4808; x_wconf 79' lang='lat' dir='ltr'><strong>vagatur.</strong></span> 
     </span>
    </p>
   </div>
   <div class='ocr_carea' id='block_1_96' title="bbox 179 4854 1752 4929">
    <p class='ocr_par' dir='ltr' id='par_1_96' title="bbox 179 4854 1752 4929">
     <span class='ocr_line' id='line_1_98' title="bbox 179 4854 1752 4929; baseline -0.005 -16"><span class='ocrx_word' id='word_1_707' title='bbox 179 4857 384 4924; x_wconf 84' lang='lat' dir='ltr'><strong>Scripsit</strong></span> <span class='ocrx_word' id='word_1_708' title='bbox 411 4876 627 4929; x_wconf 86' lang='lat' dir='ltr'><strong>quoque</strong></span> <span class='ocrx_word' id='word_1_709' title='bbox 660 4857 1019 4923; x_wconf 77' lang='lat' dir='ltr'><strong>Lampridius,</strong></span> <span class='ocrx_word' id='word_1_710' title='bbox 1055 4855 1322 4909; x_wconf 74' lang='lat' dir='ltr'><strong>Matronae</strong></span> <span class='ocrx_word' id='word_1_711' title='bbox 1343 4854 1752 4929; x_wconf 81' lang='lat' dir='ltr'><strong>regias_c_onten-</strong></span> 
     </span>
    </p>
   </div>
   <div class='ocr_carea' id='block_1_97' title="bbox 178 4923 1754 4998">
    <p class='ocr_par' dir='ltr' id='par_1_97' title="bbox 178 4923 1754 4998">
     <span class='ocr_line' id='line_1_99' title="bbox 178 4923 1754 4998; baseline -0.003 -17"><span class='ocrx_word' id='word_1_712' title='bbox 178 4941 243 4998; x_wconf 85' lang='lat' dir='ltr'><strong>tos</strong></span> <span class='ocrx_word' id='word_1_713' title='bbox 277 4923 380 4986; x_wconf 80' lang='lat' dir='ltr'><strong>esse</strong></span> <span class='ocrx_word' id='word_1_714' title='bbox 431 4923 621 4986; x_wconf 48' lang='lat' dir='ltr'><strong>&#39;debcre</strong></span> <span class='ocrx_word' id='word_1_715' title='bbox 660 4932 806 4984; x_wconf 87' lang='lat' dir='ltr'><strong>unico</strong></span> <span class='ocrx_word' id='word_1_716' title='bbox 845 4929 1025 4998; x_wconf 87' lang='lat' dir='ltr'><strong>pallio,</strong></span> <span class='ocrx_word' id='word_1_717' title='bbox 1066 4944 1192 4981; x_wconf 88' lang='lat' dir='ltr'><strong>auro</strong></span> <span class='ocrx_word' id='word_1_718' title='bbox 1245 4943 1442 4998; x_wconf 83' lang='lat' dir='ltr'><strong>sparso.</strong></span> <span class='ocrx_word' id='word_1_719' title='bbox 1494 4923 1754 4998; x_wconf 9' lang='lat' dir='ltr'><strong>Etia_mgi‘n</strong></span> 
     </span>
    </p>
   </div>
   <div class='ocr_carea' id='block_1_98' title="bbox 175 4995 1751 5072">
    <p class='ocr_par' dir='ltr' id='par_1_98' title="bbox 175 4995 1751 5072">
     <span class='ocr_line' id='line_1_100' title="bbox 175 4995 1751 5072; baseline -0.003 -18"><span class='ocrx_word' id='word_1_720' title='bbox 175 4997 297 5072; x_wconf 86' lang='lat' dir='ltr'><strong>lecto</strong></span> <span class='ocrx_word' id='word_1_721' title='bbox 344 5021 469 5058; x_wconf 72' lang='lat' dir='ltr'><strong>usos</strong></span> <span class='ocrx_word' id='word_1_722' title='bbox 511 5005 673 5057; x_wconf 73' lang='lat' dir='ltr'><strong>fuisse</strong></span> <span class='ocrx_word' id='word_1_723' title='bbox 713 4995 946 5067; x_wconf 84' lang='lat' dir='ltr'><strong>veteres,</strong></span> <span class='ocrx_word' id='word_1_724' title='bbox 987 5000 1294 5072; x_wconf 74' lang='lat' dir='ltr'><strong>significare</strong></span> <span class='ocrx_word' id='word_1_725' title='bbox 1337 4997 1547 5051; x_wconf 89' lang='lat' dir='ltr'><strong>videtur</strong></span> <span class='ocrx_word' id='word_1_726' title='bbox 1591 4995 1751 5051; x_wconf 90' lang='lat' dir='ltr'><strong>Ovid.</strong></span> 
     </span>
    </p>
   </div>
   <div class='ocr_carea' id='block_1_99' title="bbox 175 5069 816 5146">
    <p class='ocr_par' dir='ltr' id='par_1_99' title="bbox 175 5069 816 5146">
     <span class='ocr_line' id='line_1_101' title="bbox 175 5069 816 5146; baseline 0.002 -21"><span class='ocrx_word' id='word_1_727' title='bbox 175 5069 256 5128; x_wconf 90' lang='lat' dir='ltr'><strong>lib.</strong></span> <span class='ocrx_word' id='word_1_728' title='bbox 289 5091 304 5129; x_wconf 80' lang='grc' dir='ltr'>ι</span> <span class='ocrx_word' id='word_1_729' title='bbox 334 5080 543 5142; x_wconf 77' lang='lat' dir='ltr'><strong>Amor.,</strong></span> <span class='ocrx_word' id='word_1_730' title='bbox 577 5075 726 5146; x_wconf 87' lang='lat' dir='ltr'><strong>Eleg.</strong></span> <span class='ocrx_word' id='word_1_731' title='bbox 756 5073 816 5126; x_wconf 74' lang='lat'><strong>‘2:</strong></span> 
     </span>
    </p>
   </div>
   <div class='ocr_carea' id='block_1_100' title="bbox 655 5160 1562 5228">
    <p class='ocr_par' dir='ltr' id='par_1_100' title="bbox 655 5160 1562 5228">
     <span class='ocr_line' id='line_1_102' title="bbox 655 5160 1562 5228; baseline -0.01 -11"><span class='ocrx_word' id='word_1_732' title='bbox 655 5166 759 5218; x_wconf 86' lang='lat' dir='ltr'><strong>Nec</strong></span> <span class='ocrx_word' id='word_1_733' title='bbox 784 5167 833 5216; x_wconf 90' lang='lat' dir='ltr'><strong>in</strong></span> <span class='ocrx_word' id='word_1_734' title='bbox 860 5165 989 5214; x_wconf 85' lang='lat' dir='ltr'><strong>lecto</strong></span> <span class='ocrx_word' id='word_1_735' title='bbox 1011 5161 1153 5228; x_wconf 87' lang='lat' dir='ltr'><strong>pallia</strong></span> <span class='ocrx_word' id='word_1_736' title='bbox 1179 5169 1344 5212; x_wconf 84' lang='lat' dir='ltr'><strong>nostra</strong></span> <span class='ocrx_word' id='word_1_737' title='bbox 1367 5160 1562 5210; x_wconf 89' lang='lat' dir='ltr'><strong>sedent.</strong></span> 
     </span>
    </p>
   </div>
   <div class='ocr_carea' id='block_1_101' title="bbox 241 5250 1754 5324">
    <p class='ocr_par' dir='ltr' id='par_1_101' title="bbox 241 5250 1754 5324">
     <span class='ocr_line' id='line_1_103' title="bbox 241 5250 1754 5324; baseline -0.006 -18"><span class='ocrx_word' id='word_1_738' title='bbox 241 5251 447 5310; x_wconf 79' lang='lat' dir='ltr'><strong>Omissis</strong></span> <span class='ocrx_word' id='word_1_739' title='bbox 478 5253 816 5324; x_wconf 80' lang='lat' dir='ltr'><strong>litigatoribus</strong></span> <span class='ocrx_word' id='word_1_740' title='bbox 839 5252 1062 5321; x_wconf 77' lang='lat' dir='ltr'><strong>furiosis.</strong></span> <span class='ocrx_word' id='word_1_741' title='bbox 1088 5250 1162 5309; x_wconf 73' lang='lat' dir='ltr'><strong>Itzt</strong></span> <span class='ocrx_word' id='word_1_742' title='bbox 1190 5267 1308 5324; x_wconf 74' lang='lat' dir='ltr'><strong>cum</strong></span> <span class='ocrx_word' id='word_1_743' title='bbox 1344 5250 1554 5324; x_wconf 79' lang='lat' dir='ltr'><strong>cunctis</strong></span> <span class='ocrx_word' id='word_1_744' title='bbox 1585 5263 1754 5324; x_wconf 72' lang='lat' dir='ltr'><strong>prope</strong></span> 
     </span>
    </p>
   </div>
   <div class='ocr_carea' id='block_1_102' title="bbox 181 5321 1752 5391">
    <p class='ocr_par' dir='ltr' id='par_1_102' title="bbox 181 5321 1752 5391">
     <span class='ocr_line' id='line_1_104' title="bbox 181 5321 1752 5391; baseline 0 -15"><span class='ocrx_word' id='word_1_745' title='bbox 181 5322 323 5378; x_wconf 81' lang='lat' dir='ltr'><strong>editis</strong></span> <span class='ocrx_word' id='word_1_746' title='bbox 371 5321 719 5391; x_wconf 72' lang='lat' dir='ltr'><strong>tttntttiscripti</strong></span> <span class='ocrx_word' id='word_1_747' title='bbox 759 5340 981 5386; x_wconf 77' lang='lat' dir='ltr'><strong>clunes,</strong></span> <span class='ocrx_word' id='word_1_748' title='bbox 1029 5331 1224 5389; x_wconf 56' lang='lat' dir='ltr'><strong>pra-ter</strong></span> <span class='ocrx_word' id='word_1_749' title='bbox 1269 5322 1302 5378; x_wconf 77' lang='grc'>5</span> <span class='ocrx_word' id='word_1_750' title='bbox 1351 5322 1583 5386; x_wconf 76' lang='lat' dir='ltr'><strong>seriptus</strong></span> <span class='ocrx_word' id='word_1_751' title='bbox 1626 5331 1679 5374; x_wconf 86' lang='lat' dir='ltr'><strong>et</strong></span> <span class='ocrx_word' id='word_1_752' title='bbox 1720 5321 1752 5376; x_wconf 72' lang='grc'>4</span> 
     </span>
    </p>
   </div>
   <div class='ocr_carea' id='block_1_103' title="bbox 179 5393 1748 5466">
    <p class='ocr_par' dir='ltr' id='par_1_103' title="bbox 179 5393 1748 5466">
     <span class='ocr_line' id='line_1_105' title="bbox 179 5393 1748 5466; baseline -0.002 -19"><span class='ocrx_word' id='word_1_753' title='bbox 179 5408 414 5458; x_wconf 62' lang='lat' dir='ltr'><strong>exclusos,</strong></span> <span class='ocrx_word' id='word_1_754' title='bbox 447 5399 499 5454; x_wconf 89' lang='lat' dir='ltr'><strong>in</strong></span> <span class='ocrx_word' id='word_1_755' title='bbox 529 5397 724 5466; x_wconf 84' lang='lat' dir='ltr'><strong>quibus</strong></span> <span class='ocrx_word' id='word_1_756' title='bbox 750 5407 832 5451; x_wconf 83' lang='lat' dir='ltr'><strong>est</strong></span> <span class='ocrx_word' id='word_1_757' title='bbox 857 5394 1245 5465; x_wconf 76' lang='lat' dir='ltr'><strong>litigationibus.</strong></span> <span class='ocrx_word' id='word_1_758' title='bbox 1282 5398 1346 5448; x_wconf 75' lang='lat' dir='ltr'><strong>At</strong></span> <span class='ocrx_word' id='word_1_759' title='bbox 1379 5393 1748 5462; x_wconf 78' lang='lat' dir='ltr'><strong>litigatoribus,</strong></span> 
     </span>
    </p>
   </div>
   <div class='ocr_carea' id='block_1_104' title="bbox 179 5466 1750 5538">
    <p class='ocr_par' dir='ltr' id='par_1_104' title="bbox 179 5466 1750 5538">
     <span class='ocr_line' id='line_1_106' title="bbox 179 5466 1750 5538; baseline -0.002 -20"><span class='ocrx_word' id='word_1_760' title='bbox 179 5466 410 5536; x_wconf 89' lang='lat' dir='ltr'><strong>adjuncta</strong></span> <span class='ocrx_word' id='word_1_761' title='bbox 429 5471 634 5538; x_wconf 77' lang='lat' dir='ltr'><strong>furiosis</strong></span> <span class='ocrx_word' id='word_1_762' title='bbox 660 5486 719 5521; x_wconf 89' lang='lat' dir='ltr'><strong>ac</strong></span> <span class='ocrx_word' id='word_1_763' title='bbox 739 5468 1081 5538; x_wconf 82' lang='lat' dir='ltr'><strong>pertinacibus</strong></span> <span class='ocrx_word' id='word_1_764' title='bbox 1109 5468 1364 5537; x_wconf 84' lang='lat' dir='ltr'><strong>ﬂagitant.</strong></span> <span class='ocrx_word' id='word_1_765' title='bbox 1396 5466 1546 5538; x_wconf 88' lang='lat' dir='ltr'><strong>ilunc</strong></span> <span class='ocrx_word' id='word_1_766' title='bbox 1577 5466 1750 5538; x_wconf 76' lang='lat' dir='ltr'><strong>locum</strong></span> 
     </span>
    </p>
   </div>
   <div class='ocr_carea' id='block_1_105' title="bbox 182 5533 1752 5607">
    <p class='ocr_par' dir='ltr' id='par_1_105' title="bbox 182 5533 1752 5607">
     <span class='ocr_line' id='line_1_107' title="bbox 182 5533 1752 5607; baseline -0.001 -19"><span class='ocrx_word' id='word_1_767' title='bbox 182 5533 250 5590; x_wconf 82' lang='lat' dir='ltr'><strong>sic</strong></span> <span class='ocrx_word' id='word_1_768' title='bbox 306 5533 521 5595; x_wconf 68' lang='lat' dir='ltr'><strong>exhibet</strong></span> <span class='ocrx_word' id='word_1_769' title='bbox 574 5533 980 5607; x_wconf 82' lang='lat' dir='ltr'><strong>antiquissimus</strong></span> <span class='ocrx_word' id='word_1_770' title='bbox 1031 5543 1048 5592; x_wconf 84' lang='lat' dir='ltr'><strong>l</strong></span> <span class='ocrx_word' id='word_1_771' title='bbox 1106 5533 1312 5591; x_wconf 71' lang='lat' dir='ltr'><strong>Bnitou.</strong></span> <span class='ocrx_word' id='word_1_772' title='bbox 1362 5537 1530 5591; x_wconf 81' lang='lat' dir='ltr'><strong>Codex</strong></span> <span class='ocrx_word' id='word_1_773' title='bbox 1565 5556 1574 5588; x_wconf 90' lang='lat'>:</span> <span class='ocrx_word' id='word_1_774' title='bbox 1614 5533 1752 5599; x_wconf 68' lang='lat' dir='ltr'><strong>Quid</strong></span> 
     </span>
    </p>
   </div>
   <div class='ocr_carea' id='block_1_106' title="bbox 183 5607 1752 5680">
    <p class='ocr_par' dir='ltr' id='par_1_106' title="bbox 183 5607 1752 5680">
     <span class='ocr_line' id='line_1_108' title="bbox 183 5607 1752 5680; baseline -0.004 -15"><span class='ocrx_word' id='word_1_775' title='bbox 183 5622 287 5677; x_wconf 74' lang='lat' dir='ltr'><strong>ergo</strong></span> <span class='ocrx_word' id='word_1_776' title='bbox 310 5623 556 5680; x_wconf 71' lang='lat' dir='ltr'><strong>superest,</strong></span> <span class='ocrx_word' id='word_1_777' title='bbox 589 5613 684 5668; x_wconf 85' lang='lat' dir='ltr'><strong>nisi</strong></span> <span class='ocrx_word' id='word_1_778' title='bbox 708 5622 757 5664; x_wconf 88' lang='lat' dir='ltr'><strong>ut</strong></span> <span class='ocrx_word' id='word_1_779' title='bbox 788 5614 958 5668; x_wconf 84' lang='lat' dir='ltr'><strong>obvios</strong></span> <span class='ocrx_word' id='word_1_780' title='bbox 987 5612 1065 5664; x_wconf 77' lang='lat' dir='ltr'><strong>liis</strong></span> <span class='ocrx_word' id='word_1_781' title='bbox 1102 5607 1443 5678; x_wconf 80' lang='lat' dir='ltr'><strong>litigatoribus</strong></span> <span class='ocrx_word' id='word_1_782' title='bbox 1472 5607 1683 5680; x_wconf 64' lang='lat' dir='ltr'><strong>furiosis</strong></span> <span class='ocrx_word' id='word_1_783' title='bbox 1707 5616 1752 5658; x_wconf 89' lang='lat' dir='ltr'><strong>et</strong></span> 
     </span>
    </p>
   </div>
   <div class='ocr_carea' id='block_1_107' title="bbox 181 5678 1751 5752">
    <p class='ocr_par' dir='ltr' id='par_1_107' title="bbox 181 5678 1751 5752">
     <span class='ocr_line' id='line_1_109' title="bbox 181 5678 1751 5752; baseline -0.01 -5"><span class='ocrx_word' id='word_1_784' title='bbox 181 5683 507 5747; x_wconf 79' lang='lat' dir='ltr'><strong>Pertinacrbus</strong></span> <span class='ocrx_word' id='word_1_785' title='bbox 543 5678 720 5740; x_wconf 80' lang='lat' dir='ltr'><strong>manus</strong></span> <span class='ocrx_word' id='word_1_786' title='bbox 751 5683 926 5738; x_wconf 75' lang='lat' dir='ltr'><strong>demus</strong></span> <span class='ocrx_word' id='word_1_787' title='bbox 955 5681 1022 5736; x_wconf 86' lang='lat' dir='ltr'><strong>ad</strong></span> <span class='ocrx_word' id='word_1_788' title='bbox 1055 5681 1307 5752; x_wconf 76' lang='lat' dir='ltr'><strong>judicent?</strong></span> <span class='ocrx_word' id='word_1_789' title='bbox 1339 5680 1454 5734; x_wconf 83' lang='lat' dir='ltr'><strong>Non</strong></span> <span class='ocrx_word' id='word_1_790' title='bbox 1480 5681 1636 5752; x_wconf 43' lang='lat' dir='ltr'><strong>igitur</strong></span> <span class='ocrx_word' id='word_1_791' title='bbox 1668 5678 1751 5732; x_wconf 86' lang='lat' dir='ltr'><strong>le-</strong></span> 
     </span>
    </p>
   </div>
   <div class='ocr_carea' id='block_1_108' title="bbox 182 5749 1752 5827">
    <p class='ocr_par' dir='ltr' id='par_1_108' title="bbox 182 5749 1752 5827">
     <span class='ocr_line' id='line_1_110' title="bbox 182 5749 1752 5827; baseline -0.001 -24"><span class='ocrx_word' id='word_1_792' title='bbox 182 5757 402 5827; x_wconf 78' lang='lat' dir='ltr'><strong>gendum</strong></span> <span class='ocrx_word' id='word_1_793' title='bbox 433 5766 514 5827; x_wconf 80' lang='lat' dir='ltr'><strong>cst</strong></span> <span class='ocrx_word' id='word_1_794' title='bbox 541 5755 903 5827; x_wconf 81' lang='lat' dir='ltr'><strong>litigationibus</strong></span> <span class='ocrx_word' id='word_1_795' title='bbox 927 5772 942 5812; x_wconf 88' lang='lat'><strong>:</strong></span> <span class='ocrx_word' id='word_1_796' title='bbox 966 5749 1116 5827; x_wconf 74' lang='lat' dir='ltr'><strong>quia,</strong></span> <span class='ocrx_word' id='word_1_797' title='bbox 1145 5764 1202 5827; x_wconf 89' lang='lat' dir='ltr'><strong>ut</strong></span> <span class='ocrx_word' id='word_1_798' title='bbox 1231 5752 1482 5827; x_wconf 84' lang='lat' dir='ltr'><strong>re_cte__ait</strong></span> <span class='ocrx_word' id='word_1_799' title='bbox 1509 5749 1752 5827; x_wconf 63' lang='lat' dir='ltr'><strong>Thoma-</strong></span> 
     </span>
    </p>
   </div>
   <div class='ocr_carea' id='block_1_109' title="bbox 182 5819 1751 5900">
    <p class='ocr_par' dir='ltr' id='par_1_109' title="bbox 182 5819 1751 5900">
     <span class='ocr_line' id='line_1_111' title="bbox 182 5819 1751 5900; baseline -0.003 -21"><span class='ocrx_word' id='word_1_800' title='bbox 182 5821 304 5896; x_wconf 59' lang='lat' dir='ltr'><strong>sius,</strong></span> <span class='ocrx_word' id='word_1_801' title='bbox 330 5841 435 5882; x_wconf 88' lang='lat' dir='ltr'><strong>non</strong></span> <span class='ocrx_word' id='word_1_802' title='bbox 467 5825 531 5884; x_wconf 85' lang='lat' dir='ltr'><strong>de</strong></span> <span class='ocrx_word' id='word_1_803' title='bbox 560 5819 999 5886; x_wconf 70' lang='lat' dir='ltr'><strong>contentionibus</strong></span> <span class='ocrx_word' id='word_1_804' title='bbox 1024 5835 1078 5882; x_wconf 90' lang='lat' dir='ltr'><strong>et</strong></span> <span class='ocrx_word' id='word_1_805' title='bbox 1107 5822 1496 5900; x_wconf 78' lang='lat' dir='ltr'><strong>litigationibus</strong></span> <span class='ocrx_word' id='word_1_806' title='bbox 1524 5819 1613 5879; x_wconf 86' lang='lat' dir='ltr'><strong>hic</strong></span> <span class='ocrx_word' id='word_1_807' title='bbox 1639 5820 1751 5894; x_wconf 84' lang='lat' dir='ltr'><strong>agi-</strong></span> 
     </span>
    </p>
   </div>
   <div class='ocr_carea' id='block_1_110' title="bbox 1847 4486 3451 4566">
    <p class='ocr_par' dir='ltr' id='par_1_110' title="bbox 1847 4486 3451 4566">
     <span class='ocr_line' id='line_1_112' title="bbox 1847 4486 3451 4566; baseline -0.003 -17"><span class='ocrx_word' id='word_1_808' title='bbox 1847 4493 1924 4549; x_wconf 91' lang='lat' dir='ltr'><strong>Ita</strong></span> <span class='ocrx_word' id='word_1_809' title='bbox 1940 4486 2302 4566; x_wconf 46' lang='lat' dir='ltr'><strong>edo-(inquit);</strong></span> <span class='ocrx_word' id='word_1_810' title='bbox 2324 4505 2443 4543; x_wconf 88' lang='lat' dir='ltr'><strong>nam</strong></span> <span class='ocrx_word' id='word_1_811' title='bbox 2466 4488 2647 4566; x_wconf 68' lang='lat' dir='ltr'><strong>plures</strong></span> <span class='ocrx_word' id='word_1_812' title='bbox 2668 4487 2853 4566; x_wconf 72' lang='lat' dir='ltr'><strong>scripti</strong></span> <span class='ocrx_word' id='word_1_813' title='bbox 2874 4501 2904 4540; x_wconf 90' lang='lat' dir='ltr'><strong>c</strong></span> <span class='ocrx_word' id='word_1_814' title='bbox 2925 4486 3073 4566; x_wconf 80' lang='lat' dir='ltr'><strong>tediti</strong></span> <span class='ocrx_word' id='word_1_815' title='bbox 3098 4486 3451 4566; x_wconf 59' lang='lat' dir='ltr'><strong>infingnlari,</strong></span> 
     </span>
    </p>
   </div>
   <div class='ocr_carea' id='block_1_111' title="bbox 1863 4557 3454 4632">
    <p class='ocr_par' dir='ltr' id='par_1_111' title="bbox 1863 4557 3454 4632">
     <span class='ocr_line' id='line_1_113' title="bbox 1863 4557 3454 4632; baseline -0.005 -11"><span class='ocrx_word' id='word_1_816' title='bbox 1863 4557 2199 4632; x_wconf 77' lang='lat' dir='ltr'><strong>voluptatem,</strong></span> <span class='ocrx_word' id='word_1_817' title='bbox 2230 4557 2450 4618; x_wconf 78' lang='lat' dir='ltr'><strong>ret-tius.</strong></span> <span class='ocrx_word' id='word_1_818' title='bbox 2491 4559 2583 4616; x_wconf 76' lang='lat' dir='ltr'><strong>Est</strong></span> <span class='ocrx_word' id='word_1_819' title='bbox 2615 4559 2831 4632; x_wconf 80' lang='lat' dir='ltr'><strong>quidem</strong></span> <span class='ocrx_word' id='word_1_820' title='bbox 2861 4567 2915 4612; x_wconf 90' lang='lat' dir='ltr'><strong>et</strong></span> <span class='ocrx_word' id='word_1_821' title='bbox 2957 4557 3124 4610; x_wconf 84' lang='lat' dir='ltr'><strong>altera</strong></span> <span class='ocrx_word' id='word_1_822' title='bbox 3149 4563 3318 4632; x_wconf 66' lang='lat' dir='ltr'><strong>lectio</strong></span> <span class='ocrx_word' id='word_1_823' title='bbox 3343 4601 3355 4614; x_wconf 91' lang='lat'><strong>.</strong></span> <span class='ocrx_word' id='word_1_824' title='bbox 3400 4562 3454 4616; x_wconf 85' lang='lat' dir='ltr'><strong>in</strong></span> 
     </span>
    </p>
   </div>
   <div class='ocr_carea' id='block_1_112' title="bbox 1861 4627 3456 4704">
    <p class='ocr_par' dir='ltr' id='par_1_112' title="bbox 1861 4627 3456 4704">
     <span class='ocr_line' id='line_1_114' title="bbox 1861 4627 3456 4704; baseline -0.008 -13"><span class='ocrx_word' id='word_1_825' title='bbox 1861 4627 2088 4704; x_wconf 82' lang='lat' dir='ltr'><strong>corporis</strong></span> <span class='ocrx_word' id='word_1_826' title='bbox 2121 4637 2404 4700; x_wconf 77' lang='lat' dir='ltr'><strong>voluptates</strong></span> <span class='ocrx_word' id='word_1_827' title='bbox 2425 4641 2672 4704; x_wconf 42' lang='lat' dir='ltr'><strong>ruentem:</strong></span> <span class='ocrx_word' id='word_1_828' title='bbox 2698 4629 2937 4704; x_wconf 80' lang='lat' dir='ltr'><strong>elcguns_.</strong></span> <span class='ocrx_word' id='word_1_829' title='bbox 2964 4646 3121 4696; x_wconf 68' lang='lat' dir='ltr'><strong>quam</strong></span> <span class='ocrx_word' id='word_1_830' title='bbox 3147 4627 3319 4704; x_wconf 36' lang='lat' dir='ltr'><strong>Lips“</strong></span> <span class='ocrx_word' id='word_1_831' title='bbox 3351 4634 3422 4688; x_wconf 79' lang='lat' dir='ltr'><strong>Su</strong></span> <span class='ocrx_word' id='word_1_832' title='bbox 3439 4667 3456 4678; x_wconf 89' lang='lat'><strong>.</strong></span> 
     </span>
    </p>
   </div>
   <div class='ocr_carea' id='block_1_113' title="bbox 1862 4700 3456 4772">
    <p class='ocr_par' dir='ltr' id='par_1_113' title="bbox 1862 4700 3456 4772">
     <span class='ocr_line' id='line_1_115' title="bbox 1862 4700 3456 4772; baseline -0.003 -9"><span class='ocrx_word' id='word_1_833' title='bbox 1862 4700 2024 4771; x_wconf 56' lang='lat' dir='ltr'><strong>blatx,</strong></span> <span class='ocrx_word' id='word_1_834' title='bbox 2053 4709 2188 4764; x_wconf 83' lang='lat' dir='ltr'><strong>Ven.</strong></span> <span class='ocrx_word' id='word_1_835' title='bbox 2223 4707 2352 4762; x_wconf 70' lang='lat' dir='ltr'><strong>H71</strong></span> <span class='ocrx_word' id='word_1_836' title='bbox 2381 4747 2394 4770; x_wconf 87' lang='lat'><strong>,</strong></span> <span class='ocrx_word' id='word_1_837' title='bbox 2423 4704 2597 4766; x_wconf 50' lang='lat' dir='ltr'><strong>Rom,</strong></span> <span class='ocrx_word' id='word_1_838' title='bbox 2628 4700 2860 4772; x_wconf 71' lang='lat' dir='ltr'><strong>Gryplt.,</strong></span> <span class='ocrx_word' id='word_1_839' title='bbox 2895 4700 3146 4772; x_wconf 54' lang='lat' dir='ltr'><strong>Turne».</strong></span> <span class='ocrx_word' id='word_1_840' title='bbox 3179 4701 3206 4753; x_wconf 89' lang='grc' dir='ltr'><strong>Ἰ</strong></span> <span class='ocrx_word' id='word_1_841' title='bbox 3227 4701 3372 4758; x_wconf 87' lang='lat' dir='ltr'><strong>ltum.</strong></span> <span class='ocrx_word' id='word_1_842' title='bbox 3403 4720 3456 4759; x_wconf 88' lang='lat' dir='ltr'><strong>et</strong></span> 
     </span>
    </p>
   </div>
   <div class='ocr_carea' id='block_1_114' title="bbox 1863 4771 3456 4841">
    <p class='ocr_par' dir='ltr' id='par_1_114' title="bbox 1863 4771 3456 4841">
     <span class='ocr_line' id='line_1_116' title="bbox 1863 4771 3456 4841; baseline -0.003 -5"><span class='ocrx_word' id='word_1_843' title='bbox 1863 4781 2192 4836; x_wconf 68' lang='lat' dir='ltr'><strong>l&#39;CCr‘tllitirﬂs</strong></span> <span class='ocrx_word' id='word_1_844' title='bbox 2223 4779 2438 4836; x_wconf 80' lang='lat' dir='ltr'><strong>habent,</strong></span> <span class='ocrx_word' id='word_1_845' title='bbox 2473 4787 2520 4827; x_wconf 90' lang='lat' dir='ltr'><strong>Ill</strong></span> <span class='ocrx_word' id='word_1_846' title='bbox 2557 4771 2718 4828; x_wconf 57' lang='lat' dir='ltr'><strong>Lact.</strong></span> <span class='ocrx_word' id='word_1_847' title='bbox 2739 4773 2773 4828; x_wconf 88' lang='grc' dir='ltr'><strong>Ι.</strong></span> <span class='ocrx_word' id='word_1_848' title='bbox 2803 4788 2877 4838; x_wconf 81' lang='lat' dir='ltr'><strong>Vl,</strong></span> <span class='ocrx_word' id='word_1_849' title='bbox 2907 4787 3025 4841; x_wconf 81' lang='lat' dir='ltr'><strong>Cap.</strong></span> <span class='ocrx_word' id='word_1_850' title='bbox 3052 4771 3155 4827; x_wconf 56' lang='grc' dir='ltr'><strong>ἃδε</strong></span> <span class='ocrx_word' id='word_1_851' title='bbox 3186 4772 3246 4827; x_wconf 83' lang='lat' dir='ltr'><strong>Ut</strong></span> <span class='ocrx_word' id='word_1_852' title='bbox 3281 4776 3329 4827; x_wconf 85' lang='lat' dir='ltr'><strong>in</strong></span> <span class='ocrx_word' id='word_1_853' title='bbox 3364 4777 3456 4832; x_wconf 77' lang='lat' dir='ltr'><strong>Iros</strong></span> 
     </span>
    </p>
   </div>
   <div class='ocr_carea' id='block_1_115' title="bbox 1860 4843 3341 4920">
    <p class='ocr_par' dir='ltr' id='par_1_115' title="bbox 1860 4843 3341 4920">
     <span class='ocr_line' id='line_1_117' title="bbox 1860 4843 3341 4920; baseline -0.005 -14"><span class='ocrx_word' id='word_1_854' title='bbox 1860 4853 2074 4920; x_wconf 74' lang='lat' dir='ltr'><strong>alfectus</strong></span> <span class='ocrx_word' id='word_1_855' title='bbox 2103 4851 2395 4906; x_wconf 74' lang='lat' dir='ltr'><strong>avidissime</strong></span> <span class='ocrx_word' id='word_1_856' title='bbox 2417 4855 2638 4920; x_wconf 77' lang='lat' dir='ltr'><strong>ruerent.</strong></span> <span class='ocrx_word' id='word_1_857' title='bbox 3104 4914 3164 4920; x_wconf 86' lang='lat'>___</span> <span class='ocrx_word' id='word_1_858' title='bbox 3211 4843 3341 4920; x_wconf 70' lang='lat' dir='ltr'><strong>Bon.</strong></span> 
     </span>
    </p>
   </div>
   <div class='ocr_carea' id='block_1_116' title="bbox 1931 4914 3454 4993">
    <p class='ocr_par' dir='ltr' id='par_1_116' title="bbox 1931 4914 3454 4993">
     <span class='ocr_line' id='line_1_118' title="bbox 1931 4914 3454 4993; baseline -0.006 -15"><span class='ocrx_word' id='word_1_859' title='bbox 1931 4925 2058 4978; x_wconf 87' lang='lat' dir='ltr'><strong>Cum</strong></span> <span class='ocrx_word' id='word_1_860' title='bbox 2086 4925 2318 4993; x_wconf 72' lang='lat' dir='ltr'><strong>{morinos</strong></span> <span class='ocrx_word' id='word_1_861' title='bbox 2348 4932 2449 4976; x_wconf 88' lang='lat' dir='ltr'><strong>tam</strong></span> <span class='ocrx_word' id='word_1_862' title='bbox 2491 4919 2665 4973; x_wconf 86' lang='lat' dir='ltr'><strong>rabide</strong></span> <span class='ocrx_word' id='word_1_863' title='bbox 2691 4925 3063 4972; x_wconf 84' lang='lat' dir='ltr'><strong>consectantur.</strong></span> <span class='ocrx_word' id='word_1_864' title='bbox 3104 4914 3358 4987; x_wconf 68' lang='lat' dir='ltr'><strong>Virgilius</strong></span> <span class='ocrx_word' id='word_1_865' title='bbox 3386 4920 3454 4976; x_wconf 77' lang='lat' dir='ltr'><strong>de</strong></span> 
     </span>
    </p>
   </div>
   <div class='ocr_carea' id='block_1_117' title="bbox 1859 4995 2466 5069">
    <p class='ocr_par' dir='ltr' id='par_1_117' title="bbox 1859 4995 2466 5069">
     <span class='ocr_line' id='line_1_119' title="bbox 1859 4995 2466 5069; baseline -0.015 -16"><span class='ocrx_word' id='word_1_866' title='bbox 1859 4999 2032 5069; x_wconf 80' lang='lat' dir='ltr'><strong>cquis,</strong></span> <span class='ocrx_word' id='word_1_867' title='bbox 2065 5013 2158 5050; x_wconf 84' lang='lat' dir='ltr'><strong>seu</strong></span> <span class='ocrx_word' id='word_1_868' title='bbox 2189 4995 2426 5066; x_wconf 78' lang='lat' dir='ltr'><strong>equabus</strong></span> <span class='ocrx_word' id='word_1_869' title='bbox 2455 5011 2466 5044; x_wconf 92' lang='lat'>:</span> 
     </span>
    </p>
   </div>
   <div class='ocr_carea' id='block_1_118' title="bbox 1951 5086 3325 5146">
    <p class='ocr_par' dir='ltr' id='par_1_118' title="bbox 1951 5086 3325 5146">
     <span class='ocr_line' id='line_1_120' title="bbox 1951 5086 3325 5146; baseline -0.006 -4"><span class='ocrx_word' id='word_1_870' title='bbox 1951 5092 2066 5142; x_wconf 83' lang='lat' dir='ltr'><strong>Illas</strong></span> <span class='ocrx_word' id='word_1_871' title='bbox 2086 5093 2220 5140; x_wconf 91' lang='lat' dir='ltr'><strong>ducit</strong></span> <span class='ocrx_word' id='word_1_872' title='bbox 2243 5102 2377 5139; x_wconf 86' lang='lat' dir='ltr'><strong>amor</strong></span> <span class='ocrx_word' id='word_1_873' title='bbox 2401 5097 2535 5139; x_wconf 89' lang='lat' dir='ltr'><strong>trans</strong></span> <span class='ocrx_word' id='word_1_874' title='bbox 2559 5086 2792 5146; x_wconf 83' lang='lat' dir='ltr'><strong>Gargara,</strong></span> <span class='ocrx_word' id='word_1_875' title='bbox 2813 5087 3044 5142; x_wconf 77' lang='lat' dir='ltr'><strong>transque</strong></span> <span class='ocrx_word' id='word_1_876' title='bbox 3069 5092 3325 5146; x_wconf 74' lang='lat' dir='ltr'><strong>sonantem</strong></span> 
     </span>
    </p>
   </div>
   <div class='ocr_carea' id='block_1_119' title="bbox 1953 5145 3338 5209">
    <p class='ocr_par' dir='ltr' id='par_1_119' title="bbox 1953 5145 3338 5209">
     <span class='ocr_line' id='line_1_121' title="bbox 1953 5145 3338 5209; baseline -0.007 -4"><span class='ocrx_word' id='word_1_877' title='bbox 1953 5156 2232 5206; x_wconf 74' lang='lat' dir='ltr'><strong>Ascanium.</strong></span> <span class='ocrx_word' id='word_1_878' title='bbox 2508 5165 2557 5200; x_wconf 86' lang='grc' dir='ltr'><strong>ιιι</strong></span> <span class='ocrx_word' id='word_1_879' title='bbox 2581 5145 2838 5209; x_wconf 80' lang='lat' dir='ltr'><strong>Georgic.,</strong></span> <span class='ocrx_word' id='word_1_880' title='bbox 2867 5161 2911 5195; x_wconf 90' lang='lat' dir='ltr'><strong>v.</strong></span> <span class='ocrx_word' id='word_1_881' title='bbox 2941 5146 3052 5195; x_wconf 76' lang='lat'><strong>270.</strong></span> <span class='ocrx_word' id='word_1_882' title='bbox 3080 5145 3338 5199; x_wconf 74' lang='lat' dir='ltr'><strong>Fruncms.</strong></span> 
     </span>
    </p>
   </div>
   <div class='ocr_carea' id='block_1_120' title="bbox 1930 5227 3450 5295">
    <p class='ocr_par' dir='ltr' id='par_1_120' title="bbox 1930 5227 3450 5295">
     <span class='ocr_line' id='line_1_122' title="bbox 1930 5227 3450 5295; baseline -0.006 -1"><span class='ocrx_word' id='word_1_883' title='bbox 1930 5239 2058 5294; x_wconf 86' lang='lat' dir='ltr'><strong>Tam</strong></span> <span class='ocrx_word' id='word_1_884' title='bbox 2088 5238 2264 5292; x_wconf 83' lang='lat' dir='ltr'><strong>rabide</strong></span> <span class='ocrx_word' id='word_1_885' title='bbox 2290 5243 2662 5289; x_wconf 84' lang='lat' dir='ltr'><strong>consectantur.</strong></span> <span class='ocrx_word' id='word_1_886' title='bbox 2699 5230 2767 5284; x_wconf 82' lang='lat' dir='ltr'><strong>Ut</strong></span> <span class='ocrx_word' id='word_1_887' title='bbox 2807 5227 2997 5282; x_wconf 85' lang='lat' dir='ltr'><strong>Cicero</strong></span> <span class='ocrx_word' id='word_1_888' title='bbox 3044 5245 3070 5276; x_wconf 82' lang='grc' dir='ltr'><strong>ν</strong></span> <span class='ocrx_word' id='word_1_889' title='bbox 3100 5227 3342 5295; x_wconf 74' lang='lat' dir='ltr'><strong>&#39;l‘usrul.,</strong></span> <span class='ocrx_word' id='word_1_890' title='bbox 3377 5231 3450 5288; x_wconf 89' lang='lat'><strong>6:</strong></span> 
     </span>
    </p>
   </div>
   <div class='ocr_carea' id='block_1_121' title="bbox 1862 5301 3457 5376">
    <p class='ocr_par' dir='ltr' id='par_1_121' title="bbox 1862 5301 3457 5376">
     <span class='ocr_line' id='line_1_123' title="bbox 1862 5301 3457 5376; baseline -0.008 -9"><span class='ocrx_word' id='word_1_891' title='bbox 1862 5313 2021 5376; x_wconf 82' lang='lat' dir='ltr'><strong>Quem</strong></span> <span class='ocrx_word' id='word_1_892' title='bbox 2072 5309 2366 5364; x_wconf 81' lang='lat' dir='ltr'><strong>libidinibus</strong></span> <span class='ocrx_word' id='word_1_893' title='bbox 2413 5306 2795 5376; x_wconf 79' lang='lat' dir='ltr'><strong>inﬂammatum</strong></span> <span class='ocrx_word' id='word_1_894' title='bbox 2839 5312 2885 5353; x_wconf 84' lang='lat' dir='ltr'><strong>et</strong></span> <span class='ocrx_word' id='word_1_895' title='bbox 2934 5301 3184 5376; x_wconf 72' lang='lat' dir='ltr'><strong>[urentem</strong></span> <span class='ocrx_word' id='word_1_896' title='bbox 3229 5303 3457 5360; x_wconf 80' lang='lat' dir='ltr'><strong>videmus</strong></span> 
     </span>
    </p>
   </div>
   <div class='ocr_carea' id='block_1_122' title="bbox 1859 5372 3452 5497">
    <p class='ocr_par' dir='ltr' id='par_1_122' title="bbox 1859 5372 3452 5497">
     <span class='ocr_line' id='line_1_124' title="bbox 1859 5372 3452 5497; baseline -0.005 -59"><span class='ocrx_word' id='word_1_897' title='bbox 1859 5372 2029 5439; x_wconf 67' lang='lat' dir='ltr'><strong>6mm</strong></span> <span class='ocrx_word' id='word_1_898' title='bbox 2077 5381 2262 5438; x_wconf 82' lang='lat' dir='ltr'><strong>rabide</strong></span> <span class='ocrx_word' id='word_1_899' title='bbox 2290 5372 2610 5451; x_wconf 79' lang='lat' dir='ltr'><strong>appetentem</strong></span> <span class='ocrx_word' id='word_1_900' title='bbox 2639 5390 2755 5428; x_wconf 87' lang='lat' dir='ltr'><strong>cum</strong></span> <span class='ocrx_word' id='word_1_901' title='bbox 2780 5372 3132 5442; x_wconf 76' lang='lat' dir='ltr'><strong>inexplicabili</strong></span> <span class='ocrx_word' id='word_1_902' title='bbox 3155 5376 3452 5497; x_wconf 50' lang='lat' dir='ltr'><strong>rapiditate.</strong></span> 
     </span>
     <span class='ocr_line' id='line_1_125' title="bbox 3223 5462 3309 5497; baseline 0 0"><span class='ocrx_word' id='word_1_903' title='bbox 3223 5462 3309 5497; x_wconf 72' lang='lat' dir='ltr'><strong>un.</strong></span> 
     </span>
    </p>
   </div>
   <div class='ocr_carea' id='block_1_123' title="bbox 3223 5462 3309 5500">
    <p class='ocr_par' dir='ltr' id='par_1_123' title="bbox 3223 5462 3309 5500">
     <span class='ocr_line' id='line_1_126' title="bbox 3223 5462 3309 5500; baseline -0.012 0"><span class='ocrx_word' id='word_1_904' title='bbox 3223 5462 3309 5500; x_wconf 72' lang='lat' dir='ltr'><strong>UN.</strong></span> 
     </span>
    </p>
   </div>
   <div class='ocr_carea' id='block_1_124' title="bbox 1930 5514 3342 5597">
    <p class='ocr_par' dir='ltr' id='par_1_124' title="bbox 1930 5514 3342 5597">
     <span class='ocr_line' id='line_1_127' title="bbox 1930 5514 3342 5597; baseline -0.006 -17"><span class='ocrx_word' id='word_1_905' title='bbox 1930 5526 2215 5597; x_wconf 78' lang='lat' dir='ltr'><strong>Cyrenaici.</strong></span> <span class='ocrx_word' id='word_1_906' title='bbox 2237 5523 2373 5578; x_wconf 71' lang='lat' dir='ltr'><strong>Vide</strong></span> <span class='ocrx_word' id='word_1_907' title='bbox 2404 5514 2833 5597; x_wconf 42' lang='lat' dir='ltr'><strong>aputl_Cicer.-in</strong></span> <span class='ocrx_word' id='word_1_908' title='bbox 2863 5514 2954 5597; x_wconf 74' lang='lat' dir='ltr'><strong>fin.</strong></span> <span class='ocrx_word' id='word_1_909' title='bbox 2985 5530 3058 5578; x_wconf 92' lang='lat' dir='ltr'><strong>Ill,</strong></span> <span class='ocrx_word' id='word_1_910' title='bbox 3093 5515 3160 5570; x_wconf 89' lang='lat' dir='ltr'><strong>de</strong></span> <span class='ocrx_word' id='word_1_911' title='bbox 3189 5518 3342 5597; x_wconf 58' lang='lat' dir='ltr'><strong>(illic.</strong></span> 
     </span>
    </p>
   </div>
   <div class='ocr_carea' id='block_1_125' title="bbox 1943 5586 3463 5653">
    <p class='ocr_par' dir='ltr' id='par_1_125' title="bbox 1943 5586 3463 5653">
     <span class='ocr_line' id='line_1_128' title="bbox 1943 5586 3463 5653; baseline -0.007 0"><span class='ocrx_word' id='word_1_912' title='bbox 1943 5586 2191 5653; x_wconf 64' lang='lat' dir='ltr'><strong>Virtutem</strong></span> <span class='ocrx_word' id='word_1_913' title='bbox 2219 5612 2281 5651; x_wconf 73' lang='lat' dir='ltr'><strong>ex</strong></span> <span class='ocrx_word' id='word_1_914' title='bbox 2325 5612 2380 5649; x_wconf 89' lang='lat' dir='ltr'><strong>eo</strong></span> <span class='ocrx_word' id='word_1_915' title='bbox 2409 5607 2515 5647; x_wconf 80' lang='lat' dir='ltr'><strong>esse</strong></span> <span class='ocrx_word' id='word_1_916' title='bbox 2542 5589 2880 5645; x_wconf 85' lang='lat' dir='ltr'><strong>laudandam.</strong></span> <span class='ocrx_word' id='word_1_917' title='bbox 2910 5586 2987 5640; x_wconf 89' lang='lat' dir='ltr'><strong>Ita</strong></span> <span class='ocrx_word' id='word_1_918' title='bbox 3035 5602 3154 5640; x_wconf 91' lang='lat' dir='ltr'><strong>cum</strong></span> <span class='ocrx_word' id='word_1_919' title='bbox 3223 5589 3257 5643; x_wconf 85' lang='lat'><strong>5</strong></span> <span class='ocrx_word' id='word_1_920' title='bbox 3299 5589 3463 5644; x_wconf 86' lang='lat' dir='ltr'><strong>editis</strong></span> 
     </span>
    </p>
   </div>
   <div class='ocr_carea' id='block_1_126' title="bbox 1859 5657 3467 5727">
    <p class='ocr_par' dir='ltr' id='par_1_126' title="bbox 1859 5657 3467 5727">
     <span class='ocr_line' id='line_1_129' title="bbox 1859 5657 3467 5727; baseline -0.006 0"><span class='ocrx_word' id='word_1_921' title='bbox 1859 5688 2048 5727; x_wconf 86' lang='lat' dir='ltr'><strong>omnes</strong></span> <span class='ocrx_word' id='word_1_922' title='bbox 2100 5670 2212 5724; x_wconf 77' lang='lat' dir='ltr'><strong>fere</strong></span> <span class='ocrx_word' id='word_1_923' title='bbox 2255 5683 2385 5721; x_wconf 70' lang='lat' dir='ltr'><strong>mss.</strong></span> <span class='ocrx_word' id='word_1_924' title='bbox 2433 5668 2500 5718; x_wconf 82' lang='lat' dir='ltr'><strong>At</strong></span> <span class='ocrx_word' id='word_1_925' title='bbox 2543 5664 2592 5716; x_wconf 90' lang='lat' dir='ltr'><strong>in</strong></span> <span class='ocrx_word' id='word_1_926' title='bbox 2623 5679 2730 5716; x_wconf 88' lang='lat' dir='ltr'><strong>uno</strong></span> <span class='ocrx_word' id='word_1_927' title='bbox 2768 5657 3084 5714; x_wconf 84' lang='lat' dir='ltr'><strong>Cnlhertiuo</strong></span> <span class='ocrx_word' id='word_1_928' title='bbox 3111 5672 3159 5714; x_wconf 87' lang='lat' dir='ltr'><strong>et</strong></span> <span class='ocrx_word' id='word_1_929' title='bbox 3204 5661 3370 5716; x_wconf 78' lang='lat' dir='ltr'><strong>Cauc.</strong></span> <span class='ocrx_word' id='word_1_930' title='bbox 3403 5678 3467 5717; x_wconf 87' lang='lat' dir='ltr'><strong>ac</strong></span> 
     </span>
    </p>
   </div>
   <div class='ocr_carea' id='block_1_127' title="bbox 1859 5730 3248 5804">
    <p class='ocr_par' dir='ltr' id='par_1_127' title="bbox 1859 5730 3248 5804">
     <span class='ocr_line' id='line_1_130' title="bbox 1859 5730 3248 5804; baseline -0.012 -3"><span class='ocrx_word' id='word_1_931' title='bbox 1859 5743 2015 5801; x_wconf 77' lang='lat' dir='ltr'><strong>editis</strong></span> <span class='ocrx_word' id='word_1_932' title='bbox 2046 5743 2105 5798; x_wconf 81' lang='lat' dir='ltr'><strong>Il</strong></span> <span class='ocrx_word' id='word_1_933' title='bbox 2141 5751 2225 5796; x_wconf 88' lang='lat' dir='ltr'><strong>est</strong></span> <span class='ocrx_word' id='word_1_934' title='bbox 2248 5755 2310 5794; x_wconf 80' lang='lat' dir='ltr'><strong>ea:</strong></span> <span class='ocrx_word' id='word_1_935' title='bbox 2338 5754 2395 5792; x_wconf 80' lang='lat' dir='ltr'><strong>eo</strong></span> <span class='ocrx_word' id='word_1_936' title='bbox 2423 5735 2642 5804; x_wconf 82' lang='lat' dir='ltr'><strong>ipso;in</strong></span> <span class='ocrx_word' id='word_1_937' title='bbox 2676 5738 2695 5786; x_wconf 83' lang='lat' dir='ltr'><strong>t</strong></span> <span class='ocrx_word' id='word_1_938' title='bbox 2731 5730 2910 5795; x_wconf 86' lang='lat' dir='ltr'><strong>Cnib.,</strong></span> <span class='ocrx_word' id='word_1_939' title='bbox 2947 5747 3009 5785; x_wconf 75' lang='lat' dir='ltr'><strong>ea:</strong></span> <span class='ocrx_word' id='word_1_940' title='bbox 3035 5748 3092 5785; x_wconf 85' lang='lat' dir='ltr'><strong>eo</strong></span> <span class='ocrx_word' id='word_1_941' title='bbox 3112 5732 3248 5804; x_wconf 87' lang='lat' dir='ltr'><strong>solo.</strong></span> 
     </span>
    </p>
   </div>
   <div class='ocr_carea' id='block_1_128' title="bbox 1933 5803 3470 5877">
    <p class='ocr_par' dir='ltr' id='par_1_128' title="bbox 1933 5803 3470 5877">
     <span class='ocr_line' id='line_1_131' title="bbox 1933 5803 3470 5877; baseline -0.005 -7"><span class='ocrx_word' id='word_1_942' title='bbox 1933 5815 2036 5870; x_wconf 82' lang='lat' dir='ltr'><strong>Sus</strong></span> <span class='ocrx_word' id='word_1_943' title='bbox 2064 5827 2108 5869; x_wconf 85' lang='lat' dir='ltr'><strong>et</strong></span> <span class='ocrx_word' id='word_1_944' title='bbox 2141 5811 2303 5868; x_wconf 82' lang='lat' dir='ltr'><strong>canis.</strong></span> <span class='ocrx_word' id='word_1_945' title='bbox 2341 5811 2456 5866; x_wconf 91' lang='lat' dir='ltr'><strong>Duo</strong></span> <span class='ocrx_word' id='word_1_946' title='bbox 2483 5808 2632 5877; x_wconf 77' lang='lat' dir='ltr'><strong>quasi</strong></span> <span class='ocrx_word' id='word_1_947' title='bbox 2673 5804 2924 5876; x_wconf 74' lang='lat' dir='ltr'><strong>symbolo</strong></span> <span class='ocrx_word' id='word_1_948' title='bbox 2969 5803 3210 5873; x_wconf 57' lang='lat' dir='ltr'><strong>quadam</strong></span> <span class='ocrx_word' id='word_1_949' title='bbox 3240 5804 3383 5876; x_wconf 63' lang='lat' dir='ltr'><strong>gula:</strong></span> <span class='ocrx_word' id='word_1_950' title='bbox 3414 5812 3470 5862; x_wconf 82' lang='lat' dir='ltr'><strong>et</strong></span> 
     </span>
    </p>
   </div>
  </div>
