4038 6358
197 382 285 442 569

300 492 473 547 Tantus
489 501 618 542 amor
640 486 857 550 laudum,
879 490 1031 539 tanta
1047 491 1129 537 est
1149 486 1359 538 victoria
1380 496 1531 536 curas.

195 626 291 685 Nec
313 620 568 679 immerito
594 633 839 675 summus
876 625 1034 691 poeta
1082 614 1468 690 experiendum
1497 630 1622 673 esse
1644 616 1751 686 ait,

299 761 359 816 Et
377 759 484 825 quis
503 758 684 822 cuique
705 753 845 807 dolor
867 756 1013 817 victo,
1028 766 1139 820 quae
1157 753 1318 818 gloria
1342 752 1537 819 palmae.

195 888 324 960 Quod
347 888 388 943 si
407 901 466 942 ea
483 926 498 952 ,
521 899 637 957 qua:
660 883 798 955 parit
825 882 1049 939 scientia
1071 926 1086 949 ,
1115 881 1422 938 communia
1460 888 1587 937 sunt
1632 896 1756 937 cum

194 982 295 1039 aliis
341 979 680 1045 animalibus,
740 992 847 1033 non
903 986 988 1033 est
1041 991 1170 1048 ergo
1225 990 1497 1031 summum
1558 975 1758 1029 bonum

195 1074 407 1133 scientia.
455 1070 721 1127 Praeterea
774 1085 880 1125 non
930 1069 1206 1125 mediocre
1245 1068 1405 1140 hujus
1432 1066 1759 1123 definitionis

195 1179 263 1224 est
277 1167 445 1221 vitium
473 1163 613 1236 quod
635 1164 857 1220 scientia
886 1160 1025 1218 nuda
1056 1161 1296 1233 ponitur.
1324 1159 1585 1231 incipient
1613 1160 1757 1215 enim

194 1261 312 1319 boati
333 1275 511 1317 unmes
537 1259 733 1324 videri.
758 1261 848 1332 qui
877 1269 1050 1315 artem
1074 1257 1306 1327 aliquam
1331 1256 1574 1322 soterint,
1594 1254 1761 1310 immo

194 1371 302 1411 vero
343 1355 428 1427 qui
476 1366 529 1410 et
581 1369 668 1411 res
722 1354 890 1409 malas
918 1352 1177 1418 scierint;
1211 1360 1270 1406 ut
1298 1361 1403 1405 tam
1432 1351 1623 1405 beatus
1652 1349 1757 1417 sit,

194 1451 266 1521 qui
306 1463 499 1504 venena
529 1446 779 1503 didicerit
806 1455 1106 1515 temperare
1130 1486 1146 1513 ,
1192 1459 1352 1515 quam
1392 1444 1481 1515 qui
1529 1440 1755 1497 mederi.

194 1544 357 1612 Qua-ro
398 1542 591 1612 igitur,
634 1540 699 1596 ad
746 1554 905 1612 quam
939 1555 1052 1595 rem
1082 1538 1310 1595 scientia
1345 1535 1626 1594 referenda
1648 1534 1761 1591 sit?

193 1635 237 1694 Si
271 1635 330 1691 ad
377 1649 566 1693 causas
604 1650 785 1689 rerqu
814 1633 1169 1697 naturalium,
1203 1645 1325 1702 quae
1355 1630 1630 1686 beatitudo
1657 1630 1763 1684 erit

193 1729 300 1785 mihi
353 1728 657 1799 proposita,
706 1727 751 1782 si
792 1728 968 1782 sciero
1009 1724 1150 1780 unde
1180 1723 1331 1779 Nilus
1369 1725 1574 1779 oriatur
1598 1763 1613 1784 ,
1674 1719 1761 1777 vel

192 1822 413 1895 quidquid
434 1823 502 1879 de
529 1823 674 1879 cosio
705 1822 909 1894 physici
940 1820 1200 1877 delirant!
1222 1819 1383 1887 Quid,
1404 1817 1547 1887 quod
1574 1830 1761 1873 earum

1023 370 1228 430 LIBER
1266 368 1353 428 Ill.
1397 367 1491 428 DE
1530 364 1755 427 FALSA
1792 365 2157 430 SAPIENTIA
2197 366 2603 426 PHILOSOPH.

3360 364 3466 425 570

1778 490 1836 553 Α
1859 482 1991 540 illud
2020 483 2219 539 bonum
2239 482 2401 541 facile
2430 483 2705 555 perveniri
2733 491 2941 555 putent.
2976 499 3046 541 an
3072 498 3195 541 cum
3237 483 3470 542 dilllcul-

1862 585 1973 634 tate
1999 592 2061 632 ac
2083 577 2269 632 labore
2287 578 2311 632 ?
2327 577 2402 632 Ex
2415 578 2634 648 pediant
2659 593 2886 634 acumen
2909 593 3089 647 suum,
3119 594 3469 651 erroremque

1860 668 2173 726 defendant.
2208 669 2268 725 Si
2300 669 2457 725 facile
2478 670 2544 726 ad
2566 670 2718 737 illud,
2745 687 2809 728 ac
2836 672 2953 727 sine
2978 671 3165 729 labore
3188 672 3469 743 perveniri

1860 771 2058 834 potest,
2090 776 2361 818 summum
2384 764 2583 818 bonum
2610 779 2715 819 non
2745 773 2848 820 est.
2879 764 3020 832 Quid
3040 766 3184 822 enim
3214 782 3314 823 nos
3336 781 3467 822 cru-

1860 856 2088 923 ciemus,
2113 855 2241 927 quid
2271 856 2645 925 cnnliciamus,
2679 859 2939 915 enitendo
2970 860 3163 917 diebus
3189 870 3248 917 et
3296 863 3471 917 nocti-

1862 953 2464 1027 bus?quaudoquidetn
2513 965 2620 1011 tam
2655 956 2707 1011 in
2762 968 3016 1028 promptu
3051 958 3102 1013 id
3147 959 3289 1030 quod
3316 975 3469 1029 qua:-

1860 1048 2031 1103 rimus
2055 1048 2217 1117 jacet,
2255 1057 2313 1103 ut
2363 1048 2496 1104 illud
2539 1049 2764 1119 quilibet
2818 1052 2937 1106 sine
2975 1050 3080 1106 ulla
3120 1051 3471 1108 contentione

1861 1141 2027 1196 animi
2049 1140 2497 1212 comprehendat.
2522 1141 2629 1198 Sed
2654 1144 2699 1197 si
2727 1158 3015 1199 commune
3034 1159 3250 1215 quoque
3274 1160 3337 1200 ac
3356 1159 3473 1201 me-

1862 1231 2044 1288 diocre
2070 1233 2348 1303 quodlibet
2387 1234 2586 1289 bonum
2620 1250 2730 1289 non
2760 1235 2862 1291 nisi
2916 1236 3104 1291 labore
3130 1238 3472 1309 assequimur

1862 1326 2114 1397 quoniam
2140 1326 2404 1382 bonorum
2436 1336 2627 1383 natura
2660 1329 2713 1384 in
2734 1329 2903 1385 arduo
2930 1330 3103 1399 posita
3156 1338 3259 1394 est,
3295 1330 3471 1386 malo-

1862 1435 1982 1477 rum
2014 1420 2066 1475 in
2094 1420 2381 1489 praecipiti,
2415 1435 2631 1476 summo
2655 1421 2816 1493 igitur
2855 1422 3044 1477 labore
3073 1437 3344 1477 summum
3375 1422 3472 1479 bo-

1864 1530 1991 1570 num
2010 1514 2226 1585 assequi
2246 1529 2470 1570 necesse
2496 1524 2599 1571 est.
2622 1515 2776 1582 Quod
2800 1516 2843 1570 si
2860 1516 3200 1570 verissimum
3216 1526 3321 1584 est,
3340 1531 3474 1588 ergo

1864 1608 2037 1663 altera
2087 1608 2282 1663 virtute
2310 1622 2446 1678 opus
2475 1617 2578 1674 est,
2610 1616 2669 1662 ιιι
2714 1608 3091 1679 perveniamus
3116 1608 3183 1663 ad
3215 1623 3334 1663 eam
3364 1608 3479 1664 vir-

1866 1710 2031 1759 tutem
2055 1718 2175 1774 qua:
2204 1702 2399 1757 dicitur
2429 1717 2700 1757 summum
2730 1702 2963 1760 bonum:
2987 1702 3130 1773 quod
3169 1710 3252 1758 est
3278 1702 3471 1758 incon-

1863 1810 2062 1867 gruens
2087 1836 2101 1862 ,
2136 1804 2192 1852 et
2224 1794 2518 1851 absurdum
2544 1838 2560 1864 ,
2592 1805 2649 1850 ut
2670 1796 2842 1850 virtus
2891 1811 2984 1865 per
3013 1795 3245 1865 seipsam
3281 1809 3473 1865 perve-

190 1886 340 1973 rerutn
366 1934 466 1972 nott
494 1927 578 1973 est
605 1886 828 1972 scientia
859 1958 874 1982 ,
904 1915 1000 1970 sed
1026 1914 1303 1985 opinatio,
1330 1928 1451 1984 quas
1482 1927 1578 1982 pro
1605 1911 1757 1981 inge-
1790 1903 1838 1964 Β
1866 1888 1977 1944 "ii"
2098 1887 2353 1959 δείρείιίη·
2384 1888 2439 1943 Si
2469 1902 2575 1985 "9P
2615 1897 2790 1958 ιόῑεεῑ
2821 1887 2890 1944 ad
2917 1888 3086 1942 "nm"
3120 1887 3319 1942 bonum
3364 1886 3471 1942 ιιίεί

191 2010 271 2066 uiis
314 2010 449 2065 varia
480 2019 586 2065 est.
620 2008 805 2064 Restat
845 2017 904 2063 ut
941 2006 1167 2063 scientia
1203 2006 1468 2061 bonorum
1500 2019 1563 2058 ac
1588 2003 1758 2058 malo-

190 2118 288 2159 rum
307 2117 562 2158 summum
592 2102 789 2158 bonum
818 2101 907 2156 sit.
937 2098 1048 2155 Cur
1066 2114 1197 2169 ergo
1227 2098 1505 2154 scientiam
1531 2095 1753 2164 maluit,

191 2212 319 2268 quam
349 2198 512 2268 ipsam
535 2196 861 2267 sapientiam
883 2209 1154 2250 sttmmum
1173 2192 1372 2248 bonum
1401 2190 1604 2259 dicere,
1632 2203 1755 2245 cum

193 2290 249 2345 sit
267 2290 525 2360 utriusque
550 2288 875 2360 significatio
917 2297 973 2343 et
1009 2286 1089 2343 vis
1109 2284 1298 2342 eadem
1329 2284 1353 2339 ‘l
1377 2283 1548 2339 Nemo
1577 2293 1757 2338 tamen

191 2395 329 2453 usque
355 2380 524 2436 adhuc
546 2395 822 2436 summum
853 2380 1054 2435 bonum
1096 2377 1231 2433 dixit
1251 2392 1372 2434 esse
1399 2375 1752 2445 sapientiam,

191 2474 305 2545 quod
332 2474 515 2530 melius
537 2472 649 2529 dici
674 2473 867 2545 potuit.
910 2471 1044 2529 Nam
1074 2472 1297 2529 scientia
1347 2486 1536 2543 parum
1579 2479 1663 2526 est
1687 2470 1756 2526 ad

191 2564 358 2623 bonum
383 2565 787 2637 suscipiendum
814 2608 829 2631 ,
859 2564 1167 2635 malumque
1195 2561 1508 2634 fugiendum
1536 2562 1636 2617 nisi
1660 2575 1754 2616 ac-

192 2660 319 2716 cedat
363 2669 415 2715 et
452 2663 649 2716 virtus.
676 2658 824 2713 Multi
846 2657 989 2713 enim
1023 2655 1468 2729 ριιὶιοεονιιυιυιη
1494 2700 1509 2725 ,
1540 2670 1663 2711 cum
1689 2653 1759 2711 de

193 2752 323 2809 bonis
348 2796 363 2821 ,
388 2753 654 2825 malisque
678 2752 1045 2818 dissererent,
1077 2750 1237 2807 aliter
1262 2758 1439 2805 tamen
1457 2792 1472 2817 ,
1496 2764 1655 2821 quam
1682 2748 1761 2803 Io-

193 2847 497 2918 quebantur,
555 2857 756 2901 natura
797 2855 1053 2915 cogente,
1103 2844 1374 2911 vixerunt,
1412 2840 1533 2912 quia
1567 2843 1763 2896 virtute

194 2948 464 2995 caruerunt.
516 2938 706 2995 Virtus
736 2948 917 2993 autem
945 2951 1068 2994 cum
1116 2935 1342 2993 scientia
1370 2934 1657 3007 conjuncta
1681 2942 1767 2991 est

193 3032 443 3102 sapientia.

250 3142 489 3216 Superest
520 3152 579 3201 ut
619 3158 716 3200 eos
745 3143 908 3201 etiam
941 3140 1251 3199 refellamus
1281 3142 1373 3215 qui
1403 3143 1655 3200 virtutem
1687 3144 1768 3215 ip-

192 3251 287 3293 sam
312 3255 573 3296 summum
601 3240 808 3297 bonum
869 3247 1213 3310 putaverunt,
1274 3239 1328 3293 in
1352 3253 1454 3311 qua
1508 3240 1767 3310 opinione

195 3331 330 3387 etiam
352 3333 418 3389 bl.
442 3333 657 3391 Tullius
688 3332 822 3400 fuit;
875 3332 928 3388 in
976 3348 1083 3402 quo
1102 3333 1329 3388 multum
1378 3334 1764 3391 inconsiderati

194 3423 398 3485 fuerunt.
426 3429 542 3485 Non
573 3429 725 3484 enim
750 3429 926 3483 virtus
971 3428 1087 3498 ipsa
1114 3438 1199 3484 est
1239 3443 1510 3484 summum
1540 3430 1763 3498 bonum,

195 3519 273 3576 sed
304 3521 536 3579 effectrix
562 3535 620 3579 et
648 3534 823 3577 mater
849 3530 934 3578 est
949 3522 1143 3577 summi
1178 3523 1335 3591 boni;
1369 3524 1623 3595 quoniam
1648 3541 1771 3598 per-

194 3615 339 3669 veniri
359 3616 422 3670 ad
451 3616 586 3673 illud
619 3615 741 3671 sine
773 3615 967 3670 virtute
998 3630 1105 3670 non
1134 3626 1333 3686 potest.
1358 3614 1659 3689 Utrumque
1683 3620 1766 3674 itt-

198 3705 381 3765 tellecta
396 3719 476 3766 est
489 3709 672 3767 facile.
691 3706 888 3777 Quaero
903 3709 1070 3778 enim,
1094 3718 1349 3765 utrumne
1365 3709 1431 3765 ad
1449 3710 1769 3780 praeclarum

1866 1998 1964 2055 per
2008 1983 2249 2039 laborem
2289 1981 2594 2053 perveniri,
2621 1991 2848 2053 apparet
2885 1991 3144 2037 virtutem
3170 1996 3323 2048 esse,
3373 1996 3474 2053 per

1861 2091 2024 2149 quam
2068 2076 2443 2147 perveniatur;
2485 2076 2742 2147 quoniam
2794 2075 2846 2129 in
2895 2074 3257 2145 suscipiendis
3297 2072 3476 2145 perfe-

1862 2168 2153 2240 rendisque
2173 2167 2471 2237 laboribus,
2497 2169 2581 2224 vis
2602 2166 2950 2241 officiumque
2976 2168 3194 2224 virtutis
3219 2176 3323 2225 est.

1935 2307 2079 2380 Ergo
2097 2323 2366 2364 summum
2385 2308 2586 2365 bonum
2612 2322 2719 2364 non
2748 2317 2925 2378 potest
2953 2323 3075 2364 esse
3099 2307 3170 2373 id,
3201 2323 3296 2378 per
3320 2308 3470 2381 quod

1861 2415 2086 2457 necesse
2114 2409 2202 2457 est
2230 2400 2298 2456 ad
2320 2401 2466 2457 aliud
2516 2402 2812 2473 perveniri.
2839 2400 2949 2457 Sed
2979 2402 3076 2469 illi,
3107 2416 3231 2458 cum
3262 2403 3482 2475 ignora-

1858 2502 1982 2550 rent
2006 2493 2132 2564 quid
2160 2494 2401 2550 efﬁceret
2429 2495 2852 2567 virtus,autquo
2888 2495 3162 2562 tenderet,
3194 2495 3479 2553 honestius

1868 2596 2050 2643 autem
2078 2586 2213 2642 nihil
2245 2587 2568 2658 reperirent,
2594 2589 2953 2644 substiterunt
2978 2589 3029 2643 in
3062 2587 3233 2659 ipsius
3259 2589 3475 2645 virtutis

1863 2676 2105 2748 nomine,
2135 2696 2296 2751 quam
2314 2681 2461 2736 nullo
2489 2680 2768 2752 proposito
2793 2680 3187 2748 emolumento,
3210 2691 3475 2753 appeten-

1864 2775 1986 2831 dam
2010 2791 2132 2832 esse
2155 2776 2428 2844 dixerunt,
2458 2785 2513 2831 et
2536 2776 2737 2830 bonum
2762 2774 2865 2831 sibi
2879 2776 3302 2843 constituerunt,
3326 2776 3477 2846 quod

1871 2868 2016 2925 bono
2046 2868 2330 2940 indigeret.
2358 2868 2681 2925 Aristoteles
2706 2869 2775 2924 ab
2798 2867 2861 2923 iis
2893 2883 2998 2922 non
3030 2869 3193 2940 longe
3218 2868 3471 2936 recessit,

1869 2965 1958 3035 qui
1991 2964 2240 3020 virtutem
2260 2979 2382 3019 cum
2413 2962 2696 3018 honestate
2716 2977 2986 3017 summum
3006 2960 3206 3016 bonum
3230 2961 3481 3032 putavit:

1871 3058 2023 3130 quasi
2053 3058 2221 3128 possit
2245 3056 2349 3112 ulla
2375 3071 2497 3113 esse
2528 3056 2700 3111 virtus
2727 3055 2831 3111 nisi
2877 3056 3128 3120 honesta,
3153 3069 3217 3109 ac
3266 3068 3393 3115 non,
3427 3053 3479 3110 si

1871 3151 1997 3223 quid
2024 3150 2276 3207 habuerit
2308 3149 2681 3222 turpitudinis,
2735 3148 2909 3203 virtus
2947 3160 3069 3202 esse
3102 3145 3338 3203 desinat.
3368 3145 3479 3202 Sed

1869 3244 2003 3301 vidit
2031 3244 2146 3301 fieri
2179 3259 2357 3315 posse,
2375 3252 2433 3298 ut
2458 3242 2528 3298 de
2546 3242 2743 3297 virtute
2768 3254 2934 3312 pravo
2955 3237 3161 3310 judicio
3185 3238 3328 3294 male
3348 3253 3476 3294 sen-

1871 3339 2147 3407 tiatur;et
2192 3338 2318 3395 ideo
2346 3337 2754 3393 existimatione
2802 3334 3080 3390 hominum
3132 3333 3480 3389 serviendum

1871 3433 2099 3506 putavit.
2115 3434 2259 3504 quod
2283 3434 2371 3504 qui
2396 3431 2542 3499 facit,
2571 3447 2598 3485 a
2623 3441 2772 3487 recto
2792 3429 3043 3498 bonoque
3080 3426 3332 3491 discedit,
3348 3427 3474 3497 quia

1872 3544 1982 3587 non
2012 3537 2097 3585 est
2115 3528 2169 3585 in
2193 3538 2374 3584 nostra
2405 3533 2671 3599 potestate
2704 3533 2762 3578 ut
2789 3524 2966 3578 virtus
3008 3535 3105 3592 pro
3129 3520 3244 3577 suis
3268 3519 3475 3576 meritis

1875 3622 2215 3681 bonestetur.
2246 3621 2378 3678 Nam
2408 3621 2534 3693 quid
2573 3627 2659 3674 est
2689 3617 2967 3683 honestas,
3000 3615 3104 3670 nisi
3157 3614 3331 3669 honor
3356 3629 3480 3683 per-

1877 3728 2073 3787 pctuus
2101 3716 2166 3772 ad
2198 3717 2434 3788 aliquem
2474 3711 2719 3772 secundo
2768 3709 2954 3785 populi
2981 3723 3201 3766 rumore
3230 3707 3481 3765 delatus?

1562 3828 1927 3891 VABIORUM
1964 3834 2198 3892 NOT/E.

197 3954 287 4002 tum
311 3950 641 4021 applieamus
669 3947 907 4021 animum
933 3986 948 4009 ,
972 3946 1064 4021 vel
1095 3961 1280 4021 onum,
1308 3946 1391 4021 vel
1408 3946 1648 4021 honoris
1674 3963 1767 4006 ac-

196 4018 407 4090 quirendi
437 4036 598 4077 causa
624 4062 640 4084 ,
673 4019 751 4074 illi
787 4018 1167 4074 incumbimus.
1201 4018 1477 4090 Acqnisita
1517 4021 1629 4087 jam
1676 4036 1772 4090 per

199 4089 482 4148 industriam
513 4094 661 4148 illius
688 4092 763 4145 rei
791 4090 1038 4154 sciemia,
1068 4104 1173 4144 non
1192 4091 1422 4159 amplius
1446 4088 1641 4160 finalis,
1674 4088 1771 4147 sed

199 4162 405 4221 enectris
436 4164 581 4220 illius
606 4163 688 4220 rei
720 4177 882 4219 causa
912 4161 1015 4217 erit
1035 4204 1050 4231 ,
1082 4178 1242 4233 quam
1283 4162 1629 4219 instituimus.
1661 4162 1765 4218 Bs.

199 4247 409 4293 TULEIDS.

260 4324 455 4383 Tantus.
502 4327 739 4384 Carmen
776 4335 860 4381 est
888 4324 1093 4396 Virgilii
1118 4341 1183 4396 ex
1223 4324 1360 4380 libro
1388 4340 1442 4379 ιιι
1475 4324 1725 4396 Georgio.
1748 4368 1765 4395 ,

201 4410 243 4450 v.
267 4398 375 4463 ΗΞ,
405 4416 465 4457 ac
491 4413 730 4468 sequens
756 4398 947 4468 legitur
970 4395 1020 4451 v.
1042 4395 1167 4469 l02,
1199 4397 1301 4469 ubi
1321 4406 1475 4466 poeta
1506 4395 1768 4469 equarum

202 4484 554 4541 generosiirum
579 4482 803 4526 naturas
818 4468 1111 4535 describit;
1142 4485 1245 4541 qua
1273 4468 1342 4525 de
1368 4484 1427 4527 re
1448 4468 1768 4527 extatetiam

203 4538 541 4612 Xenotthontis
570 4542 808 4600 libellus.

261 4633 425 4690 Tanta:
469 4646 563 4692 est.
608 4635 666 4691 ln
695 4650 824 4690 mss.
855 4634 881 4690 1
914 4632 1043 4698 Reg.
1076 4633 1366 4689 veterrimo
1389 4642 1442 4690 et
1481 4635 1502 4689 l
1537 4632 1772 4690 Clarum.

205 4704 512 4829 illcsideratur
538 4718 649 4774 est;
677 4707 729 4763 in
761 4705 1159 4778 Regio-Putet
1188 4706 1220 4761 7
1248 4706 1369 4762 aliis
1395 4706 1611 4777 scriptis
1642 4706 1777 4778 legi-

227 4793 295 4836 ur.
322 4790 457 4836 tanta
477 4791 572 4836 est.

282 4820 295 4845 ,
322 4820 457 4836 σιιιιικ
477 4820 572 4836 νυ..

267 4871 596 4943 Deﬁnitionis.
628 4872 945 4928 Restitui‘ex
973 4870 1361 4943 antiquissimis
1396 4885 1527 4943 mss.
1558 4871 1594 4943 2
1616 4871 1776 4943 Reg.,

205 4942 235 4997 2
258 4944 470 5005 Bonan.
500 4948 571 5002 16
597 4944 720 5000 aliis
749 4954 805 4998 et
830 4944 864 5000 8
893 4944 1051 4999 editis
1069 4985 1084 5009 ,
1139 4942 1521 4998 accedentibus
1546 4942 1581 4999 8
1610 4942 1783 5013 scrip-

209 5016 265 5088 tis
291 5017 337 5069 in
365 5019 559 5088 quibus
593 5028 702 5083 εει,
730 5015 1083 5087 difﬁnirinnis;
1108 5015 1159 5068 in
1188 5030 1291 5068 me.
1318 5014 1653 5088 Turni-sisne
1679 5015 1782 5071 et9

208 5084 459 5157 impressis
484 5100 569 5144 est
595 5084 972 5158 disputationis.
1004 5088 1074 5142 At
1115 5096 1264 5158 recte
1293 5086 1637 5141 emendatum
1670 5096 1776 5155 est,

209 5159 528 5226 deﬁnitionis;
561 5176 684 5215 nam
715 5170 773 5214 ut
813 5170 960 5214 recte
987 5170 1167 5213 monet
1196 5157 1433 5213 Thomas
1462 5172 1566 5212 non
1606 5158 1782 5229 agitur

209 5243 263 5283 en
303 5231 396 5286 loci
444 5231 513 5287 de
562 5231 960 5302 diSputatione,
986 5228 1080 5302 sed
1109 5228 1423 5284 definitione
1444 5270 1457 5290 .
1488 5231 1569 5283 vel
1604 5228 1782 5299 petius

209 5304 444 5384 sententia
466 5300 694 5372 eorum,
729 5303 820 5374 qui
852 5300 1111 5375 putabant
1131 5317 1401 5358 summum
1433 5302 1631 5358 bonum
1659 5315 1782 5358 esse

210 5377 482 5431 scientiam.

271 5469 483 5526 Scientia
532 5470 691 5525 nuda.
727 5470 750 5525 l
779 5467 934 5525 Colit.
963 5475 1018 5524 et
1049 5469 1071 5523 l
1104 5468 1295 5535 Brun.,
1328 5468 1483 5522 trude.

270 5538 402 5595 Beati
448 5559 642 5598 omnes.
692 5541 782 5598 Sic
813 5541 1021 5596 restitui
1062 5556 1127 5595 ex
1170 5539 1557 5610 antiquissimis
1584 5554 1715 5594 mss.
1750 5540 1778 5596 1

215 5607 351 5683 Beg.,
372 5612 559 5683 Cuuc.,
592 5622 648 5669 et
678 5616 698 5668 l
738 5613 972 5673 Bonon..
1000 5613 1036 5665 3
1060 5612 1132 5666 al.
1168 5607 1326 5683 Reg;
1363 5611 1571 5679 Betul.,
1599 5610 1741 5668 Ultr.
1765 5653 1781 5676 ,

215 5682 415 5755 aliisque
466 5686 648 5740 multis
671 5696 721 5741 et
749 5686 909 5740 editis
937 5683 1167 5739 Tornes.
1196 5699 1259 5738 ac
1288 5682 1559 5739 Soubron.
1588 5683 1781 5755 melius

216 5754 353 5818 quant
394 5756 636 5812 beatiores
686 5767 1006 5812 είυιθνυτιιιη
1042 5773 1056 5809 :
1093 5755 1179 5808 hic
1206 5757 1348 5810 enim
1373 5797 1388 5819 ,
1434 5763 1493 5807 ut
1538 5768 1683 5810 recte
1711 5754 1789 5809 ait

217 5821 537 5896 Tbomasius,
557 5838 743 5885 auctor
766 5838 950 5883 noster
962 5842 1068 5882 non
1088 5827 1322 5897 loquitur
1341 5825 1408 5879 de
1436 5825 1622 5895 majori
1656 5826 1785 5881 hea‘

220 5898 459 5970 titudiue;
524 5899 621 5956 sed
672 5899 989 5970 simpliciter
1025 5900 1182 5954 docet
1214 5899 1517 5970 necessario
1542 5901 1693 5969 sequi
1720 5912 1788 5953 ex

223 5968 348 6025 illius
376 5972 656 6042 sententia,
682 5968 1078 6042 qniscicnliam
1107 5986 1376 6027 smnmum
1404 5968 1603 6026 benunt
1626 5968 1783 6042 puta-

1876 3954 1985 4019 bat,
2016 3964 2075 4009 nt
2103 3968 2293 4009 omnes
2318 3952 2409 4022 qui
2431 3952 2665 4022 aliquam
2691 3959 2860 4007 artem
2890 3947 3018 4005 licet
3057 3955 3268 4018 turpem
3294 3946 3475 4005 scive-

1877 4027 2006 4091 rinl,
2031 4027 2170 4081 beati
2200 4028 2309 4080 sint
2330 4023 2604 4096 appellati.

1952 4090 2214 4171 opinatio.
2269 4090 2630 4171 Sic;:rep_nsui
2678 4090 3054 4171 exhemnibus
3086 4104 3221 4171 pene
3260 4104 3395 4171 mss.
3422 4099 3480 4149 et

1876 4161 2011 4225 edit:
2068 4170 2227 4226 Rom.
2286 4167 2449 4225 1470.
2482 4161 2587 4223 ἐἰς
2631 4175 2685 4221 et
2729 4164 2855 4220 alibi
2892 4161 3089 4230 passim
3118 4161 3473 4222 Lactantius:

1877 4256 2008 4296 mss.
2039 4242 2075 4297 2
2101 4256 2212 4297 rec.
2243 4251 2297 4295 et
2322 4240 2389 4294 l9.
2412 4239 2544 4294 edit.
2573 4236 2766 4292 habent
2800 4236 2993 4304 opinio.

1947 4313 2119 4385 Usque
2154 4312 2342 4367 adhuc.
2374 4311 2522 4385 Plin.
2546 4310 2667 4385 l._v‘._
2686 4324 2774 4378 ep.
2806 4308 2860 4367 6.
2890 4317 3030 4385 effr.
3046 4324 3076 4385 ί
3100 4304 3270 4385 Usque
3306 4306 3478 4385 adhuc

1876 4396 2008 4441 certe
2034 4377 2349 4441 neminem...
2373 4382 2563 4437 amisit.
2585 4379 2699 4435 Lib.
2726 4377 2780 4446 κ,
2803 4396 2890 4452 ep.
2911 4377 3012 4434 50:
3035 4378 3184 4445 Quod
3205 4393 3361 4450 usque
3380 4378 3478 4433 ad~

1878 4459 1979 4512 huc
2005 4458 2215 4525 factum.
2244 4456 2524 4512 BUNEIAN.

1956 4520 2057 4598 Qui
2079 4530 2315 4584 virtutem
2342 4528 2527 4598 ipsum.
2556 4521 2754 4598 Addidi
2801 4537 2968 4598 ipsum
2997 4535 3073 4598 ex_
3096 4534 3198 4575 ms.
3221 4530 3277 4576 et
3318 4520 3478 4576 editis

1801 4598 1857 4660 D
1884 4591 2075 4657 trili'us.
2112 4598 2339 4657 Caeteris
2363 4591 2601 4668 vulgatis
2645 4591 2829 4658 deest,
2875 4591 3279 4665 delendumque
3326 4601 3481 4664 putat

1879 4674 2250 4730 Heuntanntts.

1951 4743 2030 4798 Μ.
2064 4744 2288 4800 Tullius.
2331 4741 2503 4809 Quam
2529 4740 2653 4797 vide
2677 4737 2794 4796 Cic.
2820 4753 2896 4795 vn
2936 4735 3154 4793 Tuscul.
3185 4744 3240 4793 et
3277 4751 3332 4793 tv
3358 4743 3416 4793 et
3442 4751 3478 4793 ν

1878 4816 1946 4874 de
1966 4815 2153 4892 _Finib.
2184 4832 2251 4892 ac
2281 4815 2391 4892 t‘de
2418 4813 2605 4892 Legib.
2934 4890 2941 4892 _

1952 4886 2384 4957 Comprehendat.
2408 4880 2601 4955 Apiins
2629 4899 2695 4957 es
2725 4898 2856 4939 mss.
2893 4890 2948 4936 et
2974 4880 3157 4957 editis,
3178 4895 3337 4950 quam
3385 4880 3476 4957 de-

1882 4951 2184 5032 prehendat,
2222 4961 2274 5032 in
2307 4951 2555 5032 vulgatis.
2601 4956 2735 5032 Quia
2788 4951 3256 5032 comprehendere
3304 4952 3478 5023 magis

1881 5024 2114 5089 refertur
2135 5024 2201 5085 ad
2229 5024 2664 5100 intelligentiam,
2695 5026 2765 5082 de
2790 5041 2893 5100 qua
2919 5024 3003 5079 hic
3028 5032 3307 5100 tractatur.

1953 5103 2059 5159 Per
2086 5105 2222 5173 quod
2249 5093 2448 5157 necesse
2469 5110 2541 5155 est
2571 5100 2642 5153 ad
2670 5097 2813 5151 aliud
2844 5094 3114 5173 perveniri.
3140 5093 3241 5173 ulla
3271 5094 3477 5151 rectius

1880 5177 2031 5243 legas
2054 5164 2117 5231 ei
2150 5174 2399 5231 omnibus
2414 5188 2567 5236 mss.,
2586 5178 2642 5225 et
2670 5184 2770 5243 seu
2794 5164 2955 5243 editis
2981 5164 3278 5243 codicibus,
3311 5182 3476 5243 quam

1885 5237 2093 5319 prepter
2106 5247 2264 5318 quod.
2292 5246 2485 5319 vitiose
2504 5244 2560 5319 in
2587 5241 2804 5297 cteteris
2828 5237 3135 5319 impressis.
3162 5237 3480 5319 Lactantius

1882 5311 2026 5376 enim
2051 5311 2372 5389 loquiturtlie
2397 5315 2572 5370 medio
2600 5329 2689 5380 per
2702 5311 2840 5389 quod
2867 5311 3213 5389 pervvnitur;
3240 5318 3296 5364 et
3314 5324 3479 5389 supra

1884 5379 2655 5461 dixeratfperlaborentLper
2702 5383 2954 5461 virtutem,
2983 5379 3204 5461 etc._ln
3258 5381 3478 5461 scriptis

1884 5450 2123 5533 quinque
2150 5450 2264 5518 'rec.
2285 5469 2369 5516 est
2397 5458 2465 5513 ad
2492 5450 2624 5513 illud
2641 5470 2738 5528 pro
2763 5453 2832 5509 ad
2854 5451 2998 5507 aliud
3023 5458 3367 5510 cancrorum.
3392 5450 3479 5507 Ea:

1884 5534 2043 5591 IS£0.

1958 5604 2241 5678 lndigeret.
2295 5602 2385 5678 Sic
2414 5601 2664 5678 plerique
2691 5613 2828 5678 mss_._
2853 5613 2977 5678 cum
3020 5597 3151 5653 edit.
3200 5595 3477 5668 Gymnic.,

1888 5670 2144 5740 Torttes.,
2171 5684 2227 5731 et
2252 5670 2470 5745 antiqua
2504 5672 2761 5745 Versioue
2791 5670 3013 5745 Gallica,
3042 5679 3088 5724 et
3108 5686 3160 5723 se
3186 5679 3300 5745 sont
3326 5685 3479 5722 cons-

1889 5750 2038 5805 tilués
2061 5766 2123 5802 en
2142 5765 2210 5800 un
2233 5747 2345 5801 bien
2363 5740 2450 5810 (iui
2471 5762 2529 5799 eu
2552 5746 2685 5798 uouit
2713 5742 2883 5797 besoin
2912 5742 3032 5795 tl’un
3058 5750 3215 5795 (intre.
3254 5740 3313 5795 In
3340 5754 3477 5794 non-

1890 5822 2051 5877 nullis
2079 5834 2235 5879 ntss.,
2268 5830 2317 5872 et
2351 5816 2626 5887 plerisque
2657 5813 3040 5887 itttpressigest
3068 5812 3372 5887 indigerent.

1961 5890 2277 5947 Aristotcles.
2314 5882 2680 5958 Peripatetici,
2713 5882 2885 5958 inquit
2920 5884 3317 5958 Theodoretus,
3364 5882 3487 5939 latt-

1890 5964 2023 6022 dant
2053 5964 2328 6032 virtutem,
2361 5956 2539 6034 t‘cipsa
2562 5956 2825 6020 voluntati
2854 5956 3092 6015 student;
