4038 6358
568 374 672 435 371

1664 358 1850 419 “illi.
1892 356 2263 419 LAC'I'AN’I‘II
2305 356 2508 417 DlVlN.
2550 353 2793 415 18511³1⁸.
3740 358 3829 414 3τῆ

568 483 711 558 Quid
750 496 881 556 ergo
907 483 1020 549 ﬁet,
1048 485 1093 536 si
1116 492 1307 536 errore
1333 490 1399 533 ac
1417 473 1687 548 pravitate
1713 472 2012 541 hominum,
2032 471 2173 528 male
2199 476 2252 537 Α
2278 474 2403 543 quia
2436 472 2480 527 si
2505 471 2630 543 quis
2658 469 2927 525 rationem
2957 466 3043 525 sui
3089 467 3318 533 nesciat,
3352 480 3450 523 nec
3479 467 3633 523 homo
3656 469 3719 525 sit
3733 472 3829 533 qui~

571 576 903 637 existimatio
947 570 1348 643 subsequatur?
1409 566 1807 638 abjiciemusne
1880 566 2173 629 virtutem,

568 677 694 747 quia
721 672 984 742 ﬂagitiosa
1022 678 1079 721 et
1125 667 1298 735 turpis
1335 664 1403 719 ab
1463 660 1842 733 insipientibus
1873 658 2177 730 iudicetur?

568 768 700 836 Qme
726 764 983 835 quoniam
1012 760 1218 815 invidia
1251 757 1443 828 premi,
1473 770 1538 811 ac
1565 768 1752 810 vexari
1773 762 1973 824 potest,
2021 760 2082 806 ιιι
2106 751 2178 807 sit

566 867 683 938 ipsa
701 863 974 933 proprium
996 873 1061 914 ac
1081 868 1397 928 perpetuum
1421 837 1643 919 bonum,
1662 851 1812 907 nullo
1836 852 2177 906 extrinsecus

567 958 882 1028 adiumento
919 953 1164 1023 indigere
1193 951 1378 1015 debet,
1417 947 1547 1019 quin
1590 946 1705 1000 suis
1748 958 1844 1015 per
1883 958 1944 999 se
1972 943 2176 998 viribus

567 1052 791 1111 nitatur,
823 1058 875 1102 et
899 1053 1132 1101 constet.
1170 1042 1354 1114 Itaque
1401 1057 1501 1097 nec
1547 1041 1716 1095 ullum
1758 1036 1809 1093 ei
1846 1037 1916 1091 ab
1956 1037 2178 1092 homine

566 1145 771 1200 bonum
823 1137 1155 1210 sperandum
1212 1145 1331 1202 est,
1375 1147 1476 1190 nec
1530 1131 1698 1188 ullum
1760 1128 1965 1184 malum
2016 1142 2174 1183 recns

568 1239 824 1297 landum.

1180 1322 1407 1382 CAPUT
1447 1320 1543 1378 IX.

566 1440 647 1505 De
673 1460 873 1505 summa
894 1444 1046 1512 bona,
1078 1451 1127 1497 et
1153 1441 1216 1496 de
1235 1439 1378 1495 cultis
1404 1435 1508 1492 veri
1528 1431 1623 1489 Dei
1638 1452 1658 1501 ;
1675 1439 1828 1504 atque
1848 1430 2176 1501 Anaxagora!

1238 1531 1502 1601 refutatio.

637 1677 813 1736 Venio
852 1687 994 1730 nunc
1016 1672 1084 1728 ad
1132 1683 1277 1725 vera:
1318 1663 1601 1736 sapientiae
1631 1674 1902 1718 summum
1947 1658 2171 1725 bonum,

568 1774 726 1844 cujus
748 1782 937 1827 natura
963 1771 1064 1823 hoc
1078 1765 1240 1822 modo
1252 1757 1663 1819 determinanda
1689 1766 1794 1812 est.
1830 1755 2092 1820 Primum,
2114 1764 2172 1808 ut

2279 571 2425 626 dem.
2458 568 2567 627 Sed
2600 577 2849 638 putemus
2880 579 2987 621 non
3027 578 3094 621 ex
3127 572 3372 635 tempore
3392 562 3590 619 dictum
3620 564 3738 620 illud
3763 566 3830 621 ef-

2279 661 2481 717 fusum.
2515 660 2830 723 Videamus,
2867 658 2920 713 in
2955 656 3131 713 tribus
3178 657 3362 712 Verbis
3413 668 3541 727 quot
3567 668 3620 713 et
3665 671 3832 729 quanta

2282 753 2616 827 peccaverit.
2643 753 2904 818 Primum,
2928 750 3072 822 quod
3099 762 3261 805 omne
3286 749 3516 805 hominis
3554 750 3766 807 cilicium
3791 754 3835 809 in

2280 849 2413 903 solis
2443 847 2614 903 oculis
2675 846 2873 917 posuit,
2916 843 3051 900 nihil
3079 842 3145 898 ad
3195 852 3431 899 mentem
3486 842 3731 910 referens,
3759 847 3835 902 sed

2276 941 2344 997 ad
2376 956 2571 1011 corpus
2622 940 2831 995 omnia.
2862 937 3000 1007 Quid
3031 938 3077 993 si
3107 951 3291 993 caecus
3336 937 3515 1004 fuerit,
3561 936 3836 994 ofﬁciumne

2280 1033 2515 1089 hominis
2535 1032 2770 1095 amittet,
2798 1029 2944 1100 quod
2998 1028 3114 1084 lieri
3155 1029 3278 1083 sine
3304 1042 3498 1083 occasu
3535 1029 3718 1084 animae
3752 1046 3837 1086 non

2280 1127 2495 1197 potest?
2526 1124 2666 1192 Quid
2696 1132 2912 1178 extent:
2939 1121 3184 1191 corporis
3213 1120 3434 1191 partes?
3464 1136 3589 1174 num
3615 1122 3840 1178 carebunt

2278 1221 2395 1276 suis
2415 1232 2645 1290 quaeque
2685 1214 3042 1272 munt-ribus?
3067 1213 3232 1283 Quid,
3264 1212 3406 1284 quod
3440 1212 3558 1284 plus
3582 1222 3661 1269 est
3687 1215 3734 1269 in
3760 1230 3837 1268 au-

2279 1313 2455 1379 ribus,
2477 1327 2638 1382 quam
2671 1311 2725 1366 in
2748 1309 2920 1364 oculis
2950 1308 3146 1371 situm;
3203 1307 3458 1375 quoniam
3486 1315 3543 1362 et
3591 1305 3808 1361 doctrina
3827 1347 3839 1371 ,

2278 1413 2336 1460 et
2365 1404 2630 1475 sapientia
2664 1402 2865 1473 percipi
2896 1401 3120 1455 auribus
3150 1399 3287 1455 solis
3316 1407 3518 1469 potest,
3546 1399 3716 1454 oculis
3735 1401 3843 1454 solis

2281 1514 2392 1554 non
2421 1506 2621 1568 potest.
2651 1495 2790 1553 lei
2843 1510 2908 1550 ac
2937 1493 3069 1549 solis
3127 1493 3345 1549 videndi
3390 1507 3554 1547 causa
3592 1503 3739 1548 notus
3763 1493 3843 1548 es?

2279 1590 2413 1660 Quis
2443 1601 2495 1645 te
2528 1590 2582 1644 in
2616 1588 2719 1643 hoc
2748 1586 3120 1658 spectaculum
3181 1582 3433 1639 induxit?
3453 1594 3539 1639 aut
3574 1583 3691 1654 quid
3732 1582 3843 1639 coelo

2278 1698 2571 1754 rerumque
2592 1691 2796 1736 natura:
2823 1677 2961 1733 vi~io
2989 1687 3077 1733 tua
3106 1676 3352 1732 confert?
3378 1674 3665 1741 Nimirum,
3692 1685 3743 1729 ut
3762 1674 3846 1731 hoc

2280 1780 2606 1835 immensum
2631 1786 2687 1833 et
2708 1775 3033 1832 admirabile
3057 1790 3196 1845 opus
3223 1774 3439 1831 laudes.
3465 1774 3728 1829 Conﬁtere
3742 1788 3845 1843 ergo

565 1869 733 1924 solius
750 1862 986 1920 hominis
1014 1861 1105 1930 sit,
1135 1874 1235 1914 nec
1271 1854 1430 1912 cadat
1457 1855 1509 1908 in
1539 1853 1708 1907 ullum
1746 1848 1894 1905 aliud
1935 1846 2171 1914 animal;
2203 1870 2251 1931 Β
2282 1889 2460 1929 rerum
2492 1873 2735 1927 omnium
2762 1886 2884 1927 esse
2911 1870 3331 1924 constitutore",
3387 1869 3586 1936 Deum,
3616 1868 3699 1936 (In;
3726 1876 3771 1921 ιε
3803 1868 3845 1921 in

564 1957 763 2015 deinde
784 1995 802 2026 ,
827 1966 883 2010 ut
919 1954 1087 2010 solius
1111 1950 1297 2015 animi,
1321 1964 1420 2004 nec
1441 1945 1828 2002 communicari
1855 1946 2022 2014 possit
2045 1957 2170 1997 cum

564 2067 826 2124 corpore;
849 2059 1146 2121 postremo,
1171 2053 1227 2100 ut
1253 2059 1361 2099 non
1389 2042 1560 2114 possit
1582 2040 1832 2111 cuiquam
1854 2038 1974 2092 sine
1994 2036 2171 2091 scien-

564 2151 639 2205 tia
668 2156 725 2204 et
740 2148 937 2202 virtute
961 2142 1299 2212 contingere.
1319 2138 1450 2207 Quie
1467 2133 1898 2204 circumscriptio
1915 2132 2038 2187 illas
2056 2147 2173 2187 om-

558 2256 661 2298 nes
689 2239 986 2296 sententias
1023 2233 1279 2300 excludit,
1312 2247 1376 2287 ac
1407 2230 1603 2295 solvit;
1658 2242 1847 2284 eorum
1872 2225 2017 2282 enim
2048 2239 2170 2297 quze

563 2334 839 2399 dixerunt,
870 2327 1003 2386 nilnl
1028 2330 1134 2384 tale
1154 2332 1258 2383 est.
1285 2326 1468 2381 Dicam
1499 2336 1660 2388 nunc,
1692 2318 1821 2392 quid
1850 2319 1950 2386 sit;
1979 2327 2038 2373 ut
2074 2314 2172 2373 do-

563 2442 715 2485 ceam
742 2422 909 2500 (1uod
934 2419 1165 2494 institui)
1197 2416 1553 2491 philosOphos
1580 2428 1773 2471 omnes
1800 2426 1978 2469 crecos
2008 2418 2171 2481 atque

564 2521 886 2592 insipientes
912 2518 1082 2572 fuisse
1128 2514 1244 2586 qui,
1273 2512 1418 2584 quod
1457 2516 1608 2567 esset
1657 2505 1862 2563 homini
1897 2518 2170 2560 summum

564 2617 765 2673 bonum
790 2618 1171 2672 constitutum,
1202 2620 1301 2662 nec
1332 2604 1542 2671 videre,
1576 2614 1678 2658 nec
1711 2601 2038 2672 intelligere,
2072 2612 2171 2655 nec

566 2704 833 2772 suspicari
876 2702 1167 2771 aliquando
1195 2707 1508 2771 potuerunt.
1543 2701 1915 2768 Anaxagoras,
1948 2709 2072 2750 cum
2103 2692 2173 2750 ab

566 2810 635 2860 eo
660 2805 995 2871 quaereretur
1015 2795 1171 2866 cujus
1206 2801 1280 2850 rei
1307 2806 1469 2848 causa
1494 2798 1652 2846 natus
1672 2801 1839 2857 esset,
1866 2790 2168 2861 respondit,

567 2894 691 2951 caeli
714 2909 777 2947 ac
804 2893 935 2946 solis
966 2887 1200 2944 videndi.
1237 2886 1389 2942 Hauc
1410 2899 1599 2941 vocem
1621 2883 1960 2939 admirantur
1980 2896 2173 2939 omnes

566 3001 630 3046 ac
660 2985 984 3061 philosopho
1036 2987 1254 3056 dignam
1305 2981 1570 3055 judicaut.
1605 2982 1675 3035 At
1704 2994 1806 3052 ego
1848 2979 1991 3035 hunc
2044 2989 2172 3051 puto

567 3098 676 3138 non
730 3080 1099 3136 invenientem
1152 3075 1281 3148 quid
1326 3072 1706 3145 responderet,
1759 3070 2017 3129 eﬂ'udisse
2069 3072 2173 3127 hoc

565 3176 787 3249 passim,
822 3186 888 3229 ne
918 3181 1143 3229 laceret.
1192 3169 1346 3238 Quod
1374 3167 1590 3240 quidem
1622 3181 1833 3236 secum,
1875 3167 1920 3222 si
1948 3168 2172 3238 sapiens

2282 1967 2428 2023 hunc
2451 1965 2734 2031 mundum,
2757 1962 2912 2034 quasi
2943 1970 3135 2017 testem
3176 1959 3625 2030 laudatoremque
3647 1960 3759 2014 tanti
3783 1956 3846 2012 sui

2278 2062 2466 2131 operis
2497 2059 2738 2115 induxit.
2770 2056 3021 2128 Magnum
3072 2069 3197 2111 esse
3250 2054 3437 2111 credis
3478 2055 3658 2110 videre
3685 2054 3845 2110 ctelutn

2276 2168 2341 2209 ac
2363 2154 2532 2208 solem
2569 2168 2584 2206 :
2614 2165 2715 2207 cur
2767 2165 2899 2221 ergo
2926 2148 3129 2220 gratias
3177 2163 3286 2203 non
3314 2148 3436 2219 agis
3476 2147 3550 2216 ei,
3583 2148 3668 2217 qui
3719 2146 3847 2215 hujus

2276 2245 2525 2302 beneﬁcii
2557 2253 2747 2300 auctor
2770 2241 2894 2299 est?
2919 2257 3019 2299 cur
3042 2256 3151 2297 non
3185 2242 3355 2313 ipsius
3396 2241 3669 2307 virtutem,
3702 2239 3846 2311 provi-

2274 2341 2537 2407 dentiam,
2572 2347 2901 2410 potestatem
2924 2337 3134 2393 metiris
3159 2337 3365 2405 animo,
3395 2336 3561 2407 cujus
3590 2350 3740 2405 opera
3765 2335 3845 2387 mi-

2275 2436 2451 2491 raris?
2483 2434 2697 2491 Etenim
2732 2447 2955 2489 necesse
2999 2440 3105 2497 est,
3137 2441 3195 2485 ut
3251 2430 3431 2485 multo
3481 2429 3761 2485 mirabilior
3793 2429 3849 2483 sit

2275 2529 2367 2600 qui
2398 2528 2669 2603 mirabilia
2723 2524 2975 2596 perfecit.
3007 2523 3065 2580 Si
3098 2531 3150 2579 te
3189 2522 3470 2594 quispiam
3522 2528 3756 2576 vocasset
3792 2516 3846 2572 ad

2276 2635 2511 2685 canam,
2549 2620 2601 2675 in
2630 2634 2808 2690 eaque
2837 2619 3046 2687 optime
3075 2626 3336 2685 acceptus
3361 2630 3543 2682 esses,
3575 2630 3693 2671 num
3717 2628 3846 2668 sanus

2275 2715 2524 2769 viderere
2550 2713 2595 2768 si
2645 2712 2817 2782 pluris
2844 2708 3061 2766 faceres
3118 2709 3289 2779 ipsam
3320 2708 3679 2777 voluptatem,
3717 2719 3845 2778 quam

2275 2805 2571 2875 voluptatis
2588 2800 2896 2858 auctorem?
2911 2800 3060 2855 Adeo
3076 2798 3385 2870 philosophi
3405 2799 3477 2854 ad
3496 2812 3688 2868 corpus
3702 2794 3845 2850 omnia

2277 2899 2546 2965 referunt,
2581 2897 2715 2952 nihil
2750 2909 2977 2965 prorsus
3002 2892 3068 2947 ad
3099 2902 3376 2957 mentem;
3418 2907 3522 2947 nec
3563 2890 3731 2944 vident
3753 2903 3845 2942 am-

2278 2994 2419 3064 plius
2440 3008 2600 3063 quam
2626 2990 2768 3062 quod
2791 2990 2892 3046 sub
2917 2988 3105 3043 oculos
3119 2988 3287 3043 venit.
3306 2986 3500 3057 Atqui,
3531 2985 3743 3041 remotis
3757 2997 3846 3038 out-

2276 3088 2436 3144 nibus
2476 3086 2673 3142 ofliciis
2718 3084 2991 3154 corporis,
3054 3082 3106 3136 in
3137 3082 3252 3135 sola
3284 3091 3475 3134 mente
3533 3076 3759 3150 ponenda
3784 3082 3849 3129 est

2278 3185 2514 3240 hominis
2541 3183 2699 3238 ratio.
2733 3178 2851 3236 Non
2893 3192 3023 3251 ergo
3050 3175 3174 3233 ideo
3204 3176 3516 3242 nascimur,
3556 3183 3609 3228 ut
3652 3187 3729 3237 ea,
3754 3184 3847 3240 quzr

564 3268 784 3337 fuisset,
813 3271 1242 3325 commentatum
1275 3271 1331 3318 et
1356 3261 1675 3318 meditatum
1718 3262 1923 3320 habere
1952 3265 2169 3329 debuit;
2202 3270 2247 3334 ο
2280 3288 2406 3334 sum
2434 3276 2597 3345 facta,
2622 3274 2927 3342 videamus,
2961 3270 3057 3328 sed
3086 3278 3146 3325 ut
3187 3270 3365 3342 ipsum
3404 3264 3669 3324 factorem
3698 3277 3844 3321 rerum

1901 3404 2259 3470 VARIORUM
2289 3411 2521 3470 NOTJIJ.

635 3548 780 3621 Ipsa.
806 3542 1030 3621 Scilicet
1058 3540 1264 3605 virtus,
1297 3537 1507 3621 dequo
1540 3550 1727 3611 supra.
1752 3541 1841 3621 ita
1859 3550 2071 3603 correxi
2106 3558 2171 3605 ex

561 3612 971 3698 quamplurima
1015 3629 1146 3697 mss.
1193 3612 1497 3698 veterrimis
1544 3623 1600 3667 et
1629 3616 1875 3698 _gptimis
1932 3627 1986 3672 et
2036 3621 2168 3677 edit.

564 3684 758 3754 cellar.
811 3688 870 3745 lu
936 3687 1148 3742 caeteris
1208 3684 1440 3753 vulgatis
1504 3699 1569 3740 ac
1621 3685 1689 3739 10
1741 3703 1872 3743 mss.
1930 3705 2041 3746 rec.
2091 3702 2174 3748 est

560 3782 754 3823 ιυσιιιιι.

685 3787 754 3818 HI.

582 3787 920 3905 primum
947 3846 1008 3883 ac
1036 3836 1335 3905 perpetuum
1359 3825 1828 3905 bonunyﬁcilicci
1851 3844 2012 3886 voces
2040 3832 2168 3902 jnn-

560 3913 672 3976 xit,
701 3897 761 3961 ιιί
783 3905 893 3959 Cic.
938 3897 1043 3971 pro
1081 3897 1373 3976 Ιζιι1ιιιιλιιιι
1394 3942 1408 3965 ,
1434 3917 1495 3976 _c.
1531 3897 1643 3976 16A:
1678 3898 1829 3967 Quod
1857 3912 1910 3976 ut
1937 3904 2016 3957 illi
2041 3897 2169 3976 ’μνο-

564 3968 735 4053 prium
755 3992 816 4031 ac
835 3968 1128 4042 perpetuum
1152 3971 1236 4025 sit.
1254 3968 1506 4041 Proprias
1521 3970 1667 4024 enim
1691 3986 1835 4042 saepe
1861 3974 2004 4031 idem
2024 3968 2167 4047 quod

564 4059 859 4098 "erucius".
895 4045 1025 4098 BDN.

600 4059 859 4108 erueluus.
895 4059 1025 4098 non.

563 4071 859 4122 perpetuus.
895 4071 1025 4098 nun.

640 4121 709 4179 Ut
729 4122 885 4174 solius
909 4113 1089 4168 animi.
1114 4110 1365 4185 Expunxi
1395 4111 1479 4177 sit,
1508 4112 1653 4183 quod
1687 4128 1970 4185 perperam
2006 4118 2164 4178 ωδε-

562 4204 679 4252 tum
722 4194 774 4247 in
810 4191 841 4243 4
873 4201 1002 4241 mss.
1034 4198 1089 4241 et
1129 4189 1163 4264 il
1201 4184 1381 4250 editis,
1407 4198 1435 4236 a
1492 4185 1707 4240 czeteris
1756 4184 1932 4257 abest,
1965 4192 2166 4264 quippe

561 4267 708 4339 quod
741 4276 864 4339 mox
897 4256 1200 4339 priecessit.

636 4324 961 4404 Contingere.
1000 4333 1162 4404 vocet
1199 4325 1587 4404 S.__éttgttsl_in._
1635 4324 1729 4385 lib.
1764 4345 1856 4404 xix
1881 4330 1950 4389 de
1999 4333 2163 4390 (τίνει,

561 4408 683 4474 Dei,
709 4396 913 4475 capis,
946 4410 1074 4471 quot
1102 4403 1210 4453 sint
1234 4396 1557 4475 differuntur:
1578 4400 1720 4457 inter
1738 4402 2163 4461 Christianorum

558 4494 615 4538 et
642 4470 922 4553 gentilium
948 4470 1014 4527 de
1030 4487 1241 4553 summo
1267 4470 1701 4553 bono_dogmat_a.

2354 3546 2464 3607 Nec
2494 3552 2645 3606 homo
2671 3550 2736 3605 sit
2752 3548 2976 3620 quidem.
3008 3542 3118 3620 Nec
3143 3545 3359 3620 reposui
3403 3562 3473 3603 ex
3507 3545 3844 3603 vetustissimis

2279 3638 2410 3678 mss.
2440 3622 2477 3677 Ξ
2505 3622 2636 3693 lleg.
2660 3624 2681 3677 1
2709 3614 2949 3677 (ἶὶιιιιθιι.
2982 3614 3232 3688 aliisque.
3266 3614 3320 3672 In
3353 3620 3629 3691 plerisque
3653 3627 3727 3674 est
3765 3632 3843 3679 ne;

2279 3697 2332 3750 in
2363 3697 2705 3766 quibusdam,
2732 3709 2854 3747 non.

2355 3758 2491 3833 Quid
2520 3768 2564 3819 si
2591 3782 2753 3820 rwcus
2781 3764 2952 3891 Lucrit,
2981 3762 3282 3833 ofﬁciumne
3304 3763 3534 3816 hominis
3551 3758 3840 3816 amittetiila

2355 3839 2489 3891 stitui
2522 3854 2592 3891 ex
2626 3840 2773 3891 omni
2819 3853 2881 3890 us
2909 3848 3038 3889 mss.
3071 3833 3371 3891 codicibus.
3432 3837 3536 3888 nisi
3578 3834 3708 3891 uuod
3753 3828 3840 3884 iu‘.’

2279 3828 2489 3893 resiitui
2522 3854 2592 3891 ex
2626 3828 2881 3891 omnibus
2909 3828 3049 3889 mss.
3071 3833 3371 3899 codicibus,
3432 3837 3536 3888 nisi
3578 3834 3708 3899 quod
3753 3828 3842 3884 iu‘.’

2277 3908 2434 3966 Coll).
2466 3918 2570 3973 est,
2604 3913 2880 3963 amitteret.
2907 3906 2963 3961 lu
2989 3907 3222 3976 vulgatis
3261 3917 3405 3971 erant,
3447 3906 3691 3977 fuisset...
3723 3904 3843 3956 antit-

2278 3991 2425 4037 teret.

2350 4052 2493 4106 Nunt
2517 4054 2761 4107 carebunt
2787 4053 2895 4106 suis
2911 4065 3123 4119 quisque
3144 4048 3443 4104 muneribus
3458 4049 3485 4103 ?
3500 4049 3588 4104 Sic
3617 4049 3725 4117 lego
3745 4057 3841 4119 cuni

2274 4139 2407 4178 mss.
2440 4125 2825 4179 vetustissimis
2869 4123 2899 4176 7
2924 4114 3078 4192 'Reg'.
3120 4121 3155 4175 2
3207 4120 3443 4192 Bonan"
3474 4114 3715 4186 Cane]:
3737 4114 3840 4171 Col-

2270 4194 2413 4251 bert.
2442 4205 2497 4251 et
2518 4196 2551 4250 4
2580 4196 2720 4260 aliis,
2755 4194 2856 4249 nisi
2889 4190 3114 4263 quodin
3148 4193 3173 4246 1
3212 4190 3346 4261 Reg.
3378 4202 3486 4258 est,
3520 4202 3841 4263 qua’cumque;

2271 4206 2413 4251 beri.
2442 4206 2497 4251 et
2518 4206 2551 4250 4
2580 4206 2720 4260 aliis,
2755 4211 2856 4249 nisi
2889 4206 3028 4263 quod
3064 4209 3114 4246 ιιι
3148 4206 3173 4246 1
3212 4206 3346 4261 Reg.
3378 4206 3486 4258 est,
3520 4208 3735 4261 qua’cum
3769 4206 3817 4239 ne

2271 4266 2324 4341 in
2353 4268 2461 4322 alio
2490 4267 2655 4341 Reg,
2675 4282 2875 4339 quoque
2891 4267 3019 4341 :_inl
3043 4264 3275 4341 Ronan,
3306 4266 3602 4341 nominibus
3624 4280 3643 4327 ;
3664 4266 3707 4315 in
3729 4206 3820 4338 ἕεις

2274 4338 2430 4409 Reg.,
2478 4339 2512 4394 4
2565 4329 3007 4409 (ΣειΙιίιτνιξηΕιιι.
3053 4345 3109 4390 et
3162 4335 3355 4405 Brom,
3419 4335 3718 4409 carebunlne
3760 4329 3842 4384 suis

2271 4407 2484 4480 quisque
2510 4411 2800 4464 muneribus
2819 4408 2911 4463 ?ltt
2939 4407 3074 4464 Ultr.
3103 4418 3154 4480 et
3175 4410 3225 4480 in
3246 4409 3483 4479 vulgatis
3512 4407 3710 4468 decem,
3738 4413 3841 4454 utine

2271 4478 2515 4536 carebunt
2547 4485 2653 4535 suis
2675 4496 2874 4553 quoque
2896 4478 3232 4553 muneribus?

634 4540 764 4620 Qua:
786 4550 1046 4623 dixerunt.
1080 4540 1174 4623 lita
1230 4542 1515 4623 legendum
1536 4557 1601 4597 ex
1626 4541 1661 4598 8
1688 4544 2085 4623 antiquioribus
2112 4559 2168 4605 et
2196 4558 2246 4618 Ι)
2343 4553 2411 4607 In
2439 4555 2534 4607 hoc
2550 4540 3133 4623 spect'ncttluntiiiduxit.
3161 4550 3215 4604 ld
3234 4558 3345 4623 est,
3364 4549 3418 4604 in
3437 4550 3580 4605 hunc
3597 4544 3836 4603 mundum.

558 4613 879 4680 melioribus
898 4613 1145 4685 vulgatis,
1170 4627 1232 4668 ac
1268 4614 1520 4668 omnibus
1542 4630 1671 4669 mss.
1713 4613 1911 4685 praeter
1936 4620 1971 4674 2
2001 4623 2156 4677 (λου),

558 4712 673 4753 rec.
700 4706 757 4752 et
802 4694 832 4747 7
862 4691 992 4744 edit.
1026 4690 1077 4739 in
1106 4689 1299 4754 thbus
1326 4695 1431 4751 est,
1465 4688 1572 4751 qui,
1604 4688 1884 4745 ntettdose,
1938 4690 1984 4746 Is
2016 4696 2161 4748 enim

559 4767 827 4824 Lactantii
854 4774 1045 4816 sensus
1073 4767 1174 4821 est,
1212 4768 1267 4809 ut
1297 4760 1437 4810 dicat
1462 4758 1665 4834 nullum
1689 4774 1896 4825 eorum,
1921 4778 2039 4833 qme
2060 4764 2163 4834 ipsi

556 4834 1037 4911 philosophiditet
1056 4843 1151 4884 unt.
1194 4844 1314 4884 eSse
1339 4844 1606 4883 summum
1639 4832 1837 4887 bonum
1862 4874 1876 4901 ,
1903 4832 2007 4891 tale
2036 4832 2163 4907 quid

557 4907 701 4967 ἑθεν.
733 4911 819 4963 ltu
848 4907 1173 4960 'l‘uoussws.

633 4979 782 5036 Esset
811 4978 1025 5033 homini.
1061 4972 1296 5041 Reposui
1329 4987 1397 5028 ex
1443 4986 1573 5027 mss.
1609 4981 1805 5042 praeter
1834 4990 2001 5030 unum
2048 4993 2161 5034 rec.

561 5055 653 5123 qui
682 5068 803 5108 cum
827 5052 988 5106 editis
1017 5047 1199 5112 habet,
1229 5052 1324 5099 est.
1352 5044 1408 5098 In
1441 5045 1468 5099 1
1501 5053 1605 5100 vet.
1633 5044 1766 5117 Reg.
1821 5047 2077 5117 hominis;
2111 5053 2163 5107 in

561 5124 633 5178 al.
659 5139 796 5187 rec.,
824 5123 1107 5176 hominum.

633 5186 990 5265 Anaxagoras.
1014 5188 1141 5245 ﬂmc
1162 5187 1325 5243 verba
1349 5186 1472 5244 vide
1500 5187 1640 5260 apud
1660 5189 1839 5247 Laert.
1870 5189 1923 5246 in
1946 5191 2164 5249 Anaxa-

599 5279 710 5322 Ol'a.

562 5280 862 5390 “item.
891 5332 1223 5405 lnterpretor
1267 5333 1480 5402 passim,
1510 5331 1620 5387 sine
1649 5333 2031 5405 deliberatione,
2055 5337 2165 5393 sine

557 5409 775 5469 ratione,
814 5408 919 5460 sine
941 5406 1185 5470 consilto,
1209 5404 1602 5470 inconsiderate,
1655 5416 1857 5461 teottere.
1886 5410 1974 5464 Sic
2012 5411 2160 5464 Lact.

558 5480 600 5536 l.
632 5491 728 5546 Vit,
760 5491 881 5548 cap.
924 5473 1288 5543 7,1ncursunt
1331 5477 1523 5547 passim
1565 5476 1675 5532 sine
1722 5476 1922 5533 delectu
1971 5483 2162 5535 omnia.

1827 5550 1958 5606 BUN.

633 5618 1036 5694 Commentatum
1055 5624 1099 5671 et
1126 5617 1445 5673 meditatum.
1481 5616 1611 5694 Haec
1625 5619 1732 5677 duo
1760 5627 1923 5694 verba
1953 5623 2168 5694 passive

562 5696 709 5764 ponit
744 5690 1059 5745 Lactantius
1084 5702 1286 5755 noster,
1316 5700 1373 5764 ut
1420 5701 1487 5764 et
1523 5690 1739 5758 Cicero,
1781 5690 1967 5763 Epist:
1986 5696 2052 5750 ad
2085 5697 2167 5751 di-

563 5759 775 5839 iteratis,
804 5776 916 5839 uti,
954 5770 1224 5839 xxvn,_et_t
1251 5770 1318 5815 de
1346 5759 1604 5839 L_:-gnb.ct
1623 5759 2051 5839 Bitilip.'tt,cap.
2072 5767 2164 5838 '54,

566 5844 623 5912 ει
650 5836 717 5912 dc
742 5832 1285 5912 UtliCIisutztnllabes
1314 5836 1477 5887 etiam
1522 5832 1977 5912 "teditatu;_orutio
1999 5832 2165 5912 ἐιμυὰ

557 5904 731 5962 Tacit.
762 5917 875 5972 xiv,
898 5905 989 5973 55,
1016 5904 1068 5974 1,
1089 5902 1223 5957 Hist.
1258 5901 1294 5957 l.
1326 5916 1518 5973 vaut,
1549 5904 1604 5959 9.
1630 5906 1713 5960 Ex
1736 5907 2016 5968 WALCmO.

2274 4622 2643 4695 Spectaculnm
2668 4626 2811 4679 enim
2843 4624 2929 4677 hic
2953 4626 3186 4676 sumitur
3216 4636 3313 4695 pro
3337 4622 3462 4695 loco
3475 4634 3682 4695 _ex_quo
3713 4628 3840 4685 spec-

2271 4690 2436 4759 tatur,
2469 4704 2525 4749 ut
2551 4710 2615 4751 ex
2639 4697 2993 4763 sequentibus
3022 4704 3169 4764 patet
3194 4690 3225 4746 :'
3256 4690 3359 4757 Qui
3389 4702 3439 4745 te
3466 4692 3521 4746 in
3547 4692 3676 4764 hunc
3718 4701 3840 4764 insit-

2268 4768 2411 4833 dum,
2428 4757 2581 4837 quasi
2605 4757 2780 4821 teste-nt
2803 4757 3221 4834 laudatoremque
3239 4765 3463 4837 tantisui
3476 4757 3836 4837 operisindusil.

2271 4826 2597 4967 ΙΊ’Μὶιρηιιηι
2647 4855 2755 4895 esse
2810 4839 3009 4905 credis,
3041 4826 3148 4892 etc:
3182 4837 3292 4891 Sic.
3336 4835 3482 4892 Naso
3510 4826 3834 4898 'Metamorplt.

2293 4929 2308 4966 ι
2355 4949 2368 4966 .
2397 4927 2443 4966 l:

2293 4927 2368 4966 ID.
2397 4927 2443 4966 12

2394 5026 2654 5091 frenaque
2674 5038 2784 5091 cum
2805 5030 3038 5091 spectent
3060 5023 3285 5091 animalia
3310 5027 3711 5091 caetera‘terram,

2394 5089 2463 5140 Os
2480 5086 2658 5139 homini
2678 5086 2889 5137 sublinie
2908 5088 3064 5144 dedit,
3091 5086 3371 5149 cmlumque
3390 5086 3522 5149 tueri

2392 5152 2571 5213 Jussit,
2593 5160 2645 5204 et
2663 5160 2859 5202 erectos
2884 5150 2942 5200 ad
2966 5151 3133 5201 sidera
3151 5148 3331 5200 tollere
3356 5148 3540 5199 vultus.

2348 5260 2451 5329 Qui
2478 5261 2733 5316 mirabilia
2785 5260 3016 5330 perfecit.
3044 5256 3120 5313 Ita
3166 5258 3494 5313 vetustiores
3521 5263 3577 5313 et
3621 5248 3835 5330 tueliOrOS

2272 5323 2405 5389 mss.
2437 5350 2500 5389 ac
2525 5334 2712 5389 decem
2737 5323 2889 5387 editi;
2924 5332 2993 5387 At
3020 5346 3150 5386 mss.
3177 5330 3246 5385 12
3280 5346 3387 5385 rec.
3432 5340 3489 5385 et
3542 5323 3712 5381 exsusi
3747 5329 3835 5370 tres

2271 5404 2494 5466 habent,
2518 5409 2603 5473 qui
2648 5403 2904 5457 mirabilia
2940 5404 3094 5475 fecit;
3124 5403 3203 5456 sic
3236 5402 3441 5475 habent
3484 5398 3607 5475 editi
3792 5394 3834 5439 ει

2272 5476 2435 5547 1497.
2474 5463 2782 5547 Elegantius
2813 5463 3101 5547 legeretur,
3132 5475 3218 5545 qui
3241 5483 3343 5527 tum
3372 5470 3627 5547 mirabilia
3646 5463 3771 5536 feel.

2349 5546 2488 5602 Nunt
2510 5542 2665 5602 sanus
2686 5542 2946 5601 viderere?
2973 5546 3061 5601 Sic
3092 5542 3303 5601 restitui
3328 5560 3390 5599 ex
3419 5542 3666 5597 omnibus
3695 5542 3832 5603 ρΐυῐνθ

2272 5634 2405 5675 mss.
2436 5631 2491 5674 et
2520 5620 2680 5674 editis
2710 5618 2865 5674 Rom.
2914 5617 3073 5677 1470,
3104 5616 3271 5671 Turn.
3301 5630 3363 5668 ac
3391 5614 3682 5675 Sonbron.,
3704 5616 3830 5657 accc.

2272 5689 2528 5746 dentibus
2554 5692 2673 5744 aliis
2696 5691 2728 5744 '5
2756 5687 2974 5758 scriptis
2998 5703 3110 5743 rec.
3139 5689 3190 5741 in
3215 5686 3407 5758 quibus
3434 5693 3537 5758 cst,
3563 5685 3832 5758 nurus-anus

2271 5763 2481 5818 videre?
2501 5762 2709 5816 duobus
2739 5746 3015 5831 aliis'tteg.
3038 5774 3175 5831 rec.,
3208 5746 3453 5831 numquid
3479 5746 3630 5831 aditus
3653 5746 3826 5825 videre:

2271 5834 2325 5890 in
2357 5835 2516 5889 editis
2544 5832 2579 5888 4
2608 5847 2716 5889 rec.
2738 5848 2841 5887 non
2865 5827 3021 5889 sanus
3045 5828 3273 5887 viderere
3293 5846 3312 5896 ;
3332 5827 3381 5885 in
3418 5827 3453 5882 8
3495 5827 3628 5895 aliis,
3654 5834 3744 5875 non
3765 5830 3829 5867 m-

2272 5920 2427 5961 sanus
2452 5905 2696 5960 viderere.
