4038 6358
245 307 336 366 577

1070 303 1276 370 LIBER
1315 302 1401 365 Ill.
1447 303 1535 361 DE
1573 301 1797 361 FALSA
1836 299 2200 361 SAPIENTIA
2239 300 2634 361 PHILOSOPH.

3405 295 3510 356 378

245 439 299 480 ac
313 418 621 480 domicilium
647 419 843 476 summi
865 417 989 476 boni
1018 420 1299 491 reperiret.
1325 420 1620 478 Potuerunt
1647 426 1790 482 enim
1819 421 1874 481 Α
1896 416 2116 473 ceruus?
2143 415 2280 472 Num
2307 416 2678 490 voluptatem?
2707 424 2763 472 at
2792 414 2921 472 nihil
2967 423 3125 486 turpe
3166 429 3234 471 ex
3275 413 3510 472 honesto

243 517 308 574 sic
329 530 572 588 quaerere.
599 513 986 585 Quodcumque
1014 525 1096 571 est
1132 531 1400 571 summum
1439 515 1638 574 bonum
1659 562 1674 586 ,
1709 537 1804 576 ne.

243 626 376 668 cesse
415 618 495 666 est
535 609 784 665 omnibus
823 625 944 667 esse
987 611 1338 681 propositum.
1390 611 1644 684 Voluptas
1683 625 1796 684 est,

241 721 343 776 quae
379 703 638 775 appetitur
677 719 704 756 a
744 704 950 760 cunctis
981 723 995 760 :
1025 705 1120 760 sed
1150 704 1265 762 huic
1293 715 1350 762 et
1390 709 1695 764 communis
1719 719 1804 766 est

239 810 342 852 cum
370 794 570 861 belluis,
599 803 656 851 et
682 795 896 853 honesti
927 797 1034 852 vim
1065 813 1170 853 non
1202 797 1384 864 habet,
1414 813 1468 856 et
1497 803 1798 858 satietatem

237 889 393 954 adfert,
421 897 472 944 et
498 887 660 944 nimia
694 899 871 957 nocet,
900 897 956 945 et
981 905 1230 961 processu
1255 892 1512 947 minuitur
1532 895 1724 958 aetatis.
1748 904 1804 951 et

237 982 398 1040 multis
426 997 528 1037 non
559 983 859 1054 contingit;
891 998 1014 1038 nam
1059 983 1150 1055 qui
1180 985 1371 1056 opibus
1413 995 1632 1053 carent,
1669 1002 1803 1052 quo-

234 1091 336 1133 rum
367 1075 530 1144 major
557 1084 643 1131 est
669 1091 946 1142 numerus,
976 1078 1138 1132 etiam
1169 1080 1440 1150 voluptate
1465 1089 1685 1136 careant
1710 1097 1802 1136 ne-

232 1183 364 1225 cesse
387 1178 486 1224 est.
522 1167 640 1224 Non
685 1179 768 1226 est
811 1170 969 1241 igitur
1012 1186 1280 1229 summum
1328 1174 1566 1240 bonum,
1594 1175 1689 1231 sed
1735 1189 1804 1233 ne

232 1264 405 1320 bonum
431 1263 644 1335 quidem
675 1265 944 1336 voluptas.
972 1265 1109 1336 Quid
1149 1266 1388 1323 divitiae?
1418 1269 1581 1324 Multo
1609 1270 1798 1339 magis.

229 1355 342 1413 Nam
367 1366 418 1412 et
446 1357 808 1427 paucioribus,
838 1368 893 1414 et
930 1361 1248 1432 plerumque
1282 1375 1430 1429 casu,
1459 1372 1513 1418 et
1540 1363 1801 1420 inertibus

228 1467 372 1520 sape.
395 1463 446 1508 et
467 1469 868 1526 nonnumquam
892 1457 1098 1513 scelere
1117 1460 1454 1530 contingunt.
1471 1470 1521 1516 et
1545 1470 1801 1526 optantur

227 1545 365 1601 abiis
386 1545 474 1617 qui
503 1560 595 1602 eas
614 1547 726 1618 jam
759 1557 962 1604 tenent.
990 1549 1128 1619 Quid
1150 1567 1372 1624 regnum
1403 1554 1617 1623 ipsum?
1645 1554 1720 1610 Ne
1747 1556 1800 1612 id

226 1640 438 1711 quidem.
469 1641 589 1697 Non
617 1644 762 1698 enim
790 1643 966 1699 cuncti
998 1645 1244 1702 homines
1287 1663 1512 1718 regnare
1541 1659 1796 1719 possunt;

226 1742 270 1789 et
293 1748 505 1791 necesse
531 1743 616 1792 est
643 1736 933 1793 universos
962 1738 1160 1794 summi
1184 1739 1309 1796 boni
1339 1756 1565 1811 capaces
1594 1757 1736 1799 esse.

1906 511 2052 568 nasci
2098 521 2292 579 potest.
2335 510 2471 566 Num
2516 510 2768 567 divitias?
2819 525 2949 566 num
2993 509 3322 581 potestates?
3356 517 3412 565 at
3450 523 3514 566 ea

1905 605 2122 677 quidem
2154 605 2358 676 fragilia
2387 614 2544 672 sunt,
2575 617 2630 662 et
2655 604 2877 661 caduca.
2917 604 3056 661 Num
3097 603 3360 676 gloriam?
3389 621 3513 660 num

1907 696 2210 752 honorem?
2245 713 2369 751 num
2411 698 2724 752 memoriam
2766 695 3033 751 nominis?
3072 706 3128 751 at
3173 695 3289 750 ha-e
3334 695 3515 752 omnia

1906 805 2013 845 non
2037 800 2161 844 stitit
2191 789 2242 845 in
2276 791 2391 858 ipsa
2419 791 2635 854 virtute,
2661 789 2754 844 sed
2785 790 2836 844 in
2866 789 3093 844 aliorum
3116 789 3516 845 existimatione

1905 889 2066 952 atque
2099 882 2324 936 arbitrio
2356 881 2550 952 posita.
2584 879 2717 935 Nam
2756 896 2900 951 saepe
2928 879 3098 935 virtus
3125 888 3180 935 et
3211 879 3376 934 invisa
3407 888 3512 944 est,

1907 981 1963 1030 et
1989 975 2132 1029 malo
2157 973 2410 1030 afﬁcitur.
2448 974 2617 1029 Debet
2642 982 2823 1028 autem
2854 972 2906 1028 id
2936 975 3157 1036 bonum,
3183 972 3325 1044 quod
3354 988 3418 1028 ex
3449 986 3514 1028 ea

1907 1067 2178 1134 nascitur,
2208 1067 2278 1122 ita
2309 1066 2616 1134 cohaerere,
2651 1074 2710 1120 ut
2737 1063 2920 1120 divelli
2950 1073 3114 1136 atque
3140 1063 3380 1119 abstrahi
3419 1079 3516 1119 ne-

1905 1170 2098 1230 queat;
2151 1175 2252 1215 nec
2300 1160 2458 1215 aliter
2507 1175 2775 1213 summum
2829 1159 3025 1213 bonum
3074 1157 3245 1212 videri
3299 1165 3511 1226 potest,

1904 1271 2064 1326 quam
2093 1255 2136 1309 si
2163 1266 2218 1309 et
2247 1255 2522 1326 proprium
2546 1254 2616 1308 sit
2639 1251 2865 1316 virtutis,
2898 1262 2953 1308 et
2976 1252 3102 1315 tale,
3131 1261 3188 1306 ut
3219 1267 3394 1323 neque
3418 1251 3512 1306 ad-

1901 1347 1992 1420 jici
2023 1347 2329 1418 quidquam,
2365 1361 2464 1400 nec
2491 1345 2702 1400 detrahi
2743 1345 2930 1414 possit.
2963 1342 3125 1410 Quid,
3155 1344 3302 1414 quod
3347 1344 3400 1398 in
3432 1343 3516 1398 his

1905 1439 2162 1494 omnibus
2213 1438 2625 1495 contemnendis
2680 1437 2892 1492 virtutis
2948 1435 3125 1492 officia
3189 1436 3510 1492 consistunt.

1903 1533 2038 1590 Nam
2069 1533 2390 1604 voluptates,
2425 1547 2580 1602 Opes,
2608 1531 2896 1600 potentias,
2923 1529 3180 1596 honores,
3211 1545 3379 1598 eaque
3398 1545 3517 1585 om-

1905 1628 2016 1692 nia,
2047 1643 2168 1697 qum
2199 1640 2298 1697 pro
2326 1625 2482 1679 bonis
2508 1625 2801 1690 habentur,
2833 1639 2940 1678 non
2971 1623 3376 1692 concupiscere,
3407 1637 3514 1678 non

1903 1729 2184 1789 appetere,
2215 1735 2321 1774 non
2352 1733 2556 1783 amare,
2583 1717 2725 1788 quod
2761 1720 2942 1772 caeteri
2973 1714 3174 1770 faciunt
3202 1714 3329 1770 victi
3360 1714 3516 1784 cupi-

283 1827 590 1894 Qumamus
619 1828 780 1900 igitur
803 1830 1022 1901 aliquid,
1056 1831 1198 1902 quod
1229 1807 1558 1903 pmpugimm
1589 1835 1658 1890 εει
1685 1850 1801 1890 οτη,
1828 1826 1878 1888 Β
1904 1811 2093 1874 ditate.
2123 1812 2174 1867 id
2205 1821 2288 1868 est
2317 1811 2558 1903 proiecto
2591 1810 2834 1903 virtutis.
2873 1808 3191 1903 Aliudergo
3229 1807 3515 1903 sublimius

225 1921 378 1976 nibus.
409 1920 553 1978 Num
583 1924 792 1980 virtus?
824 1923 1014 1996 Negari
1057 1941 1163 1981 non
1195 1937 1390 1997 potest,
1433 1931 1561 2000 quin
1610 1940 1666 1986 et
1706 1930 1801 1986 bo-

224 2028 334 2068 num
362 2015 447 2079 sit,
479 2022 541 2070 et
567 2015 808 2071 omnium
840 2025 990 2073 certe
1017 2017 1237 2074 bonum.
1266 2019 1371 2076 Sed
1413 2021 1458 2076 si
1501 2020 1651 2076 beata
1682 2038 1803 2080 esse

225 2121 314 2160 non
347 2116 524 2176 potest
545 2149 558 2171 ,
603 2109 723 2180 quia
752 2109 834 2164 vis
862 2119 917 2165 et
947 2119 1131 2166 natura
1154 2112 1270 2182 ejus
1301 2118 1354 2168 ln
1385 2115 1645 2170 malorum
1673 2132 1800 2186 pero

225 2198 424 2256 terentia
457 2203 634 2272 posita
657 2213 760 2272 est,
785 2220 891 2262 non
915 2217 997 2263 est
1020 2207 1262 2278 profecto
1281 2224 1546 2265 sumntum
1570 2211 1797 2269 bonum.

225 2296 522 2362 Quaeramus
552 2299 716 2356 aliud.
747 2302 814 2355 At
840 2300 970 2356 nihil
1000 2302 1197 2359 virtute
1225 2304 1524 2374 pulchrius,
1559 2304 1691 2362 nihil
1715 2321 1802 2362 sa-

224 2389 378 2458 piente
404 2390 622 2464 dignius
650 2394 878 2452 inveniri
916 2405 1110 2466 potest.
1138 2397 1193 2454 Si
1217 2399 1361 2454 enim
1389 2400 1512 2454 vitia
1535 2401 1604 2455 ob
1635 2403 1804 2472 turpi-

224 2483 435 2540 tudinem
468 2485 721 2558 fugienda
749 2499 894 2555 sunt,
923 2490 1093 2546 virtus
1120 2491 1282 2562 igitur
1305 2494 1602 2564 appetenda
1626 2503 1709 2552 est
1733 2495 1804 2553 ob

222 2575 470 2635 decorem.
504 2579 648 2646 Quid
675 2583 841 2652 ergo?
865 2583 1116 2640 Potestne
1163 2586 1297 2653 lleri,
1325 2595 1382 2642 ut
1407 2587 1548 2658 quod
1579 2588 1799 2658 bonum,

221 2672 342 2742 quod
366 2673 656 2730 honestum
686 2690 808 2732 esse
837 2687 1064 2744 constat,
1097 2680 1347 2736 mercede
1374 2697 1436 2737 ac
1465 2685 1687 2752 praemio
1713 2698 1804 2740 ca-

223 2777 342 2833 reat,
371 2769 554 2840 sitque
597 2779 705 2826 tam
735 2774 942 2838 sterile,
973 2783 1032 2829 ut
1071 2775 1202 2830 nihil
1229 2792 1294 2831 ex
1323 2792 1380 2832 se
1406 2779 1674 2833 commodi
1706 2795 1804 2850 pa-

220 2859 348 2914 riat?
375 2860 562 2918 Labor
592 2863 682 2920 ille
709 2879 978 2937 magnus,
1010 2875 1064 2922 et
1091 2867 1378 2924 difficultas
1402 2912 1417 2936 ,
1464 2881 1519 2926 et
1556 2871 1808 2930 eluctatio

219 2950 456 3010 adversus
499 2955 678 3024 mala,
711 2957 902 3026 quibus
946 2957 1062 3014 haec
1099 2961 1207 3015 vita
1257 2961 1412 3031 plena
1458 2973 1572 3031 est,
1605 2965 1808 3034 aliquid

219 3046 375 3116 magni
403 3046 537 3105 boni
567 3048 740 3120 pariat
765 3065 992 3109 necesse
1019 3061 1126 3110 est.
1162 3052 1220 3110 1d
1257 3069 1388 3111 vero
1413 3056 1542 3128 quid
1569 3072 1694 3115 esse
1719 3059 1806 3115 di-

1903 1917 2065 1976 atque
2097 1904 2405 1974 pratclarius
2436 1902 2635 1968 efﬁcit;
2668 1919 2766 1958 nec
2815 1901 3010 1957 frustra
3045 1902 3127 1955 his
3159 1901 3516 1970 praesentibus

1904 1997 2062 2053 bonis
2092 1996 2407 2060 reluctatur,
2435 1997 2538 2052 nisi
2566 1996 2708 2064 quod
2742 1996 2964 2066 majora,
2995 2004 3046 2050 et
3067 1993 3275 2050 veriora
3305 1994 3514 2050 deside-

1904 2100 2028 2147 rat:
2062 2105 2169 2145 non
2198 2090 2552 2160 deSperemus
2579 2089 2808 2144 inveniri
2848 2103 3022 2159 posse,
3059 2086 3220 2142 modo
3248 2095 3426 2142 verset
3453 2101 3514 2144 se

1903 2183 2156 2252 cogitatio
2185 2185 2238 2236 in
2271 2182 2472 2238 omnia.
2502 2180 2690 2254 Neque
2713 2182 2859 2238 enim
2887 2181 3025 2238 levia
3070 2190 3164 2236 aut
3193 2179 3398 2237 ludicra
3420 2195 3514 2253 pe-

1908 2286 2092 2335 tuntur
2122 2275 2360 2347 praemia.

2509 2434 2735 2492 CAPUT
2784 2435 2900 2490 XII.

1910 2594 1990 2652 De
2015 2596 2208 2669 duplici
2251 2612 2422 2667 pugna
2451 2595 2680 2666 corporis
2709 2603 2754 2649 et
2785 2594 3003 2660 animat;
3050 2603 3201 2664 atque
3245 2593 3308 2649 de
3352 2608 3512 2664 appe-

2173 2691 2323 2746 tenda
2351 2691 2529 2745 virtute
2559 2700 2765 2762 propter
2790 2690 2943 2744 vitant
2972 2698 3231 2742 αξιοι-1111111.

1983 2873 2088 2930 Sed
2138 2873 2396 2944 qumritttr
2441 2870 2568 2941 quid
2623 2870 2730 2935 sit,
2779 2879 3002 2939 propter
3029 2867 3173 2937 quod
3205 2867 3510 2934 nascimur;

1912 2969 2036 3040 quid
2066 2967 2268 3024 el‘lleiat
2303 2967 2497 3030 virtus,
2553 2971 2840 3036 possumus
2883 2962 2964 3018 sie
3007 2961 3352 3032 investigare.
3401 2960 3515 3014 Duo

1913 3071 2074 3130 sunt,
2118 3077 2182 3118 ex
2231 3060 2428 3133 quibus
2472 3059 2636 3116 homo
2677 3065 2922 3124 constat,
2950 3053 3162 3111 animus
3203 3063 3257 3110 et
3295 3066 3510 3125 corpus.

1529 3196 1890 3258 VARIORUM
1926 3197 2162 3256 ΝΟΤᾸΞ.

278 3335 400 3409 Cum
436 3335 647 3409 (reﬂuis,
689 3343 795 3409 etc.
837 3334 938 3390 Hie
977 3334 1199 3409 afferam
1244 3337 1406 3392 verba
1446 3337 1569 3409 Auli
1611 3337 1792 3405 Gellii,
1825 3339 1872 3403 C
1903 3339 2054 3407 tutis)
2082 3348 2192 3403 est;
2217 3347 2271 3394 et
2295 3338 2388 3395 lib.
2421 3354 2521 3406 vu,
2544 3352 2664 3409 cap.
2699 3339 2723 3393 1
2755 3353 2770 3394 :
2801 3336 3100 3392 Tolerantia
3123 3335 3372 3389 malorum
3394 3333 3516 3390 lati-

216 3408 405 3463 etiamsi
435 3406 690 3474 Gentilis,
726 3407 821 3461 lib.
851 3422 943 3462 XIX
976 3407 1130 3462 Nuct.
1164 3407 1490 3477 Attic.,cap.
1524 3408 1598 3463 9.:
1635 3409 1799 3477 Quin-

216 3497 328 3549 que,
359 3479 533 3550 inquit
555 3521 570 3540 ,
602 3488 718 3533 sunt
747 3478 1007 3532 hominum
1051 3496 1230 3534 sensus
1249 3523 1264 3545 ,
1297 3498 1385 3547 per
1413 3497 1537 3548 quos
1568 3484 1801 3551 voluptas

215 3553 369 3605 animo
394 3561 482 3604 aut
515 3551 720 3618 corpori
748 3552 908 3621 quwri
939 3551 1137 3605 videtur
1169 3569 1181 3604 :
1214 3561 1414 3618 gustus,
1455 3562 1638 3612 tactus.
1670 3553 1800 3606 oda-

216 3634 360 3680 ratus.
388 3623 552 3687 visus,
589 3621 816 3676 auditus.
853 3621 933 3677 Ea:
976 3623 1055 3676 his
1096 3623 1328 3676 omnibus
1371 3639 1488 3691 qua;
1533 3626 1803 3678 immodice

217 3695 433 3766 uoluptas
474 3695 702 3760 capitur,
731 3710 791 3746 ea
825 3693 987 3762 turpis
1019 3704 1172 3766 atque
1201 3696 1431 3762 improba
1459 3695 1798 3750 existimatur.

218 3765 312 3822 Sed
333 3767 466 3820 enim
502 3781 621 3836 qua:
635 3765 806 3820 nimia
832 3781 894 3819 ea:
921 3775 1072 3834 gustu
1103 3775 1252 3834 atque
1281 3776 1418 3820 tactu
1447 3777 1542 3832 est,
1574 3784 1633 3820 ea
1659 3768 1804 3821 volu-

219 3848 348 3904 ptas,
394 3838 550 3892 sicuti
578 3836 832 3905 sapientes
873 3838 965 3891 viri
1003 3847 1339 3905 censuerunt,
1381 3840 1606 3892 onmium
1637 3856 1804 3894 rerum

216 3909 479 3978 fadissima
512 3919 606 3963 est.

281 3979 529 4036 Processu
570 3981 754 4036 (etatis.
798 3979 1037 4047 Qurestio
1083 3988 1166 4035 est
1206 3980 1346 4050 apud
1393 3979 1710 4036 Ciceronem
1751 3983 1805 4038 in

215 4047 403 4106 Catone
432 4051 664 4123 majore,
700 4063 876 4106 utrum
921 4064 1174 4107 senectus
1207 4047 1480 4123 voluptate
1509 4063 1714 4107 careat.

281 4123 396 4178 Non
429 4122 572 4179 est...
604 4141 857 4178 summum
890 4124 1103 4182 bonum.
1141 4125 1230 4177 sed
1269 4141 1332 4177 ne
1361 4122 1549 4177 bonum
1576 4125 1802 4190 quidem.

219 4195 458 4265 Sequitur
499 4198 764 4251 Senecaut
797 4197 864 4248 de
897 4189 1013 4250 Vita
1042 4195 1227 4254 Beata.
1266 4211 1385 4264 cap.
1434 4196 1515 4256 lO.
1552 4189 1641 4250 1111.
1677 4215 1686 4249 :
1723 4195 1804 4250 Tu

217 4268 347 4322 illam
375 4267 756 4394 goluptatem)
785 4284 1036 4321 summum
1066 4266 1253 4321 bonum
1279 4269 1468 4338 putas?
1496 4267 1608 4340 Ego
1637 4285 1697 4321 ne
1716 4267 1808 4322 bo-

219 4356 346 4393 num.
426 4356 516 4394 us.

219 4356 346 4393 num.
380 4356 516 4395 UUN.

282 4411 442 4467 Multo
472 4413 658 4481 magis.
693 4410 767 4465 ita
799 4425 924 4464 mss.
973 4419 1026 4465 et
1063 4409 1334 4481 impressi.
1376 4410 1607 4478 Mallem,
1647 4412 1805 4465 multo

219 4498 392 4538 minus.

285 4555 346 4608 Et
367 4565 630 4625 aptantur.
659 4554 825 4610 Recte
845 4554 1014 4609 sensit
1043 4549 1227 4625 ls'aaus.
1258 4570 1363 4609 non
1392 4554 1696 4610 addendam
1723 4555 1810 4609 hic

219 4624 572 4697 negatimtem,
610 4637 666 4682 ttt
695 4627 748 4681 in
779 4626 986 4680 Bouon.
1009 4668 1022 4687 ,
1065 4627 1088 4680 1
1126 4624 1362 4680 Colbert.
1395 4635 1450 4682 et
1478 4627 1642 4681 Brun.
1675 4642 1803 4680 mss.

217 4702 504 4768 reperitur;
537 4700 727 4768 probat
773 4697 916 4752 enim
959 4697 1174 4751 divitias
1216 4713 1324 4752 non
1372 4713 1494 4754 esse
1536 4714 1803 4752 summum

219 4768 428 4836 bonum,
455 4770 731 4839 siquidem
759 4769 833 4824 illi
860 4769 951 4839 qui
976 4769 1090 4823 illas
1115 4769 1409 4835 possident,
1440 4772 1621 4835 plures
1647 4784 1810 4840 appe-

219 4848 324 4897 tunt
345 4855 398 4898 et
427 4853 619 4914 optant
643 4859 656 4896 :
681 4857 952 4914 summum
978 4856 1105 4914 vero
1130 4841 1327 4914 bonum
1358 4841 1479 4914 talis
1506 4841 1664 4914 debet
1688 4856 1809 4914 esse

219 4925 434 4983 naturae,
465 4911 528 4969 ut
574 4913 896 4970 desiderium
926 4913 1161 4981 expleat,
1196 4911 1320 4966 Mss.
1370 4911 1403 4966 9
1433 4914 1592 4983 Reg,
1625 4912 1658 4968 5
1683 4911 1812 4968 Col-

218 4982 370 5054 bert.,
400 4986 438 5040 2
478 4984 750 5051 Clarum,
798 4985 924 5041 Jun.
966 4995 1153 5039 carent
1197 4983 1298 5038 hac
1335 4982 1620 5054 negatiOne
1661 5003 1673 5037 :
1719 4983 1805 5038 Jo.

218 5053 369 5112 Cauci
403 5059 569 5114 etiam
611 5056 896 5112 delendam
925 5063 1138 5122 censet;
1187 5057 1336 5111 abest
1368 5053 1580 5128 quoque
1611 5056 1678 5112 ab
1710 5057 1812 5111 itu-

219 5134 409 5196 pressis
436 5129 718 5184 tredecim.
758 5128 839 5183 Ea:
865 5128 1035 5183 CALL.

287 5197 349 5252 Et
378 5218 579 5255 necesse
607 5209 700 5256 est.
749 5199 1096 5255 Heumannus
1141 5199 1358 5266 scribit,
1398 5209 1449 5254 at
1478 5215 1680 5254 necesse
1715 5209 1809 5253 est.

219 5268 342 5338 Quia
375 5283 536 5328 etest
565 5274 614 5327 itt
646 5272 898 5328 omnibus
942 5271 1113 5340 libris,
1145 5270 1490 5340 interpretor,
1526 5282 1571 5325 et
1618 5282 1806 5326 tamen.

221 5340 479 5399 Pat'tieula
498 5354 664 5398 tamen
686 5358 830 5411 sn'pe
849 5343 899 5396 in
923 5339 1185 5397 Cicerone
1201 5353 1254 5398 et
1277 5339 1556 5397 Lactantio
1577 5345 1657 5398 sic
1682 5343 1813 5397 sub-

222 5416 444 5470 auditur.
490 5415 664 5481 Lact.,
715 5415 806 5472 lib.
843 5430 922 5481 tv,
951 5430 1070 5484 cap.
1101 5413 1138 5468 2
1178 5431 1191 5486 ξ
1229 5413 1562 5486 Nusquam...
1609 5417 1816 5484 sapien-

223 5489 336 5539 tiam
377 5487 905 5558 comprehenderunt,
944 5495 991 5541 et
1033 5485 1223 5542 alicubi
1263 5485 1370 5542 esse
1407 5487 1550 5541 illam
1593 5501 1817 5542 necesse

223 5568 318 5612 est.
349 5561 482 5614 llus.

290 5629 393 5685 Sed
422 5633 466 5685 si
491 5633 652 5688 beata.
680 5632 846 5688 Abest
873 5633 916 5686 si
941 5646 971 5685 a
1004 5644 1106 5685 ms.
1129 5629 1252 5686 Em.
1283 5629 1341 5686 In
1371 5646 1480 5687 rec.
1512 5631 1546 5686 5
1574 5629 1812 5686 Colbert.

224 5710 274 5756 et
307 5704 326 5756 1
361 5704 596 5758 Clarum.
632 5714 736 5769 est,
771 5703 878 5760 Sed
908 5703 950 5758 si
980 5702 1134 5757 bona.

292 5771 355 5846 In
376 5776 627 5829 malorum
658 5775 984 5846 perferenda.
1009 5774 1207 5839 Betul.,
1235 5774 1598 5846 prazferentia;
1631 5789 1814 5844 prave.

226 5842 335 5901 Lib.
359 5861 438 5919 ttt,
461 5861 577 5921 cap.
605 5842 673 5906 12
701 5866 715 5905 :
742 5842 810 5903 1η
831 5847 1146 5921 perferendis
1170 5842 1318 5905 malis
1340 5842 1536 5920 totalvis
1555 5842 1663 5915 eius
1685 5845 1819 5922 (vir-

1911 3410 2033 3466 nius
2062 3411 2281 3465 dicitur.
2649 3460 2660 3466 -

1983 3480 2135 3536 Nihil
2161 3487 2387 3543 sapiente
2413 3483 2638 3547 dignius.
2671 3480 2744 3536 Ita
2773 3480 2880 3535 duo
2909 3495 3038 3535 mss.
3071 3479 3200 3546 Reg.
3235 3477 3511 3532 veterrimi

1907 3563 1962 3608 et
2006 3552 2168 3609 Gnth.
2214 3554 2268 3608 In
2305 3556 2328 3609 1
2375 3552 2527 3608 Colb.
2560 3562 2645 3608 est
2684 3553 2981 3621 sapientia.
3033 3551 3310 3606 mendose.
3352 3547 3412 3602 In
3450 3548 3517 3604 16

1912 3642 2044 3680 mss.
2082 3625 2411 3695 totidemque
2438 3627 2597 3680 editis
2625 3635 2728 3688 est,
2757 3624 3008 3684 sapientia
3031 3623 3255 3695 dignius.

1988 3696 2050 3750 Et
2082 3692 2339 3751 eluctatio'
2368 3697 2608 3750 adversus
2649 3697 2804 3749 mala.
2850 3696 2973 3748 Mss.
3013 3709 3144 3760 rec.,
3175 3692 3210 3745 2
3243 3692 3372 3761 Reg.
3405 3700 3457 3746 et
3488 3692 3513 3746 1

1908 3766 2085 3834 Cttlb.,
2118 3778 2166 3822 et
2203 3769 2453 3830 luctatio;
2488 3767 2633 3829 Εηι..
2663 3777 2710 3821 et
2749 3766 3055 3831 obluctatio,
3085 3764 3227 3834 quod
3274 3779 3393 3834 eum
3428 3778 3516 3816 se-

1909 3833 2202 3906 quentibus
2223 3879 2234 3899 ,
2264 3841 2505 3895 adversus
2543 3840 2680 3893 mala
2703 3879 2718 3903 ,
2767 3838 3060 3892 cottveuire
3105 3833 3274 3905 magis
3307 3833 3517 3889 videtur

1909 3909 2145 3966 Cellario
2174 3927 2332 3982 quam
2365 3911 2616 3972 aliorum,
2649 3911 2910 3982 eluctatio.

1987 3983 2071 4038 Ex
2100 3978 2429 4037 ειι.’8(ῖίιίε‹ιῑ
2458 3985 2672 4036 virtute.
2703 3981 2793 4035 Sic
2817 3980 3048 4037 emendo
3069 3994 3134 4034 ex
3163 3995 3292 4032 mss.
3317 3989 3370 4032 et
3405 3978 3522 4033 etli-

1914 4058 1980 4110 lis
2015 4056 2168 4109 Rom.
2203 4055 2362 4118 1468,
2405 4053 2675 4126 Gymnic,
2706 4051 2900 4108 Cellar.
2950 4051 3009 4107 ln
3041 4052 3102 4107 11
3157 4051 3384 4117 vulgatis
3416 4061 3518 4115 est,

1913 4145 1978 4182 ea.
2009 4144 2086 4188 eo,
2123 4128 2407 4182 mendose.

1984 4199 2243 4251 Abstrahi.
2276 4199 2350 4253 lta
2393 4198 2608 4267 reposui
2633 4213 2699 4251 ex
2727 4195 2855 4251 edit.
2885 4194 3040 4249 Rom.
3072 4194 3232 4256 M70,
3263 4192 3517 4267 'l‘urne_s.,

1911 4269 2209 4336 Souhrou.,
2251 4280 2300 4322 et
2329 4285 2398 4323 ex
2426 4263 2677 4322 omnibus
2707 4284 2836 4324 mss.
2870 4280 3068 4339 praeter
3090 4267 3123 4321 4
3154 4281 3263 4320 rec.
3299 4277 3356 4320 et
3387 4263 3518 4319 edit.

1915 4342 2003 4404 Η,
2040 4343 2089 4393 itt
2123 4341 2318 4411 quibus
2347 4351 2429 4394 est
2458 4341 2695 4394 distrahi.

1990 4407 2154 4479 Quam
2181 4415 2222 4466 si
2253 4423 2296 4465 et
2329 4413 2596 4480 proprium
2623 4413 2687 4464 sit
2713 4411 2932 4464 virtutis.
2968 4410 3045 4464 Ex
3080 4423 3208 4462 mss.
3235 4407 3519 4480 ac‘veleri-

1917 4478 2262 4538 bus’escusis
2291 4478 2490 4545 est,et
2532 4483 2863 4552 elegantius,
2909 4497 3068 4553 quam
3113 4491 3158 4534 et
3202 4481 3245 4534 si
3290 4478 3524 4534 duorum

1915 4571 2046 4611 mss.
2078 4572 2187 4610 rec.
2221 4567 2275 4610 et
2300 4554 2657 4623 quorumdam
2685 4554 2974 4608 editorum.

1985 4625 2163 4698 anue
2197 4621 2386 4681 omnia.
2426 4627 2500 4679 Ex
2534 4641 2662 4698 mss.
2694 4635 2749 4680 et
2777 4626 2938 4698 editis
2968 4623 3181 4698 Rotn._l
3198 4623 3316 4686 170,
3349 4621 3518 4676 Torn.

1915 4709 1969 4754 et
2023 4695 2293 4754 SJubron.
2345 4697 2576 4753 restitui.
2613 4698 2667 4753 lu
2700 4697 2914 4752 cwteris
2955 4695 3183 4767 vulgatis
3223 4703 3327 4761 est,
3377 4704 3526 4765 atque

1834 4787 1888 4848 D
1917 4771 2110 4848 omnia.

1989 4841 2056 4895 Id
2085 4852 2154 4896 est
2187 4841 2415 4912 profecto
2457 4843 2672 4897 virtutis.
2723 4841 2813 4898 Sic
2858 4839 3072 4912 reposui
3117 4854 3205 4912 ex,
3236 4846 3344 4892 vet.
3374 4835 3520 4912 Aedit.

1913 4914 2073 4970 Rom.
2108 4925 2161 4968 et
2187 4908 2454 4968 omnibus
2497 4929 2627 4969 mss.
2664 4925 2859 4983 praeter
2902 4915 2936 4968 5
2981 4911 3161 4973 Colla,
3196 4910 3247 4963 in
3296 4908 3522 4983 quibus,

1919 4988 2057 5041 sicut
2096 4987 2146 5040 in
2181 4985 2246 5041 15
2277 4986 2535 5056 vulgatis.
2570 4981 2779 5054 legitur,
2829 4985 2882 5038 id
2921 4993 2993 5037 est
3040 4983 3265 5056 pro[ecto
3303 4981 3520 5056 virtutis.

1921 5057 1980 5112 ln
2011 5057 2144 5112 edit.
2178 5052 2409 5112 Tornes.
2439 5070 2493 5112 et
2520 5052 2768 5112 Sun—Imm
2791 5098 2806 5122 ,
2837 5056 2892 5110 id
2933 5065 3003 5109 est
3034 5053 3270 5122 perfecta’
3299 5052 3520 5106 virtutis.

1922 5127 2168 5199 Profecto
2195 5129 2372 5192 virtus,
2399 5129 2561 5183 etiam
2590 5129 2716 5196 legit
2740 5128 3089 5183 lleumannus
3110 5141 3174 5178 ex
3198 5124 3522 5199 edit_._l'i7:2,

1921 5195 2087 5283 1476,
2120 5201 2259 5256 1478
2289 5209 2344 5255 et
2371 5200 2529 5269 1197,
2561 5217 2623 5255 ac
2648 5195 2812 5255 etiam
2844 5215 2910 5256 ex
2941 5213 3046 5253 uno
3072 5213 3102 5252 e
3130 5209 3260 5250 mss.
3290 5195 3526 5250 Thoma-

1920 5287 2109 5328 Blattls.

1995 5342 2114 5398 Duo
2145 5353 2281 5398 sunt.
2315 5343 2472 5400 Juxta
2503 5343 2562 5398 Β.
2605 5343 2830 5397 Paulum
2875 5341 3044 5396 tribus
3089 5339 3254 5394 homo
3286 5339 3524 5408 partibus

1923 5426 2460 5482 constatzcorpore,
2505 5415 2708 5477 anima,
2757 5423 2811 5469 et
2861 5413 3073 5479 spiritu.
3121 5411 3229 5466 Sed
3279 5412 3524 5464 animalis

1926 5487 2091 5542 homo
2122 5503 2224 5542 non
2259 5487 2485 5556 percipit
2512 5503 2572 5542 ea
2617 5502 2736 5554 qua:
2779 5496 2902 5539 sunt
2957 5484 3072 5538 Dei.
3106 5483 3524 5556 Constituamus

1926 5559 2087 5628 igitur
2112 5560 2162 5614 itt
2191 5554 2453 5630 spirituali
2482 5557 2700 5613 hetniue
2725 5557 2993 5630 sinceram
3038 5554 3378 5630 religionem,
3418 5569 3521 5630 qua

1927 5626 2175 5685 homines
2207 5626 2498 5699 perfectam
2547 5629 2731 5699 (quam
2772 5628 2964 5684 Cicero
3010 5628 3316 5692 somniavit)
3360 5626 3526 5679 ratio-

1925 5717 2048 5756 nem
2077 5701 2358 5766 habentes,
2394 5702 2576 5756 multis
2604 5701 2859 5770 gradibus
2888 5717 2916 5754 a
2947 5699 3216 5755 Communi
3261 5699 3355 5770 illa_
3401 5713 3524 5768 psy-

1923 5773 2222 5850 chicortttn,
2261 5773 2566 5850 plurimisa
2593 5768 2829 5850 lielluitta
2855 5784 3040 5850 natura
3073 5771 3291 5850 distant.
3335 5768 3523 5850 Potest

1927 5844 2118 5917 videri,
2147 5845 2486 5904 Lactantium
2518 5845 2660 5905 idem
2685 5844 2980 5905 credidisse
3009 5844 3272 5911 animum,
3297 5841 3438 5912 quod
3465 5841 3522 5902 in
