4038 6358
508 295 614 354 379
1611 284 1797 347 IIRM.
1836 281 2202 347 LACTANTII
2247 284 2449 349 DIVIN,
2494 283 2735 346 INSTI'I'.
3675 290 3766 356 580

509 412 671 470 Multa
715 418 843 469 sunt
891 410 1103 485 propria
1144 410 1345 478 animi,
1382 410 1548 468 multa
1588 410 1807 484 propria
1834 408 2101 481 corporis,
2130 412 2186 475 Α
2209 406 2434 473 caduca,
2459 406 2667 477 spernit
2691 448 2706 473 ,
2737 404 2865 478 quid
2895 406 3044 464 aliud
3073 412 3279 476 restat,
3328 412 3430 466 nisi
3475 416 3531 468 ut
3569 414 3764 473 cteieste

511 510 681 563 multa
713 508 921 579 utrique
948 506 1281 573 communia,
1311 506 1451 561 sicut
1476 514 1559 561 est
1585 506 1698 576 ipsa
1741 510 1919 560 virtus
1950 514 2110 573 :qute
2211 499 2415 571 aliquid
2445 500 2670 566 efficiat,
2704 500 2829 572 quia
2859 507 3075 557 terrena
3102 502 3349 559 universa
3380 507 3660 562 contemnit
3682 548 3695 575 ,
3724 510 3770 566 et

511 600 724 673 quoties
749 600 814 654 ad
844 612 1039 670 corpus
1069 597 1323 666 refertur,
1363 597 1705 654 discernendi
1744 594 1915 668 gratia
1953 594 2109 651 forti-
2212 595 2279 651 ad
2333 594 2528 649 altiora
2575 594 2801 661 nitatur,
2850 596 2975 666 quia
3020 594 3243 651 humilia
3287 597 3546 667 despicit?
3575 599 3627 655 id
3663 612 3772 659 vero

512 693 641 751 tttdo
670 693 995 748 nominatur.
1020 692 1286 759 Quoniam
1315 691 1477 763 igitur
1502 691 1712 762 utrique
1736 688 1977 760 subiacet
2001 686 2111 742 for—
2213 688 2344 744 nihil
2377 689 2519 742 aliud
2550 695 2732 758 potest
2758 703 2898 755 esse,
2933 702 3091 761 quam
3125 689 3513 746 immortalitas.

512 786 705 849 titudo,
738 785 953 849 utrique
983 785 1257 855 proposita
1288 784 1565 839 dimicatio
1589 792 1692 852 est,
1725 791 1777 837 et
1810 790 2022 853 utrique
2043 792 2110 835 ex
2284 782 2477 837 Merito
2507 797 2639 849 ergo
2656 783 3101 854 pitilostipitorutn
3130 796 3233 838 non
3254 786 3514 840 obscurus
3531 784 3769 855 Euclides,

513 880 861 937 dimicatione
888 880 1117 935 victoria
1150 898 1163 935 :
1198 894 1431 949 corpus,
1480 878 1602 950 quia
1650 877 1879 933 solidum
1928 884 2012 932 est
2057 885 2111 931 et
2214 876 2304 946 qui
2334 875 2429 932 fuit
2451 878 2701 933 conditor
2724 876 3113 948 Megaricorum
3136 878 3457 947 disciplinae,
3486 880 3774 939 dissentit-us

514 974 1027 1044 comprehensibile,
1056 990 1179 1029 cunt
1220 973 1406 1029 solidis
1442 981 1497 1028 et
1535 969 2111 1042 compreltensibilihus
2215 983 2245 1022 a
2272 969 2502 1033 caeteris,
2532 969 2581 1023 id
2613 984 2735 1025 esse
2761 983 3032 1025 sumntum
3058 972 3254 1026 bonum
3279 971 3442 1039 dixit,
3466 974 3601 1042 quod
3625 975 3775 1032 simile

514 1068 771 1138 conﬂigat
797 1082 1023 1123 necesse
1053 1076 1167 1128 est;
1199 1069 1412 1121 animus
1439 1073 1637 1127 autem,
1670 1067 1789 1136 quia
1832 1063 2027 1128 tenuis,
2060 1066 2115 1116 ει
2216 1059 2305 1126 sit,
2333 1069 2389 1116 et
2419 1058 2558 1115 idem
2587 1075 2822 1130 semper.
2857 1061 3125 1117 Intellexit
3164 1062 3409 1132 profecto
3449 1078 3564 1135 qua:
3607 1067 3668 1119 sit
3696 1083 3775 1121 na-

514 1159 803 1217 invisibilis
829 1168 912 1216 est
933 1201 949 1228 ,
989 1174 1110 1215 cum
1141 1157 1206 1214 iis
1235 1158 1582 1230 congreditur
1612 1156 1879 1222 hostibus,
1913 1153 2005 1224 qui
2036 1155 2116 1208 vi-
2219 1163 2335 1207 tura
2363 1154 2559 1208 summi
2587 1153 2733 1220 boni,
2766 1154 2890 1209 licet
2914 1153 2967 1209 id
2994 1166 3101 1209 non
3142 1155 3492 1223 extilicaverit
3532 1157 3647 1227 quid
3680 1158 3775 1215 sit:

515 1253 629 1309 deri
677 1254 931 1324 tangique
981 1266 1089 1307 non
1137 1258 1381 1322 possunt.
1436 1251 1537 1317 Qui
1570 1258 1697 1304 sunt
1721 1256 1899 1303 autem
1932 1246 2115 1303 hostes
2218 1250 2269 1306 id
2299 1260 2382 1306 est
2411 1259 2590 1307 autem
2622 1249 3023 1318 immortalitas,
3056 1265 3156 1306 nec
3199 1250 3345 1307 aliud
3392 1253 3605 1306 omnino
3642 1252 3777 1324 quid-

516 1346 704 1413 animl,
736 1347 838 1401 nisi
868 1344 1211 1417 cupiditates,
1244 1344 1393 1409 vitia,
1419 1342 1681 1414 pet-cata?
1710 1357 1829 1413 quae
1856 1342 1901 1397 si
1929 1340 2117 1395 vicerit
2218 1360 2413 1417 quam;
2440 1346 2561 1415 quia
2591 1346 2705 1401 sola
2738 1358 2837 1401 nec
2868 1346 3133 1406 imminut,
3167 1360 3266 1400 nec
3293 1345 3477 1416 augeri
3499 1389 3512 1413 ,
3557 1360 3649 1401 nec
3692 1346 3776 1400 im.

516 1442 710 1504 virtus.
740 1454 803 1495 ac
835 1438 1120 1510 fugaverit,
1146 1437 1521 1493 itnmaculatus
1548 1437 1651 1493 erit
1679 1437 1911 1502 animus,
1936 1450 1998 1490 ac
2021 1448 2115 1505 pu-
2220 1436 2415 1493 mutari
2445 1446 2641 1507 potest.
2677 1437 2884 1493 Seneca
2913 1452 3129 1508 quoque
3168 1438 3481 1508 imprudens
3509 1437 3707 1503 incidit,
3733 1442 3779 1493 ut

517 1548 633 1590 rus.
665 1533 818 1589 Unde
844 1547 975 1604 ergo
1002 1532 1182 1604 colligi
1209 1540 1407 1596 potest,
1435 1531 1561 1602 quid
1590 1532 1790 1587 efficiat
1817 1529 1980 1585 animi
2011 1528 2118 1584 for—
2220 1532 2495 1600 fateretur,
2531 1532 2733 1587 nullout
2767 1546 2889 1588 esse
2915 1531 3059 1586 aliud
3086 1531 3301 1587 virtutis
3326 1531 3619 1601 prtemium,
3643 1546 3777 1602 quam

521 1624 733 1683 titudo'l
759 1624 1021 1681 Nimirum
1068 1640 1135 1681 ex
1182 1624 1492 1696 conjuncto,
1535 1636 1588 1680 et
1627 1624 1763 1695 pari,
1815 1624 1917 1679 hoc
1941 1634 2116 1678 estex
2222 1626 2700 1682 immortalitatem.
2733 1625 2982 1681 Laudans
3009 1623 3153 1680 enim
3192 1625 3447 1679 virtutem
3495 1626 3546 1679 in
3583 1640 3642 1678 eo
3666 1623 3780 1679 libro

520 1721 766 1791 corporis
794 1718 1127 1785 fortitudine,
1157 1721 1301 1791 quod
1332 1732 1453 1775 cum
1488 1720 1541 1775 in
1586 1718 1820 1789 aliquant
1864 1726 2116 1789 congres-
2222 1736 2382 1791 quem
2408 1720 2476 1775 de
2506 1721 2791 1776 immatura
2824 1727 2999 1775 morte
3023 1718 3384 1787 conscripsit:
3415 1735 3434 1769 t
3468 1716 3596 1779 Una,
3616 1717 3777 1787 inquit,

521 1813 731 1869 sionem
771 1822 1157 1885 certamenque
1188 1813 1428 1876 venerit.
1463 1812 1589 1884 quid
1616 1812 1762 1868 aliud
1790 1825 1857 1868 ex
1895 1812 2114 1867 Victoria
2146 1823 2195 1884 Β
2225 1828 2310 1869 res
2335 1822 2419 1869 est
2445 1815 2633 1877 virtus,
2666 1828 2786 1884 quae
2816 1825 2916 1868 nos
2945 1808 3354 1867 immortalitate
3389 1815 3587 1866 donare
3622 1809 3776 1880 pOssil,

519 1922 677 1982 quatn
739 1907 902 1964 vitam
954 1907 1126 1978 petit?
1158 1906 1285 1965 Sive
1333 1907 1476 1963 enim
1526 1922 1650 1962 cum
1698 1905 1946 1972 homine,
2000 1906 2117 1961 sive
2221 1917 2276 1963 et
2304 1923 2460 1978 pares
2487 1907 2590 1962 diis
2615 1905 2984 1962 facere.tSed
3013 1913 3066 1959 et
3090 1903 3282 1971 stoici,
3314 1918 3451 1976 quos
3477 1911 3778 1972 secutusest,

519 2014 643 2059 cum
685 2000 857 2058 bestia
910 1997 1155 2067 dimices,
1190 2015 1288 2071 pro
1346 1999 1520 2055 salute
1575 2008 1833 2055 certatur.
1872 1998 2010 2070 Ergo
2057 2006 2118 2053 ut
2224 2009 2419 2071 negant
2446 2001 2564 2055 sine
2589 2003 2787 2055 virtute
2812 1996 2954 2053 efﬁci
2995 2008 3319 2069 quemquam
3371 1997 3578 2052 beatum
3620 2010 3773 2067 posse.

521 2106 719 2163 corpus
776 2093 1042 2149 vincendo
1082 2092 1133 2147 id
1186 2092 1507 2163 assequitur,
1560 2099 1618 2145 ut
1667 2105 1773 2145 non
1825 2090 2053 2146 intereat
2100 2105 2115 2143 :
2225 2093 2367 2163 Ergo
2393 2093 2607 2148 virtutis
2640 2093 2917 2162 praemium
2951 2091 3105 2146 beata
3147 2090 3255 2145 vita
3286 2102 3393 2159 est,
3445 2090 3491 2146 si
3536 2091 3690 2145 virtus
3717 2082 3782 2163 (ut

522 2185 604 2241 sic
653 2185 814 2242 etiam
868 2185 1111 2252 animus,
1166 2193 1226 2240 ut
1253 2194 1603 2256 permaneat;
1646 2193 1701 2240 et
1738 2185 1878 2241 sicut
1922 2194 2117 2254 corpus
2225 2197 2371 2244 recte
2398 2188 2595 2242 dictum
2621 2186 2729 2256 est)
2758 2187 2967 2241 beatam
2999 2186 3165 2240 vitam
3194 2184 3341 2241 facit.
3381 2185 3495 2240 Non
3523 2186 3779 2256 estigitur,

521 2278 590 2333 ab
620 2277 865 2334 hostibus
892 2280 1005 2334 suis
1031 2279 1262 2344 victum,
1292 2289 1468 2334 morte
1494 2278 1824 2333 mulctatur:
1857 2276 1926 2331 ita
1958 2293 2118 2347 supc-
2228 2289 2289 2336 ut
2327 2282 2512 2346 aiunt,
2559 2287 2780 2350 propter
2822 2279 3054 2349 seipsam
3110 2278 3282 2333 virtus
3331 2277 3660 2349 expetenda,
3703 2276 3782 2332 sed

520 2384 716 2430 ratusa
737 2372 879 2428 vitiis
899 2373 1111 2428 animus
1141 2372 1403 2430 moriatur
1429 2387 1655 2428 necesse
1686 2380 1786 2427 est.
1818 2370 1957 2438 Quid
1986 2386 2117 2443 ergo
2229 2380 2451 2443 propter
2477 2371 2638 2426 vitam
2671 2370 2905 2435 beatam,
2936 2385 3056 2441 qua;
3087 2370 3346 2425 virtutem
3390 2370 3683 2426 necessario
3714 2382 3783 2424 se-

521 2467 768 2522 intererit
792 2468 931 2521 inter
958 2466 1123 2520 animi
1164 2464 1519 2536 corporisque
1546 2464 1973 2531 dimicationem,
2014 2465 2114 2519 nisi
2226 2466 2425 2536 quitur.
2458 2464 2608 2532 Quod
2652 2474 3027 2535 argumentum
3069 2464 3267 2520 docere
3314 2479 3412 2520 eos
3440 2463 3622 2535 potuit,
3663 2463 3781 2535 quod

521 2558 663 2629 quod
712 2574 910 2629 corpus
959 2559 1312 2629 temporalem
1365 2562 1528 2613 vitam
1585 2559 1797 2629 expetit
1825 2601 1839 2625 ,
1902 2558 2117 2614 animus
2226 2568 2368 2616 esset
2393 2574 2660 2615 summum
2698 2558 2917 2615 bonum.
2966 2559 3092 2613 iitec
3132 2569 3311 2614 autem
3345 2560 3450 2615 vita
3491 2571 3704 2628 praesens
3736 2564 3781 2614 et

522 2650 944 2722 sempiternam?
992 2650 1049 2708 Si
1092 2666 1222 2721 ergo
1244 2652 1443 2733 'virtus
1500 2667 1597 2723 per
1649 2652 1884 2722 seipsam
1959 2651 2115 2707 beata
2225 2653 2520 2724 corporalis
2551 2652 2703 2708 beata
2732 2666 2982 2708 essenon
3019 2661 3218 2722 potest,
3247 2653 3373 2723 quia
3404 2652 3555 2708 malis
3580 2659 3657 2707 est
3677 2650 3783 2705 sub—

521 2758 628 2799 n0u
675 2753 795 2811 est,
845 2745 1099 2815 quoniam
1150 2746 1203 2798 in
1259 2744 1596 2815 perferendis
1638 2742 1719 2818 (ut
1769 2744 1907 2815 dixi)
1962 2745 2117 2799 malis
2221 2747 2365 2818 jecta
2395 2762 2491 2817 per
2517 2762 2732 2817 corpus.
2767 2747 3028 2818 Epicurus
3076 2747 3243 2801 Deum
3286 2746 3507 2803 beatum
3545 2757 3596 2802 et
3635 2745 3781 2801 incor-

522 2845 632 2892 t0ta
666 2837 746 2891 vis
770 2836 890 2906 ejus
920 2846 1032 2902 est;
1079 2836 1126 2891 si
1169 2836 1382 2903 omnia,
1432 2851 1555 2907 quas
1584 2852 1681 2907 pro
1718 2836 1875 2892 bonis
1915 2851 2119 2893 concu~
2226 2848 2444 2911 ruptum
2472 2851 2650 2905 vocat,
2680 2842 2801 2912 quia
2831 2844 3194 2911 sempiternus
3220 2852 3327 2897 est.
3370 2841 3639 2896 Beatitudo
3664 2841 3781 2895 enim

525 2930 824 2999 piscuntor,
858 2929 1107 3000 negligit;
1138 2929 1183 2984 si
1212 2943 1456 2985 summus
1490 2929 1609 2998 ejus
1650 2929 1846 3000 gradus
1873 2928 1942 2984 ad
1973 2944 2119 2984 mor-
2229 2930 2464 3003 perfecta
2491 2947 2611 2987 esse
2632 2932 2813 2995 debet,
2848 2941 2903 2987 ut
2926 2932 3056 2987 nihil
3079 2933 3170 3000 sit,
3197 2932 3344 3003 quod
3369 2936 3486 2989 eaut
3512 2948 3710 2997 vexare,
3734 2944 3784 2987 ac

525 3032 630 3078 tem
662 3029 830 3091 patet,
860 3021 1292 3093 quandoquidem
1326 3023 1511 3090 vitam,
1540 3037 1662 3094 quae
1686 3032 1903 3094 optatur
1943 3038 1974 3078 a
2014 3038 2121 3079 εξε-
2230 3026 2571 3090 imminuere,
2596 3039 2688 3080 aut
2714 3027 3000 3082 immutare
3022 3026 3210 3096 possit.
3228 3025 3340 3082 Nec
3362 3027 3520 3082 aliter
3533 3025 3784 3097 quidquam

522 3113 674 3179 teris,
703 3128 849 3184 saepe
871 3116 1095 3184 respuit,
1122 3124 1483 3186 mortemque,
1513 3131 1672 3184 quam
1695 3116 1881 3171 caeteri
1905 3116 2117 3184 timent,
2148 3162 2192 3191 η
2230 3120 2523 3176 existimari
2549 3119 2765 3175 beatum
2811 3128 3017 3190 potest,
3068 3120 3169 3176 nisi
3217 3119 3384 3176 fuerit
3426 3123 3777 3191 incorruptum.

523 3207 732 3264 fortiter
762 3209 1016 3280 suscipit;
1048 3210 1091 3263 si
1122 3224 1344 3266 necesse
1365 3219 1523 3266 estut
1546 3209 1748 3280 aliquid
1766 3226 1835 3265 ex
1852 3225 1912 3266 se
1937 3208 2116 3281 magni
2147 3194 2193 3228 υ
2224 3210 2598 3283 Incorruptunt
2629 3225 2807 3269 autem
2840 3214 2973 3269 nihil
2999 3224 3079 3270 est
3102 3255 3119 3283 ,
3158 3215 3261 3270 nisi
3300 3216 3446 3286 quod
3489 3227 3570 3271 est
3595 3194 3783 3270 immor-

524 3302 651 3357 boni
699 3303 902 3373 pariat,
956 3305 1078 3374 quia
1126 3306 1412 3360 sustentati
1458 3314 1513 3360 et
1556 3308 1791 3375 superati
1840 3321 2012 3378 usque
2049 3307 2118 3364 ad
2225 3306 2351 3362 tale.
2374 3305 2502 3363 Sola
2534 3322 2663 3376 ergo
2691 3306 3069 3361 immortalitas
3098 3306 3249 3362 beata
3272 3318 3381 3377 est,
3404 3309 3524 3380 quia
3549 3306 3784 3376 corrumpi

524 3406 755 3452 mortem
788 3396 1002 3454 labores
1043 3398 1159 3453 sine
1190 3399 1416 3469 praemio
1456 3414 1576 3453 esse
1618 3412 1722 3453 non
1773 3408 2031 3469 possunt;
2074 3399 2119 3455 si
2223 3413 2285 3452 ac
2314 3396 2536 3453 dissolvi
2570 3412 2675 3453 non
2721 3400 2917 3469 potest.
2959 3397 3113 3465 Quod
3159 3399 3206 3454 si
3254 3401 3404 3455 cadit
3448 3401 3497 3455 in
3549 3396 3783 3455 hominem

523 3489 730 3546 nullum
764 3490 1064 3561 praemium,
1091 3486 1235 3564 quod
1268 3506 1328 3546 ea
1361 3488 1583 3564 dignum
1610 3492 1700 3557 sit,
1748 3492 1800 3547 itt
1847 3502 1990 3548 terra
2031 3506 2122 3548 re-
2224 3492 2420 3556 virtus,
2450 3490 2594 3563 quod
2620 3507 2817 3565 negare
2845 3491 3024 3549 nullus
3053 3500 3250 3561 potest.
3280 3493 3431 3549 cadit
3454 3504 3507 3552 et
3530 3490 3781 3550 beatitudo.

524 3582 753 3653 pet-itur,
785 3582 1221 3656 quandoquidem
1251 3594 1470 3655 cuncta,
1511 3600 1631 3656 qua:
1661 3581 1873 3657 fragilia
1904 3594 2031 3639 sunt
2067 3595 2123 3641 et
2227 3585 2344 3643 Non
2371 3597 2549 3660 potest
2573 3587 2714 3644 enim
2748 3587 2887 3655 ﬁeri,
2920 3596 2979 3643 ιιι
3018 3589 3090 3644 sit
3135 3589 3322 3655 miser,
3372 3591 3462 3661 qui
3507 3590 3687 3644 virtute
3718 3593 3786 3641 est

1860 3705 2220 3766 VARIORUM
2256 3709 2480 3766 NOTAL.

523 3826 576 3881 in
599 3826 771 3881 sacris
797 3826 1019 3883 Litteris
1048 3828 1202 3881 tertia
1233 3842 1356 3893 pars
1372 3834 1455 3883 est
1476 3826 1730 3886 spiritus;
1758 3840 1954 3893 nempe
1979 3824 2120 3894 apud

525 3914 682 3967 quem
733 3898 950 3967 spiritus
999 3915 1195 3953 nomen
1245 3900 1577 3954 rarissimum
1620 3908 1721 3952 est.
1755 3898 1894 3963 Quid
1940 3909 2120 3951 autem

526 3970 740 4023 animus
764 3980 820 4023 et
848 3970 1021 4025 animo
1051 3971 1319 4035 dim-rant,
1348 3970 1501 4025 docet
1533 3970 1673 4025 idem
1715 3968 2028 4023 Lactaotius
2053 3968 2122 4023 de

527 4037 755 4109 Opiiicto
779 4042 892 4103 Dei.
918 4042 1092 4108 capite
1122 4042 1201 4097 i8.
1224 4042 1547 4097 Βετυιειυς.

601 4110 727 4175 Ipsa
758 4113 935 4166 virtus.
967 4111 1149 4168 Genus
1175 4116 1367 4184 probat
1398 4130 1463 4168 ex
1502 4112 1704 4182 Specie.
1750 4111 1932 4166 Robur
1976 4111 2121 4184 enim

528 4184 790 4251 corporis.
820 4184 984 4238 animi
1017 4181 1273 4239 fortitudo
1297 4200 1417 4240 esse
1455 4181 1586 4239 alias
1614 4189 1953 4239 observatur.
1988 4181 2123 4239 Vide

529 4253 811 4309 Erastuuut
841 4256 891 4309 in
924 4255 1234 4312 Eucbirttiio
1258 4258 1442 4311 tuilitis
1461 4257 1759 4310 christiani.

605 4324 672 4380 Ut
702 4326 915 4396 aliquid.
964 4327 1042 4381 Ex
1082 4342 1211 4381 mss.
1241 4338 1296 4382 et
1320 4329 1352 4382 4
1383 4328 1597 4384 excusis
1628 4327 1841 4398 reposui
1875 4325 2117 4383 voculatn

530 4406 757 4471 magna:
787 4401 997 4453 ca'tcris
1028 4416 1092 4452 vu
1115 4404 1252 4471 gulis
1276 4399 1451 4455 deest.

2223 3828 2308 3895 qui
2337 3826 2392 3881 id
2422 3827 2609 3881 bonum
2637 3826 2802 3881 solum
2828 3842 2936 3881 esse
2960 3826 3195 3882 dicebant
3228 3827 3370 3898 quod
3393 3834 3707 3898 essetnam,
3732 3822 3787 3876 sit

2225 3899 2364 3970 utile,
2394 3909 2441 3953 et
2481 3899 2614 3952 idem
2659 3915 2877 3968 semper.
2911 3897 2981 3951 Hi
3025 3915 3223 3970 quoque
3266 3900 3429 3953 multa
3452 3916 3483 3951 a
3510 3897 3787 3970 Platonem

2227 3968 2527 4022 Menedemo
2568 3981 2757 4030 autent.
2791 3971 2926 4039 quod
2968 3972 3012 4024 is
3044 3968 3270 4023 Eretrias
3302 3973 3421 4038 fuit,
3457 3969 3688 4023 Eretriaci
3711 3981 3787 4032 ap-

2226 4042 2424 4110 pellati.
2451 4041 2680 4106 Quorum
2709 4058 2859 4095 omne
2884 4042 3069 4095 bonum
3091 4043 3144 4094 in
3172 4057 3337 4097 mente
3366 4045 3598 4110 positum.
3616 4051 3658 4093 et
3677 4052 3789 4090 nteit-

2223 4115 2289 4166 tt‘s
2313 4115 2440 4168 acie.
2464 4130 2564 4185 qua
2591 4129 2764 4167 verum
2792 4122 3103 4168 cerneretur.
3130 4112 3208 4168 Ex
3236 4117 3433 4182 quibus
3453 4115 3623 4185 verbis
3644 4117 3782 4185 patet,

2227 4172 2630 4240 Lactantiitnaut
2657 4186 2941 4239 lectionem
2970 4189 3228 4252 integram
3253 4172 3360 4239 non
3405 4200 3541 4240 esse.
3585 4172 3700 4238 Nam
3737 4172 3789 4231 ad

2226 4257 2645 4326 descriptionem
2677 4258 2873 4310 summi
2907 4258 3029 4311 boni
3062 4258 3360 4325 pertinebat
3384 4261 3561 4311 etiam.
3586 4265 3633 4307 ut
3658 4261 3787 4304 unum

2226 4341 2389 4383 esset.
2423 4330 2657 4401 Galenus
2684 4328 2752 4401 ad
2778 4327 3074 4401 Siiiptillt'lli
3109 4328 3450 4401 Megara-unt,
3482 4326 3697 4401 Euclidts
3714 4336 3789 4401 att-

2226 4400 2477 4459 ditoretu.
2505 4399 2806 4467 disciplina:
2835 4400 2991 4467 hujus
3021 4396 3287 4469 originem
3318 4399 3482 4454 refert
3510 4413 3558 4451 tu
3596 4396 3787 4469 Historia

603 4462 823 4525 Necesse
846 4479 939 4533 est,
974 4480 1095 4549 ut...
1116 4462 1312 4549 pariat.
1342 4472 1544 4549 Μὰρ,
1566 4472 1729 4549 0.“;
1761 4472 1851 4525 lib.
1874 4486 1953 4549 nt,
1975 4484 2026 4525 c.
2052 4470 2119 4525 9:
2151 4488 2202 4549 ι)
2231 4473 2621 4549 philosophica.
2651 4462 2756 4549 Sed
2787 4462 2993 4549 ratione
3018 4462 3135 4540 ipsa
3153 4512 3168 4536 ,
3194 4470 3391 4526 deinde
3416 4473 3571 4549 etiam
3593 4462 3788 4549 ερρωτὶ-

531 4539 755 4595 Necesse
769 4554 866 4609 est,
886 4552 1008 4597 ut...
1034 4546 1097 4599 si.
1126 4543 1193 4599 At
1217 4559 1361 4607 mox,
1381 4559 1429 4597 c.
1453 4543 1552 4599 13:
1576 4542 1793 4597 Necesse
1818 4554 1912 4609 est,
1937 4543 2052 4612 ipsa
2084 4582 2122 4597 ..

2230 4537 2338 4599 tate
2387 4537 2584 4599 Lact-lii
2638 4544 2999 4613 probabiliora
3039 4537 3172 4596 sunt
3218 4558 3340 4613 quae
3396 4544 3568 4595 retulit
3608 4537 3784 4593 Cicero.

531 4614 707 4683 faciat.
730 4613 790 4668 [ι.
822 4628 896 4674 tv.
918 4629 966 4669 ε.
995 4617 1056 4671 id
1087 4636 1099 4671 :
1128 4614 1348 4670 Necesse
1374 4625 1468 4679 est,
1494 4616 1695 4671 habeat.
1719 4616 1815 4670 Lib
1857 4630 1929 4683 ιιι,
1950 4631 1998 4668 ε.
2030 4615 2123 4669 l9:

533 4682 755 4740 Necesse
776 4697 846 4740 est
877 4699 1114 4741 naturaut
1145 4688 1439 4755 deprimant.
1485 4686 1546 4742 L.
1580 4702 1680 4753 vn,
1708 4704 1756 4743 c.
1790 4688 1813 4741 1
1851 4704 1865 4742 :
1907 4682 2129 4740 Necesse

533 4768 623 4819 est,
642 4770 939 4812 revertatur.
964 4758 1025 4814 L.
1044 4778 1055 4812 t
1074 4801 1089 4825 ,
1109 4774 1157 4814 c.
1175 4761 1240 4814 2i
1270 4778 1283 4813 :
1314 4758 1534 4815 Necesse
1550 4768 1692 4814 est...
1723 4758 1975 4827 ﬁctasint.
1994 4759 2125 4813 Bon.

607 4829 911 4884 Sustemati.
946 4830 1176 4886 Restitui
1209 4848 1271 4887 ex
1299 4831 1333 4886 9
1361 4830 1520 4887 editis
1565 4842 1617 4885 et
1664 4832 1914 4884 omnibus
1960 4844 2130 4901 prope

535 4914 665 4972 mss.
691 4901 749 4956 lu
772 4918 865 4957 sex
889 4904 1105 4972 scriptis
1127 4914 1180 4958 et
1208 4906 1235 4958 7
1258 4903 1420 4959 editis
1440 4914 1521 4957 est
1560 4903 1802 4971 suscepti.

532 4980 558 5042 ε
605 4970 865 5028 Euclides.
907 4973 957 5029 ls
995 4970 1088 5030 fuit
1118 4975 1355 5031 Socratis
1384 4974 1698 5043 discipulus.

534 5044 555 5103 ἑ,
605 5044 851 5119 Conditor
880 5045 1278 5119 Megaricorum.
1318 5046 1537 5119 Ordittir
1573 5049 1682 5114 jam
1727 5059 1919 5099 novam
1948 5043 2133 5113 dispu-

538 5115 791 5189 tationem
820 5115 1004 5172 contra
1031 5134 1146 5179 eos.
1177 5120 1271 5189 qui
1304 5116 1707 5189 itttprttdetttes,
1745 5127 1799 5171 et
1840 5118 1991 5188 quasi
2037 5131 2133 5185 per

538 5186 784 5241 nebulam
808 5204 1073 5243 sumntum
1104 5186 1303 5245 bonum
1336 5186 1601 5243 viderunt.
1632 5186 1697 5242 Et
1722 5198 1805 5244 est
1833 5186 1955 5242 talis
1982 5204 2134 5258 argu-

536 5257 815 5324 mentatio,
846 5261 1017 5329 qualis
1047 5262 1192 5315 Pauli
1233 5265 1492 5315 adversus
1521 5259 1897 5325 Athenienses,
1932 5261 2001 5314 de
2041 5257 2130 5313 {ira

538 5330 701 5396 ignoti
746 5330 859 5384 Dei.
900 5330 1157 5386 Videntur
1198 5334 1314 5387 haec
1352 5347 1416 5387 ex
1458 5343 1649 5399 quarto
1694 5334 2133 5386 Acadettticarutn

535 5403 741 5466 Quaest.
770 5400 1048 5473 Ciceronis
1072 5404 1358 5473 desumpta
1398 5418 1536 5458 esse.
1564 5401 1765 5458 Locum
1805 5407 1949 5457 hunc
1994 5404 2133 5457 inte-

535 5487 698 5547 grum
721 5471 948 5547 referam
976 5491 988 5525 :
1017 5473 1080 5526 Et
1119 5471 1402 5547 quamlnon
1432 5473 1649 5547 multum
1691 5491 1724 5527 a
1767 5473 1990 5540 Platone
2026 5474 2138 5528 Me-

537 5544 699 5618 garici
725 5544 1095 5618 discesserunt,
1123 5544 1336 5618 quorum
1374 5548 1472 5618 fuit
1513 5545 1697 5600 nobilis
1741 5547 2037 5616 disciplina,
2080 5556 2137 5601 ut

538 5616 785 5689 scriptum
820 5614 993 5689 video,
1029 5614 1261 5689 princeps
1288 5614 1633 5689 Xenophanes
1655 5660 1668 5680 ,
1703 5614 1887 5671 deinde
1915 5634 2030 5672 eum
2061 5634 2139 5671 se-

540 5688 645 5759 cuti
683 5685 1016 5759 I?artttentdes
1065 5698 1109 5740 et
1136 5685 1293 5742 Zeno.
1324 5685 1507 5759 Itaque
1534 5688 1596 5740 ob
1624 5689 1701 5743 Itis
1734 5689 1982 5742 Eretriaci
2024 5690 2141 5759 phi-

546 5757 794 5826 losopltici
820 5757 1232 5812 nominabantur.
1254 5761 1377 5815 Post
1418 5757 1657 5814 Euclides
1680 5802 1694 5824 ,
1722 5759 1953 5816 Socratis
1978 5757 2138 5815 disci—

546 5828 717 5902 pulus,
750 5827 1058 5900 Megaram,
1088 5846 1120 5885 a
1147 5845 1246 5900 quo
1284 5831 1437 5886 iidem
1475 5830 1554 5887 illi
1584 5829 1833 5903 Megarici
1876 5831 2134 5900 dicuntur,

3290 4615 3600 4668 BETULBIUS.

2307 4686 2458 4763 Quod
2486 4686 2652 4763 simile
2674 4686 2760 4763 sit.
2806 4684 3016 4763 _Sintile,
3049 4700 3153 4763 non
3179 4685 3311 4763 πρὸς
3344 4707 3397 4741 τι
3426 4676 3789 4763 intelligendum

2230 4752 2344 4822 est,
2364 4759 2457 4814 sed
2488 4759 2629 4828 quod
2652 4757 2752 4811 sibi
2783 4758 2852 4811 sit
2878 4756 3074 4812 simile.
3114 4752 3341 4813 Susiuiit
3383 4760 3544 4821 enim,
3575 4764 3626 4808 ut
3649 4752 3791 4828 litter-

2234 4832 2339 4885 tius
2377 4823 2601 4896 scribit,
2644 4831 2712 4884 de
2738 4832 3144 4900 comparatione
3186 4830 3616 4901 disputattmtem.
3649 4823 3793 4878 Betu-

2235 4917 2411 4959 LElUS.

2307 4974 2541 5039 Seneca,
2587 4982 2691 5046 etc.
2743 4971 2931 5029 Nullus
2976 4972 3395 5046 bodie_Senecte
3434 4971 3566 5046 liber
3589 4964 3677 5046 sub
3711 4960 3790 5046 hoc

2234 5056 2382 5103 extat
2409 5038 2583 5100 titulo.
2611 5045 2767 5099 Extat
2790 5045 3006 5115 quidem
3034 5045 3102 5099 de
3123 5044 3237 5100 Vita
3266 5045 3418 5100 beata
3446 5043 3509 5097 ad
3530 5038 3788 5115 Gallionem

2237 5120 2372 5173 liber
2404 5117 2620 5172 nobilis.
2654 5105 3005 5185 Quitt'intuto
3033 5118 3211 5170 omnia
3238 5118 3458 5172 Senecae
3497 5114 3675 5179 scripta
3710 5105 3793 5185 [lac

2236 5170 2361 5246 stitit
2388 5170 2631 5244 doctrina
2655 5170 2946 5256 ainspersa
2974 5206 2988 5242 :
3017 5170 3315 5257 prmset‘tiﬂi
3338 5170 3519 5242 tamen
3544 5170 3687 5252 epist.
3711 5170 3785 5236 86:

2237 5278 2357 5334 quae
2382 5271 2461 5316 est
2491 5262 2580 5315 iih.
2617 5275 2714 5315 xu.
2742 5260 3070 5334 Berunetus.

2313 5334 2539 5403 Negant,
2572 5342 2677 5386 etc.
2710 5335 2783 5386 lie
2803 5348 2909 5402 quo
2939 5333 3057 5387 Vide
3080 5330 3225 5402 apud
3254 5328 3426 5386 Cicer.
3456 5344 3507 5383 ν.
3541 5318 3728 5381 Tusco].

2315 5405 2489 5471 Quod.
2519 5405 2621 5459 Pro
2642 5406 2926 5473 quodnam.

2313 5467 2573 5546 Epicurus
2604 5467 2771 5529 Deum
2797 5478 3014 5537 beatum,
3043 5483 3149 5528 etc.
3183 5473 3240 5529 In
3279 5472 3499 5546 epistola
3537 5467 3595 5546 ad
3630 5470 3786 5546 quem;

2240 5523 2775 5619 ἀςιῖιὶνιιιέιῖεἷοῷὗίἰζζ
2798 5523 3148 5616 assensi
3188 5523 3240 5600 iii
3282 5523 3518 5619 spicas
3542 5523 3658 5619 vita:
3676 5523 3787 5619 alif'fl

2241 5620 2515 5676 Lacriitttn
2550 5618 2586 5672 Ι.
2625 5633 2679 5672 x.
2712 5617 2802 5673 Sic
2824 5609 2987 5671 etiam
3017 5629 3226 5673 veteres
3256 5632 3324 5672 xv
3338 5609 3520 5670 'swcuii
3547 5609 3784 5681 editione?

2316 5691 2437 5744 Non
2470 5703 2699 5757 potest...
2731 5700 2781 5744 ut
2811 5695 2874 5743 sit
2908 5691 3073 5743 miser.
3108 5688 3242 5743 lnl'ra
3275 5690 3495 5751 Seneca,
3523 5687 3583 5737 de
3612 5666 3784 5757 ΡΓυξἾίῙ]

2242 5779 2291 5820 c.
2320 5764 2389 5818 ὃς
2419 5753 2597 5815 Bonus
2646 5763 2723 5832 uir
2779 5772 2942 5832 potest
2991 5761 3144 5832 miser
3192 5762 3313 5832 dici,
3343 5776 3438 5814 non
3475 5761 3627 5832 pomi
3663 5753 3782 5832 ξξηξίν

2250 5813 2387 5891 in}.
2408 5813 2623 5897 Cicero,
2654 5813 3007 5899 Paridem“,
3040 5813 3131 5887 lin.
3159 5813 3279 5888 τῇσι
3300 5813 3541 5901 impr-otio,
3563 5831 3604 5879 et
3640 5813 3780 5874 stulto.
