4038 6358
226 376 322 433 58!

1038 373 1047 425 ἕ
1073 370 1279 428 LIBER
1314 370 1397 427 Ill.
1442 368 1531 426 DE
1570 368 1796 426 FALSA
1832 358 2191 428 SAPIENTIA
2234 360 2637 428 PHILOSOPH.

3415 368 3523 426 582

231 482 499 557 praeditus.
531 482 584 540 Si
622 480 767 538 cadit
804 480 1105 551 beatitudo,
1152 498 1282 555 ergo
1326 490 1381 539 et
1430 483 1811 539 immortalitas
1838 483 1892 546 Α
1920 486 2232 555 perpetuam
2258 492 2644 555 consequatur.
2678 483 2794 554 ipsa
2821 498 2950 555 ergo
2972 483 3227 556 cogitatio
3250 497 3349 555 per
3376 482 3524 539 ordia

229 576 362 633 cadit
390 576 444 630 in
478 575 773 639 hominem,
801 590 922 646 quas
947 575 1102 631 beata
1132 583 1234 631 est.

297 671 578 728 Summum
607 671 769 742 igitur
799 670 997 726 bonum
1044 671 1158 726 sola
1203 670 1581 727 immortalitas
1611 669 1820 727 inveni-

229 777 328 830 tur,
362 782 484 836 qme
512 780 608 821 nec
634 765 777 820 aliud
810 764 1005 820 animal
1026 806 1043 832 ,
1076 781 1177 822 nec
1220 781 1417 837 corpus
1445 766 1688 837 attingit,
1718 779 1819 822 nec

226 868 392 933 potest
420 861 670 931 cuiquam
703 861 820 914 sine
849 859 1093 914 scientias
1124 858 1341 923 virtute,
1368 859 1419 913 id
1448 869 1552 924 est,
1576 861 1696 915 sine
1723 857 1819 914 Dei

222 954 525 1023 cognitione
546 968 608 1007 ac
625 952 832 1021 justitia
854 951 1160 1022 provenire.
1186 952 1347 1023 Cujus
1375 952 1633 1023 appetitio
1662 962 1817 1022 quam

222 1062 375 1115 vera,
408 1060 572 1117 quam
603 1054 751 1101 recta
784 1044 881 1112 sit,
914 1045 1027 1114 ipsa
1060 1046 1183 1100 vitae
1207 1045 1430 1115 hujusce
1451 1045 1717 1116 cupiditas
1739 1045 1821 1098 in-

222 1140 356 1196 dicat
389 1158 404 1195 :
438 1154 560 1210 quae
584 1139 711 1195 licet
738 1140 807 1193 sit
835 1140 1174 1209 temporalis,
1198 1150 1251 1194 et
1276 1139 1459 1195 labore
1483 1139 1817 1210 plenissima,

222 1233 489 1304 expetitur
519 1241 701 1288 tamen
730 1232 798 1287 ab
827 1233 1114 1298 omnibus,
1145 1242 1197 1287 et
1226 1239 1473 1302 optatur;
1506 1231 1645 1286 hanc
1673 1230 1818 1286 enim

221 1336 322 1384 tam
345 1340 506 1383 senes
537 1343 696 1398 quam
745 1328 932 1398 pueri,
963 1335 1072 1382 tam
1102 1340 1258 1398 reges
1287 1342 1448 1397 quam
1476 1326 1642 1380 inlimi
1667 1366 1681 1388 ,
1712 1334 1818 1378 tam

220 1420 443 1491 denique
469 1418 750 1490 sapientes
776 1432 934 1490 quam
964 1418 1111 1473 stulti
1152 1418 1395 1486 cupiunt.
1428 1416 1583 1472 Tanti
1613 1424 1698 1472 est
1726 1417 1821 1487 (ut

221 1515 552 1584 Anaxagorae
593 1511 771 1566 visum
818 1511 934 1580 est)
981 1511 1367 1581 contemplatio
1395 1509 1518 1567 (τωιί
1581 1525 1645 1566 ac
1686 1509 1822 1566 lucis

220 1607 397 1680 ipsius,
430 1615 491 1662 ut
515 1621 885 1677 quascumque
906 1604 1153 1661 miserias
1173 1604 1341 1661 libeat
1362 1605 1655 1660 sustinere.
1682 1602 1817 1659 Cum

223 1702 375 1774 igitur
402 1700 681 1758 laboriosa
705 1699 822 1755 ba-c
842 1708 896 1755 et
926 1700 1107 1755 brevis
1128 1698 1256 1767 vita,
1275 1713 1380 1753 non
1412 1706 1617 1752 tantum
1647 1697 1823 1753 humi-

222 1812 337 1852 num
361 1837 377 1863 ,
419 1794 518 1850 sed
550 1795 717 1849 etiam
758 1801 1079 1847 caterurum
1126 1791 1477 1846 animantium
1508 1804 1777 1846 consensu
1804 1831 1821 1856 ,

1920 592 2043 633 nem
2075 578 2327 648 gradiens
2349 619 2365 645 ,
2398 585 2453 633 et
2475 579 2725 634 universa
2757 578 3133 645 considerans,
3158 578 3405 650 perducit
3424 591 3524 635 nos

1920 669 1986 724 ad
2011 670 2271 726 eximium
2299 669 2433 726 illud
2476 680 2529 726 et
2551 671 2849 743 singulare,
2879 671 3035 743 cujus
3060 686 3222 728 causa
3250 672 3525 728 nascimur

1919 763 2143 820 bonum.
2175 763 2329 832 Quod
2379 765 2425 820 si
2474 765 2728 821 fecissent
2753 767 3095 838 philosophi;
3126 768 3172 824 si
3201 785 3305 824 non
3329 811 3343 832 ,
3378 764 3522 839 quod

1921 858 2089 913 semel
2115 857 2606 928 apprehenderant,
2629 859 2764 914 tueri
2788 860 3133 929 pertinaciter
3160 860 3521 917 maluissent:

1921 949 2168 1022 profecto
2190 953 2570 1024 pervenissent
2586 951 2652 1007 ad
2672 969 2858 1009 verum
2884 952 3004 1020 hoc,
3027 964 3084 1010 ut
3103 956 3311 1010 ostendi
3337 956 3516 1013 modo.

1921 1045 2076 1116 Quod
2103 1046 2149 1102 si
2173 1062 2281 1101 non
2310 1046 2405 1102 fuit
2426 1062 2634 1113 eorum,
2662 1046 2752 1117 qui
2772 1049 3023 1103 caelestes
3045 1050 3250 1104 animus
3278 1062 3377 1103 una
3397 1063 3521 1105 cum

1922 1138 2242 1207 corporibus
2264 1141 2616 1210 extinguunt,
2653 1139 2728 1194 illi
2762 1150 2939 1194 tamen
2961 1180 2975 1201 ,
3018 1140 3109 1207 qui
3145 1139 3213 1195 de
3240 1139 3524 1197 immorta-

1922 1232 2072 1290 litate
2115 1234 2389 1302 disiiulant
2432 1233 2631 1301 animi,
2682 1234 2981 1305 intelligere
3023 1232 3360 1301 debuerunt;
3394 1235 3518 1292 ideo

1923 1328 2253 1398 preposition
2304 1329 2457 1384 nobis
2484 1343 2606 1384 esse
2639 1330 2912 1396 virtutem,
2943 1336 3026 1395 ut,
3061 1328 3377 1399 perdomitis
3404 1331 3524 1387 libis

1923 1422 2169 1490 dinibus,
2200 1438 2491 1495 rerumque
2522 1426 2859 1479 terrestrium
2905 1426 3198 1495 cupiditate
3227 1436 3479 1497 superata
3503 1468 3520 1494 ,

1935 1530 2084 1587 puras
2111 1528 2175 1572 ac
2201 1517 2448 1574 victrices
2464 1517 2656 1573 animm
2685 1517 2751 1573 ad
2785 1518 2974 1586 Deum,
2999 1517 3050 1573 id
3073 1528 3157 1574 est
3175 1517 3241 1573 ad
3260 1518 3519 1590 originem

1925 1624 2079 1666 suam
2109 1618 2470 1667 revertantur.
2502 1608 2711 1665 Idcirco
2737 1611 2881 1666 enim
2926 1611 3026 1665 soli
3054 1611 3405 1666 animantium
3453 1610 3521 1666 ad

1926 1713 2200 1775 aspectqu
2233 1703 2357 1759 cteli
2389 1704 2550 1758 erecti
2582 1714 2767 1757 sumus
2795 1710 2851 1757 ut
2877 1714 3145 1756 summum
3172 1702 3367 1755 bonum
3397 1714 3526 1756 nos-

1927 1806 2066 1851 trum
2094 1796 2149 1850 iu
2177 1810 2391 1850 summo
2416 1809 2537 1851 esse
2563 1793 2871 1850 credamus.
2900 1793 3026 1849 ideo
3077 1794 3392 1864 religionem
3420 1794 3523 1849 soil

224 1903 463 1959 magnum
491 1888 696 1944 bonum
719 1902 841 1943 esse
868 1885 1099 1940 ducatur
1124 1902 1138 1938 :
1166 1883 1513 1939 manifestum
1544 1894 1628 1939 est
1669 1900 1817 1939 eam-
1846 1890 1894 1952 B
1921 1889 2192 1959 capimus,
2220 1896 2276 1942 ut
2308 1902 2375 1942 ex
2406 1888 2509 1941 hoc
2536 1887 2794 1952 sciamus,
2820 1884 3115 1942 humanum
3142 1887 3389 1955 Spiritum
3415 1901 3520 1940 non

223 1983 333 2039 dem
361 1996 635 2037 summum
681 1995 746 2036 ac
792 1978 1092 2052 perfectum
1125 1980 1237 2036 fieri
1284 1979 1486 2035 bonum
1508 2021 1523 2046 ,
1554 1981 1594 2035 si
1626 1988 1680 2035 et
1712 1980 1818 2036 iine

222 2086 392 2132 careat
424 2084 480 2131 et
503 2075 655 2131 omni
695 2076 858 2130 malo.
889 2076 1131 2145 Denique
1150 2086 1312 2130 nemo
1330 2089 1583 2145 umquam
1608 2074 1819 2129 extitis-

223 2180 323 2233 set,
353 2172 445 2243 qui
493 2170 635 2225 hanc
664 2171 832 2240 ipsam
863 2169 1083 2225 brevem
1116 2175 1519 2233 contemneret,
1548 2174 1641 2223 aut
1670 2166 1819 2223 subi“-

222 2273 293 2320 ret
326 2273 596 2329 mortem,
627 2263 729 2317 nisi
775 2276 872 2332 spe
918 2262 1040 2317 vita:
1069 2260 1350 2331 longioris.
1397 2260 1530 2315 Nam
1583 2259 1657 2315 illi
1680 2303 1695 2327 ,
1730 2262 1820 2331 qui

221 2372 309 2429 pro
342 2357 515 2412 salute
544 2357 744 2411 civium
776 2356 1095 2411 voluntariae
1122 2369 1182 2409 se
1206 2355 1323 2410 neci
1355 2354 1704 2421 obtulerunt,
1736 2354 1810 2408 si-

222 2459 302 2504 cut
326 2448 537 2504 Thebis
566 2448 910 2515 Menoeceus,
942 2446 1172 2503 Athenis
1203 2444 1429 2508 Codrus,
1469 2445 1654 2500 Romae
1683 2444 1818 2501 Cur-

220 2544 311 2598 tius
337 2553 389 2598 et
422 2542 612 2597 Mures
646 2541 777 2608 duo,
806 2554 1095 2610 numquam
1122 2546 1348 2594 mortem
1379 2538 1499 2592 vita:
1519 2537 1817 2593 commodis

221 2636 578 2705 prastolissent
598 2676 613 2700 ,
644 2635 745 2689 nisi
771 2647 831 2687 se
862 2632 1321 2688 immortalitatem
1343 2631 1596 2700 opinione
1615 2630 1812 2686 civium

221 2729 459 2799 consequi
488 2727 839 2798 putavissent
864 2743 876 2779 :
900 2726 990 2796 qui
1017 2724 1230 2779 tametsi
1259 2725 1565 2779 nescierunt
1592 2724 1814 2780 immor-

226 2826 425 2880 talitatis
472 2829 669 2889 vitam,
702 2838 789 2879 res
819 2834 996 2879 tamen
1037 2839 1134 2879 eos
1180 2840 1285 2877 non
1333 2823 1539 2879 fefellit.
1573 2825 1626 2880 Si
1669 2823 1814 2879 enim

224 2918 377 2972 virtus
402 2917 628 2973 divitias
652 2927 707 2971 et
739 2930 867 2986 opes
893 2916 1020 2971 ideo
1042 2917 1366 2981 contemnit,
1417 2917 1539 2987 quin
1594 2915 1814 2986 fragilrs

224 3018 366 3075 sunt,
396 3011 709 3080 voluptates
754 3007 910 3073 ideo,
959 3009 1082 3079 quia
1114 3008 1340 3076 breves;
1371 3024 1501 3079 ergo
1546 3019 1600 3065 et
1646 3010 1814 3065 vitam

1921 1997 2041 2039 esse
2075 1982 2385 2046 mortalem,
2419 1980 2560 2050 quod
2596 1981 2795 2049 Deum,
2825 1981 2914 2051 qui
2961 1992 3041 2036 est
3068 1980 3421 2047 immortalis,
3467 1989 3523 2034 et

1923 2075 2226 2142 desiderat,
2256 2081 2310 2130 et
2337 2074 2602 2145 agnoscit.

1996 2167 2162 2239 Igitur
2193 2182 2258 2223 ex
2290 2166 2544 2222 omnibus
2566 2165 2925 2237 philosophis,
2950 2166 3039 2236 qui
3071 2172 3162 2220 aut
3182 2178 3280 2235 pro
3305 2176 3524 2220 summo

1922 2260 2068 2316 bono
2090 2260 2408 2327 scientiam,
2440 2269 2533 2314 aut
2576 2258 2830 2314 virtutem
2863 2266 2989 2313 sunt
3018 2257 3286 2328 amplexi,
3336 2267 3524 2312 tenue-

1924 2363 2049 2409 runt
2081 2352 2295 2425 quidem
2325 2353 2465 2409 viam
2497 2354 2760 2417 veritatis,
2803 2351 2896 2407 sed
2930 2364 3036 2406 non
3069 2358 3431 2420 pervenerunt
3452 2350 3522 2405 ad

1923 2462 2219 2504 summum.
2248 2448 2375 2503 Haec
2401 2446 2543 2502 enim
2585 2447 2693 2502 duo
2719 2456 2843 2502 sunt
2868 2487 2882 2513 ,
2915 2460 3035 2517 quas
3081 2446 3240 2501 simul
3287 2442 3523 2501 efﬁciant

1924 2542 2088 2610 illud,
2122 2542 2265 2613 quod
2293 2542 2573 2613 quaeritur.
2622 2539 2863 2596 Scientla
2920 2540 2970 2594 id
3004 2549 3223 2609 prmstat
3247 2576 3262 2605 ,
3292 2550 3348 2593 ut
3388 2552 3523 2608 quo-

1925 2637 2117 2702 modo,
2150 2643 2204 2691 et
2230 2650 2335 2707 quo
2366 2634 2786 2704 perveniendum
2819 2634 2920 2696 sit,
2946 2633 3293 2697 noverimus;
3322 2632 3519 2700 virtus,

1923 2739 1983 2785 ut
2007 2730 2409 2801 perveniamus.
2444 2729 2685 2783 Alterqu
2734 2728 2854 2782 sine
2885 2727 3057 2781 altero
3087 2725 3217 2781 nihil
3248 2726 3422 2791 valet,
3454 2742 3521 2782 ex

1922 2824 2147 2879 scientia
2176 2823 2319 2878 enim
2348 2823 2543 2889 virtus,
2564 2837 2628 2878 es
2653 2822 2851 2877 virtute
2869 2836 3138 2876 smnmum
3165 2821 3365 2875 bonum
3396 2835 3520 2875 nas-

1923 2918 2082 2974 citur.
2115 2916 2273 2971 Beata
2299 2916 2461 2986 igitur
2488 2916 2593 2969 vita
2617 2956 2631 2981 ,
2660 2931 2816 2986 quam
2854 2912 3158 2983 philosophi
3189 2912 3522 2983 quaesierunt

1921 3022 2157 3079 semper,
2187 3019 2239 3063 et
2266 3014 2515 3079 quierunt
2537 3049 2552 3073 ,
2603 3006 2716 3061 sive
2764 3005 2818 3060 in
2864 3005 3009 3060 cultu
3038 3002 3260 3059 deorum
3286 3045 3298 3069 ,
3328 3001 3439 3058 sive
3468 3003 3520 3057 in

225 3102 445 3175 fragilem
477 3105 815 3189 brevemque
853 3103 974 3159 ideo
1003 3103 1336 3168 contemnit,
1381 3113 1438 3158 ut
1481 3103 1710 3159 solidam
1753 3110 1807 3159 et
1832 3094 1879 3157 C
1914 3102 2251 3174 philoSOphia
2281 3102 2426 3157 nulla
2450 3110 2561 3168 est;
2595 3104 2649 3157 et
2679 3095 2799 3157 ideo
2826 3100 2894 3155 ab
2918 3100 3002 3154 his
3032 3116 3141 3155 non
3168 3099 3343 3170 potuit
3367 3111 3523 3169 repe-

1550 3234 1917 3297 VARiORUM
1954 3232 2184 3296 ΝΟΤᾸΞ.

222 3388 263 3432 et
281 3380 421 3433 inerti
446 3377 642 3433 nemini
670 3378 789 3431 bene
809 3393 916 3431 esse
944 3385 1103 3447 potest
1123 3392 1140 3431 :
1158 3376 1229 3430 sic
1255 3375 1416 3431 bonus
1443 3375 1539 3441 vir,
1567 3385 1613 3447 et
1636 3377 1805 3447 fortis,

222 3451 477 3519 etsupiens
530 3450 679 3503 miser
725 3465 831 3502 esse
873 3464 976 3502 non
1019 3456 1201 3519 potest.
1243 3447 1331 3501 His
1373 3448 1557 3502 verius
1602 3447 1799 3503 Minue.

222 3520 489 3649 Fel:
529 3520 597 3575 57
624 3539 636 3574 :
666 3519 1004 3575 Christianus
1033 3521 1184 3574 miser
1210 3519 1387 3586 videri,
1407 3534 1508 3573 non
1536 3528 1695 3589 potest
1724 3522 1806 3574 in-

224 3608 381 3647 veniri.
456 3607 553 3649 ost.

224 3608 381 3647 ventri.
411 3607 553 3649 1503.

287 3692 422 3757 Quae.
472 3688 611 3745 Puta
634 3731 649 3754 ,
679 3686 1070 3743 immortalitas.
1116 3685 1284 3741 Recte
1313 3683 1615 3757 restituitur
1660 3699 1804 3757 quae,

223 3754 725 3832 cquuamphnibns
766 3771 817 3814 et
866 3758 1162 3832 potioribus
1194 3770 1322 3832 niss.
1365 3766 1424 3832 ct
1465 3756 1643 3832 editis.
1686 3754 1741 3810 In
1776 3764 1807 3811 ὕ

225 3825 418 3896 scriptis
447 3825 514 3887 ac
540 3833 572 3887 9
599 3832 812 3887 excusis
840 3825 925 3886 est
954 3831 1109 3899 quia;
1144 3831 1194 3883 in
1229 3827 1250 3882 1
1284 3826 1458 3887 (3011),,
1493 3825 1647 3896 quod.

285 3902 386 3958 Nec
415 3921 605 3976 corpus
653 3906 877 3974 attingit.
914 3901 1136 3957 Videtur
1167 3900 1478 3976 Lactantius
1516 3914 1637 3952 cum
1686 3898 1811 3976 Pla—

223 3976 400 4046 tonicis
419 3970 619 4043 facere,
635 3977 725 4046 qui
749 3970 945 4042 corpus
969 3982 1239 4046 tamquam
1263 3972 1459 4046 animm
1479 3970 1810 4046 ergastulum

225 4045 535 4111 habuerunt;
568 4040 765 4116 quippe
794 4040 891 4117 qui
920 4047 969 4098 in
1002 4040 1244 4114 ejusdem
1265 4040 1549 4117 felicitatis
1589 4055 1810 4096 Consor-

225 4122 340 4172 tium
386 4137 490 4173 non
546 4113 826 4173 admittat.—
865 4116 995 4185 Qua:
1034 4113 1310 4169 sententia
1371 4122 1565 4181 pugnat
1623 4120 1808 4167 contra

223 4187 365 4243 istum
397 4191 522 4246 fidei
555 4192 839 4244 articulum
867 4228 882 4255 ,
914 4203 1018 4254 quo
1058 4187 1289 4241 futuram
1321 4186 1594 4239 credimus
1634 4189 1812 4239 carnis

224 4268 679 4317 resurrectionem.
709 4262 826 4329 Quo
869 4261 1084 4313 nomine
1105 4261 1171 4311 ab
1210 4255 1508 4329 Epiphanio
1542 4257 1811 4329 list-roseos

224 4330 549 4388 insimulatur
614 4327 807 4387 iiierax
855 4329 1163 4402 Egyptius.
1198 4328 1336 4402 Quin
1387 4337 1443 4383 et
1498 4327 1702 4402 multos
1756 4330 1808 4383 in

223 4406 393 4458 eodem
415 4418 607 4459 errore
629 4404 919 4472 alllitlltiilh
936 4398 1125 4455 versat
1148 4414 1188 4454 »ε
1216 4400 1401 4462 Γιιίδδοι,
1427 4398 1603 4468 colligi
1637 4408 1808 4467 potest

222 4488 277 4547 ex
305 4475 581 4547 Alphonso
630 4475 697 4530 de
745 4471 938 4547 Castt'o
979 4471 1183 4547 lili._tie
1216 4471 1567 4547 Hit‘i'CSiittlSt
1590 4485 1709 4547 cup.
1741 4471 1810 4547 de

224 4540 670 4632 liessu'rt'ecti.titi'e.
740 4545 941 4627 Scituri.
969 4575 1039 4585 —
1076 4543 1187 4627 Nec
1235 4559 1423 4624 corpus
1475 4542 1699 4632 attingit.
1742 4540 1812 4597 At
1836 4571 1892 4632 Β

226 4618 354 4672 clare
391 4620 573 4674 docuit
604 4617 914 4674 Laetantius
939 4618 1117 4671 carnis
1136 4616 1614 4678 resurrectionem,
1646 4613 1680 4666 Ι.
1716 4628 1806 4678 vn,

225 4702 268 4761 tt.
294 4688 360 4746 20
389 4708 401 4745 :
433 4690 716 4761 Resurgent
743 4690 947 4761 mortui.
979 4686 1116 4742 Ibid.
1143 4704 1255 4756 cap.
1281 4685 1345 4739 21
1379 4700 1397 4739 :
1435 4684 1631 4761 Rursus
1659 4701 1813 4740 carne

226 4759 502 4816 induantur.
537 4752 673 4817 Ad'd.
701 4777 819 4829 cap.
850 4760 941 4815 22.
973 4761 1180 4814 Sensus
1207 4752 1522 4818 verborum,
1556 4752 1668 4829 Nec
1689 4773 1803 4829 cor-

227 4846 308 4899 pus
333 4836 552 4904 attingit,
597 4842 683 4889 est
716 4852 728 4888 :
760 4827 1143 4889 immortalitas
1173 4846 1290 4904 non
1322 4829 1542 4904 pertinet
1556 4827 1809 4904 petitum:

226 4905 360 4977 vitam
385 4899 734 4977 teniporaiem,
766 4918 819 4960 ut
854 4913 1000 4974 patet
1031 4919 1096 4957 ex
1130 4902 1221 4956 lii).
1254 4916 1332 4977 tu.
1366 4916 1484 4969 rap.
1522 4899 1607 4953 12.
1639 4901 1768 4954 BIIN.

290 4971 571 5032 Provenire.
603 4976 694 5033 Sic
727 4971 942 5046 reposui
990 4991 1053 5030 ex
1101 4973 1308 5046 cunctis
1357 4987 1486 5046 mss.
1531 4971 1804 5046 pi3r_‘_terA5

227 5058 324 5118 rec.
350 5047 399 5101 iu
430 5051 624 5116 quibus
666 5057 749 5104 est
778 5040 1071 5118 pervenire;
1104 5059 1160 5101 et
1206 5046 1231 5100 1
1266 5044 1440 5100 Betui.
1488 5040 1543 5099 et
1586 5040 1799 5100 Walcb.

229 5117 339 5171 edit.
370 5121 617 5175 obuettire.

289 5187 389 5243 Pro
416 5193 596 5247 salute.
632 5190 908 5246 Editorum
953 5197 1035 5245 est
1080 5198 1187 5244 vet.
1226 5190 1262 5241 2
1291 5186 1482 5250 Rom.,
1530 5184 1759 5241 Tornes.
1783 5225 1799 5255 ,

229 5256 497 5332 Simonta,
526 5262 595 5318 is.
628 5271 683 5318 et
709 5264 948 5317 omnium
983 5274 1111 5315 mss.
1145 5274 1343 5332 printer
1373 5259 1535 5332 Cauc.
1572 5259 1623 5312 in
1657 5274 1795 5328 quo,

232 5328 344 5403 sicut
374 5343 425 5387 et
452 5335 501 5389 in
534 5335 691 5390 editis
717 5334 901 5388 decem
922 5375 936 5399 ,
968 5343 1043 5387 est
1069 5372 1084 5395 ,
1120 5328 1326 5403 propter
1353 5329 1588 5384 salutem.

294 5401 583 5476 Menteceus.
612 5407 856 5461 Eteocles
885 5404 1175 5476 Polynicen
1210 5401 1429 5457 fratrem
1467 5413 1617 5476 parte
1644 5401 1796 5476 regni

235 5474 510 5543 excluserat
538 5496 549 5531 :
572 5477 714 5533 hunc
735 5493 900 5543 riuum
925 5473 1081 5531 socer
1098 5474 1361 5531 Adrastus
1386 5473 1667 5528 restituere
1692 5473 1797 5528 vel-

236 5540 329 5621 let,
358 5548 544 5603 accidit
598 5559 656 5605 ut
697 5540 946 5621 Tiresias
986 5556 1133 5601 vates
1178 5546 1791 5621 va_t_icinaretnr,_vi0to-

238 5615 353 5687 riam
381 5635 533 5687 penes
563 5615 847 5675 Tueba'oos
879 5619 1196 5685 futuram,si
1228 5618 1551 5683 Momm-eus,
1582 5615 1790 5672 Creon-

241 5685 805 5766 hlms,sacrilicium
844 5688 1402 5766 Martipii‘eretti’atris
1445 5699 1625 5766 autem
1671 5689 1788 5743 exi-

241 5753 350 5810 lium
383 5753 544 5828 potius
569 5763 847 5819 suadentis
870 5764 1156 5818 consilium
1193 5761 1333 5815 (ilius
1380 5762 1696 5827 repudians,
1731 5775 1791 5816 se

245 5842 328 5896 pro
350 5834 504 5904 salute
533 5838 719 5904 patria:
746 5834 1033 5891 interfecit.
1068 5834 1163 5888 Est
1193 5834 1306 5888 haec
1331 5831 1554 5904 historia
1589 5833 1787 5904 tragica

1911 3378 2200 3446 Thebaid.;
2236 3380 2375 3449 apud
2409 3379 2811 3441 l’biiostratum,
2847 3395 2902 3435 n.
2928 3380 2983 3435 4.
3020 3378 3260 3437 Meminit
3286 3379 3430 3437 Plut.
3466 3381 3518 3437 in

1906 3450 2200 3522 Pelopida;
2231 3450 2530 3518 iuvenalis,
2565 3452 2725 3507 satira
2760 3450 2824 3506 i4
2856 3470 2869 3505 :

2000 3569 2234 3634 Quantus
2243 3577 2350 3634 erat
2375 3572 2549 3634 patriis;
2570 3569 2834 3620 Deciorum
2851 3571 2904 3634 in
2917 3573 3155 3634 pectore:
3181 3576 3423 3632 quantum

1998 3631 2189 3683 Dilexit
2212 3631 2427 3696 Thebas,
2451 3634 2492 3682 si
2518 3632 2704 3684 Graecia
2728 3646 2865 3692 vera,
2888 3631 3200 3683 Menmceus.

1911 3737 2168 3794 Memecei
2200 3748 2253 3794 et
2283 3738 2478 3800 Codri,
2528 3738 2771 3793 meminit
2800 3735 2993 3793 Cicero
3042 3738 3091 3792 in
3129 3739 3303 3808 primo
3349 3737 3512 3796 Tusc.

1911 3820 2100 3879 QiiiBSL
2133 3809 2329 3874 Codri,
2359 3810 2525 3865 Curtii
2553 3820 2606 3864 ct
2638 3813 2921 3865 Deciorum
2972 3819 3233 3879 prieterca
3270 3810 3516 3868 Valerius

1912 3881 2129 3937 Maxim.
2159 3883 2254 3936 lib.
2293 3897 2348 3943 ν.
2375 3898 2495 3952 cap.
2526 3882 2595 3937 de
2625 3887 2822 3937 Amore
2872 3883 3079 3951 patriae.
3117 3882 3319 3937 Βετυι..

1985 3975 2200 4030 A'Itent's
2266 3973 2479 4029 Codrus.
2537 3974 2666 4029 Vide
2715 3970 2989 4031 historiam
3040 3975 3107 4027 de
3151 3975 3329 4029 Codro
3376 3970 3516 4043 apud

1919 4047 2148 4103 Tzctzi-n
2172 4047 2298 4118 cbil.
2324 4047 2508 4113 t,hist.
2534 4048 2565 4101 4
2587 4065 2601 4111 ;
2626 4048 2895 4113 Servium,
2925 4047 2991 4100 ad
3013 4046 3253 4117 eclogam
3279 4048 3344 4112 4;
3374 4047 3513 4118 Cic.,

1918 4119 2079 4174 Tusc.
2113 4134 2165 4184 l;
2196 4117 2315 4174 Val.
2351 4120 2517 4184 Μυκη
2553 4118 2644 4173 lib.
2678 4134 2733 4185 v,
2763 4134 2883 4187 cap.
2917 4119 2970 4172 6.

1992 4209 2059 4266 Et
2093 4210 2267 4266 Mures
2292 4210 2411 4265 duo.
2442 4211 2750 4267 Lectionem
2782 4225 2912 4265 mss.
2942 4210 2975 4265 5
3003 4208 3135 4279 Reg.
3167 4208 3321 4264 homo
3349 4218 3512 4277 unite,

1920 4282 1979 4340 11
2036 4283 2230 4350 \‘atic.,
2259 4282 2376 4338 Em.
2413 4296 2467 4337 et
2503 4282 2539 4337 2
2583 4282 2672 4336 Br.
2706 4283 2976 4355 expressi.
3021 4282 3155 4355 Poto
3183 4284 3305 4355 quia
3342 4281 3516 4355 illm-es

1919 4370 2026 4410 non
2058 4356 2188 4411 satis
2237 4367 2359 4408 nota
2394 4371 2492 4409 vox
2521 4365 2633 4410 erat
2654 4397 2668 4419 ,
2699 4351 2851 4423 quisi
2898 4354 3151 4423 mendum
3182 4351 3318 4406 hanc
3344 4351 3514 4409 fuisse

1918 4430 2200 4494 rejectam,
2252 4428 2392 4507 unde
2431 4425 2505 4507 sit
2550 4421 2809 4507 scripturn
2838 4434 2941 4507 2ιρι
2988 4421 3131 4507 Drci‘i
3163 4425 3325 4507 “duo,
3364 4441 3513 4507 num:

1918 4516 2071 4565 quam
2093 4543 2104 4559 .
2136 4508 2239 4552 etc.
2270 4500 2407 4552 sicut
2431 4499 2483 4551 in
2512 4512 2529 4551 1
2555 4494 2747 4558 Vatis,
2775 4496 2811 4550 2
2837 4497 2990 4565 Reg.,
3021 4494 3055 4550 5
3081 4494 3257 4558 ουιυη
3290 4494 3440 4562 Pett.,
3480 4494 3506 4552 1

1915 4567 2179 4634 Clarum,
2208 4571 2289 4624 vel
2319 4571 2378 4624 τὸ
2412 4566 2587 4635 Decii,
2623 4569 2761 4637 quod
2807 4569 2871 4620 ad
2904 4584 3051 4621 oram
3077 4608 3091 4631 ,
3121 4566 3274 4636 quasi
3300 4567 3506 4636 glosse-

1918 4657 2001 4694 tua
2036 4642 2247 4694 illorum
2282 4644 2568 4695 verborum
2622 4650 2667 4692 et
2723 4639 2897 4695 Mures
2926 4640 3057 4702 duo,
3096 4640 3323 4707 positum
3354 4647 3505 4704 erat,

1913 4712 2129 4768 demum
2163 4717 2213 4766 in
2248 4722 2447 4766 textum
2473 4712 2787 4781 irrepsisse,
2816 4718 2871 4765 et
2896 4712 2964 4762 ita
2996 4709 3226 4781 factunr,
3254 4718 3299 4762 et
3332 4707 3508 4781 Mures

1911 4787 2016 4838 duo
2039 4784 2198 4847 Decii,
2220 4800 2516 4854 numquam.
2537 4779 2641 4838 etc.
2663 4783 2812 4837 Sicut
2836 4782 3035 4854 habent
3052 4797 3151 4835 ms.
3171 4779 3503 4854 Cantabrig.,

1910 4854 1946 4909 2
1988 4856 2120 4927 Reg.
2156 4864 2211 4910 et
2240 4851 2370 4910 editi
2402 4857 2573 4909 inulti.
2607 4854 2737 4927 Bon.
2783 4863 2837 4908 et
2857 4853 2997 4927 :l‘ax.
3033 4853 3230 4927 habent
3260 4851 3455 4927 diutius
3484 4868 3504 4907 .'

1908 4929 2003 4982 sed
2054 4924 2226 4983 Mures
2271 4929 2594 4997 cognomine
2621 4926 2794 4980 dictos
2844 4924 3027 4978 Decios
3059 4924 3406 4997 intelligimus
3436 4938 3502 4982 ex

1906 4997 2062 5054 Livio
2111 5000 2263 5054 initio
2306 4995 2401 5053 vin
2436 5000 2560 5054 Dee.
2592 5013 2641 5064 ι,
2673 4998 2763 5068 qui
2800 4996 2882 5068 de
2930 5008 3079 5068 patre
3113 4995 3502 5068 Decio_creato

1905 5072 2130 5126 consule
2148 5073 2339 5139 inquit,
2362 5086 2591 5125 creauere
2613 5064 2756 5123 Cass.
2780 5064 2951 5122 Timui
2977 5065 3231 5120 Manlium
3266 5064 3500 5136 Torqua-

1906 5151 2033 5210 tum,
2080 5143 2146 5197 P.
2204 5141 2412 5196 Decium
2456 5140 2680 5194 Murem.
2713 5139 2994 5207 Quomodo
3027 5153 3155 5193 vero
3184 5153 3304 5193 sese
3337 5139 3500 5192 ambo

1906 5230 2004 5282 pro
2024 5209 2027 5210 ⁷
2047 5214 2319 5284 republica
2351 5213 2668 5268 devomriut
2695 5254 2707 5277 ,
2742 5212 2861 5266 vide
2886 5209 3168 5284 Liv._i_bid.
3200 5219 3255 5264 et
3287 5209 3378 5265 lib.
3415 5226 3450 5264 x
3475 5252 3489 5273 ,

1904 5281 2031 5342 Dec.
2064 5281 2123 5351 1,
2146 5287 2322 5341 Vaicr.
2346 5327 2361 5351 ,
2392 5300 2458 5350 v;
2489 5285 2776 5349 Senecam,
2814 5285 2971 5352 epist.
3004 5281 3094 5345 68,
3122 5293 3176 5334 ut
3204 5299 3236 5335 a
3264 5298 3496 5335 commit.

1901 5359 2079 5421 nibus,
2110 5368 2215 5412 etc.
2251 5358 2469 5410 Prmtcr.
2503 5371 2631 5410 mss.
2660 5357 2727 5410 ab
2756 5356 2888 5409 Isaeo
2920 5353 3165 5407 laudatos
3188 5356 3401 5423 reperio
3423 5355 3495 5408 ita

1898 5431 2060 5483 etiam
2091 5431 2276 5484 itaberi
2306 5431 2358 5483 in
2384 5427 2547 5483 Cane.
2582 5426 2742 5487 Uitr.,
2775 5426 2918 5487 Ent.,
2952 5424 3077 5479 Jun.
3112 5426 3201 5480 Sic
3221 5428 3384 5479 etiam
3419 5427 3495 5479 ie-

1933 5503 2128 5555 endmn
2159 5503 2370 5555 censuit
2395 5500 2497 5554 'i‘h.
2530 5498 2813 5562 Cauterus,
2835 5509 2893 5551 ut
2918 5497 3085 5566 liquet
3109 5513 3176 5551 ex
3201 5496 3295 5551 illo
3324 5497 3493 5553 verbo

1897 5515 2044 5625 ἳὶεεὶί
2058 5573 2238 5625 deleto
2256 5573 2305 5625 in
2325 5571 2453 5625 edit.
2476 5570 2650 5625 Betui.
2677 5572 2867 5625 quibus
2883 5568 3207 5625 adstioulor.
3226 5566 3311 5623 Ex
3329 5567 3486 5624 lsxo.

1950 5573 2044 5627 ecii
2058 5573 2238 5628 deleto
2256 5573 2305 5626 iu
2325 5571 2453 5627 edit.
2476 5570 2650 5625 Betui.
2677 5572 2867 5640 quibus
2883 5568 3207 5641 adstipulor.
3226 5566 3311 5623 Ex
3329 5567 3486 5624 isse.

1967 5664 2156 5718 Animi.
2194 5664 2316 5719 ilice
2358 5679 2462 5718 vox
2496 5663 2645 5718 abest
2669 5703 2684 5723 ,
2715 5677 2742 5715 a
2774 5660 2807 5715 6
2852 5663 3069 5731 scriptis
3116 5676 3226 5716 rec.
3272 5670 3326 5716 et
3355 5661 3484 5716 edit.

1893 5734 2051 5790 Rmn.
2093 5737 2245 5791 i470.

1966 5826 2304 5893 Qttcesierunt.
2338 5824 2510 5882 Semel
2534 5834 2579 5880 et
2605 5825 2805 5889 iterum,
2838 5826 2952 5880 lucc
2977 5824 3247 5880 adduntur
3269 5822 3322 5877 in
3348 5837 3480 5879 mss.

245 5894 363 5967 iipttd
392 5894 682 5977 Euripidem
732 5906 785 5962 in
828 5904 1157 5973 Phantasia,
1205 5901 1346 5975 apud
1374 5902 1601 5960 Statium
1646 5894 1699 5957 in
1752 5916 1795 5969 ιι¹
1890 5904 1945 5957 et
1972 5896 2217 5971 pluribus
2238 5898 2428 5966 editis;
2455 5894 3159 5968 incmteris,quwsiverunt.
