4038 6358
496 259 601 315 599

1559 243 1746 304 FIRM.
1788 238 2153 304 LACTANTII
2191 234 2394 301 DlVlN.
2436 242 2680 302 lNSTlT.

3654 245 3745 305 ‘00

498 374 615 430 odit
663 383 888 427 uxorem
916 410 931 436 ,
980 367 1104 422 huic
1145 370 1536 420 enumerantur
1581 362 1865 418 caelibatus
1915 360 2055 415 bona
2083 378 2096 415 :
2128 365 2182 424 Λ
2207 360 2484 428 meliores,
2514 367 2568 415 et
2597 358 2760 425 vinci,
2788 367 2843 414 et
2871 357 3066 430 perire.
3098 355 3326 412 Maxime
3352 364 3518 414 autem
3541 373 3750 417 commo-

501 466 723 522 habenti
773 463 944 518 malos
972 460 1170 515 liberos
1213 456 1418 512 orbitas
1460 455 1812 526 praedicatur;
1844 453 2102 508 adversus

503 561 699 631 impios
727 564 978 628 parentes
1004 553 1209 608 nullum
1239 567 1359 607 esse
1382 551 1653 606 vinculum
1680 561 1904 604 naturre.
1932 548 2104 618 impa-

503 655 659 710 tienti
709 666 773 706 ac
821 651 1058 706 delicato
1103 647 1348 702 dolorem
1391 659 1512 700 esse
1553 645 1793 698 omnium
1841 642 2102 696 malorum

499 750 795 804 maximum
836 744 1072 798 dicitur:
1103 740 1264 805 forti,
1292 741 1452 795 etiam
1485 741 1538 793 in
1569 737 1849 792 tormentis
1887 737 2102 790 beatum

498 857 623 898 esse
664 837 1354 911 sapientem.Qniclaritati
1379 849 1440 889 ac
1465 834 1715 904 potentia:
1746 833 1942 898 studet,
1981 831 2107 886 huic

499 935 810 1007 prmcipitur
837 948 992 1004 reges
1016 932 1197 986 colere
1227 949 1238 984 :
1273 931 1366 1000 qui
1388 929 1688 984 molestiam
1716 928 1854 982 ferre
1879 941 1983 980 non
2007 939 2104 996 po.

501 1039 637 1093 test,
671 1028 796 1082 huic
819 1027 1023 1097 regiam
1047 1024 1254 1096 fugere.
1286 1023 1361 1078 lta
1394 1024 1558 1077 homo
1585 1029 1791 1076 astutus
1835 1035 1899 1075 ex
1940 1018 2104 1073 variis

501 1123 838 1192 diversisque
869 1118 1108 1174 moribus
1147 1117 1407 1172 circulum
1448 1115 1626 1184 cogit,
1659 1123 1713 1169 et
1755 1114 1880 1167 dtnn
1924 1111 2107 1168 studet

499 1215 714 1285 placere
755 1211 1039 1276 omnibus,
1071 1209 1275 1280 majore
1320 1207 1589 1264 discordia
1630 1221 1813 1261 secum
1856 1205 1973 1274 ipse
2003 1221 2102 1275 pu-

500 1308 705 1376 gnavit,
726 1320 887 1375 quam
908 1304 1050 1358 inter
1076 1318 1136 1357 se
1164 1301 1422 1356 universi.
1448 1299 1598 1356 Unde
1621 1308 1799 1353 autem
1822 1296 2106 1368 disciplina

502 1399 620 1469 ejus
653 1405 764 1454 tota
789 1395 1117 1461 descendat,
1149 1411 1309 1466 quam
1352 1393 1616 1464 originem
1655 1393 1885 1457 habeat,
1925 1391 2104 1463 expli-

501 1490 732 1546 candum
761 1499 863 1546 est.

573 1585 807 1641 Videbat
837 1584 1098 1654 Epicurus
1141 1583 1295 1638 bonis
1323 1582 1550 1636 adversa
1581 1594 1798 1650 semper
1825 1578 2104 1645 accidere,

505 1688 903 1752 paupertatem,
939 1679 1176 1742 labores,
1199 1677 1384 1741 exilia,
1413 1675 1706 1729 charorum
1737 1673 2103 1737 amissiones;

2205 456 2382 521 vebat,
2417 454 2661 510 homines
2680 456 2732 508 in
2756 453 2946 524 primis
2973 451 3254 523 religiosos
3284 453 3751 523 gravioribusmalis

2205 545 2385 601 afﬁci:
2420 546 2485 600 iis
2511 556 2722 611 autem,
2757 546 2845 616 qui
2876 555 2969 600 aut
3006 544 3139 600 deos
3174 545 3391 599 omnino
3430 548 3754 618 negligerent,

2207 648 2300 692 aut
2330 654 2434 693 non
2464 639 2552 708 pie
2579 638 2846 705 colerent,
2871 637 2956 693 vel
2986 638 3197 692 minora
3225 637 3551 693 incommoda
3571 641 3757 698 evenire

2208 732 2293 787 vel
2327 732 2470 786 nulla
2501 747 2517 786 :
2550 732 2661 802 ipsa
2690 732 2852 786 etiam
2891 745 3036 802 smpe
3075 731 3270 802 templa
3314 729 3608 786 fulminibus
3646 747 3758 786 con-

2209 827 2456 898 ﬂagrare.
2487 826 2642 896 Quod
2669 826 2952 881 Lucretius
2981 825 3224 897 queritur
3251 824 3376 897 (lib.
3408 840 3473 893 ιι,
3501 827 3559 880 de
3586 825 3760 881 Natura

2209 921 2428 993 rerum),
2462 935 2583 976 cum
2615 920 2745 975 dicit
2773 919 2842 976 de
2872 920 2982 974 Deo
3009 938 3024 976 :

2520 1057 2644 1109 Tum
2662 1057 2862 1107 fulmina
2881 1059 3060 1118 mittat,
3086 1065 3140 1108 et
3159 1057 3295 1108 aedes

2335 1121 2448 1185 Ipse
2473 1134 2586 1170 suas
2608 1122 2888 1183 disturbet;
2913 1121 3037 1170 etin
3062 1121 3263 1185 deserta
3287 1119 3548 1181 recedens,

2332 1183 2514 1235 saeviat
2533 1198 2780 1234 exercens
2803 1185 2975 1244 telum,
2998 1183 3128 1246 quod
3152 1198 3285 1246 saepe
3307 1192 3542 1233 nocentes

2332 1248 2587 1312 Praeterit,
2601 1250 2948 1310 exanimatque
2972 1248 3218 1308 indignos,
3238 1250 3390 1310 inque
3407 1253 3664 1297 merentes.

2210 1377 2362 1446 Quod
2396 1378 2439 1432 si
2472 1375 2558 1432 vel
2583 1375 3099 1448 exiguamjveritatis
3119 1389 3303 1429 auram
3326 1374 3575 1446 colligere
3601 1375 3772 1445 potuiso

2212 1484 2316 1541 set,
2364 1487 2656 1543 numquam
2690 1471 2916 1537 diceret,
2950 1470 3095 1527 aedes
3125 1471 3275 1526 illum
3306 1485 3433 1524 suas
3461 1469 3772 1536 disturbare;

2212 1583 2334 1624 cum
2361 1565 2484 1622 ideo
2511 1563 2797 1632 disturbet,
2820 1563 2965 1634 quod
2997 1579 3102 1618 non
3129 1571 3254 1618 sunt
3282 1577 3415 1618 sum.
3449 1561 3739 1633 Capitolium
3759 1603 3773 1630 ,

2211 1660 2354 1732 quod
2375 1668 2460 1716 est
2487 1659 2744 1714 Romana:
2766 1658 2913 1713 urbis
2939 1667 2992 1715 et
3017 1657 3292 1729 religionis
3316 1665 3479 1727 caput
3504 1671 3744 1710 summum
3763 1696 3777 1722 ,

509 1751 681 1830 inalos
703 1783 892 1829 contra
917 1773 1106 1828 beatos
1136 1787 1278 1836 esse,
1309 1769 1492 1840 augeri
1522 1769 1782 1840 potentia,
1815 1765 2112 1821 honoribus
2141 1769 2189 1828 B
2219 1772 2328 1812 ιὶοη
2359 1754 2548 1821 semel.
2595 1753 2690 1809 sed
2739 1753 2936 1824 εωνῖιιε
2981 1752 3205 1809 Ῐυιηιὶηε
3251 1753 3418 1808 ίοῑυῐῐι
3449 1751 3779 1820 εοηῧδετθνίῐο

506 1869 648 1924 afﬁci
693 1884 706 1920 :
753 1867 971 1921 videbat
1015 1864 1382 1920 innocentiam
1436 1863 1612 1916 minus
1662 1870 1864 1926 tutam,
1902 1860 2111 1915 scelera

503 1963 724 2032 impune
749 1959 1011 2014 committi
1043 1976 1056 2011 :
1087 1957 1325 2019 videbat,
1351 1956 1468 2011 sine
1496 1955 1709 2009 delectu
1737 1969 1969 2020 morum,
1991 1951 2111 2008 sine

501 2054 694 2108 ordine
734 2067 798 2105 ac
839 2051 1154 2104 discrimine
1189 2063 1455 2103 annorum
1487 2047 1680 2102 smvire
1711 2057 1975 2103 mortem:
2012 2045 2109 2102 sed

501 2146 638 2200 alios
665 2143 733 2198 ad
765 2152 1103 2198 senectutem
1153 2142 1468 2212 pervenire,
1514 2141 1652 2195 alios
1699 2139 1929 2195 infantes
1960 2140 2110 2210 rapi,

499 2238 757 2309 aliosjam
778 2236 1030 2292 robustos
1050 2235 1294 2303 interire,
1309 2234 1446 2290 alios
1467 2233 1518 2289 in
1541 2234 1716 2304 primo
1730 2233 2112 2289 adolescentiae

501 2333 637 2388 flore
684 2331 986 2388 immaturis
1017 2329 1298 2387 funeribus
1346 2329 1613 2400 extingui,
1643 2329 1696 2384 in
1736 2327 1892 2383 bellis
1931 2327 2112 2398 petitis

2217 1851 2474 1908 Homines
2503 1860 2682 1905 autem
2715 1849 2974 1920 ingeniosi
2998 1848 3125 1920 quid
3149 1847 3217 1904 de
3242 1849 3343 1903 hoc
3368 1846 3778 1913 existimaverint,

2216 1964 2283 2004 cx
2307 1947 2451 2002 dicto
2473 1943 2754 2001 Ciceronis
2783 1951 3028 2014 apparet,
3057 1941 3147 2013 qui
3170 1942 3264 2008 ait,
3294 1941 3552 1996 divinitus
3571 1938 3784 1994 extitisse

2218 2040 2364 2095 illam
2397 2039 2692 2106 ﬂammam,
2724 2052 2832 2092 non
2861 2052 2984 2107 quae
3015 2043 3272 2092 terrestre
3308 2033 3444 2089 illud
3485 2031 3784 2089 domicilium

2213 2131 2362 2188 Jovis
2387 2131 2619 2197 deleret,
2662 2129 2756 2186 sed
2788 2145 2910 2200 qua:
2955 2126 3240 2182 sublimius
3271 2125 3779 2198 magnificentiusque

2216 2229 2554 2300 deposceret.
2582 2225 2697 2294 Qua
2722 2224 2791 2280 de
2818 2239 2875 2280 re
2894 2223 3058 2279 etiam
3100 2223 3153 2278 in
3199 2222 3354 2278 libris
3381 2219 3691 2276 Consulatus
3716 2216 3784 2274 sui

2218 2323 2406 2382 eadem
2432 2321 2566 2378 dixit
2609 2335 2732 2392 qua:
2757 2317 3038 2374 Lucretius
3067 2335 3081 2371 :

1845 2469 2211 2529 VABIORUM
2247 2468 2477 2526 NOTAE}.

501 2595 558 2648 ιιι
591 2592 624 2646 6
650 2603 789 2655 rec.,
820 2590 844 2643 1
871 2587 1023 2644 Colb.
1053 2597 1110 2644 et
1141 2587 1210 2641 12
1254 2587 1470 2642 excusis
1516 2595 1599 2642 est
1646 2588 1884 2642 tolerare.
1917 2587 2108 2644 Tanta:

505 2673 683 2720 autem
725 2671 842 2716 erat
878 2660 1234 2729 frugalitatis,
1267 2669 1324 2712 ut
1363 2659 1482 2713 solo
1511 2673 1646 2728 pane
1672 2669 1728 2714 et
1754 2675 1889 2730 aqua
1919 2676 2110 2716 vesce-

505 2747 690 2798 retur;
726 2747 827 2787 nec
858 2731 953 2786 ulli
983 2731 1195 2785 deditus
1225 2739 1343 2785 erat
1371 2731 1667 2799 voluptati,
1701 2742 1758 2785 ut
1785 2735 1859 2784 ait.
1888 2732 1945 2786 S.
1982 2732 2112 2788 Hie-

507 2820 769 2877 ronymus
788 2805 880 2858 lib.
901 2819 962 2868 ll,
981 2803 1248 2877 adversus»
1267 2802 1614 2877 Jovinianunt
1645 2801 2108 2877 :additnrtatnen,

508 2875 652 2950 quod
679 2891 798 2930 eam
826 2877 1004 2950 solum
1038 2875 1328 2950 respuebat
1358 2875 1966 2950 prppterincommoda,
1992 2892 2114 2946 qua:

507 2944 634 3005 inde
655 2947 1040 3016 sequebantur.
1059 2947 1171 3011 Qua
1187 2946 1252 2999 de
1268 2960 1322 2998 re
1343 2944 1462 2998 vide
1488 2944 2110 3001 Stobieunt.—Vitam...

508 3006 751 3075 tolerari:
781 3006 1121 3072 Tenuitateni
1168 3026 1224 3072 et
1271 3017 1657 3085 parcimoniam
1702 3019 1866 3072 verbo
1899 3019 2116 3073 tolerare
2141 3006 2187 3070 C

508 3090 990 3214 indliggriéauctur
1019 3100 1100 3144 est
1141 3088 1478 3142 Taulnnann.
1511 3087 1576 3142 ad
1609 3086 1800 3159 Virgil.
1826 3106 1917 3144 vut
1939 3133 1952 3156 ,
1986 3091 2113 3146 lEn.

513 3181 598 3214 v..
705 3198 719 3213 .
795 3176 883 3214 ua.

513 3181 566 3217 v.
592 3163 719 3219 409.
751 3163 883 3215 BUN.

586 3233 684 3300 Qui
728 3233 834 3286 odit
881 3247 1107 3304 uxorem.
1146 3231 1222 3304 De
1265 3245 1372 3300 quo
1416 3229 1539 3286 vide
1579 3229 1637 3286 S.
1671 3231 1984 3304 Hicronym.
2017 3235 2120 3290 sub

518 3306 680 3361 linem
704 3305 796 3359 lib.
824 3318 864 3368 ι,
894 3305 959 3358 ad
987 3303 1351 3356 Joviniannm.

588 3377 844 3432 Adversus
885 3386 1120 3445 parentes
1165 3375 1372 3444 impios.
1409 3373 1520 3428 lloc
1566 3375 1757 3429 ordine
1785 3376 1947 3430 Goth.
1979 3377 2123 3434 unde

517 3465 620 3506 una
647 3450 862 3515 dempta
895 3448 1070 3500 littera
1106 3447 1271 3516 lingu,
1305 3446 1545 3499 adversus
1569 3455 1801 3518 parentes
1824 3449 2010 3518 impio,
2038 3465 2116 3504 sc.

517 3522 729 3584 dicitur,
756 3530 813 3572 ιιι
841 3520 1022 3572 statim
1053 3520 1295 3586 sequitur
1319 3517 1480 3585 paulo
1507 3527 1636 3573 ante
1663 3534 1675 3570 :
1711 3516 1934 3572 [labenti
1961 3522 2122 3575 malos

515 3595 730 3655 liberos;
764 3604 905 3644 nunc
930 3589 1088 3659 impio
1121 3590 1232 3642 lilio
1261 3591 1522 3644 adversus
1547 3601 1798 3659 parentes
1828 3592 2118 3648 blanditur.

516 3667 796 3721 Bonum.

594 3737 760 3806 Reges
780 3733 975 3806 colere.
993 3731 1069 3806 De
1100 3730 1204 3787 hoc
1233 3731 1353 3786 vide
1384 3732 1658 3806 Plutarch.
1691 3733 1765 3788 De
1797 3734 2126 3805 Tranquilli-

522 3817 634 3862 tate
659 3803 845 3869 animi,
868 3816 922 3858 et
947 3803 1217 3858 Stobaenm
1249 3819 1500 3859 sermone
1525 3805 1615 3858 ‘27.

597 3877 849 3950 Moribus.
871 3875 944 3928 lta
966 3875 1174 3950 restitui
1196 3891 1264 3928 ex
1294 3877 1352 3928 51
1384 3891 1514 3950 tnss_.
1542 3886 1604 3950 et
1631 3876 1663 3929 7
1695 3875 1900 3941 editis.,
1930 3878 1956 3932 1
1985 3877 2119 3950 Reg.

524 3964 636 4004 rec.
673 3948 832 4001 habet
876 3946 1092 3999 motibus
1113 3989 1127 4010 ,
1156 3956 1446 4017 eorrupte;
1477 3948 1512 4000 2
1541 3947 1675 4016 Reg.
1706 3963 1840 4015 rec.,
1871 3946 2120 4015 Turn.,'i

524 4019 764 4076 Colbert.
793 4029 844 4071 et
876 4018 944 4072 10
963 4018 1096 4072 edit.
1117 4019 1302 4072 modis.

602 4090 766 4162 Cogit.
791 4088 1287 4162 Vetustissimorum
1317 4099 1370 4143 et
1399 4090 1724 4159 optimorum
1749 4090 1994 4146 codicum
2019 4101 2124 4158 est,

525 4165 562 4219 2
594 4160 752 4224 Βοὴ..
782 4161 816 4216 9
846 4160 1004 4231 Reg.,
1032 4163 1065 4215 4
1085 4161 1265 4224 Colb.,
1294 4169 1548 4225 Tornes.,
1576 4163 1612 4214 2
1641 4163 1902 4227 Clarom.,
1933 4165 2128 4220 Canta-

530 4237 668 4303 brig.
699 4248 932 4306 necnon
963 4232 1091 4306 edit.
1127 4243 1232 4306 vet.
1257 4233 1416 4286 Rom.
1446 4243 1502 4288 et
1529 4237 1560 4288 8
1583 4233 1652 4287 al.
1681 4234 1735 4288 In
1761 4250 1870 4288 rec.
1907 4237 1929 4288 ~l
1966 4236 2125 4306 Reg.,

527 4308 564 4361 2
592 4307 767 4370 Colb.,
797 4305 986 4367 Colb.,
1020 4304 1168 4371 Ein.,
1197 4305 1362 4359 Brun.
1397 4315 1451 4358 et
1479 4307 1512 4359 5
1536 4305 1690 4364 edil..
1715 4304 2126 4376 colligit.—Cir-

530 4379 703 4470 culum
740 4379 898 4470 cogit.
1239 4391 1269 4430 a
1293 4377 1527 4470 Cellario
1553 4385 1611 4470 et
1639 4375 2126 4470 Walchionetljam
2153 4409 2208 4470 Β

529 4461 656 4504 ante
686 4465 712 4500 a
740 4447 1003 4502 'l‘ornesio
1039 4449 1172 4502 1587
1205 4447 1425 4502 verbum
1449 4449 1605 4520 cogit,
1625 4451 1889 4504 remeavi.
1920 4447 2132 4520 Habent

533 4523 677 4576 enim
706 4521 1054 4572 vetustissimi
1089 4520 1408 4588 plurimique
1449 4519 1566 4573 libri
1617 4521 1828 4588 scripti,
1859 4521 2011 4587 editi,
2035 4519 2135 4578 Co-

534 4609 652 4663 gere
673 4591 942 4652 circulum,
972 4591 1248 4660 eleganter
1283 4609 1301 4663 :_
1327 4593 1468 4644 idcm
1498 4601 1579 4645 est
1608 4593 1748 4661 quod
1777 4603 1958 4647 coetum
1986 4595 2133 4648 colli-

533 4661 672 4733 gere,
695 4679 1029 4733 congregare,
1054 4665 1187 4726 sive,
1212 4672 1266 4715 ut
1292 4661 1393 4716 hoc
1417 4663 1592 4732 Capite
1621 4679 1764 4733 sup.,
1790 4666 1869 4716 Ad
1889 4682 1940 4718 se
1963 4667 2134 4718 multi-

533 4735 760 4788 tudinem
785 4733 1098 4787 contrahere.
1126 4733 1203 4806 De
1219 4733 1421 4806 circulo
1439 4749 1536 4802 pro
1563 4745 1714 4801 σαυνία,
1733 4751 1941 4800 corona,
1969 4737 2130 4806 Apul.

536 4806 756 4860 Metam.
788 4806 879 4858 lib.
906 4820 964 4868 ll,
993 4819 1110 4874 pag.
1147 4804 1252 4858 1‘20
1287 4822 1299 4858 :
1336 4805 1501 4868 Quum
1531 4807 1808 4872 frequentis
1835 4804 2134 4877 papuli‘cir-

535 4877 652 4931 culo
669 4888 934 4945 conseptus
951 4892 1151 4929 coronw
1169 4877 1607 4929 circumstantium
1625 4877 1735 4944 [ala
1749 4880 2007 4931 enodaret.
2031 4879 2131 4940 Bt).

618 4947 830 5002 Videbat
859 4947 1114 5015 Epicurus
1135 4946 1278 5000 bonis
1307 4947 1516 5000 adversa
1537 4963 1735 5016 semper
1755 4952 2004 5013 accidere,
2025 4959 2130 5005 etc.

538 5017 676 5073 Hinc
702 5020 1056 5074 cnnclndebat
1085 5020 1288 5072 nullam
1305 5033 1424 5072 esse
1456 5020 1946 5087 providentiam,ac
1967 5022 2134 5076 Deum

537 5089 736 5143 nullam
769 5092 1046 5144 hominum
1073 5105 1254 5144 curam
1280 5105 1471 5160 gerere
1502 5107 1514 5143 :
1547 5091 1640 5145 sed
1683 5092 1863 5145 omnia
1912 5091 2134 5148 fortuito

539 5173 671 5214 casu
709 5164 943 5216 evenire.
975 5161 1108 5215 llinc
1151 5177 1256 5214 non
1303 5162 1476 5214 solum
1520 5161 1819 5229 Epicurus,
1848 5178 2034 5218 verum
2080 5171 2136 5220 et

540 5231 661 5296 alii,
691 5231 892 5287 Seneca
925 5234 976 5286 in
1008 5233 1221 5303 llippol.
1253 5240 1358 5287 act.
1391 5248 1484 5299 ιιι;
1515 5232 1760 5302 Lucanus
1789 5234 1882 5290 lib.
1912 5235 1943 5288 7
1970 5252 1982 5288 :

790 5366 914 5430 Sunt
935 5368 1076 5416 nobis
1092 5367 1223 5416 nulla
1249 5367 1469 5430 profecto

663 5426 872 5494 ﬁumina
896 5442 907 5477 :
929 5443 1039 5478 eum
1061 5426 1467 5494 caecorapiantur
1490 5431 1684 5494 singula
1703 5444 1838 5493 casu,

664 5489 930 5539 Mentimur
955 5505 1164 5554 regnare
1188 5489 1384 5542 Jovem.

538 5574 691 5632 Ovid.
720 5573 810 5628 lib.
842 5588 900 5627 ιιι
927 5576 1134 5640 Atnor.,
1158 5575 1295 5646 eleg.
1319 5575 1354 5632 8
1381 5593 1396 5631 :

664 5687 782 5757 (Iug!
798 5687 990 5757 rapiant
1005 5686 1129 5757 mala
1152 5686 1246 5737 fata
1268 5689 1438 5750 bonos,
1465 5692 1704 5757 ignoscite
1725 5693 1850 5744 fasso
1865 5731 1878 5755 ,

728 5746 978 5800 Sollititor
1003 5747 1162 5799 nullos
1185 5761 1298 5800 esse
1325 5746 1508 5814 putare
1520 5755 1660 5804 deos.

2213 2588 2500 2646 GALLA-ZUS.
2521 2616 2591 2628 -ο
2621 2586 2699 2642 Ita
2731 2584 2865 2658 falso
2895 2585 3258 2658 opinabantur
3286 2585 3347 2651 ii,
3377 2586 3469 2657 qui
3497 2601 3664 2642 rerum
3689 2591 3790 2658 post

2214 2672 2446 2717 monent
2481 2658 2778 2714 futurarum
2813 2657 2888 2711 nil
2916 2658 3049 2712 certi
3075 2656 3371 2712 habebant.

2286 2732 2523 2803 Infantes
2549 2730 2685 2803 rapi.
2717 2729 2868 2803 More
2891 2739 3157 2803 veterum.
3189 2728 3419 2786 Sueton.
3453 2729 3514 2787 C.
3546 2731 3673 2786 Cars.
3702 2730 3788 2785 Ca-

2216 2800 2367 2868 ligul.
2397 2819 2517 2872 cap.
2549 2801 2580 2855 7
2611 2818 2626 2858 :
2659 2800 2897 2870 Infantes
2935 2801 3106 2855 adhuc
3146 2803 3304 2869 rapti.
3351 2803 3491 2857 Plin.
3522 2819 3593 2866 v1,
3621 2818 3698 2871 ep.
3725 2804 3788 2857 ϐε

2217 2877 2419 2940 Doleo,
2465 2875 2609 2929 illum
2660 2874 2934 2945 immatura
2977 2883 3145 2945 morte
3192 2874 3546 2945 indignissime
3595 2887 3792 2943 raptum.

2217 2947 2414 3003 Justin.
2447 2947 2540 3000 lib.
2572 2961 2671 3009 vn,
2695 2961 2815 3016 cap.
2849 2944 2882 2996 2
2914 2963 2927 3000 :
2961 2944 3249 2998 lnmtalura
3279 2944 3444 3000 morte
3464 2957 3654 3016 raptus.
3682 2946 3791 3001 BU‘N.

2292 3019 2415 3086 Ipse
2441 3035 2582 3074 suas.
2611 3017 2892 3089 Lucretius
2915 3017 2964 3071 in
2989 3019 3148 3072 editis
3179 3017 3339 3073 habet
3367 3036 3380 3071 :
3408 3018 3562 3089 Stepe
3583 3036 3711 3073 suas.

2293 3090 2626 3162 Capitolium.
2659 3090 2732 3143 De
2751 3088 2997 3162 Capitolii
3027 3089 3312 3155 incendiis,
3341 3106 3407 3144 ex
3434 3088 3795 3158 antiquioribus

2223 3160 2382 3220 nemo
2404 3163 2675 3232 copiosius
2695 3177 2855 3231 qualn
2886 3160 3234 3224 Plutarchus,
3269 3163 3318 3215 in
3352 3162 3472 3216 Vita
3500 3162 3792 3226 Ριιιιιὶοοιιυ,

2221 3249 2276 3291 et
2309 3235 2593 3289 Cornelius
2619 3232 2857 3305 Tacitus,
2913 3233 3006 3305 lib
3033 3249 3121 3288 xrv
3152 3234 3470 3288 Annalium.
3503 3233 3798 3305 Tarquinius

2223 3308 2460 3368 Priscus,
2490 3305 2755 3358 Demarati
2783 3303 2922 3358 lilius
2944 3346 2959 3371 ,
2988 3304 3192 3360 Sabino
3223 3305 3369 3360 bello
3399 3303 3649 3374 templum
3676 3305 3794 3368 Jovi,

2224 3381 2276 3435 in
2317 3388 2501 3432 monte
2528 3377 2762 3447 Tarpeio
2784 3415 2801 3442 ,
2831 3376 2922 3446 qui
2952 3387 3076 3432 ante
3103 3377 3390 3432 Saturnius
3414 3379 3588 3432 dictus
3617 3377 3795 3441 fuerat,

2224 3451 2495 3507 aedificare
2525 3453 2709 3518 cmpit.
2746 3449 2880 3502 Dum
2913 3449 3132 3517 opilices
3156 3448 3506 3504 fundamenta
3537 3449 3795 3519 aperirent,

2225 3534 2384 3593 caput
2429 3522 2666 3577 hominis
2720 3527 2804 3576 est
2834 3521 3332 3593 repertutn.AQuod
3377 3536 3537 3575 omen
3583 3524 3801 3591 Augures

2225 3591 2534 3667 significare
2580 3593 2854 3667 dicebant,
2907 3607 3086 3647 arcem
3142 3591 3282 3667 hanc
3311 3603 3479 3667 caput
3503 3593 3644 3667 orbis
3681 3593 3804 3667 futu-

2227 3661 2365 3733 rn'm,
2392 3676 2447 3721 et
2482 3667 2552 3720 ob
2579 3665 2629 3720 id
2677 3665 2844 3718 monti
2873 3679 3070 3718 nomen
3113 3675 3195 3719 est
3240 3661 3473 3720 inditum
3520 3661 3800 3734 Capitolini.

2225 3739 2330 3796 Sed
2356 3747 2528 3793 morte
2556 3739 2883 3805 interceptus
2910 3736 2998 3790 ille
3014 3735 3233 3792 Priscus
3259 3737 3571 3791 inchoatam
3593 3745 3802 3791 structu-

2227 3827 2341 3866 ram
2373 3809 2607 3880 reliquit.
2648 3809 2818 3876 Quam
2868 3817 2990 3878 post
3045 3806 3302 3878 Tarquin.
3358 3808 3653 3878 Superbus,
3685 3808 3804 3880 illius

2228 3899 2420 3954 nepos,
2453 3879 2735 3954 exspoliis
2751 3890 2928 3954 capue
2956 3879 3220 3954 Pomeriae
3245 3879 3620 3954 absolvitzqui
3651 3879 3803 3950 prius-

2228 3952 2389 4026 quam
2438 3953 2834 4026 dedicationem
2881 3952 3079 4026 obiret,
3105 3961 3325 4026 promer
3350 3953 3689 4026 tyrannidem
3717 3965 3805 4026 ex-

2228 4023 2416 4096 pulsus
2436 4025 2552 4078 luit.
2579 4023 2647 4079 Et
2672 4027 2788 4080 hinc
2809 4024 3025 4096 quidem
3045 4023 3315 4079 dedicatio
3339 4023 3466 4094 post
3487 4023 3805 4094 Tarquinium

2230 4094 2366 4152 facta
2414 4096 2534 4160 fuit,
2565 4112 2706 4152 anno
2730 4097 2798 4151 ab
2831 4094 2894 4151 U.
2927 4094 2990 4150 C.
3021 4096 3146 4150 217.
3188 4096 3517 4167 Capitolium
3548 4111 3673 4151 saxo
3693 4110 3805 4164 qua-

2229 4169 2386 4224 drato
2436 4169 2835 4232 substructum,
2883 4182 3020 4236 opus
3051 4168 3133 4222 vel
3183 4179 3400 4238 postera
3435 4167 3806 4238 magnificentia

2231 4241 2693 4310 consliiciendum,
2727 4240 2975 4294 incendio
2999 4240 3343 4310 absumptum
3362 4250 3451 4295 est
3467 4237 3620 4297 bellis
3644 4237 3808 4294 Maria-

2233 4314 2316 4367 nis
2349 4312 2408 4366 L.
2445 4313 2590 4384 Scip.
2643 4313 2810 4384 Asiat.
2845 4321 2899 4365 et
2939 4312 3007 4384 ϐ.
3033 4311 3284 4366 Norbano
3313 4312 3486 4367 Balbo
3512 4310 3685 4384 Coss.,
3726 4310 3812 4364 hoc

2231 4393 2336 4449 est,
2381 4382 2618 4439 anno'U.
2648 4383 2710 4439 C.
2741 4384 2869 4448 671,
2900 4397 2928 4435 a
2977 4382 3317 4438 dedicatione
3368 4385 3527 4439 annis
3556 4383 3677 4447 424,
3720 4396 3810 4436 non

2235 4457 2362 4522 415,
2396 4467 2456 4512 ιιι
2482 4457 2678 4511 asserit
2709 4455 2950 4520 Tacitus,
2984 4456 3140 4522 cujus
3187 4469 3432 4510 errorem
3462 4468 3646 4526 poswa
3679 4468 3812 4510 secu-

2237 4537 2324 4599 tus
2341 4537 2424 4583 est
2439 4539 2492 4583 et
2515 4527 2820 4584 Alexander
2834 4526 3235 4597 Neapolitanus.
3253 4527 3514 4583 Restituit
3541 4529 3639 4583 hoc
3665 4526 3808 4599 Sylla.

2236 4598 2592 4655 Consecravit
2620 4609 2978 4656 restauratum
3003 4600 3103 4666 Qu.
3140 4600 3363 4656 Catulus
3386 4643 3400 4666 ,
3434 4601 3587 4670 cujus
3633 4598 3811 4670 Plinius

2236 4673 2397 4726 etiam
2426 4673 2671 4726 meminit
2699 4672 2794 4727 lib.
2828 4687 2948 4737 XIX,
2977 4685 3094 4740 cap.
3129 4671 3179 4725 1.
3215 4671 3441 4728 Duravit
3484 4669 3584 4727 hoc
3608 4671 3668 4726 ad
3715 4669 3810 4725 bel-

2235 4744 2346 4798 lum
2397 4759 2562 4814 usque
2594 4744 2958 4814 Vitellianum,
2987 4757 3093 4812 quo
3122 4744 3362 4798 secundo
3385 4760 3414 4798 a
3449 4744 3698 4799 militibus
3740 4743 3811 4795 in-

2236 4813 2490 4870 censum.
2508 4815 2761 4871 Restituit
2784 4813 3171 4885 Vespasianus;
3203 4829 3377 4885 cuque
3402 4816 3581 4870 adhuc
3600 4816 3810 4875 vivente,

2237 4887 2400 4941 tertio
2432 4887 2553 4954 igne
2582 4887 2949 4956 absumptum,
2989 4901 3223 4955 cumque
3269 4889 3387 4952 ipso
3411 4886 3672 4958 Capitolio
3698 4885 3813 4958 Ves-

2237 4953 2492 5028 pasianus
2544 4975 2758 5028 quoque
2781 4953 3016 5013 inor-tem
3047 4953 3204 5011 obiit.
3261 4953 3601 5013 Domitianus
3640 4953 3810 5028 deinde

2237 5026 2681 5102 magnificentius
2700 5028 2826 5102 illud
2872 5028 3020 5102 fecit,
3048 5045 3208 5102 quam
3238 5040 3395 5102 antea
3430 5045 3672 5102 umquam
3699 5026 3810 5081 luis-

2236 5110 2340 5155 set.
2373 5099 2548 5155 Verba
2579 5112 2756 5155 autem
2791 5100 3020 5155 Lucretii
3052 5101 3338 5155 referenda
3369 5113 3499 5155 sunt
3540 5099 3611 5155 'ad
3653 5102 3810 5153 incen-

2236 5173 2383 5226 dium
2408 5172 2725 5226 Marianum.
2753 5173 2822 5228 At
2852 5188 2958 5226 non
2989 5172 3144 5226 video
3174 5173 3389 5242 quando
3413 5173 3570 5228 Juvis
3617 5171 3809 5224 fulmine

2235 5243 2600 5316 conﬂagrarit.
2633 5242 3365 5316 BETUL.—Capitolium.....
3402 5245 3614 5316 fulmine
3653 5242 3804 5316 ictum.

2237 5313 2358 5386 Vid.
2390 5315 2618 5386 Arnob.,
2652 5317 2690 5370 l.
2723 5330 2794 5379 vt,
2828 5330 2949 5386 pag.
2977 5315 3105 5377 245,
3134 5315 3220 5369 ed.
3253 5316 3304 5370 in
3327 5315 3360 5370 8
3391 5312 3634 5370 Elmenb.
3663 5312 3807 5386 Quum

2237 5384 2545 5456 Capitolium
2576 5388 2720 5440 toties
2745 5384 2878 5440 edax
2896 5384 3030 5456 ignis
3049 5387 3351 5454 absumeret,
3367 5386 3638 5454 Iovemque
3663 5385 3807 5456 ipsum

2237 5451 2567 5526 capitolinum
2611 5475 2726 5512 cum
2741 5474 2897 5512 uxore
2917 5451 3258 5528 corripuisset
3283 5451 3344 5511 ac
3364 5460 3496 5524 filia,
3510 5451 3808 5524 ubinatnjul-

2237 5529 2456 5582 minator
2491 5541 2715 5599 tempore
2739 5529 2830 5584 illo
2859 5530 3025 5598 fuit...
3049 5529 3346 5586 vindicaret.
3372 5529 3646 5585 Bonum.

2309 5590 2615 5656 Consulatus
2660 5601 2761 5656 sui.
2812 5590 2966 5656 illinc
3015 5601 3208 5655 librum
3257 5616 3360 5655 non
3413 5590 3804 5656 babemus:scd

2237 5673 2358 5729 vide
2382 5672 2478 5728 lib.
2505 5688 2542 5728 ιι
2573 5672 2640 5730 de
2667 5674 2810 5740 Div.,
2840 5688 2959 5746 cap.
2990 5671 3084 5740 20,
3116 5673 3205 5729 ubi
3233 5672 3394 5729 iidem
3423 5685 3608 5730 versus
3641 5669 3802 5739 legun-

2235 5753 2341 5800 tur.
