4038 6358
265 368 358 427 401

380 481 497 533 Nam
521 488 657 545 pater
673 477 935 530 altitonans
955 476 1176 545 stellanti
1199 477 1348 545 nixus
1364 474 1589 545 Olympo,

380 545 489 660 ipse
506 538 617 618 suas
638 554 795 616 arces,
815 547 972 615 atque
993 538 1377 614 inclytatempla
1395 538 1591 603 petivit,

424 603 739 660 tCauttohms
760 610 931 660 InjeCll.
951 603 1157 654 sedibus
1180 613 1341 660 ignes.

424 616 443 658 t
461 603 739 670 Capitolinis
760 603 931 668 injecit
951 603 1157 654 sedibus
1180 603 1341 665 ignes.

267 714 516 774 Perliuaci
560 727 689 783 ergo
716 711 941 766 stultitia
972 726 1079 766 non
1125 709 1288 766 modo
1321 709 1422 765 vim
1472 707 1841 777 maiestatem-

267 824 362 881 que
385 808 495 864 veri
523 807 617 864 Dei
660 823 765 862 nou
809 804 1195 861 intellexerunt
1223 820 1237 858 :
1265 802 1361 858 sed
1387 803 1549 858 etiam
1598 799 1844 869 impieta-

268 912 365 961 tem
391 902 469 958 sui
499 899 700 956 erroris
728 907 1029 964 auxerunt,
1059 900 1151 968 qui
1183 895 1442 967 templum
1472 892 1678 950 caelesti
1701 890 1845 962 judi-

266 997 345 1053 cio
384 1009 527 1067 saepe
546 993 858 1050 damnatum
890 992 1178 1048 restituere
1203 999 1390 1048 contra
1422 989 1504 1046 fas
1522 1002 1686 1046 omne
1710 1002 1845 1044 con-

265 1087 537 1146 tenderint.

327 1180 454 1237 Cum
496 1179 613 1235 haec
640 1178 802 1250 igitur
820 1176 1087 1249 cogitaret
1132 1176 1418 1248 Epicurus,
1448 1189 1634 1233 earnm
1665 1188 1847 1230 rerum

262 1274 398 1331 velut
412 1273 691 1344 iniquitate
711 1269 1107 1344 inductus(sic
1128 1271 1273 1326 enim
1305 1283 1523 1326 causam
1557 1268 1852 1324 rationem-

262 1384 359 1442 que
408 1367 673 1439 iguoranti
722 1361 1041 1434 videbatur)
1088 1362 1421 1420 existimavit
1475 1361 1680 1417 nullam
1725 1375 1851 1417 esse

262 1459 664 1535 providentiam.
696 1458 850 1529 Quod
873 1473 998 1514 cum
1039 1457 1140 1514 sibi
1162 1457 1558 1528 persuasisset,
1613 1455 1852 1527 suscepit

261 1555 410 1609 etiam
440 1550 843 1608 defendendum
868 1568 881 1603 :
905 1550 985 1605 sic
1012 1551 1064 1604 in
1096 1562 1312 1605 errores
1350 1546 1750 1603 iuextricabiles
1790 1562 1851 1601 se

260 1648 365 1720 ipse
390 1646 676 1703 conclusit.
709 1644 765 1701 Si
808 1643 951 1699 enim
997 1641 1333 1714 providentia
1386 1640 1531 1696 nulla
1570 1649 1687 1705 est,
1717 1654 1853 1709 quo-

262 1742 411 1799 modo
436 1749 543 1797 tam
586 1739 857 1808 ordinate,
905 1747 1013 1793 tam
1040 1736 1302 1809 disposite
1347 1736 1582 1791 mundus
1627 1734 1853 1790 etl‘eclus

264 1836 375 1894 est?
399 1835 553 1892 Nulla
576 1878 592 1903 ,
624 1833 821 1904 inquit,
855 1831 1138 1905 dispositio
1171 1840 1285 1898 est;
1327 1830 1492 1886 multa
1520 1830 1663 1886 enim
1711 1827 1850 1884 facta

264 1937 378 1984 sunt
400 1927 574 1995 aliter,
608 1941 772 1998 quam
804 1924 921 1980 ﬁeri
970 1923 1294 1980 debuerunt.
1332 1922 1401 1978 Et
1438 1921 1642 1977 invenit
1689 1920 1852 1975 homo

266 2021 486 2089 divinus,
514 2036 636 2093 quae
684 2016 1128 2090 reprehenderet.
1175 2016 1308 2085 Quae
1333 2014 1539 2086 singula
1564 2014 1610 2070 si
1640 2021 1858 2069 vacaret

268 2115 538 2181 refellere,
589 2112 752 2169 facile
796 2110 1181 2177 ostenderem,
1227 2123 1329 2164 nec
1371 2107 1669 2179 sapientem
1713 2107 1856 2160 hunc

271 2207 457 2274 fuisse,
502 2220 605 2262 nec
651 2220 864 2261 sanum.
909 2203 1043 2260 Item
1085 2202 1129 2257 si
1182 2201 1329 2257 nulla
1374 2199 1706 2272 providentia
1748 2205 1850 2263 est,

270 2300 524 2372 quomodo
575 2298 892 2355 animalium
925 2310 1153 2367 corpora
1177 2304 1286 2350 tam
1335 2293 1679 2365 providenter
1705 2290 1854 2346 ordi-

270 2405 382 2450 nata
412 2404 559 2461 sunt,
590 2402 653 2448 ut
691 2390 900 2463 singula
928 2403 1155 2460 quaeque
1199 2387 1441 2444 membra
1488 2384 1720 2441 mirabili
1768 2398 1853 2439 rae

271 2487 400 2543 tione
424 2486 686 2557 disposita
716 2499 812 2539 sua
842 2481 1021 2540 ofﬁcia
1046 2479 1405 2537 conservent?
1434 2477 1575 2534 Nihil
1600 2520 1615 2545 ,
1659 2478 1851 2549 inquit,

268 2579 315 2636 in
356 2579 701 2650 procreandis
744 2576 1070 2633 animalibus
1117 2573 1473 2648 providentiae
1503 2572 1640 2629 ratio
1671 2573 1852 2629 molita

266 2681 368 2740 est;
404 2688 527 2730 nam
557 2686 739 2743 neque
767 2671 907 2727 oculi
934 2669 1061 2725 facti
1086 2679 1213 2724 sunt
1237 2667 1304 2723 ad
1326 2666 1648 2731 videndum,
1678 2681 1853 2737 neque

266 2780 405 2822 aures
444 2765 512 2821 ad
541 2764 908 2831 audiendum,
965 2778 1140 2833 neque
1168 2762 1349 2833 lingua
1393 2760 1461 2816 ad
1500 2758 1848 2830 loquendum,

264 2874 422 2928 neque
471 2859 641 2930 pedes
672 2858 735 2915 sd
767 2856 1147 2913 ambulandum
1182 2873 1196 2913 :
1225 2856 1480 2929 quoniam
1527 2855 1680 2926 prius
1735 2853 1851 2910 haec

264 2960 372 3008 nata
396 2962 519 3009 sunt
538 2968 704 3026 quam
727 2961 872 3010 esset
887 2949 1056 3023 loqui,
1084 2950 1295 3019 audire,
1320 2949 1525 3017 videre,
1549 2949 1844 3006 ambulare.

263 3044 428 3118 Itaque
445 3063 548 3103 non
594 3048 716 3104 haec
743 3045 811 3102 ad
839 3062 991 3101 nsum
1021 3054 1144 3101 nata
1172 3053 1297 3101 sunt
1325 3063 1337 3098 :
1372 3047 1466 3101 sed
1497 3060 1625 3100 usus
1646 3060 1714 3100 ex
1740 3044 1847 3101 illis

260 3150 401 3197 natus
441 3152 542 3199 est.
570 3141 628 3200 Si
681 3141 825 3197 nulla
866 3140 1202 3213 providentia
1242 3148 1356 3208 est,
1392 3154 1490 3195 cur
1525 3140 1726 3195 imbres
1752 3154 1845 3194 ca-

258 3232 394 3303 dunt,
443 3236 624 3308 fruges
668 3236 937 3299 oriuntur,
982 3233 1202 3290 arbusta
1260 3232 1644 3289 frondescunt?
1687 3231 1842 3298 Non,
1871 3271 1918 3334 Ο

256 3327 430 3400 inquit,
458 3345 686 3402 semper
710 3343 873 3386 causa
901 3327 1251 3383 animantium
1286 3326 1384 3380 ista
1406 3325 1558 3390 ﬁunt,
1584 3324 1838 3396 quoniam

257 3422 586 3491 providentiae
618 3422 748 3478 nihil
770 3429 994 3493 prosunt
1020 3438 1032 3474 :
1062 3419 1159 3475 sed
1179 3419 1355 3474 omnia
1376 3432 1473 3473 sua
1501 3427 1694 3489 sponte
1722 3418 1839 3473 ﬁeri

258 3530 459 3574 necesse
481 3526 584 3574 est.
623 3516 776 3574 Unde
807 3532 937 3587 ergo
966 3523 1261 3571 nascuntur
1287 3512 1305 3588 (
1334 3511 1461 3567 Vide
1483 3511 1718 3578 Lucret.,
1747 3511 1837 3566 lib.

258 3607 323 3682 ll)
360 3621 446 3667 aut
470 3609 747 3683 quomodo
768 3611 903 3665 ﬁunt
928 3608 1108 3665 omnia
1133 3622 1253 3680 quae
1280 3604 1577 3679 geruntur?
1596 3603 1715 3660 Non
1736 3612 1839 3670 est,

1106 358 1308 416 LIBER
1344 357 1435 415 III.
1478 356 1566 414 DE
1604 355 1819 413 FALSA
1862 353 2225 411 SAPIEN'I‘IA
2266 351 2671 412 PHILOSOPH.

3440 346 3549 405 402

1867 473 2153 545 Aiuquit,
2201 473 2551 544 providentiae
2596 485 2769 542 opus;
2823 478 2945 525 sunt
2997 466 3139 523 cnim
3193 468 3396 524 semina
3453 482 3550 538 per

1945 565 2109 621 inane
2132 566 2437 634 volitantia,
2471 566 2667 635 quibus
2691 565 2831 619 inter
2855 578 2913 617 sc
2944 572 3148 617 temere
3174 560 3507 631 conglobatis
3530 602 3547 627 ,

1945 657 2196 714 universa
2227 659 2516 729 gignuntur
2539 666 2699 729 atque
2725 663 3105 711 concrescunt.
3135 651 3244 709 Cur
3270 652 3429 724 igitur
3459 651 3551 707 illa

1946 767 2054 807 nou
2073 753 2334 807 sentimus
2350 766 2443 807 aut
2463 750 2772 807 cernimus?
2794 749 2931 817 Quia
2955 762 3055 803 nec
3072 748 3308 803 colorem
3328 746 3550 814 habent,

1948 846 2151 916 inquit,
2205 860 2308 901 nec
2351 845 2585 900 calorem
2637 843 2828 908 ullum,
2882 856 2982 897 nec
3032 840 3291 906 odorem;
3343 839 3553 909 saporis

1947 952 2162 1010 quoque
2191 945 2248 994 et
2274 938 2519 993 humoris
2547 936 2786 1007 expertia
2826 943 2974 1002 sunt,
3014 944 3067 989 et
3092 942 3200 988 tam
3230 933 3431 988 minuta
3451 972 3466 998 ,
3499 940 3560 986 ut

1947 1031 2119 1088 secari
2148 1047 2212 1087 ac
2238 1031 2403 1088 dividi
2430 1039 2717 1102 nequeant.

2022 1122 2113 1179 Sic
2138 1139 2283 1191 eum,
2315 1124 2436 1194 quia
2462 1123 2514 1178 in
2547 1121 2817 1193 principio
2845 1118 3038 1175 falsum
3063 1126 3395 1187 susceperat,
3423 1132 3554 1173 con-

1949 1217 2292 1289 sequentium
2345 1232 2528 1272 rerum
2572 1216 2868 1272 necessitas
2919 1214 2986 1270 ad
3034 1214 3383 1270 deliramenta
3433 1228 3556 1280 per-

1951 1310 2124 1365 duxit.
2154 1309 2256 1366 Ubi
2287 1310 2430 1365 enim
2460 1318 2605 1377 sunt,
2636 1318 2729 1364 aut
2755 1307 2895 1363 unde
2934 1308 3036 1361 ista
3068 1306 3420 1376 corpuscula?
3446 1303 3557 1360 Cur

1951 1401 2045 1456 illa
2072 1416 2233 1457 nemo
2264 1409 2462 1472 praeter
2484 1416 2646 1456 unum
2678 1400 3005 1470 Leucippum
3038 1397 3366 1454 somniavit?
3390 1412 3419 1451 a
3446 1412 3557 1468 quo

1955 1494 2295 1551 Democritus
2339 1494 2583 1550 eruditus
2632 1492 2998 1550 haereditatem
3048 1491 3289 1547 stultitia:
3343 1490 3559 1560 reliquit

1958 1590 2213 1661 Epicuro.
2246 1589 2377 1659 Quae
2405 1590 2449 1645 si
2479 1599 2604 1646 sunt
2639 1589 2957 1661 corpuscula
2978 1631 2993 1656 ,
3022 1597 3074 1645 et
3113 1588 3329 1659 quidem
3359 1587 3553 1653 solida,

1954 1692 2014 1739 ut
2037 1682 2243 1747 dicunt,
2271 1683 2373 1738 sub
2399 1681 2589 1738 oculos
2618 1691 2767 1738 certe
2794 1682 2982 1738 venire
3006 1690 3249 1752 possunt.
3282 1678 3339 1736 Si
3365 1678 3557 1735 eadem

1955 1787 2040 1834 est
2068 1788 2258 1833 natura
2294 1778 2534 1833 omnium
2557 1819 2571 1843 ,
2602 1778 2873 1849 quomodo
2911 1791 3000 1832 res
3049 1776 3223 1831 varias
3272 1774 3560 1831 efﬁciunt?

1883 1873 1928 1934 Β
1958 1874 2119 1930 Vario
2140 1915 2154 1940 ,
2185 1874 2374 1945 inquit,
2407 1871 2598 1929 ordine
2627 1888 2688 1928 ac
2718 1872 2982 1942 positione
3025 1870 3355 1925 conveniunt
3380 1886 3392 1922 :
3418 1869 3561 1923 sicut

1957 1966 2184 2032 litterae,
2207 1981 2328 2037 quze
2361 1980 2483 2020 cum
2512 1965 2620 2019 sint
2643 1978 2846 2033 pauctn,
2870 1962 3017 2017 varie
3041 1972 3216 2016 tamen
3246 1959 3563 2026 collocata),

1960 2056 2373 2115 innumerabilia
2407 2055 2570 2110 verba
2601 2054 2906 2109 conﬁciunt.
2937 2054 3009 2108 At
3033 2053 3225 2107 litterze
3246 2052 3422 2106 varias
3450 2048 3563 2105 for-

1958 2165 2079 2205 mas
2102 2148 2322 2204 habent.
2352 2148 2426 2203 lta
2450 2186 2465 2203 .
2496 2146 2694 2217 inquit,
2725 2155 2779 2201 et
2801 2146 2916 2199 lure
2943 2145 3055 2215 ipsa
3079 2142 3400 2215 primordia;
3432 2158 3558 2197 nam

1957 2250 2085 2298 sunt
2109 2256 2330 2310 aSpera,
2360 2249 2487 2296 sunt
2514 2240 2747 2303 hamata,
2776 2246 2901 2293 sunt
2928 2237 3103 2292 laevia.
3137 2236 3320 2293 Secari
3347 2251 3480 2307 ergo
3506 2247 3564 2291 et

1957 2337 2125 2394 dividi
2151 2346 2392 2409 possunt,
2427 2335 2471 2390 si
2499 2334 2698 2405 aliquid
2731 2335 2871 2388 inest
2896 2332 3003 2387 illis
3031 2331 3172 2403 quod
3214 2332 3467 2389 emineat.
3500 2330 3561 2387 Si

1956 2439 2136 2486 autem
2178 2429 2329 2485 laevia
2359 2436 2483 2483 sunt
2512 2436 2566 2482 et
2595 2426 2769 2481 hamis
2816 2424 3076 2496 indigent,
3125 2424 3401 2480 cohmrere
3448 2438 3559 2479 non

1956 2532 2205 2594 possunt.
2240 2521 2461 2577 llamata
2495 2520 2656 2589 igitur
2680 2532 2803 2574 esse
2827 2526 3065 2586 oportet,
3094 2526 3150 2571 ut
3186 2517 3396 2587 possint
3423 2516 3561 2571 invi-

1956 2633 2077 2675 cem
2105 2616 2468 2673 concatenari.
2498 2613 2634 2669 Cum
2664 2628 2795 2669 vero
2833 2622 2939 2667 tam
2972 2613 3174 2666 minuta
3212 2625 3331 2665 esse
3376 2609 3563 2664 dican-

1954 2724 2065 2780 tur,
2087 2722 2143 2769 ut
2174 2712 2318 2767 nulla
2362 2710 2486 2766 ferri
2517 2709 2631 2763 acie
2672 2705 2852 2764 dissici
2883 2706 3115 2770 valeant,
3147 2702 3420 2774 quomodo
3465 2700 3565 2756 ha-

1954 2819 2092 2870 mos,
2124 2815 2217 2860 aut
2243 2802 2469 2872 angulos
2490 2799 2727 2857 habent?
2749 2798 2896 2867 Quos
2916 2839 2931 2864 ,
2964 2797 3084 2867 quia
3106 2804 3310 2859 extant,
3338 2808 3562 2850 necesse

1953 2910 2039 2956 est
2084 2913 2244 2971 posse
2290 2896 2493 2953 divelli.
2534 2893 2737 2950 Deinde
2762 2908 2870 2964 quo
2910 2891 3115 2948 foedere
3167 2891 3306 2945 inter
3335 2903 3427 2955 se,
3458 2903 3566 2958 qua

1952 3002 2134 3050 mente
2172 2991 2531 3056 conveniunt,
2563 2998 2620 3041 ut
2649 3001 2713 3042 ex
2743 2986 2826 3040 his
2854 2984 3054 3056 aliquid
3084 2979 3466 3038 construatur?
3495 2978 3553 3036 Si

1950 3102 2113 3143 sensu
2132 3093 2338 3150 carent,
2370 3096 2468 3138 nec
2488 3082 2635 3137 coire
2676 3088 2785 3134 tam
2831 3077 3091 3148 diSposite
3137 3082 3397 3146 possunt;
3428 3072 3554 3141 quia

1952 3196 2058 3235 non
2091 3188 2268 3250 potest
2293 3174 2584 3247 quidquam
2618 3170 2881 3228 rationale
2906 3168 3189 3241 perﬁcere,
3243 3166 3346 3221 nisi
3393 3165 3575 3219 ratio..

1950 3271 2120 3340 Quam
2155 3269 2335 3325 multis
2355 3266 2574 3337 coargui
2607 3266 2721 3320 haec
2746 3262 2955 3319 vanitas
2976 3268 3155 3332 potest
3188 3260 3202 3314 l
3232 3257 3327 3315 sed
3359 3271 3556 3328 prope.

1947 3376 2034 3423 rat
2052 3365 2245 3421 oratio.
2274 3363 2371 3418 llic
2390 3371 2474 3418 est
2497 3362 2586 3417 ille
2604 3402 2618 3425 ,

2074 3546 2168 3607 Qui
2189 3557 2350 3610 genus
2368 3544 2634 3610 humanum
2658 3537 3155 3610 ingenio‘superavit,
3177 3542 3425 3610 et‘omnes

2076 3597 2364 3661 Fries'tinxit
2384 3604 2577 3667 stellas,
2600 3597 2810 3655 exor'tus
2828 3601 2902 3652 uti
2926 3597 3163 3651 aetherius
3179 3597 3268 3649 sol.

1579 3737 1942 3799 VARIORUM
1969 3736 2199 3796 NOTAE.

323 3891 466 3961 Ipse,
497 3902 605 3950 etc.
640 3892 738 3949 Hic
766 3891 1037 3949 secundus
1066 3903 1256 3946 versus
1302 3888 1405 3945 hoc
1459 3887 1621 3943 modo
1654 3885 1847 3957 legitur

262 3966 387 4033 apud
414 3966 617 4031 Cicer.,
651 3965 743 4021 lib.
774 3963 900 4020 nde
930 3964 1099 4019 Divin.
1139 3980 1151 4014 ε

375 4078 480 4144 Ipse
505 4092 628 4131 suos
649 4077 895 4142 quondam
918 4076 1145 4136 tumulos,
1171 4087 1228 4126 ac
1246 4073 1429 4137 templa
1447 4072 1642 4136 petivit.

327 4181 394 4238 Se
415 4184 519 4252 ipse
543 4182 819 4239 conclusit.
862 4182 951 4237 Sic
996 4179 1204 4252 restitui
1232 4195 1296 4252 ert
1330 4177 1535 4252 gptimo
1562 4184 1843 4252 etveterr.

265 4267 355 4326 llis.
396 4246 560 4326 [legio
610 4255 728 4310 Pttl.
758 4265 812 4309 et
856 4255 882 4308 1
911 4254 979 4308 al.
1005 4250 1312 4326 recentiori,
1398 4248 1583 4326 Coll},
1612 4248 1638 4303 1
1672 4246 1846 4326 Lips.,

268 4322 398 4399 E_m.,
429 4320 619 4393 Brom,
650 4325 1063 4399 suifragantibus
1085 4321 1157 4399 Δ16
1188 4323 1317 4399 aliis
1347 4324 1397 4375 in
1419 4320 1613 4399 quibus
1633 4329 1715 4399 est
1761 4321 1845 4372 in-

268 4389 421 4463 clusit,
449 4409 506 4453 ut
533 4389 686 4455 in'10
710 4389 1149 4465 νθι.”ἰῐηι’ντρεείς.
1186 4394 1282 4449 Hic
1310 4389 1613 4447 concludere
1641 4389 1845 4465 Teren-

270 4467 452 4541 tianum
478 4483 561 4526 est
589 4471 693 4527 hac
712 4463 1125 4541 signiﬁcatione,
1177 4481 1275 4541 pro
1313 4480 1374 4541 _se
1413 4463 1842 4541 immittere,_im-

270 4540 440 4612 plicare
486 4559 539 4597 se
566 4584 580 4607 ,
611 4533 817 4599 Gallice
859 4542 1142 4612 s‘engager,
1179 4533 1586 4612 s’embarrasser,
1632 4535 1666 4591 ’ὅ
1703 4533 1835 4605 Reg.

270 4618 317 4664 el
340 4610 371 4683 6
396 4614 521 4668 editi
548 4613 751 4680 ferunt,
777 4631 830 4669 se
858 4610 1229 4683 ipse'conjecit.

336 4682 489 4757 Nullo
515 4675 785 4757 dispositio
817 4675 909 4739 est.
941 4675 1320 4757 VideTLucret.
1353 4695 1390 4734 tt
1411 4687 1483 4757 _et
1530 4691 1589 4744 ν,
1622 4675 1853 4757 sabini-

275 4753 410 4809 tium.
447 4756 581 4813 Vide
600 4748 765 4813 etiam
785 4757 1035 4812 Cicerou.
1064 4754 1133 4809 de
1162 4753 1361 4809 Natura
1391 4750 1638 4813 deorum,
1688 4748 1780 4804 lib.
1810 4763 1850 4802 ι.

335 4824 395 4880 Et
408 4828 588 4883 invenit
606 4832 756 4883 homo
771 4828 991 4893 divinus,
1013 4842 1126 4897 quin
1143 4822 1545 4896 reprehenderet.
1565 4820 1853 4897 Perperam

276 4895 377 4954 lucc
404 4904 557 4955 verba
587 4902 641 4956 in
672 4901 853 4955 multis
886 4893 1127 4954 eddﬁita
1159 4893 1454 4967 inipressa,
1485 4906 1549 4948 ac
1569 4893 1623 4967 _si
1674 4901 1859 4967 essent

276 4967 472 5041 Epicuri
526 4975 713 5040 verba,
746 4987 914 5041 qttum
947 4979 1074 5026 sunt
1102 4962 1277 5041 verba
1321 4965 1521 5041 ironica
1569 4962 1853 5019 Lactantii.

278 5039 398 5115 IIinc
428 5045 563 5115 typis
591 5037 880 5115 ordinariis
911 5044 1172 5113 impressa
1196 5040 1364 5115 volui.
1400 5037 1675 5115 Densum.

343 5106 686 5172 Prouidenter.
713 5114 877 5172 Goth.
903 5106 1394 5186 prudenter._Cunl;
1417 5110 1456 5164 I.
1482 5123 1559 5171 v1,
1577 5124 1626 5186 c_.
1663 5107 1750 5162 15.
1780 5106 1859 5162 De

280 5181 373 5259 Ira,
394 5203 509 5259 cap.
535 5189 622 5245 10.
654 5188 877 5259 Legitur
898 5181 1113 5257 quoque
1131 5186 1182 5238 in
1207 5183 1341 5259 I’lini
1361 5181 1704 5259 Panegyric”
1736 5192 1858 5259 cap.

280 5257 312 5330 1
339 5251 519 5327 ε’ριιὸιί
548 5258 680 5330 nihil
702 5251 797 5313 rite
825 5251 1054 5328 nihilque
1080 5255 1428 5330 providenter
1472 5251 1701 5330 homines
1749 5252 1861 5305 sine

282 5322 472 5454 ﬁcorum
523 5322 889 5386 immortalium
937 5322 1151 5384 consilio
1203 5326 1396 5380 honore
1442 5322 1856 5393 auspicarentur.

324 5415 543 5454 oneum.

324 5415 543 5458 UNEIIAN.

350 5472 473 5527 Sunt
503 5476 639 5529 enim
664 5474 879 5530 semina.
912 5470 1336 5527 Reservabimus
1386 5468 1525 5523 hanc
1555 5466 1623 5521 de
1666 5464 1864 5521 atomis

287 5539 680 5612 disputationem
704 5548 755 5601 in
786 5554 946 5614 caput
977 5543 1043 5599 10
1074 5542 1192 5599 libri
1225 5542 1291 5595 de
1317 5541 1400 5614 Ira
1452 5539 1565 5614 Dei.
1596 5537 1733 5614 Yide
1785 5536 1865 5590 iu-

289 5611 417 5670 terea
436 5616 490 5671 S.
512 5618 761 5673 Basilium
788 5611 951 5687 super
976 5614 1076 5687 hac
1101 5630 1162 5669 re
1184 5613 1402 5687 humilia
1415 5614 1485 5687 si;
1502 5612 1571 5687 Δτὸ
1592 5611 1867 5687 ἑξαήμερογ

290 5687 464 5810 prima,
494 5699 547 5744 et
571 5700 730 5759 caput
768 5679 982 5745 tertium
1012 5686 1135 5742 libri
1189 5685 1344 5756 primi
1374 5679 1867 5752 Placitornm'apud

331 5756 419 5810 Itll.
450 5761 769 5810 [Iuntl-tius.

331 5756 419 5814 Itll.
450 5756 769 5818 Berctstus.

359 5828 541 5910 {’rteter
570 5852 737 5910 unum
777 5831 1132 5910 Lettcippttm._
1166 5830 1239 5910 De
1402 5822 1871 5910 Galenusjndlis-

298 5899 415 5952 toria
444 5905 825 5975 philosophica.
857 5897 1055 5959 Sed'de
1083 5903 1163 5957 his
1192 5901 1244 5956 in
1275 5899 1412 5956 libro
1441 5898 1510 5954 de
1539 5897 1618 5952 Ira
1644 5897 1757 5951 Deis

2031 3881 2091 3939 Si
2117 3890 2254 3937 sunt.
2285 3875 2704 3946 Manuscriptum
2735 3880 2820 3946 est
2839 3873 2922 3946 ;_si
2942 3873 3064 3937 sint,
3096 3870 3387 3946 editorum.

2037 3953 2192 4007 Vario
2219 3952 2417 4007 ordine.
2452 3949 2528 4004 De
2558 3941 2684 4018 'quo
2711 3944 2835 4018 vide
2862 3943 3075 4018 Lucret.
3108 3957 3145 3998 tt
3175 3941 3272 4018 lib.

2030 4026 2093 4082 Si
2120 4035 2289 4079 autem
2317 4021 2464 4077 lwvia
2492 4012 2610 4073 sunt
2637 4027 2684 4072 et
2715 4017 2879 4071 [tantis
2903 4016 3151 4086 indigent.
3182 4013 3271 4070 Sic
3297 4013 3424 4084 legit
3455 4012 3559 4086 Bo-

1957 4114 2084 4155 non.
2115 4113 2182 4152 ex
2207 4112 2316 4167 quo
2346 4094 2496 4149 locus
2518 4090 2608 4167 hic
2652 4085 3139 4167 corrigendus’est,
3167 4086 3375 4167 etiamsi
3414 4085 3557 4167 sitim

1954 4172 2008 4225 in
2031 4170 2152 4225 aliis
2173 4155 2304 4223 m'ss.
2324 4179 2387 4219 ac
2408 4162 2618 4220 cunctis
2637 4155 2825 4215 editis'
2840 4161 3062 4229 legatur,
3095 4168 3141 4213 et
3168 4157 3395 4229 humoris
3417 4155 3556 4209 indi-

1955 4252 2094 4311 gent,
2124 4240 2311 4294 vitiosa
2341 4247 2517 4311 tamen
2545 4242 2645 4311 est
2681 4231 2871 4311 lectio}
2898 4227 3051 4311 quod
3078 4236 3286 4309 constat
3316 4227 3416 4281 hac
3466 4242 3557 4280 ra-

1958 4300 2134 4378 tione,
2163 4326 2322 4380 quam
2365 4306 2540 4380 solide
2580 4304 2775 4380 allegat
2800 4300 3120 4380 Thuiuasius
3138 4300 3309 4380 ,_quia
3357 4313 3553 4380 nem-pe

1952 4368 2149 4439 humor
2173 4368 2388 4438 additus
2428 4376 2667 4441 ltrvitati,
2687 4368 2816 4427 vnon
2850 4374 3023 4427 solum
3066 4370 3265 4425 nullam
3293 4368 3558 4423 Cohmsio-

1950 4472 2097 4521 nem,
2128 4457 2223 4511 sed
2254 4454 2460 4522 lapsum
2486 4445 2916 4522 potiusefﬁciet.
2946 4443 3231 4522 Caucasus.

2023 4512 2206 4583 U
2237 4512 2409 4579 dissici
2431 4512 2651 4576 valeant.
2678 4517 2773 4570 llic
2796 4530 3007 4571 rursum
3039 4518 3205 4569 habes
3222 4512 3441 4583 verbum
3461 4524 3559 4583 an-

1868 4572 1923 4633 D
1954 4572 2595 4670 cujus
2641 4589 3051 4670 explicationem
3094 4581 3553 4670 supra'vide,_lib.

1956 4654 2029 4736 ιι,’
2046 4685 2168 4739 cap.
2203 4670 2258 4725 8.
2284 4654 2439 4739 Nota,
2460 4654 2619 4739 male
2641 4661 2693 4714 in
2715 4654 2837 4715 'rec.
2865 4657 2901 4712 2
2930 4658 3089 4729 ch.,
3121 4654 3342 4711 i'Colb.
3396 4662 3452 4710 et
3500 4654 3553 4708 in

1956 4732 2324 4798 editis-haberi
2348 4736 2537 4805 disjici.
2581 4732 2751 4788 ϐΑιι..

2030 4794 2389 4867 construatur.
2420 4794 2479 4863 In
2507 4807 2533 4861 I
2565 4805 2779 4860 Bouon.
2825 4802 2990 4871 antiq.
3044 4806 3359 4854 conseratur.
3403 4795 3462 4850 In
3488 4794 3557 4851 12

1958 4901 2090 4943 mss.
2124 4899 2237 4941 ree.
2264 4894 2321 4938 et
2352 4880 2420 4937 10
2447 4878 2604 4935 editis
2631 4877 2987 4930 constituatur.

2035 4939 2217 5012 Hicest
2244 4956 2351 5010 ille.
2405 4952 2622 5008 Scilicet
2655 4946 2942 5016 Epicurus,
2990 4946 3056 4998 ad
3084 4956 3241 5016 quem
3284 4939 3399 4994 hac
3437 4952 3557 4993 car-

1962 5034 2100 5088 mina
2132 5027 2520 5099 rcSpiciuntgex
2553 5013 2912 5099 Ducretiilib.
2943 5032 3024 5099 ut,
3054 5016 3105 5068 in
3139 5013 3262 5099 (inf:

2038 5081 2336 5156 Ir’rtestina‘it
2356 5094 2553 5151 stellas.
2582 5090 2710 5146 Mss.
2734 5093 2768 5146 4
2799 5090 2956 5159 Reg.
2985 5089 3174 5159 Cane,
3203 5083 3378 5153 Lips.,
3409 5081 3553 5159 PaL,

1962 5154 2290 5231 Juu..Caut.
2325 5169 2429 5224 eti
2452 5165 2578 5219 editi
2612 5154 3085 5231 feruntres'tinrit;
3111 5156 3145 5210 6
3179 5159 3347 5231 typis
3369 5154 3559 5209 excusi

1963 5225 2263 5305 restrinirit;
2296 5242 2329 5295 6
2361 5239 2513 5307 Reg,
2540 5235 2574 5290 6
2599 5230 2864 5307 Colbert.,
2890 5225 3554 5307 LSt_irbon.,'i_Clarom.,

1965 5296 2175 5381 'B‘r—urn;
2205 5296 2258 5368 et
2286 5311 2323 5366 2
2356 5296 2468 5364 vet:
2502 5296 2636 5381 edit.
2664 5296 2857 5381 Rom,
2890 5298 3246 5381 ιξωιὶηφὶιηΛι
3272 5296 3555 5381 Lucretius

1966 5370 1997 5442 5
2040 5370 2300 5444 Latnhino
2344 5378 2663 5436 emendatus
2712 5376 2839 5447 legit
2892 5372 3210 5447 Prtestiuasit,
3256 5370 3557 5447 eodemque

1965 5438 2350 5516 verboiﬁﬁutitur
2375 5452 2467 5507 lib.
2500 5465 2537 5505 ιι
2565 5460 2619 5504 et
2664 5467 2736 5507 tv.
2764 5438 3162 5516 ‘Prtestinguere
3207 5448 3385 5516 autem
3454 5438 3472 5509 (
3502 5446 3558 5492 ut

1969 5512 2126 5587 docet
2183 5526 2427 5593 Nonius)
2485 5523 2629 5575 valet
2666 5512 3027 5593 obteuehrare
3084 5514 3179 5593 vel.
3217 5512 3552 5593 obscurare,

1970 5580 2529 5673 quemadmodumsol
2571 5597 2822 5649 exoriens
2851 5588 3126 5673 stellarum
3146 5583 3418 5673 fulgorem
3452 5580 3552 5634 ob-

2207 5666 2447 5724 l)ubitari
2478 5679 2583 5718 non
2618 5674 2793 5734 potest
2823 5661 2949 5734 quin
2975 5655 3259 5734 legendum
3291 5654 3361 5708 sit
3385 5667 3549 5734 _prazs-

2179 5757 2282 5795 uuu
2306 5736 2561 5801 restinxit,
2591 5724 2681 5790 aut
2708 5724 2960 5795 extimuit;
2992 5724 3098 5784 non
3131 5727 3274 5804 enirn
3296 5724 3399 5804 sol
3425 5737 3554 5804 exof

1975 5798 2428 5872 rieus'stellarum
2463 5798 2804 5876 splendorem
2831 5803 3119 5876 extinguit,
3154 5798 3246 5852 sed
3276 5802 3551 5876 dumtaxat

1977 5865 2318 5961 sitisenim.
2340 5865 2628 5948 Restinguit
2654 5890 2833 5937 autem
2861 5865 3028 5931 tuult'o
3051 5871 3257 5927 minus:
3277 5883 3398 5922 nam
3423 5865 3549 5919 [lese
