4038 6358
523 274 630 335 403
1609 270 1796 335 FIRM.
1827 270 2201 335 LACTANTII
2238 271 2446 335 DIVIN.
2477 270 2720 337 INSTIT.
3698 283 3787 342 101

597 386 1018 461 Quosequidem
1068 400 1257 444 versus
1307 400 1603 460 numquam
1652 386 1770 453 sine
1797 390 1911 449 risu
1944 390 2129 463 legere
2153 392 2209 454 Α
2235 390 2534 461 punitatem
2562 391 2708 451 vitiis
2725 392 2842 457 suis
2871 393 3196 465 spopondit;
3219 394 3319 455 fuit
3337 398 3482 456 enim
3501 401 3789 469 turpissima:

528 497 771 556 possum.
798 480 915 536 Non
946 481 1089 536 enim
1113 479 1182 536 de
1214 480 1459 549 Socrate,
1492 491 1583 536 aut
1605 480 1830 538 Platone
1872 482 1977 545 hoc
2021 483 2129 543 sal-
2233 487 2523 559 voluptatis
2553 497 2819 557 assertor,
2849 488 3004 565 cujus
3034 489 3310 575 capiendae
3335 506 3520 561 causa,
3548 497 3682 565 nasci
3704 497 3791 553 lio.

532 575 887 645 temdicebat,
912 574 1001 645 qui
1020 574 1336 646 velntreges
1358 574 1627 641 habentur
1644 575 2124 648 philosophorum:
2234 581 2434 636 minem
2464 580 2690 652 putavit.
2724 579 2877 649 Quis,
2901 597 3023 636 cum
3051 574 3153 637 hee
3178 581 3436 639 affirmari
3458 584 3653 654 audiat,
3673 591 3792 659 vitiis

531 669 626 727 sed
667 668 733 728 de
782 667 1003 723 homine
1024 709 1038 736 ,
1072 684 1178 739 quo
1219 682 1353 723 sano
1398 676 1453 722 et
1498 667 1733 737 vigente,
1762 669 1956 729 'nullus
1986 685 2130 742 aeger
2234 683 2289 731 et
2311 675 2608 732 sceleribus
2628 675 2937 731 abstineat?
2959 674 3091 730 Nam
3114 676 3159 730 si
3180 676 3433 746 periturae
3461 687 3582 747 sunt
3602 681 3789 751 animm,

530 762 765 837 ineptius
801 761 1073 817 deliravit.
1105 758 1295 832 Itaque
1340 769 1499 831 poeta
1548 759 1899 817 inanissimus
1955 762 2131 821 leonis
2234 776 2552 839 appetamus
2577 766 2814 835 divitias,
2848 776 2907 822 ut
2936 782 3128 823 omnes
3147 768 3441 825 suavitates
3467 785 3651 841 capere
3690 788 3795 844 pos-

529 854 779 911 laudibus
808 870 1016 921 murem
1042 869 1149 908 non
1182 852 1430 919 ornavit,
1472 852 1567 908 sed
1594 852 1775 913 obruit
1805 863 1857 909 et
1885 852 2128 913 obtrivit.
2232 861 2406 916 simus
2435 879 2448 916 :
2475 877 2598 934 quas
2622 862 2667 917 si
2699 862 2856 918 nobis
2882 862 3100 931 desunt,
3125 864 3194 918 ab
3221 864 3286 919 iis
3309 865 3397 936 qui
3429 865 3639 934 habent,
3665 869 3794 928 aure.

531 951 602 1005 At
645 949 786 1004 idem
819 962 920 1003 nos
960 956 1109 1003 metu
1134 946 1331 1002 liberat
1354 947 1565 1014 mortis,
1598 945 1666 1001 de
1692 961 1797 1017 qua
1827 945 2132 1017 hmcipsius
2236 970 2421 1010 ramus
2476 956 2639 1023 clam,
2673 955 2821 1021 dolo,
2868 955 2957 1022 vi;
3000 973 3067 1012 eo
3096 958 3287 1029 magis,
3336 960 3381 1014 si
3434 959 3686 1029 humanas
3723 982 3796 1022 res

528 1042 696 1098 verba
717 1051 845 1097 sunt
871 1055 1164 1113 expressa:
1197 1059 1216 1093 ‹
1239 1039 1468 1110 Quando
1495 1055 1593 1095 nos
1610 1056 1823 1107 sumus,
1851 1056 1998 1098 mors
2021 1057 2132 1097 non
2241 1046 2380 1101 Deus
2412 1046 2591 1102 nullus
2618 1057 2770 1103 curat
2798 1090 2811 1114 ,
2845 1049 3298 1120 quandocumque
3344 1068 3469 1124 spes
3499 1054 3798 1127 impunitatis

528 1143 651 1189 est:
700 1132 918 1205 quando
960 1146 1108 1187 mors
1144 1142 1249 1199 est,
1293 1145 1393 1185 nos
1430 1147 1537 1187 non
1568 1146 1789 1201 sumus;
1821 1148 1970 1188 mors
2002 1148 2133 1203 ergo
2236 1138 2500 1206 arriserit,
2556 1141 2853 1211 rapiamus,
2912 1158 3188 1198 necemus.
3239 1128 3510 1214 Sapientis
3556 1156 3633 1201 est
3677 1151 3796 1206 enim

529 1224 663 1283 nihil
694 1225 763 1280 ad
795 1241 915 1280 nos.
949 1244 969 1278 ι
1002 1225 1173 1294 Quam
1201 1233 1391 1298 argute
1427 1241 1525 1280 nos
1556 1224 1781 1280 fefellit!
1814 1228 1968 1301 quasi
2000 1243 2133 1285 vero
2236 1231 2579 1298 malefacere,
2608 1233 2653 1288 si
2677 1243 2731 1289 et
2759 1235 2892 1290 utile
2920 1236 3011 1313 sit,
3038 1244 3092 1291 et
3123 1246 3324 1303 tntum;
3358 1239 3606 1309 quoniam
3636 1241 3675 1294 si
3701 1242 3798 1310 quis

530 1328 801 1375 transacta
835 1335 984 1375 mors
1015 1320 1291 1388 timeatur,
1319 1335 1422 1393 qua
1439 1319 1549 1395 jam
1576 1334 1769 1387 sensus
1787 1330 2009 1390 ereptus
2025 1332 2131 1390 est,
2237 1325 2291 1380 in
2318 1327 2458 1381 caelo
2475 1326 2615 1381 Deus
2640 1337 2744 1393 est,
2771 1341 2877 1382 non
2907 1326 3160 1383 irascitur
3179 1330 3453 1400 cuiquam.
3481 1329 3649 1402 [Eque
3676 1318 3799 1391 stulti

531 1427 595 1467 ac
628 1428 734 1467 non
784 1413 962 1483 ipsum
994 1414 1157 1483 mori,
1190 1428 1297 1487 quo
1343 1428 1539 1473 sensus
1580 1415 1829 1485 eripitur.
1865 1417 1961 1473 Est
1988 1417 2135 1477 enim
2237 1429 2321 1475 est
2350 1430 2403 1475 et
2428 1419 2780 1487 benefacere;
2805 1421 2929 1491 quia
2952 1421 3089 1478 sicut
3113 1423 3190 1477 ira
3214 1438 3318 1478 non
3347 1435 3720 1493 commovetur,
3743 1429 3800 1485 ita

532 1513 748 1577 tempus
777 1506 1016 1581 aliquod,
1053 1521 1159 1579 quo
1187 1521 1286 1561 nos
1327 1507 1620 1573 etiamnum
1650 1522 1859 1577 sumus,
1904 1518 1952 1565 et
1987 1524 2136 1569 mors
2240 1525 2341 1567 nec
2360 1516 2530 1583 gratia
2546 1511 3189 1585 tangiturNolnptatibus
3213 1516 3403 1586 igitur,
3427 1532 3638 1588 quoquo
3668 1520 3801 1583 modo

532 1609 713 1657 tamen
765 1601 1003 1655 nondum
1044 1609 1161 1667 est;
1211 1600 1372 1675 idque
1413 1599 1587 1671 ipsum
1637 1601 1850 1659 videtur
1877 1602 2134 1671 miserum
2238 1620 2548 1677 possumus,
2576 1605 2898 1662 serviamus.
2934 1606 3094 1662 Brevi
3120 1607 3264 1663 enim
3294 1620 3540 1679 tempore
3572 1611 3687 1666 nulli
3719 1612 3802 1668 eri-

531 1707 674 1760 esse,
699 1709 821 1749 cum
850 1703 905 1749 et
933 1709 1084 1749 mors
1106 1707 1227 1749 esse
1250 1692 1457 1765 incipit,
1477 1704 1531 1749 et
1557 1709 1656 1749 nos
1675 1710 1795 1751 esse
1812 1694 2133 1759 desinimus.
2240 1714 2363 1756 mus
2404 1699 2647 1756 omnino.
2684 1700 2826 1771 Ergo
2874 1700 3079 1755 nullum
3119 1701 3261 1756 diem
3288 1744 3303 1768 ,
3356 1703 3558 1756 nullum
3606 1703 3803 1775 denique

601 1787 710 1844 Nec
731 1789 929 1844 frustra
953 1788 1154 1843 dictum
1179 1796 1261 1844 est
1296 1806 1311 1844 :
1340 1788 1484 1844 Mors
1507 1790 1703 1847 misera
1732 1804 1839 1857 non
1868 1798 1973 1853 est.
2000 1789 2134 1853 Adio
2164 1800 2214 1862 Β
2243 1793 2507 1864 temporis
2550 1803 2807 1863 punctum
2834 1791 3005 1849 fluere
3031 1793 3189 1867 nobis
3225 1794 3346 1849 sine
3374 1794 3642 1865 voluptate
3670 1797 3804 1866 patia-

530 1892 618 1937 tus
640 1882 707 1949 ad
737 1891 971 1937 mortem
998 1890 1083 1937 est
1106 1881 1308 1937 miser:
1340 1881 1443 1936 hoc
1466 1891 1569 1953 est,
1604 1882 1796 1949 moer
1830 1881 2131 1953 tabescere,
2243 1902 2395 1945 mur:
2439 1901 2543 1955 ne,
2592 1886 2718 1957 quia
2749 1886 2849 1957 ipsi
2879 1885 3203 1958 quandoque
3241 1887 3469 1957 perituri
3508 1903 3720 1954 sumus,
3762 1889 3803 1945 id

534 1977 700 2032 ictum
731 1976 960 2047 perpeti,
996 1975 1201 2039 ferrum
1229 1991 1460 2046 corpore
1482 1976 1754 2049 excipere,
1786 1976 1981 2041 ardere
2000 1978 2130 2050 igni,
2243 1978 2418 2051 ipsum
2446 1977 2589 2049 quod
2612 1978 2852 2033 viximus
2883 1987 3090 2049 pereat.

531 2067 787 2125 dentibus
817 2067 1112 2123 bestiarum
1144 2067 1358 2131 laniari.
1386 2067 1512 2137 Haec
1540 2079 1668 2127 sunt
1696 2084 1816 2139 qum
1850 2069 2131 2139 timentur,
2316 2072 2428 2127 Hoc
2471 2072 2562 2127 ille
2593 2072 2804 2128 tametsi
2834 2087 2944 2127 non
2986 2072 3117 2128 dicit
3144 2074 3314 2129 verbo
3336 2115 3351 2138 ,
3400 2088 3461 2130 re
3502 2081 3671 2130 tamen
3712 2074 3803 2145 ipsa

531 2177 640 2219 non
685 2164 807 2234 quia
853 2172 1083 2227 mortem
1115 2162 1376 2235 atterunt,
1423 2162 1521 2220 sed
1550 2163 1676 2237 quia
1716 2163 1962 2221 dolorem
2016 2181 2134 2221 ma-
2244 2165 2422 2222 docet.
2446 2165 2580 2221 Nam
2603 2180 2725 2222 cum
2750 2166 3007 2238 disputat,
3034 2168 3212 2223 omnia
3236 2169 3538 2240 sapientem
3567 2185 3655 2225 sua
3673 2184 3805 2226 causa

527 2272 715 2331 gnum.
770 2257 909 2324 Quin
979 2256 1161 2329 potius
1212 2254 1369 2313 efﬁce
1430 2271 1502 2312 ne
1554 2257 1715 2313 dolor
1772 2258 1972 2325 malum
2042 2258 2132 2315 sit.
2245 2256 2441 2323 facere,
2473 2258 2539 2312 ad
2573 2258 2858 2314 utilitatem
2887 2273 3038 2314 suam
3068 2258 3237 2315 refert
3259 2261 3444 2316 omnia
3467 2277 3585 2333 qua!
3613 2263 3724 2332 agit.
3747 2262 3806 2316 Ita

530 2350 809 2422 Omnium,
854 2354 1045 2425 inquit,
1092 2352 1358 2413 malorum
1390 2354 1684 2411 maximum
1731 2362 1837 2413 est.
1867 2352 1969 2418 Qui
2006 2366 2137 2429 ergo
2246 2353 2334 2423 qui
2363 2350 2510 2407 audit
2540 2350 2657 2407 haec
2682 2349 2900 2423 ﬂagitia,
2934 2367 3035 2408 nec
3062 2353 3187 2408 boni
3217 2355 3511 2426 quidquam
3543 2354 3803 2421 faciendum

532 2465 641 2515 non
671 2462 893 2522 possum
924 2464 1032 2507 non
1054 2448 1265 2516 timere,
1293 2450 1336 2507 si
1364 2448 1438 2513 i'd,
1471 2448 1619 2520 quod
1648 2457 1883 2505 mortem
1918 2457 2136 2505 antece-
2196 2473 2201 2479 -
2246 2446 2491 2515 putabit,
2540 2447 2791 2516 quoniam
2833 2445 3151 2502 benefacere
3196 2447 3262 2501 ad
3316 2447 3604 2519 utilitatem
3634 2457 3807 2520 spectat

534 2540 633 2609 dit,
658 2550 751 2595 aut
780 2540 971 2609 efficit,
1020 2540 1223 2605 malum
1252 2540 1376 2596 est?
1398 2539 1562 2609 Quid,
1611 2540 1753 2612 quod
1788 2548 1957 2595 totum
2002 2540 2137 2607 illud
2245 2540 2497 2603 alienam,
2534 2552 2634 2593 nec
2661 2553 2691 2593 a
2720 2537 2928 2594 scelere
2956 2538 3338 2593 abstinendum
3361 2581 3376 2607 ,
3425 2541 3547 2610 quia
3578 2538 3806 2595 maleficio

535 2645 915 2704 argumentum
949 2632 1143 2688 falsum
1169 2632 1289 2688 est?
1316 2632 1441 2703 quia
1474 2646 1580 2687 non
1614 2632 1890 2689 intereunt
1916 2631 2134 2690 animat.
2248 2630 2425 2701 praeda
2454 2630 2736 2701 conjuncta
2767 2642 2870 2687 ρει.
2906 2628 3262 2703 Archipyrata
3295 2633 3603 2702 quisquam,
3637 2631 3709 2686 vel
3746 2629 3807 2684 la-

537 2728 744 2801 Animze
768 2727 1129 2798 vero,inquit,
1149 2727 1438 2793 intereunt,
1464 2725 1597 2787 Nam
1614 2727 1891 2799 quodcum
1910 2743 2141 2803 corpore
2247 2734 2463 2781 tronum
2494 2724 2704 2791 ductor,
2752 2726 2796 2781 si
2827 2741 2953 2781 suos
2994 2726 3062 2780 ad
3103 2726 3463 2805 grassandum
3492 2730 3803 2791 coliortetur;

537 2822 800 2887 nascitur,
822 2836 945 2889 cum
976 2834 1207 2890 corpore
1238 2820 1469 2881 intereat
1501 2834 1726 2877 necesse
1756 2810 1862 2877 est.
1884 2819 2004 2883 Jam
2043 2835 2141 2879 su-
2245 2833 2353 2889 quo
2383 2819 2489 2872 alio
2516 2833 2771 2874 sermone
2800 2819 2874 2874 uti
2906 2829 3103 2888 potest,
3150 2835 3313 2890 quam
3365 2831 3424 2875 ut
3463 2820 3642 2877 eadem
3668 2821 3800 2882 dicat,

535 2914 718 2984 peritis
764 2913 897 2976 dixi,
917 2912 1135 2969 differre
1167 2927 1254 2968 me
1287 2915 1428 2977 hunc
1450 2912 1629 2973 locum
1673 2913 1886 2986 melius,
1913 2923 1968 2970 et
1987 2913 2143 2987 Operi
2245 2928 2365 2983 quae
2389 2912 2521 2967 dicit
2553 2911 2857 2982 Epicurus?
2882 2911 3025 2968 Deos
3054 2913 3181 2967 nihil
3209 2928 3438 2981 curare;
3475 2931 3576 2970 non
3605 2917 3692 2982 ira,
3721 2930 3804 2968 non

540 3007 728 3069 ultimo
754 3021 1058 3065 reservare.
1080 3016 1139 3060 ut
1163 3004 1302 3059 hanc
1333 3004 1547 3075 Epicuri
1574 3005 2142 3076 persuasionem,sive
2245 2994 2417 3077 gratia
2448 3006 2628 3076 tangi;
2664 3004 2960 3061 inferorum
2992 3021 3178 3076 poenas
3217 3023 3323 3060 non
3358 3024 3480 3063 esse
3511 3008 3802 3073 metuendos,

535 3103 626 3159 illa
662 3102 973 3169 Democriti,
1008 3102 1122 3159 sive
1146 3100 1439 3163 Dicaearchi
1471 3098 1590 3167 fuit,
1623 3109 1678 3155 et
1700 3102 2054 3172 argumentis,
2087 3110 2141 3159 et
2169 3085 2215 3149 C
2246 3102 2390 3173 quod
2421 3102 2615 3155 animae
2653 3108 2774 3170 post
2800 3106 3030 3154 mortem
3062 3100 3331 3167 occidant,
3367 3114 3469 3157 nec
3494 3101 3584 3156 ulli
3622 3101 3804 3169 omnino

536 3201 736 3261 divinis
756 3198 1082 3259 testimoniis
1104 3195 1764 3271 redarguam.Vcrumille
1784 3195 2017 3255 fortasse
2040 3197 2144 3259 im-
2249 3198 2357 3250 sint
2388 3194 2579 3260 inferi;
2611 3192 2941 3263 voluptatem
2971 3207 3092 3250 esse
3122 3193 3420 3249 maximum
3452 3195 3668 3263 bonum;
3709 3192 3803 3247 uul-

1866 3292 2222 3351 VABIORUM
2254 3290 2485 3348 NOTzE.

537 3395 766 3466 tinguere
791 3390 857 3446 de
887 3389 1082 3466 aLdore
1107 3397 1198 3444 aut
1226 3388 1409 3443 calore
1434 3386 1654 3449 dicitur,
1691 3402 1795 3442 non
1828 3386 1895 3442 de
1920 3388 2128 3444 lumine
2232 3384 2810 3466 cenlioribus'excri‘sis
2834 3390 2917 3440 est
2934 3383 3187 3466 aferant:

539 3456 880 3537 auii’uigore.
912 3460 997 3516 Ea:
1026 3461 1286 3527 Lausum.
1621 3529 1663 3537 __
2083 3531 2094 3537 _
2248 3532 2261 3537 _
2281 3458 2644 3537 Δοιιρριιροιίηι
2670 3457 2805 3527 efﬁce
2822 3473 2887 3537 ita
2910 3457 3058 3537 dolor
3074 3458 3286 3537 malunt
3301 3458 3393 3537 sit.
3424 3456 3515 3513 Sic
3540 3456 3802 3537 restituite:

612 3528 833 3601 Quaado
858 3552 991 3595 mors
1021 3544 1113 3594 est.
1145 3550 1236 3591 nos
1256 3549 1358 3589 non
1388 3548 1583 3595 sumus.
1621 3529 1769 3597 Hauc
1792 3546 1914 3593 esse
1936 3531 2127 3601 genui-
2241 3530 2309 3593 ιο
2344 3530 2540 3601 editis,
2573 3544 2635 3601 ac
2665 3529 3069 3601 vetustissimis
3092 3545 3222 3587 mss.
3255 3528 3290 3585 Ξ
3325 3529 3460 3598 Reg.
3488 3539 3543 3586 et
3584 3529 3643 3585 2i
3685 3529 3800 3601 aliis,

539 3599 661 3664 nam
710 3607 995 3662 lectionem
1045 3614 1258 3660 constat
1289 3620 1359 3659 ex
1410 3604 1640 3670 Bonum,
1692 3600 1851 3665 Tax.,
1906 3599 2065 3665 Pen.,
2095 3602 2131 3657 2
2243 3603 2343 3655 nisi
2394 3600 2535 3671 quod
2571 3600 2622 3654 in
2652 3599 2863 3654 duobus
2891 3609 2975 3654 est
2997 3600 3139 3670 eﬁici,
3177 3602 3226 3654 in
3257 3616 3353 3654 sex
3385 3603 3574 3671 efﬁcit;
3604 3605 3650 3653 in
3692 3600 3797 3654 lal.

539 3681 730 3743 Brun.,
762 3678 795 3732 6
821 3678 998 3741 Colb.,
1030 3678 1064 3729 2
1091 3674 1327 3730 Ciarom.
1359 3684 1411 3729 ct
1440 3674 1709 3733 .omuibus
1760 3673 1929 3730 Vatic.
1963 3684 2017 3730 et
2061 3691 2133 3729 ex
2241 3672 2375 3741 Reg.
2412 3682 2469 3727 ut
2498 3672 2645 3725 dolor
2676 3672 2868 3725 malum
2908 3687 3008 3724 non
3033 3676 3117 3725 sit.
3156 3671 3263 3728 Sed
3297 3684 3353 3726 et
3383 3671 3614 3726 nostram
3647 3671 3802 3743 lectio-

542 3751 779 3819 Epicuro
828 3750 945 3817 ipso
996 3748 1047 3801 in
1079 3747 1240 3813 epist.
1288 3746 1356 3800 ad
1399 3745 1733 3801 anecenm
1765 3746 1903 3811 apud
1949 3745 2130 3800 Laert.

548 3838 656 3878 non
690 3837 808 3887 qua:
831 3820 993 3889 vulgo
1023 3820 1270 3885 habetur,
1299 3821 1507 3888 quando
1524 3833 1619 3873 nos
1647 3833 1749 3879 non
1778 3833 1975 3883 sumtu,
2002 3833 2140 3871 mors

544 3904 638 3947 est.
671 3890 861 3947 lsmus.
899 3888 1024 3949 llaec
1057 3889 1177 3945 ιδεεί
1218 3890 1483 3947 correctio
1533 3888 1886 3953 canfirinatttr
1929 3904 1958 3943 ο
2004 3903 2138 3944 mss.

540 3964 719 4031 Lips.,
753 3962 891 4030 PaL,
924 3959 1060 4029 Ult.,
1093 3959 1244 4023 Juu.,
1278 3960 1438 4017 editis
1463 3959 1728 4031 Plantim,
1760 3957 1985 4031 Gymn.,
2029 3958 2140 4015 Ge-

546 4030 711 4097 ne’v.,'
751 4033 898 4099 Ald.,
928 4031 1210 4097 Cratand.,
1250 4031 1319 4102 is.
1354 4042 1408 4086 et
1438 4032 1645 4102 Tliysii.
1696 4030 1873 4102 Locus
1926 4030 2143 4100 Epicuri

545 4108 613 4163 ad
642 4106 866 4185 ΜαδιξρίῑΣ
888 4098 972 4185 εἰιξ
1004 4103 1164 4185 habet
1201 4120 1215 4158 :
1252 4099 1411 4185 'Oruv
1442 4102 1495 4185 6_s'
1523 4098 1551 4158 ὅ
1576 4105 1791 4185 θάνᾳτος
1836 4098 2002 4185 cippo,
2045 4103 2147 4185 τρσ

551 4186 701 4252 apri;
729 4178 821 4252 οὐκ
844 4175 1020 4252 ἕσμᾷν.
1041 4174 1336 4252 Gnaeus;
1366 4177 1438 4229 De
1466 4174 2000 4252 bagratiocinatione
2020 4176 2145 4252 vide

548 4244 882 4311 Lucretium,
910 4244 1007 4301 lib.
1036 4262 1117 4313 tu;
1148 4245 1444 4313 Laértium,
1467 4247 1518 4302 in
1548 4245 1782 4316 Epicuro
1808 4261 1823 4311 ;
1856 4246 1979 4300 Aul.
2012 4244 2141 4302 (ἴσαις

550 4323 713 4389 lium,
770 4321 865 4375 lib.
900 4335 960 4384 tt,
993 4333 1110 4387 cap.
1163 4318 1246 4383 8;
1299 4317 1574 4375 Plutarch.
1619 4317 1690 4375 de
1734 4317 2144 4387 Tranquillitate

548 4388 709 4454 Vitae,
739 4404 792 4446 et
817 4392 1087 4451 Slnbmnm
1119 4389 1379 4447 Sermone
1414 4388 1500 4449 15.

629 4464 746 4532 Qua
766 4464 879 4553 jaut
902 4478 1083 4553 sensus
1103 4472 1303 4531 ereptus
1319 4471 1417 4553 ist.
1436 4460 1510 4516 Ita
1529 4459 1743 4553 repgstii
1771 4474 1835 4519 ex
1864 4468 1973 4553 vet.
2008 4459 2139 4553 edit.
2170 4491 2225 4553 Β

554 4535 712 4592 Ront.
743 4532 807 4591 ac
841 4533 1029 4589 Venet.
1059 4548 1158 4587 nec
1182 4548 1287 4589 non
1319 4533 1571 4600 'I‘ornes.,
1617 4532 1814 4587 Cellar.
1848 4542 1903 4589 et
1928 4534 2140 4591 cunctis

552 4623 683 4662 mss.
720 4615 915 4676 printer
946 4608 968 4658 1
1006 4604 1140 4674 Reg.
1171 4615 1225 4660 et
1251 4604 1316 4659 17
1354 4604 1486 4663 edit.
1527 4606 1579 4660 in
1627 4604 1821 4677 quibus
1866 4615 1951 4665 est
1996 4605 2139 4674 quia.

553 4678 690 4735 Vide
722 4680 880 4741 infra,
904 4693 1003 4747 quo
1028 4692 1207 4730 sensus
1234 4676 1470 4746 eripitur.

628 4750 742 4819 Quo
774 4766 865 4805 nos
888 4745 1168 4805 etiamnum
1201 4745 1397 4803 sumus.
1436 4747 1616 4805 Placet
1643 4745 1762 4805 ls:ei
1791 4745 1857 4801 ad
1888 4745 2028 4803 hunc
2052 4746 2142 4819 lo—

553 4818 677 4877 cum
705 4820 1032 4887 observatio,
1057 4820 1146 4889 qui
1176 4833 1272 4889 pro
1313 4833 1380 4875 eo
1405 4818 1547 4889 quod
1581 4821 1632 4874 in
1673 4819 1951 4887 impressis
1981 4818 2145 4874 babe-

554 4904 662 4952 tur.
709 4909 807 4963 quo
837 4902 885 4948 et
913 4909 1005 4947 nos
1032 4894 1148 4961 jam
1196 4908 1301 4945 non
1345 4907 1540 4953 sumus.
1586 4890 2050 4963 legendumputat
2079 4905 2145 4945 eo

556 4961 856 5034 modoquo
883 4963 1074 5017 excudi
1105 4965 1442 5034 curavimus.
1476 4962 1631 5019 Ratio
1669 4962 1788 5031 eius
1807 4961 2142 5034 solidissima

556 5044 660 5097 est;
676 5038 719 5087 si
734 5032 876 5091 enim
896 5043 1109 5106 tempus
1125 5044 1209 5090 est
1228 5033 1467 5105 aliquod,
1488 5048 1595 5103 quo
1614 5043 1666 5106 et
1682 5049 1781 5087 nos
1800 5032 1908 5102 iam
1930 5047 2146 5106 non_su-

556 5121 699 5172 mus,
731 5116 784 5160 et
824 5121 969 5161 mors
995 5104 1234 5161 nondum
1269 5104 1371 5171 est,
1404 5116 1551 5167 recte
1580 5105 1781 5163 dictum
1814 5114 1899 5160 est
1931 5104 1998 5157 ab
2021 5104 2146 5173 Epi—

559 5191 711 5241 curo,
743 5176 884 5247 quod
915 5191 980 5232 eo
1009 5186 1252 5245 tempore
1284 5194 1428 5235 mars
1445 5176 1578 5233 nihil
1598 5177 1663 5231 ad
1689 5191 1808 5233 nos.
1835 5175 2145 5231 Laetantius

560 5262 688 5302 vero
712 5248 1039 5305 Contrarium
1071 5250 1321 5316 intenuit,
1346 5259 1402 5302 ut
1427 5258 1575 5319 patet
1592 5264 1656 5302 ex
1683 5262 1870 5319 scopo,
1890 5248 1932 5300 si
1962 5255 2145 5319 textus

558 5326 767 5374 attente
808 5318 1165 5387 exuendatur.
1222 5320 1288 5373 Et
1315 5317 1678 5390 sane,lapsus
1707 5317 1878 5390 faeilis
1910 5317 2008 5372 fuit
2043 5334 2145 5373 non

561 5405 660 5461 pro
701 5406 825 5461 num
871 5389 1252 5447 subsdtuendi.
1284 5390 1427 5447 Edit.
1456 5387 1692 5461 Grapbei
1722 5400 1779 5447 et
1822 5387 2067 5460 Gymnici
2091 5399 2148 5446 et

560 5460 663 5517 ius.
706 5460 831 5517 Jun.
863 5469 1101 5517 nostram
1134 5464 1271 5517 hanc
1299 5460 1734 5520 emendatibnem
1779 5462 2139 5530 confirmant;

558 5532 913 5606 carentenim
942 5531 1030 5587 illa
1054 5534 1337 5606 negatione
1367 5549 1487 5602 «inae
1517 5534 1571 5589 in
1595 5533 1838 5606 reliquis,
1867 5543 1977 5587 tum
2011 5548 2141 5590 mss.

559 5616 682 5658 cum
710 5600 870 5657 editis
899 5600 1186 5657 invenitur.
1218 5600 1510 5660 GALLAaus.

634 5673 768 5746 Cum!
789 5685 835 5746 et
861 5689 997 5727 mars
1023 5674 1353 5746 esseincipit.
1390 5677 1510 5731 Mss.
1539 5676 1606 5731 17
1627 5684 1681 5731 et
1701 5674 1835 5733 edit.
1865 5674 1921 5744 5,
1945 5675 2080 5746 quod
2100 5683 2148 5732 et

562 5744 775 5818 mergi
808 5745 1013 5818 Borion.
1043 5745 1208 5815 antiq.
1255 5744 1311 5802 et
1337 5746 1523 5813 Brun.,
1546 5763 1644 5818 quo
1675 5758 1722 5803 et
1746 5763 1906 5802 mors.

630 5811 884 5883 Aliarum.
914 5814 989 5873 Es
1021 5828 1149 5877 mss.
1172 5811 1235 5874 'et
1272 5817 1306 5873 9
1329 5811 1598 5879 veteribus
1625 5818 1785 5877 editis
1812 5826 1931 5887 ωε
1976 5818 2032 5877 in
2059 5831 2148 5878 re-

2244 3760 2368 3800 nem
2398 3756 2614 3798 secutus
2648 3753 2732 3798 est
2769 3743 2991 3812 gallicus
3035 3746 3345 3811 interpres:
3381 3744 3424 3797 0
3461 3744 3686 3811 Epicure,
3726 3741 3803 3813 {ais

2244 3816 2409 3888 plutét
2440 3832 2535 3888 que
2566 3815 2783 3871 dattteur
2808 3830 2873 3888 tta
2897 3814 2995 3888 soi}
3024 3815 3171 3888 point
3201 3817 3324 3871 mal.
3360 3815 3416 3877 ln
3444 3833 3536 3873 sex
3565 3814 3709 3873 editis
3746 3813 3803 3867 le-

2247 3884 2414 3959 gitur,
2449 3884 2577 3953 Qua:
2605 3903 2682 3940 res
2711 3886 2881 3955 potius
2908 3884 3074 3959 efﬁcit,
3104 3896 3156 3940 ut
3183 3887 3332 3959 dolor
3359 3890 3549 3947 malum
3573 3888 3650 3942 sit.

2325 3959 2460 4025 Quia
2492 3974 2590 4011 non
2636 3959 2891 4022 intereunt
2919 3958 3121 4010 animm.
3163 3957 3364 4011 Anium:
3408 3976 3521 4013 vero
3567 3959 3798 4011 intereunt.

2249 4030 2324 4085 Ita
2358 4029 2641 4084 emendavi
2665 4044 2730 4099 ex
2757 4042 2858 4081 tus.
2894 4028 3024 4097 Reg.
3055 4028 3161 4083 100
3206 4044 3400 4084 amtor.
3432 4032 3639 4099 optima:
3667 4035 3796 4089 ttottl',

2252 4101 2694 4172 succurrentibus
2711 4098 2746 4157 2
2767 4101 3068 4157 veterrimis
3097 4100 3304 4170 Regiis,
3335 4098 3549 4172 alioque
3570 4102 3687 4169 Reg.
3709 4113 3797 4172 res.

2251 4182 2308 4229 et
2336 4171 2422 4228 ed.
2459 4171 2634 4229 Betui.
2682 4170 2735 4229 in
2769 4172 2969 4241 quibus
3016 4167 3301 4227 semelest
3329 4167 3550 4239 animis;
3575 4184 3624 4231 et
3647 4167 3707 4224 in
3746 4167 3798 4222 15

2252 4245 2468 4314 scriptis
2498 4255 2552 4298 et
2581 4244 2641 4313 11
2674 4241 2927 4314 vulgatis.
2961 4259 3092 4311 rere,
3125 4244 3321 4314 inquit;
3350 4247 3402 4300 in
3438 4246 3616 4306 tribus,
3643 4253 3795 4314 verum.

2252 4260 2468 4370 εοἩηιε
2498 4260 2552 4298 et
2581 4260 2641 4313 it
2674 4260 2927 4369 Vllifﬂlls.
2961 4260 3092 4329 uere,
3125 4260 3321 4314 inquit;
3350 4262 3402 4300 Ill
3438 4260 3616 4327 tritius,
3643 4260 3795 4321 verum.

2252 4385 2327 4447 lib
2381 4332 2549 4445 retia“
2592 4324 2688 4371 es"
2723 4315 2739 4375 1
2811 4324 2931 4385 pum
2962 4315 3253 4384 Lp'cu'm"
3286 4326 3521 4377 summat
3562 4315 3798 4373 Lucretius

2275 4403 2346 4445 ΙΙ).
2381 4403 2455 4445 ιιι.

2327 4458 2484 4528 Operi
2528 4455 2727 4515 ultimo.
2776 4455 2887 4513 Hoc
2921 4457 3227 4528 exequitur
3265 4457 3572 4515 Lactantius
3600 4458 3683 4513 lib.
3722 4468 3795 4517 vn,

2247 4531 2465 4600 capitib.
2495 4529 2549 4587 7.
2569 4529 2625 4595 8,
2649 4540 2779 4593 etc.;
2809 4527 3161 4600 etEpilutue,
3191 4544 3312 4599 cap.
3342 4530 3427 4587 10.

2319 4597 2733 4669 Democriti,etc.
2763 4597 2966 4657 lllefui't
2993 4597 3301 4667 Abderites,
3330 4605 3420 4673 qui
3447 4612 3643 4661 atomos
3666 4609 3795 4653 exco-

2246 4673 2499 4747 gitaverit
2530 4690 2544 4725 :
2574 4673 2764 4742 quinto
2792 4674 2991 4747 saeculo
3020 4675 3151 4747 vixit
3175 4685 3303 4747 ante
3338 4677 3613 4747 vulgarem
3635 4683 3793 4747 teram,

2248 4744 2485 4817 obiitque
2509 4759 2682 4817 anites
2727 4744 3037 4817 υνυς-109,
3060 4744 3375 4817 Diympiad.
3396 4762 3567 4803 va.
3600 4744 3794 4817 bimar-

2248 4814 2550 4873 chus’vero
2592 4814 2849 4875 Miseuius
2892 4814 2988 4871 fuit
3013 4814 3400 4889 philosophus,
3445 4818 3531 4889 qui
3574 4815 3791 4889 opinatus

2248 4832 2382 4873 CllllS
2422 4832 2550 4872 vero
2592 4832 2849 4875 Misettttts
2892 4832 2988 4871 Illll
3059 4832 3400 4886 IlllOSOpIIUS.
3445 4835 3531 4889 “Ill
3582 4832 3791 4884 epulatus

2247 4904 2418 4961 genus
2446 4888 2739 4961 humanum
2758 4901 2986 4961 semper
3004 4832 3173 4945 liiisse
3194 4928 3211 4956 ,
3252 4898 3415 4961 atque
3445 4888 3612 4945 omnia
3641 4887 3686 4941 in
3717 4883 3799 4936 ilO"

2250 4959 2394 5015 inine
2424 4961 2587 5021 simul
2611 4959 2855 5029 interire,

2322 5052 2657 5120 Turpissima:
2706 5051 3001 5120 voluptatis.
3036 5051 3135 5107 Hic
3178 5052 3263 5108 sui
3297 5053 3394 5108 fuit
3422 5052 3607 5107 oblitus
3644 5052 3793 5119 auctor

2250 5134 2470 5188 noster;
2518 5138 2681 5197 supra
2727 5124 2873 5197 eniin
2916 5123 3163 5197 dixerat,
3217 5125 3502 5197 Epicurum
3545 5121 3791 5177 collocasse

2246 5210 2519 5267 sumntum
2549 5195 2746 5267 bonum
2770 5194 3117 5267 involuptate
3138 5194 3323 5252 animi.
3685 5260 3695 5267 .
3760 5255 3769 5267 ,

2321 5266 2677 5338 Imptmitatis.
2700 5266 2793 5322 Sit:
2818 5260 3011 5321 Cicero
3041 5282 3137 5338 pro
3163 5267 3363 5325 Milone
3393 5260 3788 5335 aitzlmpunilatt't

2248 5356 2362 5411 spes
2384 5340 2609 5393 utamima
2637 5348 2708 5392 est
2737 5338 2977 5393 illecebra
3004 5340 3270 5409 peccandi.

2326 5430 2654 5501 Malefacere.
2691 5433 2759 5484 At
2785 5447 2815 5485 e
2843 5440 3029 5489 contra
3056 5429 3272 5503 Cicero,
3304 5434 3368 5490 de
3390 5432 3609 5503 Officiis,
3628 5427 3782 5503 docet.

2250 5503 2638 5558 bonumvirum
2668 5518 2959 5570 numquam
2989 5501 3355 5573 peccaturum,
3384 5501 3786 5573 etiantsi'imutini‘

2251 5584 2332 5629 tas
2360 5577 2430 5628 sit
2460 5578 2752 5646 proposita.
2787 5565 2935 5652 Nihil
2980 5565 3121 5630 enim
3152 5579 3304 5648 utile,
3337 5565 3474 5649 quod
3502 5589 3594 5629 non
3622 5568 3679 5633 Sil
3704 5565 3781 5619 "0'

2250 5655 2483 5703 nestum.

2320 5736 2409 5815 μα
2433 5738 2520 5815 qui
2544 5737 2691 5815 audit
2733 5737 2839 5793 Ιιωο
2880 5738 3100 5815 ﬂagitia.
3146 5738 3238 5800 Sic
3278 5739 3482 5815 reposui
3507 5752 3566 5796 ex
3602 5743 3708 5791 mss.
3737 5722 3778 5779 1η

2250 5804 2478 5889 vulgatis
2503 5817 2605 5871 est.
2634 5804 2818 5881 Itaque
2838 5804 2925 5887 qui
2953 5804 3122 5877 audit,
3135 5820 3238 5869 etc.

3962 882 3963 975 ψ
