4038 6358
527 324 632 381 407
1573 316 1757 373 FIRM.
1806 312 2175 372 LACTANTII
2207 311 2409 369 DIVIN.
2453 311 2702 371 lNSTlT.
3695 313 3781 370 108

523 432 658 496 Nam
688 439 1025 495 Democritus
1054 435 1106 491 in
1137 435 1237 489 alia
1267 433 1364 490 fuit
1385 434 1755 505 persuasione.
1787 432 1893 489 Sed
1940 440 2121 486 tamen
2148 431 2200 492 Α
2226 441 2401 483 manas
2427 428 2705 499 sapientiae
2730 425 2983 499 princeps
3009 425 3168 492 Cato,
3201 424 3292 497 qui
3340 433 3608 498 antequam
3633 442 3685 484 se
3706 445 3782 484 oc.

710 559 894 623 Sponte
912 569 998 608 sua
1022 556 1159 607 letho
1180 562 1328 620 caput
1344 555 1518 605 obvius
1539 554 1717 605 obtulit
1735 556 1865 617 ipse,

527 702 635 758 quo
663 684 797 741 nihil
834 683 1148 740 sceleratius
1178 682 1291 738 ﬁeri
1346 690 1542 753 potest.
1586 680 1717 737 Nam
1764 681 1811 736 si
1857 679 2121 736 homicida

524 777 764 834 nefarius
792 784 910 840 est,
944 774 1066 846 quia
1099 774 1332 829 hominis
1360 772 1629 829 extinctor
1654 782 1768 839 est,
1798 772 1974 828 eidem
2001 786 2122 829 sce-

522 869 622 924 leri
647 867 940 925 obstrictus
964 876 1070 932 est,
1093 867 1183 938 qui
1205 881 1265 921 se
1292 874 1469 933 necat,
1493 866 1617 935 quia
1645 866 1917 921 hominem
1945 874 2120 921 necat.

518 958 637 1016 Iino
665 973 795 1015 vero
822 958 999 1030 majus
1025 973 1148 1015 esse
1190 958 1243 1013 id
1293 958 1501 1014 facinus
1541 958 1958 1014 existimandum
2003 968 2121 1026 est,

522 1051 677 1122 cujus
706 1051 839 1106 ultio
869 1050 981 1106 Deo
1010 1050 1113 1107 soli
1144 1050 1405 1121 suhjacet.
1438 1050 1573 1106 Nam
1602 1051 1742 1107 sicut
1779 1051 1832 1107 in
1876 1051 2017 1108 hanc
2043 1052 2125 1107 vi-

521 1153 634 1201 tam
676 1160 786 1200 non
829 1156 1013 1201 nostra
1060 1154 1254 1214 sponte
1296 1146 1571 1211 venimus,
1604 1146 1674 1201 ita
1707 1162 1891 1202 rursus
1921 1162 1990 1202 ex
2019 1145 2124 1202 hoc

521 1236 799 1293 domicilio
830 1238 1074 1308 corporis
1094 1278 1112 1303 ,
1140 1237 1282 1308 quod
1315 1238 1571 1293 tuendum
1611 1239 1768 1295 nobis
1791 1239 2122 1310 assignatum

522 1338 629 1395 est,
659 1329 903 1399 ejusdem
927 1330 1079 1400 jussu
1126 1329 1488 1387 recedendum
1517 1340 1622 1399 est,
1668 1332 1759 1402 qui
1786 1347 1887 1387 nos
1921 1334 1976 1389 in
2021 1334 2124 1390 hoc

520 1440 722 1496 corpus
749 1425 978 1493 induxit,
1009 1427 1211 1483 tamdiu
1237 1427 1536 1496 habituros,
1561 1429 1736 1485 donec
1759 1430 1945 1500 jubeat
1968 1429 2125 1485 emit-

522 1518 599 1583 ti;
627 1528 683 1572 et
708 1518 752 1572 si
784 1519 862 1573 vis
904 1519 1084 1591 aliqua
1113 1521 1394 1589 inferatur,
1412 1538 1565 1593 aequa
1596 1536 1776 1579 mente
1815 1524 1870 1579 id
1911 1525 2121 1593 patien-

521 1608 651 1665 dum
679 1620 783 1677 est,
816 1628 936 1667 cum
968 1614 1201 1670 extincta
1246 1616 1550 1672 innocentis
1588 1618 1765 1672 anima
1809 1620 1975 1673 inulta
2003 1633 2124 1675 esse

520 1718 632 1758 non
663 1706 850 1773 possit,
895 1706 1295 1779 habeamusque
1318 1709 1555 1777 judicem
1589 1727 1871 1782 magnum,
1904 1712 1993 1767 cui
2020 1712 2121 1768 soli

519 1797 758 1885 vindicta
787 1801 842 1855 in
870 1801 1081 1873 integro
1104 1817 1319 1875 semper
1342 1816 1444 1860 est.

517 1886 547 1989 ζ]
591 1892 888 1953 Homicida;
913 1897 1072 1969 igitur
1106 1899 1179 1955 illi
1207 1914 1398 1957 omnes
1427 1902 1749 1976 philosophi,
1780 1916 1835 1962 et
1881 1908 1998 1978 ipse
2022 1924 2115 1966 ro-

2227 518 2465 587 cideret,
2498 519 2794 591 perlegisse
2832 518 3072 573 Platonis
3110 518 3305 575 librum
3336 518 3557 587 dicitur,
3600 522 3681 592 qui
3714 532 3784 579 est

2226 613 2461 683 scriptus
2489 611 2559 669 de
2586 614 2889 668 aeternitate
2915 613 3240 679 animarum,
3267 622 3323 669 et
3344 612 3410 667 ad
3439 627 3685 669 summum
3707 631 3783 672 ne-

2227 705 2308 761 fas
2335 706 2639 776 philosophi
2663 706 2984 761 auctoritate
3009 705 3325 777 compulsus
3344 714 3445 771 est;
3473 713 3524 762 et
3537 704 3618 763 hic
3634 715 3782 764 tamen

2225 798 2459 870 aliquam
2497 799 2762 855 moriendi
2807 813 3025 854 causam
3070 798 3287 853 videtur
3329 796 3607 865 habuisse,
3635 799 3784 855 odium

2225 892 2512 947 servitutis.
2546 890 2685 959 Quid
2727 891 3099 948 Ambraciotes
3130 890 3251 956 ille,
3280 890 3393 959 qui,
3423 905 3542 945 cum
3569 891 3788 947 eumdunt

2229 983 2432 1039 librum
2460 984 2775 1057 perlegisset
2798 984 3127 1055 praecipitem
3156 996 3216 1038 se
3243 981 3412 1048 dedit,
3441 981 3631 1037 nullam
3656 982 3788 1037 aliam

2226 1074 2299 1132 ob
2325 1090 2567 1143 causam,
2614 1076 2718 1132 nisi
2763 1076 2904 1147 quod
2948 1075 3160 1129 Platoni
3203 1073 3467 1129 credidit?
3502 1073 3793 1131 Execrabilis

2229 1183 2455 1240 prorsus
2478 1185 2542 1227 ac
2567 1168 2817 1240 fugienda
2838 1169 3103 1236 doctrina,
3125 1168 3169 1224 si
3197 1168 3365 1238 abigit
3385 1167 3622 1224 homines
3641 1183 3667 1222 a
3686 1169 3789 1223 vita.

2226 1261 2381 1331 Quod
2410 1263 2457 1319 si
2481 1263 2671 1319 scisset
2695 1262 2868 1331 Plato,
2894 1272 3056 1333 atque
3076 1261 3370 1329 docuisset,
3402 1276 3433 1317 a
3460 1276 3586 1330 quo,
3609 1270 3661 1317 et
3680 1276 3793 1332 quo-

2225 1357 2408 1422 modo.
2439 1367 2493 1413 et
2520 1358 2750 1429 quibus,
2797 1366 2854 1413 et
2880 1371 3003 1429 quae
3047 1355 3119 1412 ob
3148 1356 3281 1411 facta
3302 1399 3318 1424 ,
3351 1364 3407 1411 et
3441 1370 3545 1426 quo
3584 1363 3794 1425 tempore

2226 1450 2603 1507 immortalitas
2633 1450 2928 1516 tribuatur,
2961 1464 3061 1505 nec
3087 1448 3490 1505 Cleombrotum
3519 1448 3795 1518 impegisset

2228 1543 2281 1599 in
2306 1553 2535 1599 mortem
2563 1543 2947 1609 voluntariam,
2976 1557 3075 1597 nec
3098 1540 3385 1603 Catonem,
3416 1540 3509 1596 sed
3537 1554 3624 1595 eos
3649 1539 3710 1595 ad
3727 1541 3794 1595 vi-

2228 1645 2337 1692 tam
2372 1638 2436 1692 'et
2473 1636 2737 1708 justitiam
2769 1637 2947 1707 potius
2976 1635 3261 1691 erudisset.
3303 1633 3437 1689 Nam
3462 1631 3592 1689 Cato
3616 1634 3797 1690 videtur

2228 1730 2360 1786 mihi
2385 1745 2603 1787 causam
2626 1731 2886 1803 quaesisse
2907 1728 3193 1795 moriendi,
3217 1743 3323 1783 non
3354 1737 3463 1783 tam
3486 1737 3542 1783 ut
3557 1725 3793 1784 Caesarem

2150 1838 2198 1899 Β
2226 1820 2452 1895 fugeret,
2482 1839 2642 1895 quam
2690 1831 2749 1878 ut
2792 1821 3097 1878 Stoicorum
3136 1819 3373 1876 decretis
3402 1819 3788 1890 obtemperaret,

2221 1933 2359 1989 quos
2385 1917 2714 1987 sectabatur,
2759 1929 3068 1990 nomenque
3090 1928 3247 1971 suum
3270 1912 3464 1987 grandi
3492 1913 3661 1986 aliquo
3686 1911 3797 1968 faci-

1857 2044 2219 2110 VARIORUM
2256 2052 2491 2113 NOTAE.

520 2190 677 2266 Cato,
700 2189 801 2266 etsi
827 2188 1063 2266 Stoicus,
1087 2208 1117 2247 a
1146 2195 1422 2249 Lactantio
1450 2198 1681 2266 potuerit
1699 2197 1803 2255 dici
1834 2199 2115 2260 Socraticae

519 2263 758 2318 vanitatis
782 2263 1025 2336 imitator,
1058 2263 1492 2336 quandoquidem
1515 2268 1607 2324 ille
1630 2271 1910 2328 Socratem
1934 2274 2115 2332 imita—

519 2344 628 2398 tus,
657 2349 761 2389 non
794 2333 910 2410 sine
938 2333 1130 2410 magno
1158 2333 1304 2391 fastu’
1322 2350 1549 2395 mortem
1576 2353 1892 2409 aspernatus
1913 2360 2031 2410 est;
2060 2358 2115 2404 et

517 2421 641 2462 cum
674 2422 733 2460 se
761 2406 1054 2481 o_cciderct,
1091 2409 1285 2463 librum
1317 2410 1604 2481 perlegerit
1641 2406 1879 2469 Platonis
1901 2416 1970 2473 de
1995 2406 2115 2474 ani-

516 2494 733 2533 marum
754 2477 1098 2543 Eternitate,
1119 2482 1211 2535 ubi
1235 2480 1445 2536 scilicet
1470 2477 1709 2540 Socratis
1738 2502 1884 2540 mors
1911 2488 2117 2545 descri-

514 2550 681 2606 bitur.
718 2550 908 2605 NOnne
933 2561 1112 2605 autem
1142 2552 1192 2606 id
1224 2553 1444 2616 sufﬁcit.
1477 2567 1533 2608 ut
1562 2554 1843 2611 Socraticae
1872 2562 2114 2616 vanitatis

516 2623 746 2676 imitator
770 2622 1083 2678 diceretur?
1127 2623 1367 2679 Νουιιιιιι.
1414 2626 1485 2680 De
1519 2626 1736 2682 Catonis
1781 2640 1953 2687 morte
1994 2633 2116 2689 tide

519 2692 867 2749 Plutarchum
892 2734 905 2758 ,
940 2706 1069 2748 tom.
1102 2711 1169 2758 ιι;
1199 2705 1255 2751 et
1286 2698 1638 2763 Augustinum
1661 2741 1675 2763 ,
1707 2699 1798 2755 lib.
1827 2702 1932 2758 Ide
1959 2703 2118 2759 Civit.

520 2765 643 2827 Dei,
673 2781 791 2835 cap.
815 2768 907 2825 23.
941 2797 1010 2807 -—
1037 2767 1228 2822 Stoicae
1255 2770 1496 2823 vanitatis
1522 2772 1767 2825 imitator.
1800 2771 2118 2829 Reclaman-

523 2837 666 2917 tjbus
692 2837 814 2894 licet
844 2853 974 2917 mss.
1001 2851 1056 2892 et
1077 2840 1198 2917 edd.
1218 2839 1292 2917 ab
1316 2840 1455 2917 1465
1476 2840 1542 2895 ad
1566 2841 1707 2917 165t)
1730 2842 1911 2917 editis,
1940 2848 2121 2917 recepi

521 2907 733 2986 Stoicae,
767 2927 864 2979 pro
896 2912 1195 2986 Socratictc,
1227 2910 1489 2986 adductus
1534 2914 1767 2969 maxime
1815 2907 1936 2970 his:
1967 2907 2116 2986 Cato,

520 2992 578 3056 ut
618 2980 943 3056 Stoicorum
976 2983 1192 3056 decretis
1236 2984 1643 3056 obtemperaret,
1689 3002 1815 3056 quos
1864 2980 2119 3044 sectatur.

520 3052 681 3130 Conf.
708 3053 992 3130 Plutarch.
1018 3055 1069 3130 in
1100 3053 1301 3130 Catone
1333 3052 1544 3130 Minori,
1579 3052 1838 3130 fol.£792,
1872 3073 1991 3130 sqq.
2025 3059 2126 3116 De-

520 3126 656 3198 venit
697 3125 895 3198 (Cato)
926 3126 993 3179 ad
1025 3124 1319 3198 Stoicorum
1351 3129 1638 3196 paradoxa.
1682 3128 1816 3184 Bon.

599 3194 738 3250 Nam
769 3194 1110 3252 Democritus.
1129 3194 1397 3253 Lzetitiain
1423 3198 1510 3253 hic
1529 3200 1791 3268 Optimum
1818 3201 1975 3268 dixit,
1996 3202 2127 3258 tris-

521 3267 694 3323 titiam
743 3268 1057 3337 pessimum,
1106 3269 1470 3325 alienissimus
1517 3267 1758 3326 aStoica
1810 3267 2121 3330 severitate.

524 3338 761 3394 Lucretii
796 3342 995 3414 locum,
1030 3341 1173 3396 unde
1202 3341 1291 3396 hic
1336 3355 1523 3396 versus
1551 3342 1870 3414 desumptus
1896 3353 2001 3413 est,
2034 3347 2120 3401 itt-

520 3418 733 3481 tegrum
764 3412 1135 3468 adscribemus
1161 3430 1175 3466 :

613 3527 845 3590 Denique
866 3526 1204 3577 Democritum
1223 3536 1478 3591 postquam
1504 3535 1700 3591 natura,
1727 3533 1952 3579 vetustas

614 3592 903 3655 Admonuit,
920 3603 1171 3655 memores
1193 3590 1361 3655 motus
1379 3590 1713 3655 languescere
1732 3594 1934 3655 mentis,

612 3653 801 3716 Sponte
825 3668 912 3704 sua
940 3653 1077 3705 letho
1099 3659 1247 3717 caput
1267 3654 1441 3703 obvius
1461 3654 1643 3704 obtulit
1668 3653 1815 3705 ultro.

522 3785 628 3843 Sed
658 3784 797 3855 apud
832 3783 1100 3839 Laertium
1139 3783 1412 3855 diversum
1461 3782 1692 3855 legitur;
1743 3796 1938 3855 nempe
1981 3783 2127 3855 quod

524 3853 708 3928 panes
724 3857 933 3911 calidos
965 3854 1573 3928 naribusadmovendo,
1609 3854 1779 3928 tribus
1800 3854 1990 3908 diebus
2016 3853 2124 3928 lata

525 3924 851 3997 impleverit.
905 3928 1009 3983 Sed
1072 3924 1479 3997 intelligendum
1541 3935 1624 3978 est
1676 3925 1847 3994 ipsum
1896 3927 2126 3997 antehac

527 3996 666 4054 mori
699 4014 791 4068 per
822 4000 1052 4053 inediam
1094 3998 1423 4052 decrevisse.
1458 3996 1640 4064 Itaque
1662 4067 1667 4068 ί
1689 3998 1757 4068 de
1789 3996 1978 4051 mortis
2007 3996 2127 4067 ejus

524 4066 727 4141 genere
754 4071 959 4124 variant
984 4078 1232 4124 auctores
1262 4087 1275 4120 :
1304 4068 1503 4137 quippe
1530 4067 1675 4141 quod
1706 4066 1975 4141 Lueianus
2001 4085 2124 4141 eum

524 4139 799 4216 interiisse
820 4140 871 4195 al
876 4142 1051 4216 lirmet
1070 4150 1161 4202 τῆς
1180 4149 1369 4216 τροφῆς
1385 4140 1767 4216 ἁπρσχόμςνον,
1791 4139 1934 4216 quod
1961 4140 2122 4194 etiam

524 4214 689 4267 tradit
711 4212 988 4275 Laertius;
1013 4211 1325 4269 Athenaeus.
1348 4211 1507 4266 intelle
1531 4213 1795 4275 tantisiter
1819 4211 1981 4264 vitam
2006 4226 2125 4265 sus-

525 4294 784 4359 tentasse,
814 4284 947 4359 dum
969 4283 1698 4359 praeterierinttostrpopopim
1730 4283 1884 4359 festa,
1904 4296 1989 4359 ne
2022 4285 2128 4349 pri-

521 4368 651 4412 vato
680 4357 826 4411 luctu
861 4355 1072 4425 publica
1122 4353 1598 4423 ittterpellarettttti'
1627 4353 1839 4423 gaudia.
1887 4353 1971 4408 Ab
2002 4369 2123 4407 om-

524 4429 683 4483 nibus
715 4428 962 4482 diversus
994 4428 1296 4482 Antoninus
1325 4427 1589 4493 pediculis
1618 4436 1998 4494 consumptum
2031 4440 2122 4480 re-

523 4500 648 4557 fert.
676 4498 760 4553 EJ;
791 4498 1066 4553 Beroeam
1095 4495 1212 4570 (lib.
1245 4512 1322 4562 ιιι,
1356 4497 1383 4570 §
1411 4496 1489 4568 ὅ.)

597 4572 796 4642 Sponte
820 4586 933 4642 sua.
961 4573 995 4642 Α
1009 4566 1113 4639 pud
1144 4566 1475 4632 Lucretium,
1504 4568 1594 4622 lib.
1619 4583 1682 4642 ιιι
1706 4567 1772 4623 de
1811 4566 2008 4642 Natura
2039 4582 2125 4621 re-

521 4639 665 4705 rum,
697 4644 748 4697 in
774 4645 898 4697 fine.
927 4641 1149 4697 Variant
1172 4649 1347 4694 tamen
1376 4648 1624 4694 auctores
1653 4639 1722 4693 de
1748 4639 1935 4693 mortis
1958 4654 2125 4708 gene-

523 4730 602 4778 re.
636 4726 695 4770 ut
720 4713 830 4769 dixi
861 4731 874 4765 :
908 4714 991 4767 vel
1019 4727 1116 4782 per
1134 4711 1238 4765 cibi
1275 4710 1681 4782 abstinentiam,
1714 4709 1800 4764 vel
1823 4725 1890 4782 ex
1921 4711 2122 4764 vermi-

525 4788 624 4842 bus
650 4797 743 4840 aut
771 4780 1032 4856 pediculis
1057 4792 1434 4856 consumptum
1467 4780 1701 4856 referunt
1734 4780 2084 4856 antiquiores.

598 4858 744 4913 Sicut
764 4850 818 4912 in
841 4860 973 4909 hanc
1000 4856 1174 4917 vitam,
1201 4850 1308 4908 etc.
1338 4852 1592 4923 Sequitur
1609 4850 1925 4907 Ciceronem
1951 4854 2000 4923 in
2022 4851 2125 4906 Ca-

521 4941 650 4985 tone
677 4929 823 4996 Maj.,
850 4942 899 4981 c.
934 4927 1034 4991 ‘20;
1055 4936 1106 4979 et
1134 4924 1186 4979 in
1209 4922 1443 4980 Somnio
1492 4923 1729 4993 Scipion.
1761 4924 1901 4993 apud
1927 4922 2125 4979 Maero-

520 5000 691 5064 bium,
716 5000 809 5055 lib.
840 5016 879 5061 ι,
911 5014 1029 5068 cap.
1062 4997 1155 5050 ‘25.
1199 4996 1331 5051 Bon.

594 5074 679 5124 Ita
715 5087 893 5124 rursus
919 5064 992 5124 esi
1013 5070 1107 5122 Itoc
1136 5069 1396 5122 domicilio
1437 5067 1685 5137 corporis.
1717 5064 1908 5137 Cicero
1936 5066 1986 5119 in
2018 5064 2122 5120 Ca-

522 5151 647 5198 tone
668 5146 870 5208 majore
891 5141 1006 5194 haec
1027 5141 1093 5194 ad
1120 5139 1474 5210 Pythagoram
1499 5139 1702 5210 refert:
1737 5136 1900 5202 Vetat,
1928 5138 2120 5210 inquit,

527 5211 848 5284 Pythagoras
873 5214 1073 5283 iujussu
1101 5208 1445 5284 itttperatoris,
1464 5210 1523 5284 id
1551 5224 1619 5263 est
1648 5208 1766 5275 Dei,
1793 5209 1856 5284 de
1881 5208 2122 5284 presidio

519 5280 811 5337 et'statione
836 5280 948 5337 vita:
974 5282 1233 5337 decedere.
1264 5284 1329 5336 Et
1361 5283 1413 5335 in
1456 5283 1755 5351 fragmento
1793 5281 1861 5335 de
1906 5280 2115 5351 Bepub.

520 5355 706 5424 Scipio
746 5354 932 5420 Nepoti
973 5359 1198 5423 loquens
1238 5356 1317 5409 sic
1345 5355 1419 5407 ait
1449 5371 1461 5406 :
1499 5349 1669 5419 Quare
1692 5363 1739 5406 et
1768 5352 1876 5418 tibi,
1905 5349 2041 5405 Pub.
2063 5363 2121 5424 ret

518 5423 629 5489 piis,
649 5426 879 5477 omnibus
903 5426 1190 5479 retinendus
1215 5436 1287 5479 est
1312 5426 1512 5479 animus
1538 5425 1593 5477 in
1619 5423 1849 5477 custodia
1870 5423 2123 5490 corporis;

518 5512 612 5552 nec
637 5496 837 5565 injnssu
869 5496 977 5566 ejus
1006 5512 1036 5548 a
1062 5511 1161 5565 quo
1186 5497 1272 5550 ille
1297 5507 1369 5552 est
1397 5495 1540 5551 nobis
1566 5497 1736 5561 datus,
1773 5510 1837 5548 ea:
1859 5494 2119 5548 hominum

518 5570 624 5622 vita
650 5567 971 5635 tttigraudum
1001 5578 1094 5627 est,
1138 5583 1199 5620 tte
1226 5584 1409 5621 munus
1450 5568 1727 5620 humanum
1751 5566 2062 5634 assignatum
2088 5582 2119 5618 α

519 5638 631 5693 Deo
653 5639 906 5709 defugisse
930 5636 1218 5690 videamini.
1265 5642 1539 5709 Apparent
1564 5654 1625 5693 ex
1656 5637 1880 5709 Platone
1902 5637 2119 5709 desum-

518 5720 611 5833 Btla
639 5724 777 5833 cisse.
808 5708 1219 5763 BETULBIUS.—
1238 5708 1361 5778 Qua
1395 5711 1463 5766 de
1503 5726 1564 5766 re
1603 5709 1726 5764 vide
1755 5708 2032 5764 Platonem
2062 5708 2114 5763 in

585 5799 645 5833 lzt‘
690 5795 814 5833 oue.

521 5784 814 5838 thrdoue.

588 5850 918 5908 Patiettdum.
952 5851 1041 5911 Sic
1066 5851 1277 5911 restitui
1299 5868 1366 5911 ex
1390 5862 1500 5913 vet.
1524 5867 1620 5912 sex
1659 5851 1821 5913 editis
1855 5860 1910 5911 et
1937 5847 2114 5912 omnia

2222 2211 2322 2267 bus
2350 2228 2506 2281 mss.,
2541 2225 2736 2291 praeter
2762 2218 2953 2275 Marm.
2988 2218 3041 2291 in
3082 2234 3189 2291 quo
3215 2235 3245 2275 a
3266 2219 3442 2291 prima
3470 2234 3625 2276 manu
3648 2218 3792 2290 scrip-

2222 2292 2345 2362 tunl
2362 2296 2466 2362 est,
2497 2288 2626 2362 utin
2655 2290 2924 2359 plerisque
2950 2288 3197 2362 vulgatis.

2299 2355 2540 2431 Extincto
2564 2355 2851 2416 innocentis
2876 2355 3069 2416 anima'.
3094 2361 3153 2417 ld
3180 2372 3285 2431 est,
3328 2363 3461 2429 vita,
3498 2362 3534 2416 f.
3558 2363 3796 2417 extinctus

2225 2427 2486 2501 innocens
2513 2430 2735 2488 inultus.
2776 2433 2918 2489 Noto
2949 2432 3014 2487 ad
3050 2433 3143 2488 lib.
3172 2450 3246 2501 vr,
3272 2427 3332 2489 'c.
3366 2427 3455 2499 11,
3489 2434 3578 2497 ‘10;
3610 2434 3696 2489 lih.
3722 2431 3798 2497 vit,

2224 2514 2275 2554 c.
2302 2501 2389 2555 11.
2427 2500 2649 2575 Terent.
2678 2505 2733 2559 in
2762 2504 2958 2575 Adelp.
2999 2520 3081 2572 ιιι,
3125 2506 3161 2560 2
3190 2525 3202 2561 :
3242 2505 3370 2563 Seni
3408 2508 3629 2561 animam
3664 2506 3801 2560 extin-

2222 2588 2449 2644 guerem.
2476 2573 2608 2629 BUN.

2293 2641 2534 2719 ._Iudicem
2561 2662 2825 2717 magnum.
2866 2649 2939 2703 lta
2984 2649 3199 2719 reposui
3247 2664 3314 2704 ex
3357 2649 3564 2704 cunctis
3602 2662 3720 2719 mss.
3758 2655 3801 2702 et

2225 2713 2496 2790 editavet.
2520 2713 2683 2790 _rom.
2722 2734 2786 2774 ac
2813 2720 3013 2775 Cellar.
3044 2713 3304 2790 quidquid
3345 2721 3492 2775 dicat
3523 2717 3799 2790 Walchius;

2226 2788 2381 2864 quasi
2411 2788 2641 2864 vindicta
2667 2790 2733 2843 ad
2762 2790 2998 2864 Iudicem
3038 2788 3283 2861 magnum
3326 2809 3433 2846 non
3462 2792 3730 2864 pertineat.
3756 2788 3800 2844 lu

2228 2856 2299 2911 15
2329 2859 2607 2929 impressis
2630 2860 2828 2932 legitur
2854 2863 3100 2918 vindicem
3124 2856 3393 2935 magnum.

2312 2948 2548 3006 Vindicta
2575 2954 2628 3007 in
2654 2954 2852 3026 integro
2873 2971 3072 3022 semper
3092 2965 3185 3009 est.
3212 2955 3303 3011 Sic
3326 2971 3450 3010 eum
3483 2955 3646 3012 tribus
3668 2953 3801 3010 editis

2228 3036 2419 3077 omnes
2447 3039 2583 3091 pene
2615 3039 2745 3080 mss.
2779 3027 2843 3080 Et
2871 3026 2950 3080 sic
2980 3027 3295 3081 Lactantius
3324 3030 3380 3081 in
3406 3037 3587 3095 totum,
3618 3030 3666 3081 in
3698 3028 3804 3079 inle-

2151 3114 2197 3177 ρ
2229 3108 2356 3177 £170:
2382 3103 2433 3148 ει
2456 3110 2556 3151 nos
2576 3095 2711 3152 Galli
2740 3097 2903 3177 etiam
2926 3098 3175 3177 dicimus,
3198 3115 3268 3177 eu
3295 3109 3427 3177 lout,
3451 3117 3516 3177 eis
3539 3115 3627 3177 son
3648 3099 3796 3177 entia.

2233 3164 2338 3221 Sex
2372 3181 2501 3240 mss.
2534 3182 2646 3222 ree.
2670 3179 2723 3223 et
2758 3168 2826 3223 10
2861 3169 3000 3240 typis
3024 3170 3211 3224 excusi
3244 3170 3446 3225 habent
3470 3172 3678 3226 vindicta
3699 3170 3802 3224 inte-

2230 3252 2344 3311 g_ra.
2368 3236 2518 3311 έτ-Ιη
2546 3240 2761 3311 integro.
2795 3236 2896 3294 Sic'
2914 3241 3051 3295 solet
3080 3251 3296 3306 noster,
3330 3252 3407 3309 ut,
3441 3242 3534 3297 lib.
3576 3258 3613 3310 ι,
3642 3256 3686 3297 c.
3715 3242 3763 3295 ll
3788 3258 3799 3296 :

2230 3305 2377 3382 Illud
2398 3308 2465 3382 iu_
2476 3325 2592 3364 vero
2617 3305 2714 3374 ait;
2742 3311 3031 3382 ibid.,cap.
3064 3313 3130 3366 17
3163 3330 3175 3364 :
3212 3312 3354 3380 Quid
3374 3305 3442 3368 sit
3468 3315 3519 3367 in
3550 3305 3676 3375 vero,
3701 3313 3732 3366 Ι.
3755 3328 3800 3378 v,

2231 3393 2285 3455 ρ,
2313 3380 2339 3434 1
2380 3399 2393 3435 :
2426 3379 2587 3455 Cujus
2623 3383 2696 3435 rei
2735 3398 2891 3437 causa
2924 3379 3189 3455 in'raperto
3225 3379 3320 3438 est.
3371 3385 3462 3441 Sic
3494 3386 3546 3440 in
3576 3383 3802 3440 Cicerone

2231 3450 2323 3526 lib.
2352 3466 2409 3506 ιιι
2436 3450 2610 3526 Orat.,
2648 3468 2766 3523 cap.
2797 3455 2831 3508 4
2861 3472 2874 3507 :
2908 3453 3015 3511 Sed
3045 3450 3297 3525 quoniam
3332 3456 3444 3511 haec
3462 3459 3573 3526 jam
3601 3472 3740 3526 neque
3759 3457 3799 3509 in

2230 3523 2613 3649 integranobis
2647 3541 2757 3580 esse
2794 3536 3037 3597 possunt,
3065 3523 3290 3598 quidam
3332 3523 3533 3600 integra
3571 3523 3800 3584 suborna-

2231 3608 2326 3648 ran
2360 3636 2371 3648 .
2461 3611 2549 3649 us.

2231 3604 2371 3648 rant.
2413 3604 2549 3650 BDN.

2304 3684 2521 3763 Εῌρη
2559 3687 2808 3763 Βοηιιξηίε
2842 3691 3107 3763 εαρὶθηιὶω
3127 3689 3414 3763 princeps.
3444 3702 3550 3748 etc.
3582 3691 3647 3749 Ut
3673 3690 3800 3763 cujus

2231 3758 2515 3833 consilium
2547 3762 2822 3833 oraculum
2847 3758 2917 3816 sit
2940 3758 3199 3827 habitum,
3237 3758 3380 3819 teste
3404 3764 3699 3829 Plutarcho,
3724 3758 3796 3833 qui

2232 3829 2286 3904 i_n_
2307 3828 2424 3900 ejus
2451 3830 2565 3904 Vita
2592 3832 2810 3904 easdem
2841 3848 3032 3888 causas
3064 3844 3384 3901 Spontauem
3406 3836 3553 3891 necis
3574 3828 3797 3904 assignat.

2229 3898 2443 3976 Cicero,
2468 3900 2779 3976 Ofﬁciorum
2809 3920 2850 3970 ι,
2879 3905 2946 3961 de
2976 3898 3174 3961 decoro
3201 3921 3557 3975 personarum
3586 3898 3797 3976 loquens,

2229 3970 2360 4027 dicit
2407 3973 2515 4046 hoc
2536 3972 2755 4030 Catonis
2798 3978 3117 4046 gravitatem
3149 3970 3399 4034 decuisse
3437 3970 3664 4034 maxime
3683 3995 3695 4030 :
3719 3991 3801 4030 ca:-

2231 4051 2399 4107 teros,
2430 4044 2522 4113 qui
2549 4049 2599 4099 in
2629 4044 2821 4101 eadem
2852 4061 3013 4101 causa
3046 4047 3283 4114 fuerunt,
3317 4052 3560 4106 minime.
3589 4049 3689 4104 Nos
3713 4051 3798 4101 Au-

2227 4114 2505 4189 gustinum
2536 4118 2730 4189 rectius
2760 4120 3062 4181 audiemus.
3093 4120 3184 4189 qui
3223 4122 3542 4176 voluntaria:
3576 4121 3711 4176 necis
3727 4119 3797 4186 jcs

2228 4199 2391 4258 omne
2420 4187 2724 4244 hominibus
2754 4189 2946 4244 aufert.
2975 4190 3020 4245 Is
3050 4187 3140 4245 lib.
3171 4207 3186 4245 ι
3212 4192 3279 4246 de
3305 4190 3468 4247 Civit.
3505 4195 3593 4247 ltci
3620 4236 3634 4258 ,
3660 4207 3702 4246 c.
3724 4190 3797 4251 25.

2229 4254 2335 4312 hoc
2355 4261 2661 4325 exemplum
2684 4263 3019 4329 examinans,
3043 4278 3235 4316 causas
3259 4280 3364 4317 non
3394 4254 3630 4319 Platonis
3649 4264 3796 4316 lectio-

2229 4344 2353 4383 nem
2376 4331 2568 4395 credit,
2592 4331 2685 4386 sed
2708 4332 2848 4402 quod
2869 4343 3021 4398 turpe
3036 4333 3272 4401 duxerit,
3288 4336 3341 4389 in
3361 4335 3595 4391 Caesaris
3612 4333 3796 4389 victoris

2230 4404 2667 4475 manusvenire,
2701 4415 2860 4472 atque
2886 4402 2989 4460 hoc
3019 4404 3224 4460 facinus
3251 4408 3635 4473 imbecillioris,
3662 4419 3794 4475 quam

2230 4471 2472 4546 fortioris
2512 4476 2678 4529 animi
2723 4471 2917 4529 factum
2960 4491 3100 4531 esse.
3132 4477 3188 4531 lu
3221 4478 3323 4531 hoc.
3365 4481 3527 4533 etiam
3567 4471 3798 4546 lose-phus

2150 4524 2204 4585 Ῑ)
2231 4544 2528 4620 invehitur,
2563 4545 2698 4601 libro
2732 4547 2941 4620 Excitlii
2975 4547 3457 4620 llierosolymitani
3486 4524 3794 4618 lib-capfﬁl.

2230 4614 2361 4669 Jure
2388 4617 2531 4671 civili
2562 4632 2666 4671 nun
2698 4619 3032 4688 lugebantur,
3062 4634 3162 4674 nec
3187 4614 3403 4689 cognati
3434 4637 3529 4677 eos
3552 4614 3602 4675 iu
3635 4614 3796 4688 pollin—

2230 4695 2381 4758 ctura
2412 4689 2790 4751 nominabant,
2825 4691 2914 4758 qui
2957 4706 3148 4745 manus
3186 4692 3288 4746 ειὺὶ
3321 4694 3460 4747 mala
3502 4689 3796 4748 Conscientia

2230 4757 2547 4835 iniecerant.
2578 4761 2615 4835 Ιἐ
2641 4757 2981 4835 Liberorum,
3014 4762 3041 4835 §
3072 4761 3187 4816 Non
3219 4764 3418 4818 solent.
3452 4765 3507 4818 ll‘.
3546 4765 3611 4817 de
3635 4764 3692 4816 iis
3722 4760 3793 4835 qui

2229 4828 2391 4906 infam
2404 4874 2441 4906 ._
2444 4840 2556 4885 not.
2584 4831 2688 4888 Sed
2711 4834 2894 4899 stulte,
2921 4828 3064 4904 quo'd
3092 4850 3197 4889 non
3222 4837 3386 4890 etiam
3415 4836 3537 4891 illos
3557 4836 3642 4906 qui
3664 4828 3793 4887 taedio

2228 4899 2372 4954 vitm.
2407 4901 2609 4959 Βετυι.

2301 4991 2557 5049 Platonis.
2588 4996 2748 5052 Liber
2776 4996 2876 5051 iste
2902 5008 2985 5054 est
3016 4996 3270 5053 Pluedon.

2303 5062 2611 5141 PliilosOphi
2637 5071 2940 5141 auctoritate
2962 5072 3258 5141 compulsus
3281 5081 3375 5125 est.
3415 5070 3563 5126 Plato
3590 5070 3683 5126 hoc
3706 5080 3792 5122 non

2226 5134 2441 5210 docuit;
2476 5134 2554 5210 ea
2602 5140 2753 5193 initio
2795 5134 3089 5195 Pluedonis'
3110 5146 3444 5197 contrarium
3494 5150 3669 5210 patet:
3706 5152 3789 5210 non

2225 5206 2403 5287 itaque
2421 5206 2740 5287 _p|tilt)Sttplti
2762 5215 3099 5287 auctoritate,
3127 5214 3220 5267 sed
3249 5206 3791 5287 suimetinsania,plti-

2226 5276 2449 5354 10⁸01)ὴῖ
2464 5276 2695 5354 mentem
2729 5298 2834 5338 non
2877 5276 3203 5354 percipiens,
3227 5284 3295 5339 ad
3324 5284 3459 5340 illud
3491 5276 3786 5340 facinus'fuit

2225 5352 2555 5419 compulsus.
2591 5352 2775 5409 Ιδιειιδ.

2297 5423 2658 5479 Ambraciotes.
2700 5424 2749 5478 Is
2788 5435 2871 5480 εει
2900 5426 3276 5484 Cleombrotus
3306 5428 3645 5491 adolescens,
3679 5426 3783 5479 Am‘

2223 5490 2420 5568 bracis:
2448 5496 2597 5568 _urhe
2635 5493 2818 5551 Grzrca
2856 5496 2909 5551 in
2946 5498 3103 5565 I'Zpiro
3136 5510 3320 5565 natus,
3362 5503 3453 5568 qui
3484 5517 3541 5555 se
3572 5490 3783 5568 praeciPi'

2225 5572 2331 5635 tem
2360 5562 2509 5618 dedit
2539 5566 2591 5619 in
2626 5583 2793 5623 mare.
2812 5598 2883 5608 —
2912 5562 3049 5635 Quid
3073 5562 3422 5627 Αηιὺναεὶοιέε
3456 5562 3783 5626 ἱΙιε.”(ΣΙθοιιι-

2223 5633 2570 5709 ρτοιιιεᾲθδι,
2616 5653 2774 5709 quem
2824 5633 2984 5709 supra
3031 5644 3345 5697 nominavit.
3393 5645 3468 5699 De
3516 5659 3578 5697 eo
3617 5637 3782 5694 Cicero

2222 5703 2387 5782 Tusc.
2406 5707 2434 5782 _l
2452 5748 2465 5769 ,
2488 5722 2536 5761 c.
2569 5703 2678 5763 εις
2703 5703 3005 5765 Callimachi
3033 5714 3346 5782 epigramma
3370 5718 3423 5769 in
3444 5712 3780 5782 Ambraciotam

2221 5776 2591 5859 δ¹⁸⁰Ῐ⁷¹θν⁰¹³⁴η²
2616 5791 2716 5859 (δι’,
2739 5797 2885 5851 quem
2913 5783 3006 5859 ait,
3027 5776 3186 5859 quam
3212 5784 3344 5841 nihil
3362 5779 3780 5859 ei_accidisset_ad-

2220 5852 2373 5920 versi,
2398 5865 2426 5907 e
2454 5865 2598 5908 muro
2627 5867 2680 5908 se
2703 5857 2756 5908 iu
2785 5870 2926 5912 mare
2951 5852 3212 5926 abiecisse,
3238 5861 3368 5915 tecto
3398 5856 3624 5914 Platonis
3648 5852 3770 5907 libra.
