4038 6358
218 305 320 365 409

1073 308 1277 366 LIBER
1313 309 1405 366 Ill.
1448 309 1536 367 DE
1576 310 1798 368 FALSA
1839 310 2208 372 SAPIENTIA
2245 314 2649 376 PHILOSOPH.

3410 318 3523 378 MO

216 436 340 478 nore
364 420 690 479 clarificaret
719 440 733 478 :
766 423 853 480 cui
881 422 1009 496 quid
1036 425 1163 480 mali
1188 426 1437 483 accidere
1470 428 1722 499 potuerit,
1762 429 1807 485 si
1837 434 1891 497 Α
1914 445 2073 502 quam
2101 431 2395 490 infantibus
2423 434 2657 493 credulis
2695 434 2864 492 ﬁnxit.
2898 434 3053 503 Quod
3080 436 3127 492 si
3153 435 3293 494 bene
3318 439 3519 495 sensis-

216 519 429 584 viveret,
478 533 588 573 non
625 518 856 575 invenio.
890 519 1051 577 Caius
1078 520 1221 576 enim
1249 519 1450 589 Caesar,
1485 532 1542 577 ut
1566 523 1808 580 clemens

216 618 342 676 erat,
375 609 507 665 nihil
540 611 688 667 aliud
726 610 946 669 efficere
979 613 1213 679 volebat,
1252 615 1416 671 etiam
1447 616 1502 670 in
1534 615 1651 687 ipso
1677 616 1808 673 belli

213 701 376 757 civilis
401 700 622 769 ardore,
653 719 810 774 quam
843 712 899 759 ut
926 704 1063 760 bene
1092 707 1287 761 mereri
1314 705 1384 763 de
1406 706 1702 778 Republica
1730 709 1809 762 vi-

214 791 443 859 deretur,
471 791 688 851 duobus
714 796 931 867 optimis
967 797 1173 854 civibus
1208 796 1471 855 Cicerone
1515 810 1571 855 et
1606 798 1808 858 Catone

211 885 459 964 servatisq
474 886 585 942 Sed
626 889 914 947 redeamus
940 890 1005 946 ad
1033 906 1127 946 eos
1166 892 1254 964 qui
1283 902 1513 949 mortem
1542 908 1638 963 pro
1665 894 1807 950 bono

209 950 545 1034 laudanLIDe
576 981 685 1035 vita
713 983 977 1052 quereris,
996 984 1148 1055 quasi
1178 984 1400 1047 vixeris,
1430 995 1523 1039 aut
1548 1001 1800 1057 umquam

211 1069 299 1126 tibi
325 1073 462 1128 ratio
484 1075 811 1144 constiterit,
833 1091 931 1131 cur
950 1078 1171 1132 omnino
1192 1078 1267 1132 sis
1291 1089 1465 1135 natus.
1493 1077 1683 1135 Nonne
1710 1079 1807 1151 igi-

209 1171 289 1218 tur
318 1164 405 1220 tibi
432 1183 597 1223 verus
626 1169 715 1225 ille
740 1180 794 1226 et
818 1172 1122 1227 communis
1142 1173 1381 1227 omnium
1413 1183 1565 1244 pater
1592 1174 1803 1231 Teren-

208 1255 396 1312 tianum
425 1258 557 1314 illud
601 1258 754 1332 (Vid.
783 1260 900 1317 Ter.
930 1262 1382 1332 Heautontimor.,
1416 1276 1515 1320 act.
1562 1282 1615 1334 v,
1638 1282 1712 1321 sc.
1745 1266 1804 1338 Ξ)

1912 533 1996 581 set
2034 525 2102 580 de
2152 526 2250 595 iis,
2288 529 2482 599 quibus
2526 530 2642 586 haec
2684 530 2895 586 locutus
2915 539 2999 587 est
3024 574 3039 600 ,
3071 532 3117 588 si
3147 531 3392 589 homines
3422 546 3519 589 eos

1910 620 2307 689 existimasset,
2342 639 2613 695 nunquam
2644 624 2748 680 sibi
2777 634 2881 680 tam
2897 624 3197 695 petulanter
3219 625 3516 683 mentiendi

1911 711 2182 768 licentiam
2235 713 2578 772 vindicasset.
2634 716 2742 773 Sed
2788 716 3081 773 deridenda
3145 727 3228 773 est
3277 717 3514 775 hominis

1910 806 2165 863 levissimi
2219 810 2445 866 vanitas.
2495 810 2631 880 Quid
2656 809 2904 867 Ciceroni
2931 812 3189 867 faciemus
3222 812 3359 884 Ἰριιί
3386 827 3511 869 cum

1908 901 1963 958 in
2010 904 2271 974 principio
2323 904 2716 961 Consolationis
2757 921 2869 961 sua:
2895 905 3150 971 dixisset,
3183 905 3507 962 luendorum

1908 996 2173 1053 scelerum
2221 1013 2382 1054 causa
2431 1000 2577 1054 nasci
2633 998 2919 1066 homines,
2968 1000 3180 1055 iteravit
3212 999 3280 1068 ,id
3336 1001 3510 1071 ipsum

1908 1102 2119 1163 postea,
2150 1094 2301 1164 quasi
2342 1094 2635 1166 objurgans
2663 1110 2784 1151 eum
2811 1140 2826 1165 ,
2877 1096 2968 1167 qui
3010 1096 3172 1151 vitam
3224 1112 3333 1151 non
3386 1110 3511 1153 esse

1906 1197 2122 1254 poenam
2174 1193 2342 1255 putet.
2393 1185 2558 1242 Recte
2587 1203 2716 1256 ergo
2754 1186 3011 1257 praefatus
3036 1196 3153 1256 est,
3186 1201 3374 1244 errore
3399 1229 3415 1258 ,
3444 1203 3510 1244 ac

1907 1278 2202 1335 miserabili
2230 1280 2469 1336 veritatis
2499 1282 2802 1352 ignorantia
2830 1296 2890 1338 se
2918 1282 3109 1339 teneri.

202 1345 311 1418 jure
336 1351 700 1424 increpaverit
728 1373 743 1410 :
2511 1345 2739 1452 CAPUT
2776 1395 2918 1452 XIX.

1906 1508 2078 1564 Cicero
2103 1519 2149 1564 et
2181 1510 2272 1565 alii
2297 1507 2655 1581 sapientissimi
2685 1512 2976 1568 animarum
3017 1498 3499 1589 immortalitatem,

1976 1606 2068 1660 sed
2118 1606 2391 1676 inﬁdeliter
2428 1611 2640 1675 docent;
2665 1613 2732 1678 fet
2774 1612 2910 1681 quod
2933 1612 3064 1667 bona
3100 1613 3179 1668 vel
3207 1614 3345 1670 mala
3370 1631 3508 1671 mors

1975 1714 2040 1754 ea:
2058 1708 2175 1754 ante
2203 1709 2318 1753 acta
2344 1700 2444 1754 vita
2467 1701 2531 1755 sit
2559 1701 2915 1773 ponderanda.

433 1465 587 1535 I_’_rit_t_s
603 1467 901 1535 d_isce_.iqui_d
925 1471 990 1521 sit
1012 1473 1211 1535 vivere;

435 1529 490 1579 Si
511 1529 812 1596 displicebit
826 1533 945 1596 vita,
970 1541 1073 1584 tum
1092 1529 1251 1585 isthoc
1273 1535 1449 1586 utitor.

207 1632 457 1706 lndigaris
500 1645 557 1693 te
605 1639 766 1695 malis
786 1653 909 1696 esse
937 1640 1241 1712 subjectum
1271 1660 1284 1697 :
1311 1643 1466 1714 quasi
1507 1643 1802 1715 quidquam

205 1732 448 1785 merearis
489 1730 620 1787 boni
648 1774 663 1796 ,
713 1732 806 1803 qui
857 1744 1067 1805 patrem
1089 1776 1105 1799 ,
1135 1736 1226 1807 qui
1256 1735 1532 1792 dominum
1554 1780 1569 1805 ,
1597 1737 1687 1808 qui
1714 1752 1801 1793 re-

205 1837 313 1892 gem
359 1833 510 1878 tuum
562 1824 785 1893 nescis;
832 1827 921 1898 qui
945 1828 1193 1898 quamvis
1215 1828 1572 1884 clarissimam
1618 1830 1791 1885 lucem
1827 1850 1877 1910 Β

205 1914 447 1973 intuearis
494 1918 706 1987 oculis,
740 1930 922 1977 mente
963 1933 1138 1978 tamen
1188 1936 1365 1978 caecus
1387 1937 1478 1988 es,
1506 1931 1563 1978 et
1589 1924 1640 1978 in
1672 1938 1799 1994 pro-

207 2006 367 2064 fundis
418 2008 745 2080 ignorantize
801 2012 1039 2068 tenebris
1080 2013 1246 2083 jaces.
1310 2014 1442 2082 Quae
1493 2013 1795 2085 ignorantia

205 2099 404 2169 effecit,
438 2112 496 2157 ut
535 2105 805 2175 quosdam
834 2104 1018 2161 dicere
1047 2122 1154 2160 non
1182 2107 1439 2179 puderet,
1463 2106 1666 2163 idcirco
1698 2123 1796 2164 nos

207 2208 310 2250 esse
332 2203 485 2251 natos
507 2236 524 2261 ,
557 2206 616 2251 ut
641 2196 909 2253 scelerum
957 2212 1146 2268 pcenas
1183 2199 1457 2255 lueremus
1491 2217 1503 2253 :
1533 2214 1640 2270 quo
1667 2199 1795 2271 quid

206 2284 406 2343 delirius
459 2289 564 2345 dici
620 2291 831 2360 possit,
872 2307 978 2346 non
1016 2292 1195 2348 video.
1227 2291 1324 2349 Ubi
1350 2292 1532 2359 enim,
1568 2294 1652 2348 vel
1673 2307 1795 2364 quae

208 2382 390 2438 scelera
416 2385 694 2454 potuimus
720 2384 1007 2441 admittere
1029 2426 1046 2452 ,
1078 2386 1167 2456 qui
1187 2387 1407 2442 omnino
1426 2401 1530 2442 non
1556 2386 1790 2442 fuimus?

206 2469 303 2527 Nisi
345 2473 481 2531 forte
522 2476 815 2532 credemus
843 2477 1025 2547 inepto
1052 2477 1128 2532 illi
1152 2478 1267 2534 seni
1294 2519 1309 2546 ,
1341 2479 1429 2549 qui
1460 2494 1519 2533 se
1546 2478 1598 2534 in
1629 2478 1794 2548 priori

206 2566 300 2622 vita
351 2567 704 2639 Euphorbum
760 2571 929 2627 fuisse
969 2572 1227 2628 mentitus
1273 2582 1377 2628 est.
1427 2572 1554 2639 Hic,
1594 2572 1788 2640 credo,

208 2659 328 2729 quod
353 2671 466 2717 erat
496 2662 722 2732 ignobili
744 2679 944 2735 genere
969 2672 1153 2732 natus,
1181 2665 1441 2720 familiam
1463 2665 1562 2720 sibi
1590 2681 1655 2720 ex
1685 2665 1794 2720 llo-

208 2751 323 2807 meri
377 2756 710 2809 carminibus
761 2756 1054 2826 adoptavit.
1085 2758 1129 2813 0
1167 2759 1355 2813 miram
1387 2770 1441 2812 et
1463 2758 1789 2828 singularem

209 2842 501 2917 Pythagorae
548 2850 870 2905 memoriam
902 2851 916 2905 l
945 2848 992 2906 0
1027 2852 1279 2908 miseram
1312 2852 1633 2907 oblivionem
1664 2868 1790 2909 nos-

208 2942 330 2992 trum
367 2940 607 2994 omnium
636 2981 651 3006 ,
685 2943 775 3011 qui
829 2944 1172 3012 nesciamus,
1220 2943 1312 3015 qui
1340 2955 1463 3000 ante
1488 2942 1785 3000 fuerimus!

207 3026 295 3084 Sed
343 3031 598 3103 fortasse,
650 3036 734 3090 vel
763 3051 951 3093 errore
979 3038 1188 3109 aliquo,
1213 3039 1299 3094 vel
1329 3042 1496 3111 gratia
1532 3040 1604 3094 sit
1623 3037 1788 3094 effec-

1976 1814 2045 1867 At
2099 1813 2212 1881 illi,
2267 1815 2357 1885 qui
2407 1815 2476 1871 de
2502 1818 2692 1872 mortis
2734 1817 2877 1873 bono
2917 1820 3190 1890 disputant
3219 1822 3344 1892 quia
3372 1822 3506 1880 nihil

1903 1907 2015 1962 veri
2067 1907 2274 1972 sciunt,
2330 1909 2409 1964 sic
2459 1920 2904 1980 argumentantur
2949 1931 2963 1967 :
3003 1913 3060 1970 Si
3112 1913 3245 1970 nihil
3271 1924 3355 1971 est
3382 1925 3506 1987 post

1898 2010 2129 2058 mortem
2150 2043 2166 2067 ,
2200 2018 2307 2057 non
2333 2014 2414 2058 est
2435 2004 2632 2059 malum
2659 2020 2838 2068 mors;
2882 2005 3060 2062 aufert
3100 2008 3244 2063 enim
3286 2022 3504 2065 sensum

1898 2095 2045 2151 mali.
2081 2095 2138 2151 Si
2168 2105 2346 2150 autem
2369 2106 2661 2168 supersunt
2688 2100 2886 2154 animae
2911 2141 2926 2165 ,
2951 2108 3034 2155 est
3059 2101 3222 2156 etiam
3248 2101 3452 2157 bonum
3480 2143 3497 2170 ,

1898 2188 2022 2260 quia
2063 2189 2442 2245 immortalitas
2462 2190 2726 2261 sequitur.
2751 2191 2925 2261 Quam
2952 2196 3274 2250 sententiam
3303 2192 3497 2252 Cicero

1897 2282 1965 2339 de
2018 2282 2250 2355 Legibus
2285 2286 2364 2341 sic
2402 2285 2732 2356 explicavit:
2771 2303 2791 2336 ι
2836 2285 3286 2358 Gratulemurque
3306 2288 3501 2355 nobis,

1896 2375 2147 2448 quoniam
2205 2392 2351 2432 mors
2402 2388 2492 2432 aut
2517 2378 2818 2444 meliorem,
2858 2393 3019 2448 quam
3047 2378 3137 2450 qui
3165 2388 3248 2434 est
3273 2379 3325 2435 in
3357 2378 3498 2449 vita,

1896 2480 1989 2525 aut
2043 2479 2193 2526 certe
2224 2486 2330 2526 non
2375 2471 2699 2528 deteriorem
2731 2474 2956 2529 allatura
2983 2481 3067 2530 cst
3112 2482 3335 2549 statum.
3365 2474 3501 2531 Nam

1894 2565 2012 2621 sine
2061 2580 2288 2635 corpore
2316 2566 2498 2622 animo
2529 2567 2744 2637 vigente
2769 2608 2785 2634 ,
2824 2567 3003 2623 divina
3046 2569 3152 2624 vita
3180 2578 3263 2625 est
3292 2585 3307 2636 ;
3336 2584 3500 2625 sensu

1893 2668 2144 2726 carente,
2199 2659 2332 2714 nihil
2390 2659 2632 2730 profecto
2662 2672 2743 2717 est
2773 2662 2919 2716 mali.
2953 2681 2972 2714 ι
3010 2664 3213 2734 Argute
3236 2706 3253 2729 ,
3297 2674 3355 2720 ut
3396 2663 3500 2720 sibi

1893 2751 2194 2819 videbatur,
2226 2752 2376 2823 quasi
2410 2751 2538 2808 nihil
2562 2768 2684 2808 esse
2707 2753 2851 2808 aliud
2898 2755 3085 2825 possit.
3111 2759 3265 2826 Atqui
3293 2766 3501 2812 utrum-

1892 2859 1999 2915 que
2024 2845 2124 2901 hoc
2152 2843 2342 2900 falsum
2370 2854 2471 2900 est.
2504 2845 2868 2902 Docentenim
2894 2846 3089 2903 divina:
3117 2847 3361 2912 Litteras.
3390 2863 3497 2905 non

1891 2941 2129 3011 extingui
2156 2940 2362 2996 animas
2392 2959 2404 2994 :
2436 2940 2529 2997 sed
2557 2952 2649 2996 aut
2687 2956 2785 3012 pro
2811 2942 3017 3011 justitia
3063 2944 3286 3014 praemio
3313 2943 3455 3000 allici
3478 2985 3495 3012 ,

1891 3043 1983 3089 aut
2025 3050 2182 3107 poena
2237 3050 2335 3106 pro
2379 3035 2677 3091 sceleribus
2720 3037 3070 3106 sempiterna.
3114 3036 3223 3093 Nec
3247 3037 3389 3093 enim
3421 3037 3500 3093 fas

208 3128 334 3191 tum,
373 3134 428 3180 ιιι
463 3127 556 3182 ille
601 3128 754 3185 solus
778 3129 1029 3186 lethamm
1076 3132 1341 3204 gurgitem
1372 3148 1476 3186 non
1511 3134 1783 3203 attigerit,
1890 3143 1981 3185 aut
2006 3146 2127 3185 eum
2154 3131 2243 3201 qui
2274 3130 2571 3186 sceleratus
2592 3130 2645 3185 in
2671 3132 2777 3186 vita
2797 3131 3026 3187 feliciter
3051 3132 3231 3198 fuerit,
3261 3131 3498 3203 effingere

206 3229 292 3272 nec
334 3220 613 3278 oblivionis
665 3238 860 3295 aquam
901 3227 1197 3298 gustaverit
1253 3246 1267 3283 :
1312 3227 1563 3284 videlicet
1614 3242 1782 3283 senex
1890 3224 2034 3296 quod
2057 3233 2327 3289 meretur;
2360 3235 2620 3286 anteum,
2648 3225 2739 3295 qui
2770 3224 2842 3279 oh
2864 3225 3131 3294 justitiam
3160 3225 3499 3281 miserrimus

204 3322 350 3366 vanus
393 3314 411 3385 (
457 3316 608 3372 sicut.
658 3319 846 3374 otiosa:
899 3320 1124 3377 anicula:
1164 3320 1343 3377 solent
1374 3320 1624 3394 )fabulas
1648 3331 1781 3375 tam-
1806 3310 1853 3376 C
1887 3319 2081 3385 fuerit,
2116 3335 2211 3375 sua
2244 3318 2492 3375 mercede
2516 3317 2770 3375 fraudari.
2799 3319 2955 3389 Quod
2986 3318 3123 3376 adeo
3167 3334 3352 3375 verum
3377 3327 3495 3389 est,

1499 3454 1865 3514 VARIORUM
1902 3451 2131 3510 NOTAE.

1885 3583 2073 3628 contra
2104 3571 2396 3634 lulianum,
2431 3570 2524 3627 lib.
2553 3586 2647 3627 vn.
2681 3571 3007 3627 BETULEIUS.

1960 3642 2295 3714 Euphorbum
2317 3643 2493 3713 fuisse.
2538 3643 2860 3712 Euphorbus
2887 3642 3152 3713 Troianus
3182 3657 3211 3697 a
3253 3640 3496 3698 Menelao

1889 3712 2228 3771 interfectus.
2252 3712 2420 3769 CELL.

1960 3787 2288 3857 Singularem
2317 3785 2626 3857 Pytltagortr
2650 3785 2965 3839 memoriam.
2998 3785 3117 3856 Ipse
3145 3785 3215 3842 de
3244 3799 3304 3841 se
3355 3785 3494 3857 apud

1886 3858 2161 3923 Ovidium,
2193 3857 2406 3913 Metam.
2448 3874 2539 3924 xv,
2569 3873 2623 3912 v.
2665 3857 2767 3912 160
2800 3875 2812 3911 :

537 3585 630 3701 est
662 3576 756 3644 24,
782 3578 913 3636 edit.
942 3577 1041 3634 Th.
1066 3577 1285 3647 Grtevii,
1313 3578 1385 3635 28
1410 3579 1582 3636 Annae
1607 3577 1785 3634 Tana-

208 3656 356 3712 qutttt.
384 3656 547 3704 UELL.

266 3714 582 3793 Clariﬁcarel.
612 3721 988 3778 Ecclesiastica
1018 3737 1145 3788 vox,
1177 3738 1279 3793 qua
1308 3724 1388 3779 nsi
1417 3732 1538 3777 sunt
1578 3722 1783 3778 Auctor

209 3782 735 3866 Yttl_gat:e_Yersionis
770 3796 968 3866 passim
1012 3795 1064 3849 in
1105 3782 1245 3850 novo
1280 3794 1649 3861 Testamento,
1683 3795 1782 3850 Se-

207 3854 377 3936 dulius,
398 3862 617 3936 aliique.

266 3927 475 4009 Clemens
506 3927 645 3991 'erat.
693 3937 767 3993 De
803 3938 1034 3993 Caesaris
1078 3939 1361 3994 clementia
1406 3942 1522 4009 lege
1566 3938 1780 3993 Plut.ir~

208 3997 376 4077 thum,
411 4005 729 4063 Suetonium
752 4051 768 4077 ,
816 4010 1155 4064 Paterculnm
1202 4024 1254 4065 et
1295 4012 1429 4067 alios
1458 3997 1778 4075 historicos;

209 4071 286 4154 sed
312 4079 565 4154 pnecipue
601 4071 915 4137 Ciceronem
955 4081 1008 4135 in
1039 4083 1374 4138 orationibus
1403 4099 1499 4154 pro
1528 4071 1784 4137 Marcello

209 4150 252 4195 ει
275 4160 359 4218 pro
386 4147 616 4218 Ligario.

275 4213 543 4294 VideofSic
561 4238 766 4294 repono
786 4240 848 4277 ex
876 4223 1004 4279 edit.
1032 4224 1286 4290 T0rnes.,
1312 4225 1534 4291 Sonhr.,
1558 4226 1772 4282 Walch.

211 4289 487 4368 cunctisque
520 4289 653 4350 mss'.
692 4306 887 4365 prmter
911 4294 949 4349 2
974 4296 1104 4368 Reg.
1136 4313 1247 4353 rec.
1286 4299 1337 4352 in
1368 4289 1560 4368 quibus
1587 4307 1691 4362 est,
1727 4308 1785 4352 nt

210 4365 255 4409 et
278 4364 322 4428 in
350 4364 501 4417 editis
523 4409 536 4428 ,
562 4364 783 4420 invenio.

231 4498 240 4508 .
268 4427 433 4510 Inepta
456 4438 534 4510 illi
565 4439 695 4492 seni.
734 4438 1047 4509 I’ythagorte
1078 4439 1283 4495 scilicet
1312 4481 1327 4506 ,
1382 4439 1448 4494 de
1490 4454 1596 4510 quo
1621 4440 1782 4494 Lacr-

213 4504 328 4567 litts,
376 4504 685 4563 Philosmtt.
740 4504 832 4564 ΙιῙι.
884 4504 976 4564 vin
1027 4511 1094 4565 de
1146 4511 1264 4565 Vita
1312 4504 1780 4581 'ApollonJGell.

210 4584 397 4653 quarto,
450 4594 571 4650 cap.
611 4582 694 4634 ll.
728 4580 905 4650 Atque
942 4581 1029 4636 hic
1058 4584 1317 4648 observa,
1361 4580 1632 4653 quomodo
1662 4584 1784 4637 irri-

212 4639 607 4723 deatdngma'de
634 4639 917 4708 animabns
941 4664 1064 4710 ante
1109 4639 1337 4721 corpora
1358 4639 1611 4717 c'nnditis,
1638 4655 1779 4723 quod

211 4715 294 4794 ξρὲί
312 4715 571 4794 Laclantio
589 4723 805 4793 quidam
827 4724 1177 4781 afﬁnxernnt.
1197 4715 1781 4792 [smus—Euphorbus

212 4792 346 4869 igitur
390 4792 510 4869 ille,
561 4792 726 4869 quem
753 4812 819 4869 se
839 4795 1005 4869 fuisse
1030 4798 1155 4853 olim
1190 4797 1781 4869 mentiebatanPytha-

211 4866 379 4939 sagas,
424 4862 519 4939 fuit
566 4862 760 4922 nobilis
808 4867 1073 4938 Trojanus
1110 4887 1140 4924 a
1186 4870 1429 4925 Menelao
1459 4871 1509 4924 in
1542 4862 1779 4939 Trojano

213 4921 330 4983 bello
351 4921 570 4992 occisus.

273 4999 431 5081 ραι-δε
459 5008 510 5061 in
533 5010 692 5076 priori
713 5011 844 5074 vita,
877 5019 984 5066 etc.
1008 5011 1193 5067 Altera
1242 5027 1365 5079 pars
1398 5012 1555 5081 hujus
1589 5011 1777 5067 confu-

446 5073 681 5158 continet
728 5073 1322 5158 «altwsveo'iotu,__sive
1358 5073 1774 5158 μετέμψύχωσιν

214 5133 582 5227 Ξῖἓιξξιεςξῐςὶοθηι
614 5153 716 5227 :_t_|e
745 5169 845 5223 qua
859 5133 943 5208 ’έχ
968 5133 1272 5211 Gcntiiihus
1320 5133 1775 5227 ngemorriip’msius

216 5207 595 5298 Qtiditilili.__xv.
624 5207 1140 5291 MetainnrplmPOSI
1191 5227 1464 5281 Laerlinm
1496 5207 1625 5281 vetfo
1655 5229 1772 5298 lege

216 5276 407 5362 gettium
455 5293 543 5349 ιιι).
609 5276 659 5349 iv
688 5276 819 5362 ea;
863 5276 979 5362 ιἰξ
1015 5276 1773 5355 biuios—tiaiinnmlibi'Quid;

219 5347 314 5437 tua
348 5347 623 5437 Apollonii.
642 5347 979 5437 explana;
1007 5347 1412 5434 ιῐίιξιιιζὶιῆἱιιίζ
1428 5347 1734 5424 aiatait};
1745 5347 1765 5435 ζ

216 5433 526 5511 ςιιιιιειιιιιί,
587 5449 695 5492 tum
743 5433 902 5511 etiam
951 5443 1001 5494 in
1050 5439 1226 5496 Gallo.
1276 5442 1352 5496 Ex
1387 5433 1770 5497 ecclesiasticis

217 5504 525 5584 ξέξίβιιιςιιιιις
548 5521 731 5584 notant
760 5510 986 5566 Tertull.
1007 5514 1057 5566 in
1078 5513 1303 5584 Apolog.
1329 5529 1448 5581 cap.
1474 5513 1567 5579 Mi,
1595 5513 1772 5567 Tatia-

343 5573 583 5635 adversus
631 5580 834 5638 Gentes
865 5599 881 5649 ;
920 5583 1070 5655 Orig.
1099 5573 1193 5639 li'b.
1227 5573 1456 5641 {contra
1506 5573 1722 5639 Ci-lsnm
1750 5626 1765 5649 ,

220 5645 350 5723 ffllue
373 5660 543 5723 rursus
572 5665 753 5710 noster
779 5645 1090 5710 Lactantius
1119 5657 1210 5711 lib.
1246 5674 1337 5722 vn,
1368 5673 1488 5723 cap.
1514 5656 1620 5721 ‘25;
1645 5645 1768 5712 Hie;

221 5718 439 5798 Titinius.
461 5720 543 5776 lib.
570 5739 602 5777 ιι
632 5728 891 5798 adversus
912 5726 1091 5782 Jovin.
1120 5740 1173 5782 ut
1203 5731 1253 5782 in
1288 5718 1543 5798 Apologia
1574 5718 1767 5782 adver-

221 5781 559 5871 E?§_R}'f‘i'l_lj_lll
585 5812 599 5856 ζ
625 5781 958 5867 Augustinus
977 5801 1046 5856 de
1059 5781 1325 5855 Trinitnle
1338 5781 1440 5855 Ill-lt.
1462 5781 1565 5871 illi.
1596 5781 1766 5871 Chry-

223 5858 330 5906 sust.
355 5857 547 5921 ltomilia
570 5857 797 5939 quadam
822 5870 874 5926 in
906 5886 983 5926 ιιιι
1011 5883 1175 5943 caput
1221 5871 1479 5938 Joannis;
1527 5857 1762 5941 Cyrilltis

2014 3982 2127 4031 Isne
2154 3993 2248 4044 ego
2273 3981 2289 4041 (
2317 3994 2425 4044 nam
2445 3982 2645 4030 memini
2668 3979 2689 4044 )
2715 3980 2911 4042 'I‘rujani
2954 3986 3180 4044 tempore
3202 3981 3344 4032 belli.

2011 4042 2310 4107 l’atitliOides
2334 4042 2626 4105 Euphorbus
2648 4042 2781 4107 eram
2806 4057 2820 4103 ;
2845 4044 2921 4093 cui
2943 4042 3149 4107 pectore
3172 4045 3418 4107 quondam

2013 4106 2154 4157 Sedit
2175 4108 2223 4155 in
2247 4106 2454 4156 adverso
2488 4107 2652 4168 gravis
2695 4105 2836 4156 hasta
2879 4105 3083 4156 minoris
3127 4105 3330 4221 tati-idae.

3174 4186 3278 4220 ειι..

3174 4186 3259 4220 ειι.
3267 4209 3278 4219 .

1962 4295 2059 4361 Qui
2090 4296 2244 4348 vitam
2265 4311 2365 4348 non
2387 4310 2497 4348 esse
2524 4310 2724 4364 poenam
2754 4303 2909 4363 putet.
2942 4292 3065 4348 Hzrc
3087 4295 3246 4349 lectio
3268 4294 3495 4364 permul-

1888 4377 2062 4421 t0rnm
2096 4382 2225 4422 mss.
2255 4379 2371 4431 ρει,
2406 4365 2674 4421 editorum
2725 4377 2975 4433 quatuor.
3004 4365 3200 4436 Scripti
3233 4368 3259 4419 7
3288 4366 3495 4419 addunt

1890 4439 2038 4492 malis
2056 4452 2077 4502 ;
2106 4439 2341 4510 quinque
2368 4436 2623 4493 exhibent
2654 4436 2803 4491 malis
2832 4438 3073 4509 plenam,
3107 4446 3164 4492 ut
3201 4448 3256 4492 et
3296 4438 3491 4509 vulgati

1890 4523 2006 4563 εει.

1961 4579 2223 4652 Praefatur
2244 4589 2336 4652 est.
2373 4578 2449 4634 [ta
2475 4578 2751 4634 veterrimi
2785 4594 2914 4635 mss.
2945 4581 2972 4635 1
3005 4580 3236 4642 Bonon.,
3273 4579 3306 4634 5
3331 4580 3487 4652 Reg,

1887 4650 2058 4721 Lips.,
2087 4650 2225 4717 PaL,
2258 4653 2282 4704 1
2308 4651 2545 4706 Colbert.
2580 4667 2609 4705 a
2637 4652 2871 4705 secunda
2901 4667 3087 4707 manu.
3115 4652 3170 4706 In
3197 4652 3266 4707 15
3296 4650 3487 4707 πιθοζθι

1886 4723 1939 4777 in
1969 4724 2182 4778 excusis
2211 4723 2404 4793 legitur
2433 4722 2700 4793 profatus;
2734 4723 2785 4777 in
2806 4724 2840 4778 4
2862 4724 3076 4793 scriptis
3095 4737 3206 4778 rec.
3228 4723 3490 4794 professus

1883 4806 1977 4848 est.
2016 4794 2275 4864 Prwfatus
2302 4805 2395 4861 est,
2430 4795 2480 4849 id
2507 4804 2617 4856 est,
2651 4809 2808 4864 supra
2841 4794 2995 4849 dixit.

1958 4864 2317 4929 Gratulemur,
2368 4878 2473 4921 etc.
2531 4866 2655 4921 llaec
2683 4882 2788 4919 non
2814 4866 3065 4935 leguntur
3089 4865 3227 4936 apud
3268 4866 3489 4921 Cicero-

1882 4953 2004 4992 nem
2033 4943 2083 4992 in
2112 4938 2263 4992 libris
2283 4936 2350 4992 de
2375 4936 2642 5003 Legibus;
2672 4939 2919 5008 leguntur
2941 4937 3186 5007 equidem
3210 4979 3223 4998 ,
3249 4938 3342 4991 seti
3380 4951 3485 4992 non

1880 5009 2071 5065 iisdem
2096 5009 2295 5074 verbis,
2327 5010 2378 5064 in
2401 5026 2418 5064 ι
2438 5008 2794 5064 Tusculanar.
2814 5010 3096 5080 qmestion.
3129 5008 3229 5080 sub
3250 5008 3483 5063 initium.

1955 5081 2126 5138 Sensu
2154 5091 2376 5135 carente.
2402 5080 2582 5135 Mss.l
2620 5078 3025 5149 Bononfantiq.
3062 5094 3114 5132 et
3138 5078 3355 5134 Cotton.
3392 5079 3488 5134 ha~

1877 5150 2006 5206 bent
2049 5167 2202 5207 sensu
2247 5163 2500 5222 pereunte.
2549 5152 2701 5221 Apud
2720 5150 3036 5207 Ciceronem
3074 5161 3127 5204 et
3152 5150 3205 5204 in
3232 5152 3265 5207 5
3290 5151 3481 5218 editis,

1877 5240 2086 5279 necnon
2125 5234 2179 5278 et
2210 5225 2233 5277 l
2270 5225 2399 5294 Reg.
2435 5238 2544 5278 rec.
2575 5233 2658 5278 est
2684 5240 2834 5277 sensu
2862 5223 3074 5275 carenti.

1951 5295 2016 5351 Ut
2056 5294 2151 5350 sibi
2188 5295 2467 5348 videbatur.
2501 5294 2748 5349 Refertur
2770 5294 2835 5348 ad
2866 5294 3186 5349 Ciceronem
3222 5295 3308 5362 qni
3338 5311 3479 5363 prte-

1874 5369 2068 5434 cessit,
2104 5379 2159 5421 et
2188 5382 2310 5420 mox
2340 5368 2601 5434 sequitur.
2631 5365 2759 5420 Mss.
2782 5374 2894 5420 tres
2919 5365 3138 5428 addunt,
3162 5366 3359 5420 locutus
3381 5377 3476 5422 est.

1873 5441 1929 5496 In
1960 5440 1992 5494 7
2014 5453 2143 5492 mss.
2176 5445 2233 5492 et
2262 5438 2312 5491 in
2342 5440 2560 5494 totidem
2606 5437 2770 5494 editis
2799 5448 2883 5492 est
2911 5438 3145 5505 videtur;
3171 5438 3221 5491 in
3251 5438 3285 5492 8
3307 5439 3478 5509 scrip-

1873 5512 1942 5567 tis
1962 5554 1977 5573 ,
2009 5510 2262 5564 videntur.

1948 5582 2170 5636 Litterw.
2200 5580 2434 5636 Scilicet.
2468 5581 2671 5637 Daniel.
2701 5595 2777 5634 xu
2797 5619 2812 5645 ,
2842 5579 3028 5636 Matth.
3056 5595 3149 5644 ιιι,
3180 5596 3296 5644 xm,
3332 5596 3476 5647 xxv,

1869 5653 2030 5710 Joan.
2060 5669 2167 5717 χιι,
2197 5668 2246 5705 ι..

1945 5724 2011 5780 Ut
2034 5725 2167 5779 idem
2192 5722 2414 5778 Tullius.
2449 5724 2595 5778 llanc
2626 5725 2868 5780 ultimam
2901 5740 3087 5780 vocem
3119 5725 3298 5781 addidi
3321 5740 3387 5780 cx
3413 5727 3479 5781 15

1868 5797 2080 5853 excusis
2102 5837 2117 5860 ,
2150 5808 2201 5851 et
2229 5811 2291 5850 ex
2325 5795 2576 5851 omnibus
2632 5810 2760 5851 mss.
2798 5805 2992 5866 prmter
3020 5798 3045 5851 1
3082 5798 3214 5865 Heg.
3243 5814 3352 5850 rec.
3389 5800 3476 5854 cui

1867 5878 1949 5925 cst
1976 5867 2153 5923 Cicero
2178 5883 2195 5921 ι
2227 5870 2381 5923 abest
2410 5882 2588 5924 autem
2616 5885 2643 5923 a
2675 5870 2847 5925 tribus
2870 5884 2961 5925 rec
2987 5866 3148 5937 (Vide
3182 5866 3365 5935 infra).
