4038 6358
604 388 715 445 415

1682 385 1870 444 FIBM.
1910 384 2277 445 LACTANTII
2318 387 2523 447 DIVIN.
2559 391 2801 449 lNSTlT.
3752 401 3836 457 iiii

607 509 777 582 aspici
804 524 836 566 a
866 508 995 564 viris
1022 504 1175 564 nefas
1201 478 1481 565 habeatur.
1504 509 1790 566 Abstinent
1818 509 1981 580 igitur
2006 523 2201 579 aspec-
2232 526 2286 584 Α
2311 523 2427 565 rum
2457 510 2783 568 simillimus.
2814 511 2894 568 Ex
2923 512 3008 569 his
3035 527 3198 569 unum
3226 510 3438 584 eligam,
3457 515 3590 586 quod
3607 514 3668 574 ab
3690 523 3837 576 omni-

609 610 687 665 tu,
720 601 916 673 quibus
955 601 1329 659 contaminare
1376 602 1465 657 illa
1498 618 1606 659 non
1653 602 1812 661 licet:
1858 612 1911 659 et
1938 603 1983 659 si
2028 600 2206 667 forte,

607 695 697 751 vel
724 709 934 763 errore,
975 695 1061 751 vel
1100 710 1228 751 casu
1274 698 1530 768 quopiam
1569 698 1653 753 vir
1683 696 2001 769 aspexerit,
2033 698 2210 767 primo

604 805 769 864 poena
791 789 932 860 ejus,
963 790 1161 849 deinde
1191 793 1583 848 instauratione
1605 792 1888 858 sacriﬁcii,
1917 791 2094 848 scelus
2115 807 2211 847 ex-

603 883 804 954 piatur.
835 883 975 953 Quid
1004 883 1088 940 his
1136 885 1322 953 facias,
1367 886 1459 957 qui
1490 886 1802 942 inconcessa
1842 884 2072 941 scrutari
2111 900 2211 942 vo-

603 972 763 1031 lunt?
788 974 1054 1033 Nimirum
1086 977 1257 1033 multo
1284 977 1681 1044 sceleratiores,
1710 977 1804 1050 qui
1832 993 2028 1035 arcana
2052 994 2211 1035 mun-

603 1071 681 1140 di,
710 1080 766 1129 et
795 1071 899 1129 hoc
939 1074 1166 1130 cmleste
1199 1074 1458 1144 templum
1505 1072 1793 1145 profanare
1818 1075 1997 1146 impiis
2023 1072 2211 1145 dispu-

608 1165 908 1223 tationibus
933 1176 1207 1238 quaerunt,
1229 1182 1391 1239 quam
1422 1168 1511 1237 qui
1538 1168 1708 1224 aedem
1737 1167 1953 1236 Vestae,
1987 1175 2079 1222 aut
2108 1169 2212 1223 Bo-

607 1276 694 1318 nae
748 1261 895 1328 Deae,
942 1270 1032 1316 aut
1070 1258 1290 1318 Cereris
1338 1262 1681 1319 intraverint.
1732 1260 1864 1331 Quae
1908 1261 2210 1333 penetralia

604 1353 853 1423 quamvis
878 1352 1027 1409 adire
1056 1354 1187 1409 viris
1228 1368 1337 1410 non
1365 1354 1558 1422 liceat,
1587 1364 1767 1411 tamen
1815 1370 1846 1410 a
1888 1354 2019 1410 viris
2045 1353 2211 1410 fabri-

607 1456 729 1502 cata
757 1454 904 1501 sunt.
940 1444 1004 1501 iii
1035 1460 1169 1502 vero
1200 1462 1305 1500 non
1340 1455 1548 1502 tantum
1575 1445 1869 1518 impietatis
1895 1446 2104 1502 crimen
2132 1446 2211 1502 ei-

606 1537 822 1610 i‘ngiunt
852 1555 865 1592 ε
897 1538 992 1595 sed
1019 1581 1034 1605 ,
1072 1539 1215 1605 quod
1238 1547 1322 1595 est
1351 1541 1524 1596 multo
1551 1539 1845 1613 indignius,
1888 1540 2212 1610 eloquentiae

608 1632 832 1697 famam,
854 1641 909 1688 et
933 1632 1132 1704 ingenii
1160 1632 1385 1704 gloriam
1403 1644 1832 1706 consequuntur.
1863 1632 2026 1701 Quid,
2043 1632 2089 1688 si
2112 1632 2213 1689 ali-

605 1725 736 1798 quid
769 1727 1093 1799 investigare
1115 1728 1375 1799 possent?
1403 1728 1543 1786 Sunt
1569 1728 1715 1785 enim
1746 1738 1853 1784 tam
1881 1728 2030 1785 stulti
2059 1727 2112 1782 in
2134 1742 2217 1783 as-

605 1817 934 1875 severando.
977 1834 1137 1890 quam
1171 1822 1403 1894 improbi
1431 1821 1488 1878 in
1515 1821 1853 1893 quaerendo;
1884 1837 2010 1879 cum
2035 1836 2213 1894 neque

2311 603 2414 660 bus
2439 607 2509 660 sit
2546 606 2852 677 probatum.
2891 606 3118 663 Celebre
3145 607 3251 663 hoc
3279 608 3609 677 proverbium
3637 609 3838 667 Socrates

2312 697 2501 753 habuit
2529 716 2543 753 :
2583 718 2601 751 ι
2635 699 2788 767 Quod
2828 714 2993 771 supra
3024 714 3123 756 nos
3144 742 3159 767 ,
3188 699 3322 755 nihil
3349 699 3415 755 ad
3441 714 3554 756 nos.
3587 718 3604 753 ι
3632 701 3845 758 Procum-

2295 783 2507 846 'bamus
2535 791 2696 862 igitur
2723 791 2774 846 in
2808 800 3033 857 terram,
3063 803 3122 847 et
3146 806 3338 847 manus
3363 792 3516 847 nobis
3542 792 3604 847 ad
3635 793 3842 861 praeclara

2312 896 2479 952 opera
2506 882 2659 939 datas
2688 892 3075 939 convertamus
3105 883 3158 938 in
3187 882 3371 955 pedes.
3401 882 3542 939 Nihil
3577 882 3637 940 ad
3662 899 3846 942 nosco:-

2312 972 2447 1041 lum,
2490 973 2556 1030 ad
2584 975 2742 1044 cujus
2779 976 3295 1048 contemplationem
3338 990 3521 1031 sumus
3546 978 3851 1040 excitatizni-

2316 1066 2390 1122 hil
2439 1066 2675 1139 denique
2726 1066 2818 1122 lux
2858 1069 2972 1138 ipsa
3015 1068 3286 1138 pertineat
3316 1086 3330 1123 :
3360 1078 3507 1124 certe
3534 1068 3696 1125 victus
3717 1071 3848 1126 nostri

2312 1175 2472 1217 causa
2518 1161 2587 1217 de
2628 1162 2768 1219 coelo
2805 1171 2908 1217 est.
2931 1161 3085 1229 Quod
3115 1162 3159 1217 si
3191 1160 3294 1217 hoc
3323 1162 3493 1218 sensit
3519 1204 3533 1229 ,
3556 1178 3654 1218 non
3679 1177 3779 1220 esse
3800 1163 3850 1219 de

2314 1255 2477 1311 rebus
2501 1255 2822 1312 coelestibus
2843 1256 3248 1327 disputandum,
3271 1271 3341 1313 ne
3363 1257 3573 1312 illorum
3593 1258 3776 1328 quidem
3795 1273 3853 1313 ra-

2315 1349 2516 1405 tionem
2550 1358 2759 1419 poterat
2786 1348 3275 1420 comprehendere,
3301 1364 3424 1421 quae
3452 1352 3550 1405 sub
3577 1350 3772 1419 pedibus
3788 1349 3855 1405 ba-

2314 1442 2499 1500 bebat.
2531 1442 2669 1510 Quid
2699 1443 2868 1515 ergo?
2897 1459 3023 1501 num
3050 1442 3256 1499 erravit
3281 1443 3337 1497 in
3363 1442 3583 1498 verbis?
3605 1442 3854 1498 Verisimile

2315 1550 2421 1590 non
2450 1543 2535 1591 est
2564 1552 2577 1588 :
2611 1534 2706 1591 sed
2743 1535 2999 1591 nimirum
3047 1535 3101 1591 id
3134 1535 3303 1590 sensit
3330 1576 3345 1601 ,
3378 1534 3521 1605 quod
3546 1534 3737 1590 locutus
3758 1546 3851 1599 est,

2315 1629 2564 1700 religioni
2612 1629 2833 1684 minime
2870 1628 3218 1685 serviendum
3262 1644 3276 1682 :
3306 1627 3453 1700 quod
3482 1627 3528 1683 si
3554 1637 3721 1699 aperte
3738 1626 3851 1683 dice-

2313 1730 2419 1787 ret,
2447 1736 2608 1777 nemo
2638 1729 2932 1791 pateretur.

2386 1814 2516 1885 Quis
2536 1816 2679 1872 enim
2704 1830 2811 1870 non
2835 1814 3053 1881 sentiat,
3081 1813 3228 1870 hunc
3251 1813 3515 1869 mundum
3543 1821 3642 1868 tam
3668 1811 3856 1868 mirabili

606 1911 852 1969 invenire
907 1913 1199 1986 quidquam
1235 1914 1465 1985 possint,
1506 1929 1607 1971 nec
1644 1914 1965 1981 defendere,
1996 1916 2208 1973 etiamsi
2239 1950 2288 2011 Β
2316 1908 2526 1965 ratione
2565 1908 2887 1979 perfectum,
2952 1907 3131 1979 aliqua
3183 1908 3528 1979 providentia
3580 1906 3855 1979 gubernari?

605 2005 932 2063 invenerint.
958 2007 1093 2065 Nam
1122 2010 1167 2067 si
1188 2025 1376 2066 verum
1406 2011 1489 2068 vel
1517 2009 1741 2067 fortuito
1767 2010 2037 2080 viderint,
2061 2013 2207 2081 quod
2239 2003 2285 2011 ’
2314 2003 2745 2075 quandoquidem
2777 2004 2903 2060 nihil
2930 2013 3034 2071 est,
3062 2004 3210 2077 quod
3242 2007 3415 2074 possit
3442 2006 3559 2061 sine
3585 2005 3685 2060 ullo
3708 2004 3852 2059 mode-

608 2098 808 2167 saepius
835 2101 1118 2172 contingit,
1149 2107 1520 2169 committunt,
1547 2113 1608 2160 ut
1634 2103 1703 2159 ab
1732 2104 1854 2160 aliis
1882 2104 1935 2160 id
1956 2120 2053 2176 pro
2070 2105 2209 2162 falso

607 2186 907 2246 refellatur.
938 2190 1055 2248 Non
1106 2195 1250 2250 enim
1297 2194 1581 2252 descendit
1608 2196 1805 2267 aliquis
1831 2197 1899 2253 de
1927 2197 2089 2266 cmlo,
2119 2200 2207 2270 qui

608 2285 931 2342 sententiam
975 2289 1044 2346 de
1094 2292 1430 2363 singulorum
1475 2292 1821 2365 Opinionibus
1866 2291 2045 2347 ferat:
2078 2308 2211 2363 qna-

606 2393 831 2457 propter
861 2398 1022 2441 nemo
1051 2384 1401 2455 dubitaverit,
1431 2403 1548 2455 eos,
1580 2388 1674 2460 qui
1720 2391 1822 2445 ista
1848 2390 2211 2461 conquirant,

608 2475 828 2544 stultos,
858 2477 1095 2548 ineptos,
1118 2478 1342 2535 insanos
1367 2494 1509 2536 esse.

606 2572 627 2626 l-
680 2571 897 2640 Aliquid
936 2586 1068 2644 ergo
1107 2572 1361 2630 Socrates
1397 2572 1587 2629 habuit
1620 2574 1801 2630 cordis
1834 2574 2093 2642 humani,
2125 2574 2218 2647 qui

607 2678 733 2721 cum
766 2664 1100 2736 intelligeret
1122 2666 1241 2722 haec
1265 2681 1376 2723 non
1405 2681 1564 2738 posse
1595 2667 1850 2734 inveniri,
1882 2668 1950 2723 ab
1979 2668 2217 2739 ejusmo-

608 2755 664 2812 di
687 2757 1079 2829 quaestionibus
1100 2772 1162 2815 se
1189 2759 1451 2826 removit;
1478 2774 1780 2831 vereorque
1809 2776 1877 2816 ne
1897 2761 1950 2815 in
1975 2775 2043 2816 eo
2071 2759 2216 2816 solo.

612 2850 781 2906 Multa
809 2850 955 2907 enim
987 2859 1114 2907 sunt
1151 2851 1269 2922 ejus
1300 2867 1407 2908 non
1446 2853 1608 2908 modo
1636 2853 1796 2910 laude
1833 2854 2049 2926 indigna
2076 2896 2091 2921 ,
2120 2853 2216 2910 sed

609 2944 777 3001 etiam
807 2943 1236 3017 reprehensione
1278 2946 1614 3020 dignissima,
1648 2950 1700 3004 in
1731 2949 1926 3021 quibus
1955 2948 2054 3004 fuit
2083 2964 2213 3004 suo-

2317 2109 2499 2154 ratore
2519 2099 2834 2155 consistere.
2856 2099 2948 2155 Sic
2970 2098 3164 2156 domus
3185 2100 3254 2156 ab
3277 2100 3581 2156 habitatore
3598 2100 3784 2156 deserta
3801 2099 3859 2153 di-

2319 2192 2549 2260 labitur;
2580 2195 2736 2249 navis
2760 2194 2878 2250 sine
2906 2194 3269 2266 gubernatore
3293 2193 3410 2250 abit
3441 2208 3648 2264 pessum
3669 2209 3683 2259 ;
3702 2202 3747 2248 et
3766 2206 3855 2247 cor-

2318 2305 2421 2362 pus
2441 2332 2455 2357 ,
2483 2289 2730 2346 relictum
2757 2289 2826 2344 ab
2870 2289 3050 2345 anima
3073 2331 3088 2355 ,
3128 2287 3327 2344 diffluit
3358 2307 3373 2343 :
3407 2287 3602 2344 nedum
3630 2296 3859 2357 putemus,

2320 2392 2522 2439 tantam
2549 2384 2693 2439 illam
2721 2383 2920 2439 molem
2967 2392 3061 2438 aut
3101 2382 3340 2438 construi
3393 2382 3512 2437 sine
3540 2379 3762 2447 artiﬁce,
3786 2390 3856 2433 aut

2323 2488 2467 2534 stare
2507 2477 2710 2533 tamdiu
2741 2477 2859 2532 sine
2887 2485 3100 2532 rectore
3127 2476 3396 2548 potuisse.
3428 2474 3578 2544 Quod
3601 2474 3642 2530 si
3666 2472 3861 2544 publicas

2321 2570 2444 2627 illas
2487 2570 2779 2642 religiones
2823 2569 2994 2625 voluit
3038 2577 3313 2634 evertere,
3346 2583 3459 2623 non
3491 2567 3740 2639 improbo,
3765 2564 3861 2636 quin

2322 2664 2483 2720 etiam
2514 2663 2769 2728 laudabo,
2794 2662 2839 2717 si
2862 2661 2977 2731 ipse
3002 2660 3146 2732 quod
3176 2669 3260 2716 est
3286 2661 3486 2716 melius
3509 2658 3767 2716 invenerit.
3788 2657 3863 2711 Ve-

2322 2774 2442 2813 rum
2472 2757 2613 2813 idem
2645 2771 2744 2828 per
2772 2770 2963 2811 canem
2996 2763 3051 2810 et
3085 2768 3334 2809 anserem
3356 2751 3650 2823 dejerabat.
3674 2749 3713 2806 0
3737 2749 3865 2805 homi-

2325 2868 2447 2907 nem
2490 2865 2732 2909 scnrram
2763 2849 2845 2921 (ut
2871 2849 2947 2903 ait
2977 2847 3122 2902 Zeno
3149 2845 3463 2917 epicureus)
3489 2845 3711 2915 ineptum
3734 2885 3748 2909 ,
3771 2856 3863 2911 per-

2322 2946 2519 3014 ditum,
2546 2945 2917 3017 desperatum,
2942 2944 2986 2999 si
3008 2941 3249 2998 cavillari
3270 2939 3449 2997 voluit
3479 2935 3865 3012 religionem;de-

1962 3040 2322 3099 VARIORUM
2350 3039 2581 3097 ΝΟΤιΕ.

609 3157 626 3231 '_
685 3154 852 3231 Nequ
879 3154 1143 3231 habeatur.
1168 3155 1513 3231 Compar-alio
1531 3170 1617 3216 est
1640 3174 1673 3216 a
1694 3160 1889 3217 minori
1922 3158 1990 3215 ad
2018 3159 2215 3231 majus,
2247 3158 2293 3222 C
2325 3155 2640 3231 Lactantius
2683 3156 2894 3231 Socrati
2935 3156 3097 3231 paulo
3137 3155 3410 3231 iniquior,
3443 3166 3499 3211 et
3523 3152 3621 3231 sibi
3647 3151 3863 3231 contraria

605 3225 757 3300 jux_t_a
779 3225 1081 3300 Gentilium
1106 3236 1284 3285 tamen
1309 3225 1643 3300 opinionem.

690 3296 788 3354 Vel
815 3314 939 3355 casu
967 3300 1231 3371 quopiam.
1265 3296 1365 3359 Sic'
1401 3303 1613 3358 restitui
1645 3319 1711 3359 ex
1742 3305 2019 3360 veteribus
2049 3302 2212 3359 editis

610 3379 768 3446 octo,
796 3379 851 3426 et
898 3370 1150 3446 omnibus
1198 3388 1330 3429 mss.
1362 3384 1559 3445 praeter
1586 3376 1621 3431 5
1654 3375 1784 3446 Reg.
1813 3385 1870 3431 et
1894 3376 1931 3431 ἓ
1975 3375 2125 3446 Lips.
2155 3375 2213 3430 in

609 3441 826 3514 quibus,
854 3441 1011 3518 ut__in
1038 3442 1070 3497 7
1115 3441 1581 3518 excusis,'legitur
1599 3441 1884 3518 quispiam,
1913 3448 1967 3502 in
1998 3441 2208 3503 l'Colb.

610 3513 884 3590 quoquam.
916 3513 1051 3590 Nota
1079 3515 1256 3573 obiter
1285 3513 1526 3590 quapiam
1557 3513 1795 3575 inserto
1813 3534 1964 3582 casu,
1991 3530 2049 3575 ut
2072 3519 2212 3588 apud

611 3584 932 3661 Arnpbium,
964 3585 1057 3641 lib.
1083 3603 1158 3651 vr,
1182 3584 1307 3645 ante
1333 3584 1518 3657 tinem,
1541 3598 1598 3646 et
1613 3590 1707 3645 lib.
1729 3607 1825 3654 vn.
1844 3584 2210 3661 postinitium.

689 3655 1026 3731 ll_oc_cteleste
1054 3661 1303 3730 templum
1325 3701 1341 3724 ,
1374 3670 1481 3717 etc.
1507 3655 1605 3717 Sic
1651 3655 1861 3731 Scipio'
1885 3665 1938 3716 in
1992 3661 2215 3719 Somnio

613 3728 752 3802 apud
801 3726 916 3785 Cic.
960 3726 1254 3799 appellavit
1300 3733 1582 3789 mundum.
1634 3726 1759 3802 Quo
1801 3735 1923 3789 loco
1975 3732 2209 3789 Macrob.

613 3799 752 3854 Bene
789 3810 959 3855 autem
990 3842 1006 3868 ,
1038 3802 1240 3873 inquit,
1283 3804 1552 3860 universus
1582 3799 1804 3860 mundus
1842 3804 1939 3859 Dei
1967 3806 2216 3875 templum

612 3881 843 3943 uocatur,
890 3882 1097 3942 propter
1124 3874 1244 3930 illos
1285 3875 1373 3943 qui
1416 3876 1711 3931 existimat
1754 3877 1886 3931 nihil
1929 3877 2076 3931 aliud
2108 3893 2218 3932 esse

616 3940 808 4017 Deum,
835 3940 939 4017 nisi
967 3944 1147 3998 ccelum
1188 3940 1379 4017 ipsum,
1414 3957 1460 4001 et
1491 3947 1713 4002 caelestia
1754 3949 1856 4001 ista
1898 3963 2013 4016 qua:
2050 3948 2217 4002 cerni-

615 4011 905 4088 ntus._deo
927 4022 980 4067 ut
1005 4018 1190 4071 summi
1209 4011 1489 4088 potentiam
1520 4017 1615 4073 Dei
1640 4011 1924 4073 ostenderet
1955 4035 2104 4085 posse
2130 4023 2216 4074 via:

616 4085 858 4159 intelligi.
892 4102 1150 4159 nunquam
1179 4085 1378 4154 videri;
1407 4088 1659 4159 quidquid
1682 4090 1910 4144 humano
1945 4091 2218 4159 subjicitur

616 4157 867 4226 aspectui,
891 4158 1141 4232 templum
1167 4162 1278 4230 ejus
1302 4157 1513 4222 voca-rit,
1539 4163 1627 4231 qui
1654 4163 1766 4215 sola
1798 4173 1964 4217 mente
1989 4157 2216 4232 concipi-

618 4236 725 4292 tur;
740 4238 791 4281 ut
812 4229 900 4304 qui
920 4228 1028 4282 [nec
1050 4228 1317 4304 veneratur
1336 4242 1390 4286 ut
1410 4228 1624 4304 templa,
1645 4233 1840 4287 cultum
1859 4243 2028 4289 tamen
2048 4228 2189 4289 mami
2204 4262 2218 4272 -

616 4316 758 4376 munt
788 4298 964 4376 debeat
988 4303 1247 4376 _conditori
1271 4344 1286 4369 ,
1320 4298 1546 4376 sciatque
1575 4305 1804 4376 quisquis
1830 4305 1883 4358 in
1914 4322 2060 4360 usum
2083 4314 2213 4359 tent-

619 4371 695 4443 pli
716 4372 871 4444 Itujus
906 4372 1189 4442 inducitur,
1219 4377 1324 4431 ritu
1344 4376 1440 4431 sibi
1463 4371 1737 4432 uiuendum
1760 4377 2046 4502 sagulatis
2070 4419 2084 4443 ,
2109 4387 2214 4434 etc.

1874 4465 2035 4502 ετυι.

1874 4465 2035 4504 Ετυιι.

617 4515 667 4567 F’
692 4512 996 4590 Donasdew,
1016 4516 1330 4590 etc.Deqna
1357 4535 1480 4574 mox
1500 4519 1834 4586 Lactantius,
1860 4530 2093 4590 etsupra
2113 4519 2150 4575 l.
2174 4537 2210 4589 ι,

618 4600 666 4642 c.
702 4585 804 4654 22;
840 4588 1088 4659 Propert.
1122 4588 1159 4643 I.
1216 4585 1289 4658 tv,
1318 4590 1471 4662 Eleg.
1503 4591 1560 4658 9,
1588 4592 1656 4647 de
1685 4585 1856 4647 sacris
1882 4585 2046 4648 Bona:
2074 4585 2213 4649 deae.
2247 4625 2301 4686 D

744 4702 1018 4769 Fogminea:
1043 4702 1148 4753 loca
1169 4703 1329 4769 clausa
1350 4703 1481 4768 deae,
1505 4704 1770 4769 fontesque
1795 4706 2017 4768 piandos,

807 4765 1015 4831 Impune
1041 4772 1096 4816 et
1112 4766 1255 4816 nullis
1270 4779 1405 4817 sacra
1431 4765 1625 4818 retecta
1649 4765 1783 4818 viris.

618 4874 686 4929 Et
713 4888 819 4927 non
852 4874 1025 4948 solum
1050 4873 1180 4948 viris
1208 4875 1659 4948 templumBonte
1687 4876 1802 4930 dem
1835 4877 2043 4948 ingredi
2072 4876 2225 4934 nefas

621 4955 769 5009 erat;
798 4945 894 4999 sed
922 4953 992 5017 Aet
1019 4946 1240 5017 pictura:
1287 4946 1539 5001 mascula:
1585 4949 1636 5002 in
1679 4949 1881 5017 templo
1898 4945 2133 5015 'velatm,
2167 4960 2225 5005 ut

620 5024 888 5088 testantur
912 5015 1157 5072 Juvenal.
1195 5016 1376 5088 Satyr.
1405 5017 1473 5083 6,
1507 5029 1561 5073 et
1587 5015 1985 5088 Senec.‘epist.
2017 5022 2108 5077 97.
2147 5022 2223 5077 De

622 5085 708 5163 his
734 5088 1041 5163 Bonmdcm
1068 5097 1160 5163 aut
1184 5087 1364 5144 Vestae
1401 5088 1670 5163 Mysteriis
1711 5090 1830 5145 vide
1862 5085 2082 5163 Dionys.
2116 5092 2223 5149 Ha-

622 5156 827 5231 lyca_rn.
859 5160 951 5215 lib.
980 5176 1051 5221 tt;
1098 5156 1729 5231 Ciceronemforatione
1762 5176 1859 5231 pro
1894 5156 2065 5218 Dotfio
2095 5180 2217 5231 sua,

625 5238 678 5306 et
707 5229 1154 5306 Maeroh.,mlib._l_
1179 5230 1478 5306 Saturnal.,
1524 5247 1574 5288 c.
1607 5233 1667 5288 11
1702 5229 1870 5296 ειη,
1900 5246 2059 5306 atque
2095 5229 2224 5292 Seré-

625 5299 769 5353 vium
802 5302 853 5354 in
880 5317 934 5357 tv
966 5304 1053 5358 lib.
1087 5301 1368 5359 IEneidos.

700 5369 902 5444 Cordis.
934 5373 1029 5430 llic
1057 5391 1145 5429 cor
1169 5377 1383 5443 ponitur
1418 5390 1515 5443 pro
1538 5376 1719 5429 animo
1740 5417 1754 5441 ,
1782 5375 2065 5444 prudentia
2087 5418 2102 5444 ,
2134 5392 2220 5433 sa-

629 5440 851 5518 pientia.
872 5473 943 5518 7-—
963 5440 1285 5515 Aliquid.....
1320 5440 1496 5502 habuit
1532 5446 1713 5501 cordis.
1749 5440 1804 5503 ld
1835 5455 1948 5512 est,
1988 5457 2045 5502 ut
2069 5440 2213 5518 sup.,

632 5513 730 5589 {ait
760 5515 915 5589 paulo
941 5513 1217 5589 cordutior.
1247 5518 1564 5574 Lactantius
1591 5535 1711 5572 cum
1742 5521 1863 5574 aliis
1898 5513 2215 5589 sapientiam

630 5584 685 5659 in
710 5585 861 5659 corde
889 5589 1118 5659 ponebat
1152 5605 1165 5641 ε
1197 5588 1345 5659 hinc,
1376 5590 1412 5644 I.
1443 5606 1522 5653 ιιι,
1555 5604 1677 5659 cap.
1709 5590 1809 5646 15:
1838 5589 1907 5644 In
1947 5584 2099 5646 corde
2127 5608 2213 5646 sa-

632 5654 948 5732 pientianest.
981 5656 1057 5732 De
1083 5658 1248 5732 Opiﬁ,
1281 5674 1402 5729 cap.
1435 5662 1502 5717 10
1535 5680 1547 5715 :
1580 5654 1681 5715 (ἐὸν
1701 5663 1968 5732 sapientia:
1998 5662 2213 5717 domici-

632 5726 779 5807 liuut.
808 5725 938 5807 Cap.
974 5726 1041 5780 1‘2
1067 5745 1085 5807 Δε
1118 5725 1362 5807 Primum
1398 5748 1487 5807 cur
1507 5733 1737 5807 [laminis
1762 5725 1963 5804 efﬁngi,
1994 5735 2132 5805 quod
2158 5734 2214 5790 in

631 5811 691 5850 eo
715 5801 781 5871 sit
807 5801 908 5871 vita
938 5801 1101 5852 omnis
1130 5810 1177 5853 et
1203 5801 1473 5871 sapientia.
1507 5803 1637 5857 BUN.

709 5866 858 5932 Quod
885 5885 1042 5938 supra
1072 5886 1197 5935 nos,
1228 5866 1358 5923 nihil
1381 5875 1449 5925 ad
1481 5890 1590 5927 nos.
1622 5872 1863 5928 Meminit
1896 5873 2056 5930 etiam
2082 5874 2210 5932 Hie-

637 5946 893 6008 ronymus
921 5940 973 5995 in
1002 5941 1265 6012 Apologia
1301 5942 1560 5999 adversus
1587 5940 1864 5999 Ruﬁnum.
1900 5941 1969 6000 At
1998 5940 2212 6002 videtur

2323 3228 2475 3292 dicit,
2507 3245 2627 3282 cum
2658 3228 2780 3283 aliis
2806 3229 2858 3282 in
2882 3224 3017 3283 locis
3038 3224 3266 3282 multum
3294 3229 3578 3284 Socratem
3601 3224 3862 3281 laudaverit.

2318 3298 2709 3356 Verumtamen
2738 3316 2845 3353 non
2879 3316 2945 3354 eo
2976 3299 3300 3356 veniendum
3324 3309 3432 3365 est,
3467 3309 3524 3355 ut
3543 3298 3778 3359 dicamus,
3800 3308 3863 3347 ve-

2318 3369 2398 3426 lut
2426 3370 2688 3427 Erasmus
2719 3371 3034 3437 Rotterod.,
3085 3369 3176 3441 qui
3215 3384 3383 3441 saepe
3418 3372 3508 3425 vix
3559 3368 3800 3424 abstinere
3822 3378 3864 3418 se

2318 3456 2483 3568 potsse
2512 3442 2728 3510 aiebat,
2754 3444 2881 3514 quin
2926 3440 3135 3499 diceret
3159 3459 3172 3495 :
3198 3440 3396 3498 Sancte
3420 3442 3673 3508 Socrates,
3696 3455 3771 3494 ora
3796 3453 3863 3506 pro

2318 3530 2383 3568 no
2420 3531 2482 3568 is.

2318 3530 2482 3568 110018.

2394 3584 2843 3657 Ρνοειριιὸαιηιιε..
2945 3587 3001 3657 in
3028 3595 3238 3642 terram.
3262 3585 3497 3657 Equinis
3531 3585 3860 3657 interpretatur

2318 3656 2520 3715 Minue.
2545 3655 2693 3712 Felix
2715 3700 2730 3725 ,
2760 3673 2812 3713 c.
2837 3657 2892 3713 8.
2918 3656 3288 3713 Tertullianus
3312 3699 3329 3726 ,
3352 3654 3403 3712 Ἰ.
3434 3672 3473 3712 ιι
3512 3656 3579 3710 ad
3620 3654 3857 3726 Nationes.

2320 3742 2373 3784 c.
2401 3734 2468 3794 4,
2503 3721 2841 3785 όίειιιιιιίιοο
2869 3729 3105 3799 Epicuro
3140 3721 3348 3785 tribuit.
3378 3729 3509 3784 iure
3537 3742 3688 3793 vero,
3715 3725 3788 3799 qui
3810 3721 3859 3776 de

2322 3800 2549 3857 Socrate
2590 3798 2951 3870 scripserunt,
2984 3800 3323 3857 Lactantium
3369 3801 3441 3857 ob
3471 3800 3606 3856 hanc
3637 3798 3857 3854 sinistram

2323 3871 2831 3948 interpretationem
2856 3874 3205 3948 castigarunt.
3236 3872 3372 3929 BUN.
3739 3939 3749 3948 _
3806 3937 3814 3948 ⁸

2393 3939 2626 4016 Difﬂuit.
2658 3943 2734 3999 lta
2763 3939 3098 4016 antiquiores
3130 3960 3193 3999 ac
3218 3950 3462 4010 potiores
3490 3957 3639 4016 mss.
3659 3939 3856 3996 undecim

2321 4024 2378 4071 et
2403 4014 2645 4093 pannulli
2674 4016 2843 4093 editi;
2874 4014 2925 4071 in
2953 4017 3168 4072 caneris
3195 4017 3396 4093 defluit,
3427 4015 3603 4093 minus
3628 4014 3765 4093 bene.

2403 4085 2590 4142 Verum
2629 4088 2766 4143 idem
2798 4106 2887 4158 per
2909 4105 3109 4153 canem,
3142 4085 3525 4144 etchetninit
3569 4085 3714 4157 hujus
3745 4085 3858 4158 jura.

2320 4159 2513 4236 menti
2542 4153 2840 4236 Athenmus
2863 4161 3006 4236 Llib.
3052 4160 3446 4236 tx.__Deipnos.
3491 4153 3713 4236 [incusat
3746 4153 3856 4236 hunc

2322 4229 2679 4300 Appollonius
2700 4232 2841 4302 apud
2870 4231 3118 4296 Philost.,
3150 4231 3244 4287 lib.
3267 4229 3345 4299 vt,
3376 4233 3522 4303 quod
3542 4229 3775 4303 jnraverit
3790 4236 3858 4293 per

2321 4299 2410 4374 ea,
2445 4317 2551 4357 non
2585 4299 2857 4373 tamquam
2884 4319 2979 4371 per
3005 4303 3157 4367 deos,
3189 4304 3283 4358 sed
3313 4299 3513 4374 ne’per
3527 4299 3653 4374 deos
3672 4299 3852 4374 juraret.

2322 4371 2464 4498 Quid
2494 4374 2667 4458 dicam
2689 4368 2771 4458 .de
2809 4368 3138 4458 Theologis?
3160 4368 3550 4458 .Tertnl.,'cap.
3588 4372 3647 4427 14
3673 4368 3856 4443 Δρωοςἶ

2371 4461 2521 4498 acea.
2554 4456 2727 4498 munit
2746 4488 2761 4498 .
2794 4448 2857 4498 de
2877 4447 3228 4498 philosophis.
3257 4446 3477 4498 Socrate
3504 4454 3773 4498 contentus.
3792 4451 3854 4498 diu

2371 4461 2521 4511 acea,
2552 4447 2762 4521 inquit,
2794 4448 2857 4521 de
2876 4447 3228 4521 philosophis,
3257 4446 3773 4521 Socratefonteutus,
3787 4451 3854 4521 πει

2324 4514 2380 4569 in
2405 4512 2768 4572 contumeliam
2793 4512 3033 4584 deorum,
3069 4512 3322 4584 Quercum
3351 4560 3365 4582 ,
3394 4528 3444 4573 et
3477 4516 3700 4577 Hircum,
3719 4520 3759 4565 et
3781 4512 3855 4563 Cs-

2325 4603 2441 4661 nent
2470 4589 2749 4661 dejerabat.
2794 4589 2903 4645 Sed
2940 4600 3210 4660 propterea
3238 4591 3515 4645 damnatus
3539 4596 3609 4643 est
3632 4585 3854 4661 Sacrata,

2327 4651 2595 4732 quia‘de'os
2630 4651 2951 4716 destruebat:
2972 4651 3304 4732 Augustinus
3335 4703 3352 4727 ,
3406 4663 3533 4717 item
3562 4674 3672 4728 cap.
3712 4655 3742 4709 2
3767 4651 3855 4732 libri

2328 4722 2398 4784 de
2425 4729 2565 4787 Vera
2593 4733 2876 4800 religione,
2908 4722 3229 4790 cleméntius
3256 4722 3362 4790 hoc
3390 4722 3765 4803 interpretatur.
3790 4722 3854 4776 ln-

2330 4809 2475 4876 terea
2508 4819 2612 4858 non
2643 4796 2992 4875 negabitnns,
3030 4820 3220 4876 canem
3254 4805 3397 4876 apud
3436 4796 3853 4876 Eg'yptioslleum

2326 4872 2532 4946 fuisse;
2560 4876 2701 4946 quod
2713 4866 2841 4930 "non
2886 4866 3046 4931 modo
3078 4866 3305 4932 Ensebf
3325 4878 3378 4932 in
3404 4866 3852 4946 missusm-

2325 4944 2497 5023 geliga
2513 4941 2764 5023 testatur,
2788 4948 2882 5003 sed
2908 4950 3020 5019 ipse
3040 4947 3205 5023 etiam
3224 4948 3376 5023 Plato
3395 4949 3446 5004 in
3471 4941 3851 5023 GorgiaanEthL:

2324 5009 2399 5090 ἷέ
2420 5017 2673 5074 Socrates
2715 5009 2894 5073 dictus
2929 5009 3122 5073 'scurra
3172 5019 3372 5075 Atticus
3398 5062 3413 5079 .
3439 5022 3564 5090 quia
3580 5009 3854 5090 ἶθὶιϋιιυιιιιιιε

2323 5089 2587 5214 Bleraqne
2638 5090 2888 5146 docebat.
2946 5091 3149 5146 Praeter
3203 5075 3568 5174 Ciceronem,-
3599 5086 3721 5167 libro
3761 5075 3853 5162 t'de

2373 5170 2526 5214 atura
2555 5161 2801 5214 deorum.
2837 5178 2959 5214 can.
3008 5163 3078 5214 54
3099 5204 3112 5214 .
3146 5173 3200 5214 et
3230 5163 3324 5214 ΙιΙ)-
3361 5180 3390 5214 v
3418 5164 3487 5214 de
3514 5159 3737 5214 Funbus.
3761 5147 3851 5206 "de

2373 5147 2526 5216 atura
2555 5161 2801 5224 deorum,
2837 5178 2959 5232 cap.
3008 5163 3078 5218 54
3099 5204 3112 5225 ,
3146 5173 3200 5217 et
3230 5163 3324 5220 ΙὶΙι.
3361 5180 3390 5215 v
3418 5164 3487 5218 de
3513 5147 3737 5221 Finibus,
3761 5147 3851 5206 vide

2324 5230 2616 5305 Minucium
2649 5235 2699 5289 in
2718 5230 2967 5298 Octavio,
3000 5235 3314 5305 paulorante
3343 5235 3528 5290 linem.
3651 5299 3677 5305 _
3772 5294 3782 5305 ,

2399 5300 2445 5358 0
2472 5307 2727 5360 hominem
2768 5299 3070 5377 scurrant'...
3104 5345 3116 5360 .
3151 5304 3293 5360 Zeno
3321 5299 3849 5377 Epicureus.__Seqllillﬂ'

2322 5373 2668 5443 Ciceronem,
2696 5378 2788 5433 lil).
2823 5393 2840 5431 ι
2877 5376 2946 5432 de
2977 5376 3097 5431 Nat.
3131 5377 3311 5445 deor.,
3357 5370 3476 5448 cap.
3499 5370 3744 5448 51_:Zen0
3772 5378 3847 5419 non

2321 5462 2407 5536 eos
2455 5448 2621 5536 solum
2649 5451 2737 5536 qui
2760 5461 2877 5536 turn
2895 5458 3065 5536 erant,
3095 5444 3530 5536 dppollodorum,
3554 5444 3847 5536 Sudatrix:

2322 5526 2454 5574 teras
2477 5517 2671 5590 ﬁgebat
2687 5520 2973 5575 maledictis
2997 5537 3011 5583 ;
3040 5522 3130 5575 sed
3143 5517 3421 5577 Socratem
3441 5523 3616 5590 ipsum,
3639 5517 3845 5590 ρατςπςεικ

2319 5581 2681 5716 znilzso'pltiaz,
2711 5593 2871 5647 latino
2898 5581 3046 5647 verba
3068 5602 3236 5662 utens,
3266 5581 3491 5648 scurram
3512 5581 3845 5712 Αιιίἓωξίαίηί

2357 5678 2430 5714 tce
2463 5673 2534 5716 al.
3656 5673 3697 5711 υ·
3720 5695 3731 5708 ·

2357 5662 2534 5717 icebal.
3616 5662 3731 5712 Bas.

2393 5732 2461 5787 (1t
2477 5736 2549 5790 ait
2575 5734 2717 5790 Zeno
2741 5732 3045 5805 Epicureus.
3070 5735 3197 5791 Ideo
3216 5732 3613 5805 distinguendus
3626 5745 3649 5782 a
3672 5725 3843 5805 lenone

2315 5801 2499 5883 Cittio,
2533 5806 2646 5883 sive
2668 5794 2861 5883 stojéo,
2890 5808 3054 5862 etiam
3083 5807 3151 5883 ab
3178 5794 3547 5864 Eleatefluter
3571 5810 3682 5883 uel}?
3706 5794 3841 5883 ξςιξξν

2315 5891 2414 5955 ⁸398
2443 5863 2688 5933 Li“illius
2725 5863 3051 5955 [Epicureum
3082 5863 3226 5936 hunc
3255 5863 3503 5939 octavum
3543 5872 3692 5945 ponit,
3720 5863 3840 5922 Sido.

2316 5942 2461 6004 nium
2484 5958 2704 6018 genere.
2736 5942 2869 6006 Buri.
