4038 6358
178 228 258 288 lli

967 207 1172 273 LIBER
1210 207 1301 274 Ill.
1346 208 1434 273 DE
1474 208 1694 273 FALSA
1729 204 2093 272 SAPIENTIA
2131 208 2534 274 PHILOSOPH.

3295 210 3403 266 «HS

176 349 400 402 mentem,
426 335 466 391 si
496 333 591 389 hoc
618 330 760 388 serio
804 330 933 387 fecit
959 373 972 398 ,
1000 341 1058 387 ut
1088 331 1290 387 animal
1325 331 1696 402 turpissimum
1730 342 1781 402 Α
1804 333 2028 404 justitite
2072 333 2212 388 ratio
2265 331 2556 397 desiderat,
2589 327 2767 385 omnia
2797 327 2849 384 in
2909 339 3197 384 commune
3237 326 3415 396 possi-

175 453 250 509 pro
274 435 370 489 Deo
397 429 602 482 haberet
626 425 638 479 ε
671 424 800 492 Quis
827 423 938 494 jam
982 424 1396 494 superstitiones
1421 423 1704 494 ZEgyptio-

174 543 266 585 rum
299 522 475 578 audeat
515 517 912 589 reprehendere
940 559 954 583 ,
992 533 1126 587 quas
1173 517 1426 573 Socrates
1480 518 1705 572 Athenis

173 617 445 676 auctoritate
470 609 806 668 conﬁrmavit
845 625 940 664 sua
962 611 986 665 ?
1012 609 1149 664 lllud
1196 625 1324 666 vero
1352 624 1531 666 nonne
1555 625 1707 665 suru-

172 727 252 768 inre
275 706 516 770 vanitatis,
542 702 684 774 quod
709 701 1095 773 antelmortem
1125 701 1419 757 familiares
1465 716 1591 757 suos
1620 716 1708 756 ro—

171 807 302 881 gavit,
331 813 381 858 ut
414 799 717 869 [Esculapio
763 798 962 869 gallum
991 839 1006 864 ,
1040 813 1199 869 quem
1247 805 1491 862 voverat,
1525 813 1622 868 pro
1650 812 1710 852 se

172 896 438 958 sacrarent?
460 892 652 949 Timuit
679 891 952 956 videlicet,
978 906 1046 947 ne
1071 891 1215 961 apud
1241 889 1709 945 Rhadamanthum

172 995 531 1063 reciperatorem
552 987 660 1042 voti
684 1001 807 1041 reus
840 987 996 1040 fieret
1020 985 1089 1040 ab
1115 983 1448 1054 Ailsculapio.
1485 984 1713 1040 Demen-

172 1086 390 1141 Iissimum
437 1079 701 1136 hominem
745 1089 988 1150 putarem
1010 1120 1024 1144 ,
1054 1080 1100 1133 si
1149 1079 1341 1134 morbo
1369 1077 1593 1134 allectus
1620 1094 1714 1150 pe-

173 1180 332 1236 riisset.
354 1175 478 1232 Cum
514 1190 644 1231 vero
672 1175 776 1230 hoc
800 1173 1189 1238 sanuslecerit,
1217 1182 1302 1229 est
1323 1174 1437 1242 ipse
1464 1173 1710 1239 insanus,

172 1273 239 1344 qui
264 1287 372 1328 cum
399 1277 541 1341 putat
568 1268 731 1324 fuisse
769 1268 1095 1338 sapientem.
1126 1265 1207 1321 En
1235 1308 1250 1332 ,
1279 1265 1433 1337 cujus
1459 1266 1716 1336 tempori-

172 1366 248 1422 bus
271 1373 438 1418 natum
455 1376 572 1419 esse
592 1377 654 1417 se
683 1362 848 1416 homo
880 1359 1097 1431 sapiens
1119 1360 1436 1431 gratulatur.

718 1474 948 1532 CAPUT
974 1473 1117 1530 XXI.

241 1593 307 1648 De
324 1591 544 1648 Platonis
572 1591 828 1656 doctrina,
861 1605 974 1662 qua:
995 1589 1308 1661 respublicas
1329 1589 1628 1644 destrueret.

1808 426 1989 480 deant.
2021 425 2173 480 Ferri
2222 425 2324 480 hoc
2373 433 2568 496 potest,
2620 421 2874 494 quamdiu
2915 421 2983 476 de
3031 419 3257 491 pecunia
3307 418 3414 475 dici

1810 518 2043 574 videtur.
2075 517 2228 586 Quod
2260 519 2436 588 ipsum
2480 531 2648 588 quam
2677 513 3016 586 impossibile
3047 514 3139 580 sit,
3168 522 3222 568 et
3250 504 3412 582 quam

1811 613 2092 684 iniustum,
2143 621 2389 683 poteram
2433 610 2616 666 multis
2660 609 2825 665 rebus
2855 607 3163 664 ostendere.
3211 605 3418 662 Conce-

1812 705 2004 761 damus
2059 715 2236 760 tamen
2267 747 2282 771 ,
2345 712 2404 759 ut
2459 704 2629 774 possit
2698 702 2834 759 fieri.
2884 701 3087 771 Omnes
3142 703 3285 757 enim
3332 715 3420 755 sa-

1815 800 2026 869 pientes
2054 807 2249 864 eruut,
2283 807 2339 853 et
2368 795 2653 867 pecuniam
2699 803 3071 850 contemnent.
3123 792 3241 860 Quo
3289 808 3418 864 ergo

1814 891 1964 946 illum
1991 890 2351 946 communitas
2382 890 2482 944 ista
2516 888 2804 958 perduxit?
2831 887 3172 943 Matrimonia
3203 901 3420 958 quoque

1815 983 2004 1054 inquit,
2034 983 2342 1038 communia
2372 996 2494 1037 esse
2520 980 2797 1037 debebunt
2824 998 2837 1035 :
2863 981 3074 1036 scilicet
3100 989 3158 1034 ut
3181 979 3247 1034 ad
3273 995 3422 1035 eam-

1815 1075 1939 1130 dem
1996 1075 2275 1130 mulierem
2334 1073 2491 1128 multi
2542 1073 2688 1138 viri,
2744 1080 3018 1143 tamquam
3070 1085 3233 1127 canes
3289 1085 3422 1126 cou-

1817 1167 2020 1234 lluant;
2052 1179 2106 1224 et
2133 1169 2178 1222 is
2210 1167 2397 1238 utique
2425 1166 2690 1232 obtineat,
2723 1165 2813 1235 qui
2840 1165 3048 1221 viribus
3071 1165 3261 1221 vicerit
3294 1171 3426 1220 :aut

1817 1262 1865 1319 si
1896 1263 2163 1334 patientes
2190 1270 2336 1327 sunt,
2369 1269 2430 1316 ut
2482 1259 2814 1331 philosophi,
2865 1269 3178 1332 expectent,
3209 1269 3268 1314 ut
3294 1259 3426 1315 vici-

1819 1357 1944 1423 bus,
1992 1364 2266 1427 tamquam
2319 1356 2545 1426 lupanar
2593 1355 2810 1410 obeant.
2859 1353 2904 1410 Ο
2950 1355 3140 1409 miram
3187 1353 3430 1410 Platonis

1819 1449 2163 1520 aequitatem!
2194 1448 2295 1504 Ubi
2323 1457 2409 1504 est
2445 1448 2610 1519 igitur
2642 1447 2810 1502 virtus
2841 1447 3141 1504 castitatis?
3169 1448 3257 1504 ubi
3289 1447 3427 1505 ﬁdes

1820 1539 2165 1612 coniugalis?
2195 1554 2318 1610 quae
2347 1540 2393 1593 si
2425 1539 2601 1606 tollas,
2629 1540 2807 1594 omnis
2841 1539 3050 1610 justitia
3081 1538 3290 1595 sublata
3321 1546 3426 1595 est.

1821 1631 1890 1687 At
1919 1632 2063 1688 idem
2091 1631 2252 1695 dixit,
2279 1630 2465 1688 beatas
2491 1631 2741 1687 civitates
2771 1631 2982 1687 futuras
3017 1631 3181 1688 fuisse
3200 1674 3216 1698 ,
3245 1633 3290 1687 si
3338 1639 3432 1688 aut

223 1729 482 1785 Videamus
530 1736 732 1796 tamen,
778 1727 905 1799 quid
957 1726 1108 1782 illum
1159 1726 1410 1782 Socrates
1436 1725 1715 1792 docuerit,
1748 1725 2134 1807 Bphilosophi
2185 1735 2505 1797 regnarent,
2544 1736 2638 1780 aut
2689 1741 2846 1798 reges
2889 1725 3428 1798 philosopharentur.

171 1823 242 1892 qui
264 1838 368 1876 cum
397 1831 555 1877 totam
586 1820 874 1892 Physicam
905 1819 1264 1891 repudiasset,
1293 1835 1360 1875 eo
1385 1835 1444 1875 se
1470 1818 1718 1886 contulit,

171 1926 212 1969 ut
231 1915 286 1970 de
327 1915 515 1970 virtute
550 1923 715 1985 atque
745 1912 925 1969 ofﬁcio
952 1921 1244 1984 quaereret.
1275 1913 1460 1983 Itaque
1486 1927 1591 1967 non
1620 1912 1721 1967 du—

168 2008 272 2074 hito,
292 2009 406 2079 quin
427 2007 702 2064 auditores
723 2023 850 2063 suos
867 2006 1092 2078 justitiae
1133 2008 1414 2078 praeceptis
1436 2006 1718 2063 erudierit.

170 2101 365 2158 Doceute
389 2102 543 2173 igitur
567 2102 820 2164 Socrate,
849 2116 956 2156 non
999 2099 1136 2171 fugit
1165 2099 1472 2167 Platonem,
1498 2097 1722 2170 justititn

171 2194 252 2249 vim
291 2195 338 2249 in
377 2197 630 2266 aequitate
675 2195 1015 2260 consistere;
1067 2193 1334 2264 siquidem
1386 2207 1576 2249 omnes
1605 2193 1720 2264 pari

173 2289 432 2346 conditione
451 2302 767 2346 nascuntur.
803 2288 948 2362 Ergo
977 2289 1112 2345 nihil
1159 2288 1381 2362 (inquit)
1416 2289 1610 2360 privati
1659 2303 1723 2344 ac

173 2383 335 2454 proprii
374 2382 648 2441 habeant:
697 2383 792 2440 sed
822 2391 881 2438 ut
927 2398 1088 2455 pares
1126 2398 1249 2440 esse
1300 2383 1532 2454 possint,
1578 2380 1725 2453 quod

1829 1820 1967 1876 Huic
1996 1836 2126 1876 vero
2155 1829 2263 1875 tam
2289 1821 2460 1890 justo,
2492 1828 2600 1874 tam
2646 1835 2804 1890 aequo
2829 1820 2946 1876 viro
2987 1835 3215 1891 regnum
3245 1820 3429 1890 dares,

1829 1915 1919 1984 qui
1964 1914 2084 1970 aliis
2131 1914 2446 1971 abstulisset
2475 1929 2572 1969 sua
2596 1956 2612 1980 ,
2655 1915 2779 1970 aliis
2820 1915 3181 1972 condonasset
3215 1915 3427 1984 aliena;

1828 2009 2200 2080 prostituisset
2225 2007 2536 2079 pudicitiam
2567 2007 2907 2065 foeminarum
2934 2028 2948 2065 :
2978 2026 3098 2082 qua:
3123 2011 3304 2067 nullus
3335 2021 3435 2068 un-‘

1829 2119 1988 2175 quam
2022 2118 2128 2159 non
2156 2103 2319 2159 modo
2349 2118 2474 2170 rex,
2507 2101 2604 2158 sed
2647 2118 2717 2158 ne
2748 2113 3010 2175 tyrannus
3038 2106 3257 2175 quidem
3281 2103 3431 2162 fecit.

1902 2197 2072 2266 Quam
2105 2211 2234 2252 vero
2265 2196 2448 2252 intulit
2491 2196 2757 2251 rationem
2791 2197 3087 2268 turpissimi
3119 2197 3276 2269 huius
3302 2213 3436 2254 con-

1825 2291 1968 2347 silii?
2019 2291 2109 2348 Sic
2154 2291 2325 2361 inquit
2371 2307 2390 2345 :
2439 2290 2642 2346 Civitas
2687 2305 2918 2346 concors
2962 2292 3087 2357 erit,
3137 2301 3192 2348 et
3232 2292 3436 2348 amoris

1827 2385 1999 2440 mutui
2026 2385 2319 2440 constricta
2347 2383 2602 2451 vinculis,
2631 2384 2679 2440 si
2719 2399 2909 2442 omnes
2947 2385 3189 2442 omnium
3232 2383 3438 2442 fuerint

1483 2517 1848 2578 VARIORUM
1873 2519 2101 2578 NOTZE.

229 2660 511 2733 Esculapio
538 2663 759 2734 gallum.
778 2661 893 2731 Qua
916 2661 984 2718 de
1012 2677 1070 2718 re
1097 2660 1219 2717 vide
1249 2659 1643 2717 Tertullianum
1667 2660 1737 2718 de

178 2732 350 2788 Corona
379 2735 576 2788 militis.

199 2737 350 2788 loroua
379 2737 576 2789 ruilit's.

231 2805 322 2860 Pro
349 2824 397 2860 se
414 2753 695 2861 saciiurent.
729 2805 818 2862 Sic
841 2806 1021 2861 ferunt
1048 2819 1240 2861 omnes
1281 2804 1412 2860 editi
1442 2803 1736 2874 cunctique

180 2877 269 2931 fere
286 2893 402 2932 mss.
434 2879 574 2933 inter
597 2893 740 2947 quos
761 2891 886 2933 sunt
910 2879 966 2943 4,
991 2878 1286 2932 veterrimi.
1320 2879 1432 2930 Duo
1459 2877 1593 2939 Reg.
1621 2886 1730 2931 vet.

180 2948 361 3013 habent,
385 2959 438 3004 ut
466 2961 520 3005 et
547 2951 597 3004 iu
629 2950 896 3021 Epitom.,
917 2964 1036 3019 cap.
1069 2949 1161 3015 57,
1195 2959 1564 3018 prosecrarent,
1589 2949 1734 3017 quod

1839 2662 2004 2742 etiam
2032 2663 2323 2742 (equitatem
2351 2664 2703 2742 transferunt,
2738 2667 3275 2742 eamjntelligenles,
3317 2685 3440 2742 quas

1843 2734 2070 2789 Varroni
2119 2748 2202 2790 est
2253 2736 2508 2812 parilitas.
2553 2737 2714 2812 Plato
2751 2739 2822 2794 de
2863 2734 3097 2812 Legibus
3145 2734 3347 2812 quinto'
3383 2752 3439 2799 et

1843 2815 2019 2877 sexto,
2054 2823 2262 2862 necnon
2303 2808 2627 2865 Aristoteles
2661 2811 2712 2864 in
2743 2808 3192 2877 quintoEthicor.
3229 2814 3435 2871 Beroe.

1913 2876 1980 2931 In
2010 2879 2266 2953 cequitate.
2300 2880 2517 2950 Legitur
2538 2897 2669 2935 vero
2709 2876 2768 2936 in
2790 2885 3066 2953 aqualitate
3091 2887 3231 2953 apud
3263 2887 3442 2942 Bone-

1842 2965 1986 3014 man,
2021 2950 2336 3028 quinotatn
2383 2960 2703 3028 sequentem
2752 2950 3180 3028 exli_ibet.—In
3227 2959 3446 3028 wqualio

180 3021 368 3075 verbum
397 3037 498 3076 non
529 3017 769 3094 admittit
794 3017 1577 3091 lingua'latiua.lleccntiores
1599 3021 1729 3094 duo,
1760 3017 1806 3081 C
1842 3031 1962 3074 tate.
2018 3017 2106 3077 Sic
2148 3023 2184 3077 l.
2239 3039 2289 3086 v,
2318 3038 2437 3092 cap.
2465 3017 2558 3079 ’14
2581 3067 2594 3089 ,
2642 3040 2726 3094 sq.
2760 3043 2773 3078 :
2806 3025 3125 3094 Equitatem
3157 3017 3338 3083 dico.'..
3391 3044 3446 3084 se

182 3101 440 3156 prosecunt;
464 3093 574 3158 alii,
601 3090 939 3162 procurarent
959 3110 974 3158 ;
998 3094 1052 3156 5,
1078 3101 1526 3146 consecrarent.——
1544 3094 1610 3144 At
1630 3090 1734 3145 Le-

180 3164 295 3232 gitur
317 3173 662 3233 prosecrarent
688 3165 832 3234 apud
864 3163 1166 3230 Buneman,
1190 3164 1280 3230 qui
1307 3165 1466 3232 hujus
1491 3163 1638 3217 vocis
1659 3163 1738 3217 sic

181 3234 407 3290 rationem
439 3237 619 3292 reddit
640 3255 730 3290 z—
751 3237 807 3292 lu
833 3247 980 3290 tanta
1021 3237 1284 3291 librorum
1322 3236 1625 3290 variatione
1651 3245 1737 3288 tu-

185 3307 277 3378 tius
323 3308 488 3375 putavi
543 3307 1050 3378 antiquissimorum
1110 3307 1359 3362 codicum
1409 3307 1738 3378 scripturam

181 3376 415 3433 exhibere.
447 3376 758 3446 Stephanus
785 3379 1036 3433 Baluzius
1064 3378 1130 3433 ad
1155 3379 1279 3433 libr.
1312 3378 1380 3433 de
1416 3379 1574 3433 Mort.
1611 3377 1741 3431 Per-

182 3461 293 3521 sea,
313 3463 358 3504 c.
389 3451 454 3505 55
485 3468 500 3507 :
531 3451 744 3517 Melius,
777 3451 971 3521 inquit,
1000 3459 1058 3505 ut
1080 3451 1338 3517 arbitror,
1369 3449 1541 3504 codex
1563 3449 1743 3519 regius

182 3518 314 3591 5735,
338 3532 701 3591 prosecrarent.
854 3518 873 3521 “
1418 3521 1552 3577 Burr.

239 3589 694 3721 thagggtanthum.
717 3593 1018 3650 lnferorum
1034 3593 1294 3666 judicent.
1313 3592 1504 3664 Virgil.
1523 3592 1742 3650 Aineid.

185 3677 242 3725 γι,
267 3677 314 3716 v.
341 3669 457 3721 566.

239 3731 655 3805 Reciperatorem.
681 3737 757 3792 lta
780 3738 996 3807 reposui
1018 3753 1082 3793 ex
1099 3736 1478 3808 antiquissimo
1499 3735 1604 3792 900
1647 3751 1746 3792 an-

187 3820 286 3880 nor.
314 3823 406 3862 ms.
437 3810 625 3866 codice
659 3809 857 3880 Regio;
907 3817 964 3864 et
982 3809 1060 3865 sic
1087 3810 1369 3880 legendum
1399 3824 1519 3864 esse
1550 3823 1745 3880 cense-

186 3875 286 3946 bant
306 3881 492 3935 eruditi
518 3883 618 3936 viri
640 3875 762 3936 Th.‘
779 3879 1068 3946 Cauterus,
1094 3875 1178 3936 16.
1209 3880 1396 3945 Cauci,
1416 3879 1740 3936 etGallteus.

186 3945 495 4023 Recuperator
521 3953 667 4008 enim
692 3961 745 4007 et
775 3968 1017 4023 recupera
1058 3945 1188 4007 ’sunt
1213 3954 1282 4007 ab
1322 3953 1544 4023 antiquo
1579 3953 1748 4007 verbo

185 4020 459 4091 reciperare,
496 4035 554 4078 ut
593 4032 743 4078 recte
788 4020 1067 4078 annotavit
1103 4026 1299 4079 Paulus
1328 4020 1584 4078 Francius
1618 4023 1749 4078 Bes-

186 4094 416 4167 covjensis
457 4098 508 4150 in
541 4111 642 4151 suo
685 4095 966 4151 Thesauro
1005 4097 1325 4150 eruditionis
1368 4095 1745 4162 scholasticae,

188 4161 387 4231 in-folio,
430 4167 796 4231 Francofurti,
848 4167 1010 4221 1622.
1036 4167 1174 4222 Huic
1199 4167 1415 4222 lcetioni
1443 4177 1645 4222 nostra:
1670 4161 1750 4220 fa-

189 4244 290 4308 vent
332 4251 456 4291 mss.
489 4238 683 4294 Manu.
713 4239 798 4292 cui
845 4248 927 4292 cst
972 4251 1368 4308 receperatorem
1390 4253 1408 4301 ;
1442 4254 1544 4292 ms.
1577 4237 1647 4292 29
1695 4245 1753 4293 et

405 4325 517 4380 per
545 4310 965 4380 compendium,
1012 4304 1321 4390 receptqrertt
1343 4313 1418 4390 ;_l
1468 4310 1598 4390 Reg.
1634 4325 1748 4364 rec.

188 4386 229 4427 et
246 4377 274 4431 9
291 4377 575 4448 edil.'rec.,
602 4377 1041 4448 recuperatorem;
1063 4377 1162 4436 ms.
1195 4381 1333 4438 Ultr.
1358 4377 1736 4448 imperuiorem,

188 4458 427 4526 corrupte.
457 4452 842 4526 Reciperatores
872 4464 1086 4526 autem,
1118 4455 1200 4508 vel
1231 4458 1274 4507 si
1299 4453 1466 4507 mavis
1487 4496 1501 4518 ,
1532 4469 1740 4526 recupe-y

189 4530 353 4595 ratores
399 4523 525 4579 dicti
556 4523 717 4591 sunt,
750 4526 840 4595 qui
887 4524 956 4579 de
985 4524 1145 4579 rebus
1196 4526 1416 4594 privatis
1453 4524 1756 4594 recipiendis

191 4590 555 4666 reddendisque
584 4612 686 4652 suo
706 4590 935 4650 domino
977 4596 1104 4649 dolo
1150 4590 1213 4650 ac
1249 4597 1437 4649 fraude
1478 4590 1755 4651 subductis

191 4669 569 4734 Cognoscebaut.
610 4668 752 4724 Gell.
786 4683 884 4728 xx,
920 4669 972 4731 l;
1007 4667 1210 4734 Livius,
1238 4684 1393 4730 xxvr,
1423 4666 1512 4722 48.

193 4761 196 4768 -
240 4732 411 4813 Putat.
438 4739 518 4813 EA;
554 4741 624 4795 18
651 4754 783 4813 tnss.
815 4747 919 4813 est,
945 4732 1262 4813 interquos
1304 4749 1431 4794 sunt
1457 4738 1759 4795 vetustissi-

193 4804 434 4881 uti_Regii.
465 4811 664 4866 C:eteri
696 4827 818 4866 cum
850 4804 1009 4866 editis
1029 4804 1249 4875 habent,
1285 4821 1446 4881 putet.

240 4874 437 4958 fuisse.
470 4881 623 4937 Haud
664 4898 826 4958 secus
868 4883 971 4958 legi
1002 4882 1160 4936 debet
1185 4899 1249 4958 ex
1285 4874 1414 4937 inss.
1444 4881 1758 4952 antiquissi-

195 4952 317 5032 mis,
343 4952 367 5005 1
398 4954 632 5032 Bonum,
657 4955 695 5008 ε).
728 4956 858 5024 Reg.
885 4955 1113 5024 aliisque
1142 4956 1343 5020 tribus;
1371 4957 1561 5010 melius
1596 4967 1757 5025 quam

195 5026 347 5075 essein
375 5026 604 5081 caeteris.

253 5090 480 5170 Justitite,
513 5109 620 5153 etc.
653 5096 861 5153 Mallem
905 5114 1026 5152 cum
1077 5097 1279 5170 Thysio
1321 5098 1502 5169 legere
1545 5095 1761 5168 (equali-

201 5169 302 5227 ωιε.
323 5167 388 5221 ob
410 5183 471 5222 ea
501 5185 625 5240 quae
650 5179 966 5240 sequuntur,
1000 5171 1112 5239 pari
1139 5167 1492 5225 conditione...
1524 5181 1577 5223 nt
1605 5167 1764 5238 pares

201 5249 289 5313 esse
324 5240 526 5313 possint:
571 5241 679 5297 Sed
706 5252 759 5296 et
799 5243 1010 5313 (aquilas
1039 5257 1136 5311 pro
1161 5243 1451 5311 αξιιιιαιὶιαιε
1474 5249 1765 5310 usurpatur

202 5317 225 5355 a
249 5307 455 5382 seuseu.
487 5311 718 5368 Iustitia:
742 5314 843 5367 vim
857 5307 922 5367 'in
959 5307 1623 5382 (equitate.quualitatcm
1664 5327 1765 5382 ego

205 5378 388 5455 malim,
405 5400 509 5438 non
528 5385 672 5455 quod
692 5385 937 5455 aequitas,
955 5378 1074 5455 qum
1087 5384 1290 5442 Graecis
1313 5378 1530 5446 ἐῖπιεικὲς
1545 5378 1762 5450 dicitur,

207 5447 585 5526 fundamentum
605 5447 826 5526 iustitiae
854 5447 1083 5520 non'sit,
1109 5469 1159 5510 ut
1189 5459 1299 5526 ipse
1319 5456 1492 5522 Plato,
1519 5457 1684 5510 Arist.
1711 5447 1766 5510 et

211 5531 314 5602 post
337 5524 432 5580 hos
449 5526 573 5602 ACic.
608 5524 820 5602 quoque
845 5527 1003 5583 docet
1029 5524 1240 5602 abunde
1265 5545 1278 5582 :
1304 5530 1396 5602 sed
1423 5527 1765 5602 Lactantiutn

208 5591 258 5669 τὸ
276 5589 395 5660 ἴσον,
418 5599 536 5654 sive
559 5589 650 5658 «si.
677 5589 911 5665 ἱσότητα,
937 5614 1094 5670 quam
1118 5599 1228 5655 Cic.
1248 5600 1386 5655 solet
1402 5599 1766 5670 aequalitatem

212 5674 550 5743 Interpretari,
580 5671 899 5742 intelligere,
928 5673 1042 5740 ipsa
1072 5673 1380 5743 communio
1401 5672 1467 5726 de
1488 5687 1589 5742 qua
1614 5687 1766 5740 qua:-

212 5740 304 5790 stio
326 5743 663 5805 est,evincit.
695 5740 1031 5814 Quamquam
1062 5757 1170 5799 non
1208 5742 1408 5812 desint,
1426 5740 1520 5815 qui
1545 5744 1768 5802 ἰσότητα

1841 3109 1957 3146 cum
1998 3094 2190 3147 caeteris
2229 3095 2575 3170 comquandi,
2629 3114 2779 3166 quam
2835 3097 3010 3154 Cicero
3053 3101 3446 3170 wquabilitatem

1843 3176 2056 3220 vocat...
2082 3181 2253 3220 omnes
2280 3182 2483 3236 aequos,
2513 3169 2560 3221 id
2592 3179 2696 3234 est,
2729 3186 2877 3237 pares
2907 3169 3176 3226 esse.......
3212 3173 3446 3228 omnibus

1842 3239 2195 3313 aequitatem...
2231 3237 2515 3313 largitur...
2544 3256 2688 3311 (equo
2704 3243 2846 3313 jure.

1917 3308 2248 3382 [:ossideant.
2283 3310 2380 3364 Ms.
2411 3311 2436 3364 1
2466 3308 2682 3382 Borion.
2705 3308 2910 3382 'autiq.,
2941 3313 3297 3381 possidebunt.

1916 3378 2073 3456 ferri
2101 3383 2195 3434 hoc
2240 3392 2435 3456 potest.
2460 3381 2588 3438 Mss.
2619 3382 2653 3435 2
2689 3398 2797 3438 rec.
2843 3378 3032 3456 amns
3072 3386 3264 3454 editis,
3294 3387 3446 3456 ﬁeri;

1849 3451 1874 3504 1
1910 3451 2052 3527 Reg.
2079 3467 2212 3527 rec.,
2241 3451 2382 3506 Fieri
2415 3453 2509 3507 hoc
2532 3471 2631 3508 non
2659 3465 2917 3525 potest.-—
2944 3454 3095 3510 Ferri
3136 3459 3230 3512 hoc
3249 3451 3443 3527 potest,

1845 3525 2109 3599 quamdiu.
2144 3525 2246 3599 Pro
2275 3534 2490 3599 recepta
2512 3565 2527 3591 ,
2559 3534 2642 3580 est
2688 3527 2919 3596 Epitom.
2945 3543 3064 3595 cap.
3096 3530 3204 3585 ὅδε
3235 3529 3314 3586 De
3353 3525 3447 3599 pu-

1848 3596 2100 3670 trinioniis
2128 3596 2390 3670 tolerabile
2416 3607 2553 3651 est...
2589 3606 2748 3670 potest
2776 3599 2948 3670 aliquo
2970 3601 3120 3654 modo
3144 3601 3287 3669 ferri.
3312 3596 3443 3658 Butv.

1922 3667 2258 3722 Matrimonia
2286 3684 2518 3738 quoque,
2549 3681 2654 3724 etc.
2685 3669 2819 3725 Cum
2856 3667 3008 3734 alibi,
3041 3667 3174 3726 tum.
3225 3673 3276 3726 in
3307 3674 3340 3728 5
3379 3675 3448 3730 de

1851 3739 1985 3814 Rep.
2015 3741 2258 3814 Disputat
2283 3751 2470 3814 contra
2515 3743 2651 3814 hanc
2695 3743 3014 3814 Aristoteles
3043 3744 3093 3796 in
3142 3759 3180 3798 tt
3211 3745 3278 3799 de
3306 3745 3444 3814 Rep.

1850 3811 1976 3865 item
2008 3827 2072 3866 ex
2106 3811 2504 3883 Ecclesiasticis
2533 3812 2902 3883 Scriptoribus
2939 3813 3202 3871 Eusebius
3233 3815 3326 3870 lib.
3353 3811 3450 3872 xirt

1849 3883 1918 3937 de
1951 3883 2246 3957 Praeparat.
2277 3882 2511 3957 Evang.,
2541 3900 2662 3955 cap.
2691 3885 2778 3939 12.
2802 3883 3030 3957 Notatur
3048 3888 3116 3941 ab
3141 3886 3448 3957 Epiphanio

1854 3965 1985 4028 tom.
2020 3970 2078 4018 ll,
2107 3955 2200 4009 lib.
2224 3970 2306 4014 ιιι.
2336 3971 2366 4009 a
2396 3956 2806 4028 Chrysostomo,
2839 3955 3058 4012 homilia
3089 3959 3110 4012 l
3153 3955 3204 4012 in
3253 3959 3445 4014 Matth.

1851 4035 1906 4081 et
1930 4026 2080 4081 Actis
2109 4028 2285 4093 capite
2311 4042 2370 4081 tr.
2399 4026 2574 4096 Atque
2602 4028 2742 4082 idem
2775 4027 2971 4096 Epiplt.
3003 4041 3041 4082 t.
3071 4046 3130 4091 ιι,
3167 4031 3202 4083 I.
3244 4046 3281 4086 l.
3309 4031 3448 4086 BET.

1926 4100 1988 4174 Si
2015 4099 2262 4174 patientes
2283 4097 2502 4174 sunt._ln
2526 4099 2741 4170 scriptis
2765 4101 2830 4154 10
2851 4110 2907 4154 et
2926 4102 3155 4172 vulgatis
3175 4103 3208 4156 4
3233 4102 3450 4174 legitur,

1853 4171 2124 4242 patientes.
2151 4169 2309 4242 Ald.,
2326 4171 2600 4242 sapientes.

1929 4240 1998 4296 Ut
2021 4243 2230 4296 viribus.
2260 4241 2349 4297 Sic
2371 4240 2584 4312 reposui
2609 4258 2672 4297 ex
2702 4242 3016 4298 melioribus
3043 4246 3252 4301 cunctis
3281 4245 3453 4302 ferme

1856 4329 1983 4388 mss.
2019 4326 2072 4388 et
2097 4313 2130 4368 9
2162 4315 2544 4388 vetustioribus
2575 4315 2754 4370 editis.
2787 4315 2841 4369 lu
2881 4314 2912 4369 7
2943 4316 3162 4388 scriptis
3192 4326 3247 4373 et
3273 4319 3306 4373 8
3335 4333 3450 4374 rec.

1767 4423 1820 4484 D
1853 4386 2086 4456 vulgatis
2114 4394 2215 4450 est,
2250 4394 2296 4440 et
2324 4386 2535 4440 vicibus.

1929 4477 2117 4534 Beatus
2143 4479 2368 4533 civitates
2390 4483 2610 4550 futuras.
2645 4478 2769 4533 Haec
2810 4479 3049 4535 Socratis
3070 4482 3340 4537 sententia
3368 4490 3456 4538 est

1861 4553 1915 4606 in
1942 4568 1971 4601 v
1999 4552 2066 4606 de
2094 4551 2226 4620 Rep.
2266 4550 2396 4606 Vide
2425 4551 2541 4605 (lic.
2574 4553 2641 4604 ad
2672 4551 2925 4619 Quintum
2958 4553 3176 4608 fratrem
3209 4555 3367 4620 epist.
3400 4555 3450 4619 l,

1860 4623 2014 4693 cujus
2037 4622 2152 4676 haec
2172 4631 2299 4676 sunt
2322 4622 2485 4694 verba
2513 4639 2527 4675 :
2552 4623 2716 4694 Atque
2752 4623 2840 4676 ille
2868 4623 3073 4692 quidem
3112 4626 3350 4694 princeps
3375 4626 3458 4680 in-

1859 4695 1995 4766 genii
2020 4704 2066 4748 et
2095 4693 2528 4768 doctrinaiPlato,
2557 4703 2662 4768 tum
2685 4695 2900 4764 denique
2926 4698 3034 4762 {ore
3057 4693 3226 4750 beatas
3253 4696 3457 4768 Respu-

1862 4768 2019 4822 blicas
2046 4767 2262 4838 putavit,
2305 4767 2350 4820 si
2379 4777 2468 4819 aut
2495 4766 2663 4830 docti,
2694 4777 2783 4819 aut
2821 4769 3075 4837 sapientes
3103 4768 3332 4822 homines
3358 4766 3459 4824 eas

1861 4855 2034 4910 regere
2055 4840 2342 4908 erupissent,
2374 4848 2464 4891 aut
2484 4839 2570 4910 qui
2599 4848 2851 4908 regerent,
2885 4856 3031 4892 omne
3051 4855 3202 4892 suum
3231 4839 3460 4894 studium

1860 4912 1916 4964 in
1946 4911 2180 4964 doctrina
2213 4926 2276 4963 ac
2319 4910 2573 4982 sapientia
2603 4910 3150 4982 collocassenl.Exlat
3177 4911 3242 4965 de
3265 4911 3458 4968 eodem

1864 4993 2185 5052 argumento
2208 4980 2420 5036 libellus
2444 4981 2741 5036 Plutarchi.
2771 4980 2887 5035 Non
2935 4980 2986 5035 id
3016 4997 3143 5036 vero
3175 4982 3285 5052 agit
3327 4982 3460 5037 Lac-

1865 5055 2088 5120 tantius,
2117 5062 2176 5108 ut
2205 5054 2329 5108 velit
2361 5054 2464 5107 hoc
2488 5052 2690 5108 dictum
2715 5053 3023 5122 improbare
3055 5072 3068 5105 :
3102 5052 3195 5106 sed
3225 5063 3464 5123 utappa-

1865 5134 2001 5189 reat,
2035 5141 2137 5180 nec
2168 5125 2471 5188 Socratem,
2520 5139 2620 5180 nec
2667 5124 2945 5178 Platonem
2999 5125 3140 5178 inter
3189 5125 3462 5194 sapientes

1866 5213 1987 5252 esse
2019 5196 2402 5263 numerandos,
2428 5195 2588 5266 idque
2619 5211 2683 5251 es
2711 5206 2945 5260 eventu;
2973 5204 3029 5250 et
3052 5207 3108 5249 ut
3128 5197 3202 5250 ait
3232 5197 3291 5252 S.
3333 5196 3463 5251 Am-

1866 5269 2099 5335 brosius,
2134 5268 2279 5338 quod
2308 5283 2413 5323 non
2442 5282 2648 5333 veram,
2671 5268 2764 5322 sed
2799 5266 2976 5321 fictam
3005 5277 3059 5322 et
3084 5267 3464 5325 adumbratam

1866 5340 2048 5394 dumta
2061 5350 2153 5395 xat
2175 5339 2582 5409 Rempublicam
2597 5339 3005 5408 descripseriut.
3041 5339 3246 5395 Βετυι..

1943 5432 2060 5496 Qui.
2096 5431 2245 5486 Hanc
2274 5445 2460 5486 vocem
2495 5430 2704 5485 restitui
2733 5446 2800 5485 ex
2833 5445 2964 5484 mss.
2997 5431 3029 5486 6
3057 5431 3218 5503 Reg,
3251 5433 3283 5489 6
3304 5433 3464 5488 Colb.

1867 5503 2093 5573 aliisque
2123 5513 2354 5573 septem,
2383 5503 2541 5557 editis
2578 5511 2700 5558 octo
2730 5515 2839 5559 vet.
2869 5513 2924 5557 et
2949 5503 2984 5558 ὅ
3013 5519 3122 5560 rec.
3157 5504 3322 5561 Deest
3351 5506 3403 5561 in
3433 5507 3468 5563 5

1868 5575 2051 5645 Regiis
2082 5576 2414 5645 totidemque
2439 5575 2675 5630 excusis.

1945 5668 2111 5742 Quam
2135 5684 2251 5722 vero
2277 5668 2452 5742 intulit
2475 5668 2724 5742 rationein
2752 5669 3037 5742 turpissimi
3063 5668 3217 5742 hujus
3244 5670 3465 5726 consilii.

1873 5740 2022 5797 Editi
2049 5751 2175 5796 octo
2207 5755 2321 5796 rec.
2355 5740 2484 5794 Cum
2512 5755 2651 5795 vero.
2683 5739 2920 5811 Reposui
2955 5739 3139 5810 Quam'
3169 5743 3470 5822 interrogas
