4038 6358
597 222 703 292 119

1683 222 1867 289 risu.
1896 226 2265 289 uacuum
2296 224 2499 289 mvut.
2534 218 2776 288 th'rrr.
3736 224 3821 299 ιεο

595 352 653 404 ει
678 344 885 412 mariti,
915 351 971 403 et
1013 352 1214 418 patres,
1261 352 1316 401 et
1342 352 1559 410 uxores,
1589 350 1645 400 et
1688 341 1864 401 liberi.
1911 346 2045 416 Quae
2090 345 2192 402 ista
2220 347 2276 409 Α
2298 344 2559 401 momenti
2608 343 2805 410 habet,
2854 356 2924 401 ne
2950 344 3005 400 in
3029 352 3262 417 corpore
3287 344 3532 419 quidem:
3561 348 3646 406 sed
3671 356 3759 408 tota
3781 355 3821 409 in

594 439 841 496 confusio
878 440 1092 511 generis
1122 438 1342 494 humani
1386 438 1497 494 esti
1529 437 1814 507 Quomodo
1859 440 2061 495 servari
2092 453 2191 510 po-

592 540 703 591 test
730 535 951 601 caritas,
982 532 1074 589 ubi
1106 532 1240 588 nihil
1262 540 1345 589 est
1367 540 1576 588 certum
1608 532 1751 604 quod
1779 533 2036 589 ametur?
2061 533 2194 602 Quis

591 633 684 683 aut
713 629 796 680 vir
821 626 1127 691 mulierem,
1154 634 1247 680 aut
1290 625 1484 705 mulier
1509 625 1683 680 virum
1706 625 1916 698 diliget,
1949 625 2052 681 nisi
2099 625 2195 681 ha-

590 718 885 775 bitaverint
929 722 1146 789 semper
1178 734 1305 787 una,
1339 718 1443 773 nisi
1483 719 1676 774 devota
1708 733 1883 784 mens,
1904 728 1959 775 et
1984 726 2193 775 servata

588 812 822 868 invicem
849 811 985 868 ildes
1034 811 1364 867 individuam
1419 812 2021 868 fecerit‘charitatem?
2072 824 2194 883 qum

586 908 758 964 virtus
799 911 853 964 in
882 907 974 963 illa
1018 907 1322 977 promiscua
1354 906 1632 976 voluptate
1659 906 1839 960 locum
1868 916 1976 960 non
2006 906 2189 961 habet.

585 1000 724 1059 Item
771 1000 819 1058 si
859 1006 1051 1058 clunes
1091 1001 1332 1073 omnium
1366 1000 1522 1056 liberi
1569 1001 1697 1065 sint,
1730 998 1852 1070 quis
1894 1013 2079 1055 amare
2122 998 2192 1053 li-

586 1094 751 1152 heros
782 1105 1054 1167 tamquam
1086 1108 1213 1151 suos
1237 1096 1453 1165 peterit,
1477 1100 1599 1149 cuni
1629 1108 1757 1149 suos
1776 1103 1898 1150 esse
1924 1102 2017 1150 aut
2044 1094 2193 1165 igno-

585 1197 693 1256 ret,
723 1195 819 1245 aut
847 1188 1097 1244 dubitet?
1141 1187 1262 1259 quis
1306 1187 1572 1243 honorem
1605 1194 1879 1258 tamquam
1919 1188 2056 1258 patri
2097 1185 2193 1242 de-

588 1281 748 1349 feret,
794 1292 917 1339 cum
964 1279 1108 1337 unde
1155 1289 1313 1335 natus
1342 1280 1683 1337 sitnesciat?
1728 1279 1805 1336 Ex
1849 1292 1958 1350 quo
2012 1280 2106 1347 iit,
2134 1287 2194 1334 ut

585 1390 695 1431 non
724 1376 935 1431 tantum
959 1375 1199 1431 alienum
1230 1384 1328 1445 pro
1355 1383 1506 1445 patre
1535 1373 1755 1442 habeat,
1784 1373 1879 1429 sed
1905 1374 2067 1429 etiam
2100 1386 2194 1444 pa-

587 1475 726 1524 trem
759 1478 857 1539 pro
886 1462 1085 1524 alieno.
1118 1467 1279 1537 Quid,
1312 1468 1456 1539 Quod
1504 1482 1643 1523 uxor
1684 1468 1862 1539 potest
1889 1472 2012 1523 esse
2043 1480 2195 1523 cont-

585 1562 787 1629 munis,
813 1560 956 1616 illius
996 1576 1103 1616 non
1132 1570 1345 1632 pateat,
1381 1576 1544 1631 quem
1572 1540 1941 1655 concipixnon
1991 1561 2093 1616 nisi
2125 1570 2193 1617 ex

585 1666 696 1709 uno
724 1664 946 1710 necesse
972 1664 1075 1711 εει.
1104 1655 1251 1710 Perit
1275 1665 1407 1725 ergo
1437 1653 1512 1710 illi
1542 1654 1632 1709 uni
1661 1653 2043 1721 communitas,
2076 1654 2191 1725 ipsa

2296 439 2533 495 hominis
2599 447 2782 495 mente
2834 445 3103 496 versatur.
3157 440 3261 507 Qui
3307 455 3434 513 ergo
3479 442 3585 498 vult
3626 441 3822 503 homines

2295 534 2584 606 adrequare
2608 577 2623 602 ,
2670 546 2778 589 non
2836 534 3177 590 matrimonia
3200 577 3215 601 ,
3249 550 3355 591 non
3402 550 3527 609 opes
3565 537 3824 598 subtrahere

2295 627 2493 694 debet;
2526 626 2620 683 sed
2642 627 3039 699 arrogantiam,
3095 628 3428 699 superbiam,
3480 639 3737 698 tumorem,
3782 642 3825 689 ut

2293 720 2369 777 illi
2421 728 2669 791 potentes
2695 726 2749 776 et
2790 720 2914 775 elati
2944 734 3101 791 pares
3129 733 3251 790 esse
3276 736 3337 776 se
3361 722 3516 777 etiam
3545 723 3828 781 mendicissi-

2297 814 2399 868 mis
2447 815 2638 869 sciant.
2684 813 2932 868 Detracta
2955 813 3099 868 enim
3121 812 3376 869 divitibus
3399 813 3663 870 insolentia
3686 825 3730 870 et
3753 817 3830 870 inl-

2295 907 2537 978 quitate,
2586 906 2719 961 nihil
2770 905 3014 963 intererit
3076 918 3330 963 utrumne
3387 908 3474 964 alii
3519 907 3690 966 divites
3709 912 3737 978 ε’
3760 912 3827 966 alii

2296 1012 2566 1071 pauperes
2606 1000 2749 1068 sint,
2775 1013 2901 1056 cum
2931 1000 3095 1056 animi
3127 1016 3282 1071 pares
3308 1000 3529 1071 iuerint;
3573 1003 3700 1074 quod
3742 1004 3830 1060 elli-

2295 1107 2422 1150 cere
2470 1095 2613 1149 nullo
2665 1108 2751 1151 res
2803 1094 2906 1150 alia
2960 1103 3157 1165 praeter
3222 1096 3533 1168 religionem
3560 1096 3646 1153 Dei
3670 1106 3832 1168 potest.

2294 1186 2510 1243 Putavit
2532 1188 2690 1259 igitur
2716 1198 2777 1244 se
2806 1187 3079 1243 invenisse
3102 1188 3366 1259 justitiam
3386 1229 3403 1254 ,
3435 1202 3553 1245 cum
3577 1200 3690 1244 eam
3715 1198 3833 1260 prori-

2295 1290 2388 1339 sus
2414 1282 2701 1351 everterit;
2733 1284 2857 1355 quia
2884 1298 2990 1338 non
3033 1294 3215 1340 rerum
3242 1283 3539 1356 fragilium,
3585 1285 3672 1342 sed
3710 1294 3829 1341 men-

2296 1374 2428 1430 tium
2478 1374 2637 1439 debet
2679 1384 2824 1431 esset
2864 1377 3243 1431 communitas.
3270 1377 3402 1432 Nam
3422 1377 3467 1432 si
3487 1378 3678 1446 iustitia
3698 1379 3828 1433 virut-

2293 1476 2408 1523 tum
2438 1469 2679 1524 omnium
2729 1477 2901 1525 mater
2924 1476 3041 1533 est,
3070 1484 3192 1525 cum
3229 1470 3337 1525 illm
3357 1469 3576 1541 singulm
3601 1471 3833 1536 tolluntur,

2293 1560 2409 1631 ipsa
2439 1561 2788 1618 subvertitur.
2820 1560 2967 1619 Tulit
2991 1570 3171 1618 autem
3204 1561 3356 1617 Plato
3384 1572 3508 1617 ante
3544 1561 3708 1618 omnia
3740 1562 3828 1617 lru-

2296 1651 2568 1723 galitatem
2601 1670 2616 1705 :
2654 1668 2776 1722 quae
2838 1654 3021 1723 utique
3072 1652 3217 1707 nulla
3249 1663 3329 1708 est
3358 1693 3374 1720 ,
3409 1652 3494 1708 ubi
3522 1653 3704 1724 proprii
3730 1638 3834 1707 nihil

584 1747 915 1802 reclamante
959 1754 1172 1802 natura.
1215 1746 1512 1818 Superest,
1546 1748 1603 1801 ut
1649 1746 2022 1800 tantummodo
2062 1756 2193 1801 con-
2222 1744 2271 1805 B
2296 1742 2574 1799 habeatur.
2600 1744 2744 1799 Tulit
2772 1743 3155 1800 abstinentiam
3184 1744 3490 1815 :siquidem
3534 1744 3656 1800 nihil
3694 1744 3835 1812 fuerit,

584 1839 786 1895 cordia:
813 1850 974 1895 causa
1021 1852 1218 1895 uxores
1245 1839 1376 1894 velit
1412 1852 1535 1895 esse
1578 1850 1917 1895 communes.
1952 1839 2023 1894 At
2047 1839 2194 1895 nulla

583 1933 961 1991 vehementior
1003 1934 1401 1989 discordiarum
1440 1946 1604 1989 causa
1650 1941 1774 2001 est,
1821 1944 1980 2004 quam
2033 1935 2193 1989 unius

582 2025 822 2082 heminae
849 2040 879 2081 u
914 2027 1101 2083 multis
1131 2027 1372 2083 maribus
1397 2026 1677 2098 appetitio.
1723 2020 1778 2082 In
1806 2034 1914 2098 quo
1941 2027 2118 2095 Plato,
2147 2028 2191 2083 si

586 2121 798 2177 ratione
825 2136 934 2177 non
972 2122 1165 2193 potuit,
1198 2122 1460 2192 exemplis
1490 2129 1640 2177 certe
1684 2121 1857 2192 potuit
1887 2121 2189 2187 admoneri,

583 2224 935 2271 ctmutorutn
967 2216 1313 2281 animalium,
1368 2226 1493 2286 quae
1523 2214 1595 2270 ob
1639 2213 1745 2270 hoc
1793 2214 1879 2271 vel
1928 2214 2193 2269 acerrime

584 2316 847 2380 pugnant,
874 2317 932 2364 et
959 2308 1263 2375 hominum,
1291 2308 1384 2379 qtti
1425 2320 1647 2378 semper
1672 2309 1743 2363 ob
1768 2322 1887 2364 eam
1928 2321 2042 2363 rem
2073 2310 2194 2377 gra-

582 2405 808 2461 vissima
833 2404 976 2461 inter
1002 2416 1063 2460 se
1094 2403 1237 2460 bella
1264 2411 1573 2475 gesserunt.

1158 2560 1383 2618 CAPUT
1424 2559 1572 2616 XXII

719 2699 798 2756 De
822 2696 1056 2755 Platonis
1086 2699 1384 2773 praeceptis,
1413 2696 1695 2771 iisdemque
1722 2696 2061 2771 reprehensis.

651 2852 842 2915 Restat
869 2867 927 2917 ut
949 2856 1260 2915 communio
1285 2856 1385 2915 ista
1418 2854 1554 2912 nihil
1580 2852 1727 2912 aliud
1757 2855 1975 2924 habeat,
1992 2865 2190 2927 prteter

578 2949 846 3007 adulteria
871 2992 885 3015 ,
916 2961 971 3005 et
994 2950 1284 3014 libidines;
1320 2957 1541 3020 propter
1565 2965 1701 3019 quas
1722 2949 1964 3005 funditus
1987 2964 2186 3006 eruen-

578 3041 707 3107 das,
761 3042 933 3099 virtus
978 3050 1063 3098 est
1093 3042 1176 3097 vel
1228 3041 1463 3097 maxime
1488 3043 1817 3099 necessaria.
1862 3042 2049 3115 itaque
2078 3054 2184 3100 non

2295 1837 2441 1909 quod
2469 1838 2824 1906 abstineatur,
2844 1837 3102 1894 alienum.
3134 1839 3282 1895 Tulit
3310 1839 3723 1912 temperantiam,
3747 1837 3839 1894 tulit

2295 1930 2629 1997 castitatem;
2678 1944 2801 2001 qua:
2849 1932 3078 1987 virtutes
3123 1932 3178 1987 in
3226 1942 3460 2004 utroque
3487 1946 3613 1988 sexu
3636 1931 3837 1987 maxime

2296 2034 2443 2083 sunt.
2482 2024 2626 2081 Tulit
2651 2026 3069 2093 verecundiam,
3095 2026 3360 2097 pudorem
3384 2068 3398 2093 ,
3454 2024 3746 2082 modestiam
3767 2060 3779 2089 ,
3804 2022 3838 2077 si

2300 2117 2527 2175 honesta
2548 2129 2603 2175 ct
2629 2118 2865 2190 legitima
2895 2132 3021 2176 esse
3046 2119 3311 2191 incipiunt
3334 2161 3350 2186 ,
3382 2134 3503 2191 qua:
3535 2118 3697 2174 solent
3719 2116 3835 2187 llagia

2294 2215 2430 2270 tiosa
2465 2220 2519 2268 et
2546 2214 2719 2283 turpia
2767 2210 3019 2283 indicari.
3048 2212 3139 2269 Sic
3184 2212 3439 2268 virtutem
3463 2211 3586 2267 dum
3615 2211 3714 2266 vult
3744 2218 3836 2264 om-

2294 2307 2453 2363 nibus
2473 2306 2898 2373 dare,omnibus
2924 2305 3134 2362 adimit.
3178 2304 3312 2361 Nam
3340 2318 3522 2363 rerum
3552 2305 3831 2376 proprietas,

2292 2406 2349 2459 et
2374 2400 2628 2456 vitiorum
2660 2442 2675 2467 ,
2700 2406 2757 2456 et
2806 2401 3064 2456 virtutum
3097 2399 3385 2456 materiam
3417 2400 3652 2456 continet
3681 2414 3693 2451 :
3721 2406 3838 2453 com-

2301 2498 2547 2555 munitas
2568 2507 2753 2554 autem
2780 2496 2913 2552 nihil
2940 2496 3109 2563 aliud,
3134 2512 3294 2568 quam
3316 2496 3571 2552 vitiorum
3594 2493 3834 2551 licentiam.

2292 2590 2428 2647 Nam
2471 2592 2606 2658 viri,
2651 2592 2741 2661 qui
2791 2590 2988 2647 multas
3013 2590 3269 2646 mulieres
3331 2590 3558 2657 habent,
3587 2587 3708 2644 nihil
3730 2584 3839 2640 aliud

2292 2682 2397 2740 dici
2443 2692 2695 2753 possunt,
2721 2694 2882 2753 quam
2912 2679 3177 2737 luxuriosi
3227 2690 3293 2738 ac
3337 2688 3588 2753 nepotes.
3612 2678 3728 2734 item
3753 2690 3839 2730 nm.

2291 2776 2455 2834 lieres
2484 2818 2501 2843 ,
2540 2792 2663 2847 quae
2710 2792 2741 2830 a
2772 2775 2956 2831 multis
2985 2775 3255 2831 habentur
3280 2816 3297 2843 ,
3343 2790 3457 2831 non
3504 2775 3681 2846 utique
3726 2766 3839 2826 adul-

2292 2875 2445 2933 terat,
2466 2868 2591 2937 quia
2617 2875 2825 2924 certum
2856 2868 3259 2923 matrimonium
3290 2868 3505 2922 nullum
3532 2875 3633 2930 est,
3652 2861 3735 2922 sed
3755 2874 3842 2932 pto-

2294 2958 2496 3018 stitutte
2514 2974 2578 3017 ac
2596 2960 2909 3017 meretrices
2933 2958 3040 3015 sint
3067 2968 3294 3015 necesse
3320 2968 3435 3015 est.

2363 3054 2588 3127 Redegit
2638 3062 2766 3127 ergo
2818 3051 3106 3110 humanam
3152 3052 3315 3110 vitam
3345 3052 3418 3110 ad
3449 3040 3839 3113 similitudinem,

576 3136 790 3194 invenit
817 3138 1196 3204 concordiam,
1231 3152 1392 3208 quam
1415 3135 1727 3206 quaerebat;
1756 3140 1879 3209 quia
1907 3155 2015 3195 non
2038 3138 2189 3197 vide-
2217 3152 2263 3216 (ς
2294 3165 2403 3207 non
2456 3148 2634 3206 dicam
2680 3157 2953 3207 mutorum
2971 3189 2989 3218 ,
3024 3149 3121 3206 sed
3165 3149 3440 3220 pecudum
3469 3164 3532 3205 ac
3567 3148 3841 3206 bellust-um.

575 3231 669 3290 bat
689 3274 703 3301 ,
736 3230 882 3289 unde
907 3234 1135 3289 oriatur.
1166 3233 1302 3292 Nam
1328 3235 1535 3307 iustitia
1574 3237 1630 3292 in
1656 3238 2007 3310 estrapositis
2050 3237 2186 3294 nihil

2295 3243 2429 3298 Nam
2489 3241 2739 3299 volucres
2770 3256 2911 3312 pene
2962 3252 3154 3298 omnes
3195 3239 3407 3298 faciunt
3435 3238 3841 3305 mstrimonia,et

1879 3376 2243 3437 VARIORUM
2270 3379 2503 3438 NOTAE.

576 3513 739 3571 tionis
767 3529 931 3572 sensu
952 3529 1020 3570 ex
1051 3514 1325 3572 veteribus
1363 3514 1645 3584 impressis
1668 3524 1724 3571 et
1765 3515 2017 3572 omnibus
2043 3531 2172 3573 mss.

575 3588 679 3658 nisi
712 3586 853 3658 quod
886 3586 953 3643 15
987 3604 1082 3656 pro
1111 3604 1228 3641 vero
1253 3589 1438 3656 legunt
1466 3597 1656 3643 tamen.

647 3654 842 3713 Delicta
871 3654 1029 3731 mens.
1062 3658 1265 3731 Thysio
1305 3654 1499 3715 devota
1529 3674 1682 3715 mens
1719 3659 2020 3730 explicatur
2050 3659 2176 3714 uotis

576 3726 862 3797 adstricta,-
902 3730 997 3786 sed
1038 3726 1298 3799 maiorem
1329 3732 1439 3786 vim
1482 3731 1691 3785 deuotus
1719 3732 1772 3785 in
1796 3726 1881 3787 'se
1909 3731 2094 3794 habet,
2123 3740 2179 3787 et

578 3804 769 3873 subst.
794 3798 1013 3873 deuotio.
1048 3798 1353 3873 Perpende,
1389 3802 1433 3873 l.
1468 3818 1525 3869 v,
1574 3818 1695 3872 cap.
1729 3803 1759 3855 7
1796 3821 1811 3858 :
1840 3802 2039 3858 Devota
2070 3802 2176 3858 Deo

577 3890 669 3939 suo
697 3872 846 3944 ﬁdes.
879 3871 939 3929 L.
972 3889 1041 3937 ιι,
1078 3871 1200 3944 cap.
1246 3873 1315 3944 1‘2
1349 3891 1364 3928 :
1407 3871 1688 3930 Dilectione
1725 3889 1929 3928 summa
1963 3875 2173 3930 servire.

580 3944 656 4068 3e
693 3943 863 4068 Οιὲΐη
892 3960 1012 4014 cap.
1045 3942 1192 4000 stx‘:
1241 3942 1364 4000 Non
1393 3946 1550 4015 ﬁdem
1597 3945 2014 4016 devotionemque
2052 3963 2177 4016 pro-

620 4031 720 4068 ere.
800 4030 887 4068 un.

620 4031 720 4070 ονε.
758 4030 887 4070 UUN.

652 4082 1550 4173 Individuantz..charitatem.AStylo
1570 4084 1915 4173 Cypriani“.
1940 4104 2093 4173 tt,ep.
2122 4092 2175 4155 4,

579 4158 666 4213 ed.
698 4158 932 4284 βτεξιιιη
959 4157 1157 4214 Honori
1181 4177 1272 4215 nos
1294 4157 1725 4217 oestro'charitas
1754 4157 2183 4218 individua'con-

580 4240 752 4284 nectit.
828 4245 917 4284 un.

580 4240 752 4285 nectit.
783 4240 896 4286 BDN
903 4270 917 4285 ο

618 4299 796 4367 ,Ρειοὶι
835 4318 955 4374 ergo
1000 4301 1077 4374 illi
1105 4304 1193 4361 uni
1221 4303 1583 4359 communitas.
1618 4302 1885 4374 Reposuit
1931 4305 2014 4359 illi
2055 4306 2175 4369 uni,

579 4373 786 4446 scilicet
829 4372 958 4429 tilio.
995 4373 1126 4446 Quae
1158 4374 1320 4429 icctio
1352 4377 1587 4431 maxime
1625 4372 1867 4432 mundum
1917 4376 2181 4446 probatur

579 4461 648 4519 ex
676 4444 744 4500 l9
772 4456 991 4519 uisset
1013 4443 1144 4500 edit.
1174 4456 1279 4519 vet.
1314 4446 1498 4519 ilom.,
1532 4448 1749 4519 Egnat.,
1779 4443 1971 4512 Fasit.,
2004 4448 2179 4504 Betui.

577 4517 801 4587 Legitur
823 4516 874 4571 in
902 4518 936 4573 3
963 4515 1097 4587 Reg.
1119 4527 1171 4571 et
1196 4516 1228 4573 5
1256 4515 1491 4585 vulgatis
1512 4515 1929 4581 recentioribus,
1954 4520 2030 4577 illi
2058 4537 2186 4583 una;

578 4590 631 4644 in
660 4588 821 4645 Goth.
850 4589 940 4643 illa
971 4602 1101 4657 una;
1135 4603 1365 4660 quorum
1395 4590 1511 4645 vice
1534 4600 1621 4647 εει
1651 4591 1969 4647 matrimonii
1998 4593 2048 4646 in
2080 4593 2183 4647 'nn-

578 4662 787 4733 lil’QjSlS
810 4663 1067 4733 quinque.

662 4730 810 4787 Velit.
862 4730 1323 4805 Sic’reposuiex
1364 4730 1744 4805 antiquiSSim‘o
1786 4734 1972 4805 codice
2016 4730 2184 4804 Regio

578 4800 802 4874 aliiSque
834 4818 929 4859 sex
955 4846 969 4871 ,
1000 4802 1286 4877 referendo
1313 4802 1376 4859 ad
1405 4800 1721 4871 Platonem;
1754 4817 1808 4862 et
1839 4804 1971 4877 illud
1998 4800 2183 4877 requi-

578 4868 784 4931 rnntea
809 4890 929 4948 quae
953 4868 1288 4948 praecedunt,
1323 4884 1377 4932 et
1402 4884 1523 4948 Quae
1550 4868 1870 4948 sequuntur.
1903 4868 2030 4932 Mss.
2061 4868 2185 4947 sep-

579 4958 687 5027 tem
720 4944 842 5003 cuni
867 4944 1049 5013 editis,
1078 4945 1256 5001 velint.

653 5036 753 5112 Qui
782 5056 1005 5112 semper.
1037 5038 1168 5112 Mss.
1197 5037 1235 5112 ’1Δ
1256 5052 1394 5112 rem,
1431 5037 1532 5106 Qui
1559 5056 1713 5112 stupe.

651 5111 718 5165 In
746 5109 1089 5181 extr-apositis.
1126 5109 1293 5167 Stoici
1323 5125 1427 5163 non
1458 5109 1738 5167 modo'res
1763 5111 2010 5167 fortuitas
2040 5154 2054 5178 ,
2086 5111 2183 5168 sed

579 5180 737 5252 etiam
785 5180 1012 5251 corpora
1065 5183 1179 5252 ipsa
1231 5192 1388 5252 extra
1429 5199 1527 5237 nos
1578 5198 1702 5239 esse
1742 5185 2005 5250 credunt,
2036 5196 2092 5237 ut
2116 5200 2186 5239 ex

580 5249 809 5322 Epicteti
858 5249 1174 5311 Enchiridio
1220 5250 1563 5310 manifestum
1608 5264 1711 5313 est.
1735 5254 1855 5311 Non
1886 5249 2032 5311 male
2059 5269 2183 5313 cum

579 5320 749 5398 ipsius
774 5320 974 5398 Christi
999 5327 1246 5381 doctrina
1278 5327 1565 5396 congruit,
1597 5327 1686 5396 qui
1716 5326 1934 5398 rapinas
1954 5367 1970 5394 ,
2020 5326 2180 5382 adni-

580 5395 716 5474 teria
741 5436 755 5461 ,
785 5396 888 5450 hoc
917 5407 1000 5451 est
1026 5399 1237 5474 optim,
1269 5395 1629 5474 quaerennobis’
1659 5395 2031 5474 egrediantur,
2079 5398 2182 5453 ho-

580 5468 785 5519 minem
808 5468 1066 5521 unntax-ai
1095 5469 1376 5527 inquinare
1404 5468 1717 5524 aliirmavit'.
1752 5471 2080 5527 BeroLews.

664 5487 785 5519 neut
808 5487 1066 5521 uutttnxat
1095 5487 1163 5523 tm
1192 5487 1376 5524 Uttlal'e
1404 5487 1717 5524 alltt‘ttia\‘tt.
1752 5487 2080 5527 UETULEIUS.

654 5534 781 5590 Cum
803 5539 960 5591 animi
989 5550 1138 5606 paras
1152 5487 1368 5662 tuatim.
1396 5536 1506 5596 Par
1527 5541 1685 5596 animi
1710 5541 2025 5598 Lactantius
2053 5538 2183 5597 dicit

656 5622 680 5660 r
714 5607 1089 5662 Graecismum.
1180 5608 1367 5662 ‘uerint
1408 5613 1620 5662 renosnl
1669 5628 1732 5662 ex
1781 5620 1911 5662 i'nss-
1940 5621 1995 5662 et
2022 5612 2181 5662 editis

619 5621 680 5683 er
714 5607 1089 5683 Graecismum.
1118 5607 1367 5683 _l_"uerint
1408 5613 1620 5683 reposui
1669 5628 1733 5669 ex
1780 5620 1911 5670 mss.
1940 5621 1995 5670 et
2022 5612 2181 5668 editis

630 5678 785 5745 etul.,
832 5680 1087 5747 Tornes.,
1117 5679 1356 5749 Watch.,
1395 5678 1660 5741 Soubron.
1694 5683 1812 5741 Sint
1856 5694 2179 5742 ceterorum

586 5750 925 5824 vulgaturum
955 5758 1063 5808 est.
1194 5772 1209 5777 κ

2363 3516 2505 3592 Nam
2536 3518 2583 3592 si
2602 3518 2813 3588 justitia
2834 3559 2848 3583 ,
2876 3527 2983 3574 etc.
3011 3518 3225 3575 Iustitia
3250 3534 3489 3592 namque
3515 3520 3721 3592 virtutes
3740 3517 3842 3592 inse

2286 3590 2663 3660 cosnplectitur
2713 3604 2940 3657 omnes,
2989 3600 3048 3646 ut
3085 3588 3413 3649 Aristoteles
3449 3596 3501 3648 in
3541 3608 3572 3647 v
3610 3588 3841 3647 Moralium

2286 3661 2434 3717 dicit.
2464 3661 2687 3716 Matrem
2714 3661 2941 3716 aliarum
2964 3663 3220 3717 virtutum
3254 3675 3416 3720 vocat
3448 3707 3463 3732 ,
3491 3662 3630 3734 quod
3652 3663 3843 3731 reliquas

2285 3735 2450 3807 veluti
2475 3735 2614 3807 tilias
2630 3735 2695 3807 _in
2716 3748 2817 3788 suo
2838 3735 2990 3804 quasi
3014 3736 3136 3807 sinu
3166 3744 3222 3790 et
3239 3737 3458 3807 gremio
3484 3736 3642 3792 fovet.
3673 3735 3743 3790 De
3762 3744 3843 3803 quo

2284 3805 2408 3861 vide
2437 3806 2599 3860 etiam
2621 3803 2885 3860 Joannem
2926 3805 3207 3862 Stobeum.

2362 3897 2529 3974 Tulit._
2548 3892 2693 3974 Tulit
2724 3897 2862 3953 haud
2886 3912 3009 3974 raro
3030 3899 3247 3974 ponitur
3267 3910 3369 3974 pro
3390 3901 3624 3974 sustulit,
3644 3893 3838 3974 distulit.

2289 3971 2488 4027 lterum
2519 3971 2633 4039 ipse
2664 3969 2972 4026 Lactantius
3005 3963 3058 4024 in
3090 3970 3236 4042 Epit.
3267 3963 3317 4026 ε.
3343 3970 3418 4026 29
3440 4014 3455 4039 ,
3486 3984 3551 4027 ex
3578 3963 3763 4042 Gellio;
3797 3963 3839 4020 Si

2288 4042 2476 4114 tuleris
2525 4038 3064 4114 unnmtabstuierls
3117 4038 3447 4114 utrumque.
3483 4046 3715 4098 Ambros.
3740 4038 3835 4114 ιι,

2286 4112 2417 4179 Ott,
2440 4126 2560 4182 cap.
2591 4113 2698 4168 δεῖ
2729 4113 2881 4169 Tolle
2908 4128 2973 4168 ex
3000 4124 3099 4168 usu
3121 4111 3406 4171 hominum
3434 4111 3837 4182 benevolentiam,

2289 4180 2562 4259 tamquam
2589 4185 2840 4259 solenne
2894 4184 3096 4259 mundo
3150 4187 3489 4259 tuleris,ita
3536 4186 3651 4242 erit.
3696 4180 3830 4259 Ling

2285 4248 2567 4387 Ollicalp.
2599 4257 2666 4312 5:
2701 4256 2889 4313 Solum
2930 4256 3241 4313 lanceam...
3293 4248 3693 4328 et'lenticuiam
3744 4248 3836 4308 tulit

2288 4344 2463 4387 amr.
2541 4340 2629 4382 un.

2288 4336 2463 4400 aquae.
2488 4336 2629 4387 Bon.

2208 4427 2261 4488 D
2325 4418 2627 4493 _Siquidem
2673 4420 2803 4477 nihil
2851 4420 3038 4492 fuerit,
3088 4420 3225 4493 quod
3270 4421 3599 4490 abstineatur,
3640 4418 3835 4493 alienat.

2291 4486 2445 4549 Hanc
2469 4493 2756 4548 lectionem
2782 4486 3420 4563 retineutqu'amplnrimi
3453 4486 3655 4550 mssset
3671 4486 3836 4547 excusi:

2290 4568 2342 4621 et
2373 4567 2573 4636 optima
2606 4574 2722 4627 est,
2754 4563 3011 4636 quidquid
3039 4560 3183 4621 dicat
3203 4560 3571 4630 Thomasius;
3601 4580 3713 4636 nam
3749 4574 3838 4615 rec-

2292 4632 2499 4691 tissime
2540 4632 2802 4703 dicimus}
2832 4632 2945 4691 rem
2991 4636 3221 4707 aliquant
3253 4639 3541 4701 abstineri,
3569 4632 3707 4707 quasi
3739 4644 3835 4707 μερ-

2288 4710 2373 4763 cul
2405 4708 2577 4764 teneri
2617 4722 2681 4764 ac
2726 4699 3019 4777 prohiberi.
3052 4699 3201 4779 L'act.
3235 4706 3328 4763 lib.
3365 4727 3439 4766 vn
3461 4750 3475 4773 ,
3647 4702 3705 4779 17
3727 4699 3833 4756 {ab-

2289 4778 2518 4834 stinebat
2545 4775 2776 4846 imbres,
2810 4791 2914 4835 etc.
2938 4779 3120 4835 Livius
3146 4796 3157 4832 :
3185 4777 3434 4836 Romano
3457 4775 3616 4846 bello,
3644 4775 3834 4833 Fortuna

2291 4851 2655 4922 Alexandrum
2712 4844 2964 4922 magnum
3023 4852 3300 4907 abstinuit.
3350 4848 3478 4910 Mss.
3537 4844 3759 4922 16,τῷ
3790 4850 3835 4922 tl

2289 4921 2417 4979 editi
2443 4915 3106 4998 octo_legunt,'s_iquidem
3135 4924 3294 4998 “nihil
3346 4926 3510 4998 fuerit
3529 4965 3545 4989 ,
3570 4915 3669 4998 quo
3703 4915 3833 4998 absit:

2288 4998 2514 5060 neatur;
2560 4991 2692 5049 Bon.
2741 4991 3006 5065 siquidem
3055 4994 3235 5050 nullus
3269 4995 3463 5063 fuerit,
3494 4991 3834 5066 qui'abstiueat

2286 5066 2485 5122 alieno.
2519 5066 2615 5120 Ex.
2644 5066 2802 5123 lseo.

2362 5161 2433 5215 Ac
2463 5168 2689 5231 nepotes.
2724 5158 2781 5214 ld
2819 5169 2905 5214 est
2930 5200 2944 5225 ,
2968 5168 3405 5228 consumptores.
3431 5146 3828 5231 Horat._EpodJ.

2287 5228 2509 5297 ἄσωτοι,
2530 5222 2991 5301 intemperantes,
3046 5241 3101 5287 et
3151 5222 3463 5301 patrimonii
3510 5222 3827 5296 dissipatorcs.

2288 5301 2345 5357 In
2376 5319 2504 5357 mss.
2544 5303 2571 5358 1
2608 5302 2767 5359 Rem.
2796 5304 2824 5359 1
2853 5301 3118 5359 οοιυοη..
3149 5303 3265 5358 Pal.
3292 5315 3344 5358 et
3375 5303 3541 5358 Brnn.
3570 5302 3760 5359 legitur,
3784 5305 3831 5345 at

2288 5317 2345 5357 ιιι
2376 5319 2504 5357 mss.
2544 5317 2571 5358 ⁴ι
2608 5317 2767 5372 neg.,
2796 5317 2824 5359 ι
2853 5317 3118 5366 nomen.
3149 5317 3265 5358 rat.
3292 5317 3344 5358 et
3375 5317 3541 5358 urnn.
3570 5317 3760 5370 legum.
3784 5317 3830 5345 ιισ

2288 5374 2508 5451 perditi,
2533 5374 2677 5445 quod
2696 5375 3179 5451 estinterpretatio
3201 5376 3350 5451 vocis
3372 5387 3595 5451 nepotes.
3614 5367 3832 5451 τιμῆς

2286 5443 2411 5501 riosi
2432 5463 2490 5499 ac
2507 5443 2729 5517 nepotes.
2742 5445 2936 5502 Cicero
2953 5443 3061 5516 pro
3082 5448 3302 5514 Quintia
3319 5443 3448 5517 cap.
3471 5446 3538 5501 12
3560 5463 3601 5499 :s
3619 5443 3735 5517 quis
3748 5446 3829 5490 tam

2288 5517 2529 5588 perditus
2560 5511 2623 5575 ac
2654 5518 2901 5587 profusus
2932 5511 3233 5588 nepos'non
3253 5511 3418 5574 adesi
3441 5515 3675 5588 jam,set|
3697 5511 3831 5588 ιυριετ

2285 5577 2434 5645 anno
2484 5577 2916 5660 etiam'pecunia
2960 5577 3039 5647 sic
3078 5590 3374 5648 dissolutus
3421 5577 3623 5657 Fuisset,
3669 5593 3719 5640 ut
3755 5577 3832 5635 luit

2287 5660 2349 5718 S.
2386 5660 2619 5718 Nervius.
2658 5681 2678 5716 ι
2711 5663 2843 5718 Bon.

2335 5702 2349 5718 .
2386 5677 2619 5718 Νενιυῶ
2658 5681 2678 5716 1
2711 5677 2843 5719 151111.

2362 5756 2565 5813 Dicam.
2597 5758 2671 5815 ita
2699 5768 2829 5817 mss.
2866 5761 2937 5817 At
2962 5758 3127 5828 editi,
3160 5757 3292 5814 dico.
