4038 6358
496 288 603 349 437

1533 286 1722 345 FIRM.
1761 285 2137 345 LACTANTH
2173 286 2381 347 DlVlN.
2412 288 2661 351 INSTIT.

3681 300 3773 358 428

498 412 599 468 bes
627 408 874 466 fabricati
904 415 1068 475 sunt,
1099 407 1252 480 quasi
1283 406 1351 463 ad
1384 405 1611 477 ﬂguram
1645 406 1833 464 mundi
1859 450 1875 475 ,
1908 421 2113 479 eosque
2138 417 2188 479 Α
2217 417 2311 465 aut
2357 408 2653 481 prudentes
2702 414 2758 465 et
2782 407 2928 465 scios
2958 406 3239 465 mendacia
3266 407 3596 466 defendenda
3622 413 3775 470 susci-

500 504 765 560 caelarunt
790 502 1121 574 portentosis
1139 500 1461 573 quibusdam
1475 500 1805 570 simulacris,
1823 518 1942 574 qurc
1966 508 2112 558 astra

502 614 627 656 esse
652 598 913 655 dicerent.
940 596 1093 653 Hanc
1120 595 1281 667 igitur
1304 596 1426 652 cteli
1454 597 1838 653 rotunditatem
1869 596 2000 651 illud
2030 610 2115 652 se-

504 695 791 766 quebatur,
824 702 882 749 ut
924 704 1068 749 terra
1100 695 1152 748 iu
1185 692 1365 749 medio
1393 692 1514 748 sinu
1544 694 1663 764 ejus
1700 701 1843 747 esset
1884 676 2111 746 inclusa:

501 786 655 857 Quod
676 788 722 844 si
748 787 821 843 ita
841 795 1024 854 esset,
1046 786 1207 843 etiam
1237 787 1409 858 ipsam
1436 796 1634 843 terram
1655 787 1815 857 globo
1835 786 2068 840 similem
2095 800 2111 852 ;

498 898 678 954 neque
699 883 843 938 enim
868 881 986 939 lteri
1012 890 1218 954 posset,
1238 891 1297 937 ut
1324 898 1431 937 non
1453 890 1598 937 esset
1625 880 1943 948 rotundum,
1967 876 2116 951 quod

497 975 736 1033 rotundo
759 976 1075 1032 conclusum
1100 984 1394 1031 teneretur.
1415 974 1472 1031 Si
1497 984 1675 1030 autem
1700 972 1929 1029 rotunda
1952 972 2114 1027 etiam

502 1082 646 1128 terra
675 1079 857 1139 esset,
889 1084 1115 1127 necesse
1140 1084 1299 1137 esse,
1331 1080 1389 1124 ut
1430 1070 1487 1124 in
1527 1084 1718 1123 omnes
1764 1067 1892 1124 caeli
1933 1074 2115 1138 partes

500 1164 748 1221 eamdem
779 1163 970 1219 faciem
998 1171 1187 1233 gerat,
1221 1163 1272 1217 id
1305 1172 1388 1220 est
1417 1172 1631 1219 montes
1659 1161 1866 1233 erigat,
1893 1173 2117 1231 campos

503 1258 723 1324 tendat,
756 1256 926 1313 maria
973 1264 1310 1311 consternat.
1342 1254 1496 1323 Quod
1528 1255 1574 1311 si
1605 1263 1785 1321 esset,
1816 1253 1979 1309 etiam
2028 1267 2117 1308 se-

501 1352 767 1424 quebatur
795 1349 932 1407 illud
976 1359 1315 1417 extremum,
1348 1359 1407 1405 ut
1448 1348 1591 1404 nulla
1637 1349 1707 1403 sit
1751 1361 1877 1420 pars
1916 1356 2112 1415 terrae,

502 1462 625 1520 qua:
654 1461 761 1503 non
794 1446 863 1502 ab
896 1444 1205 1502 hominibus
1233 1445 1553 1515 caeterisque
1594 1442 1921 1498 animalibus
1966 1439 2118 1496 inco-

500 1542 665 1598 latur.
697 1542 787 1597 Sic
817 1540 1083 1613 pendulos
1114 1543 1251 1598 istos
1295 1538 1597 1611 Antipodas
1637 1536 1762 1595 οωιί
1809 1535 2117 1592 rotunditas

497 1637 796 1694 adinvenit.

572 1731 727 1802 Quod
749 1732 792 1787 si
816 1745 1031 1802 qumras
1054 1730 1123 1786 ab
1149 1729 1234 1797 iis,
1263 1730 1352 1801 qui
1374 1729 1492 1785 lucc
1519 1735 1764 1799 portenta
1793 1724 2114 1794 defendunt,

2216 519 2377 575 pere,
2409 505 2561 576 quasi
2595 514 2651 559 ut
2683 505 2894 576 ingenia
2920 520 3019 560 sua
3047 503 3103 559 in
3128 504 3286 560 malis
3307 505 3468 560 rebus
3489 516 3772 577 exerceant,

2220 599 2305 655 vel
2359 600 2669 655 ostendant.
2697 599 2769 655 At
2814 616 2915 673 ego
2960 600 3145 655 multis
3188 604 3522 672 argumentis
3569 601 3775 672 probare

2222 708 2466 764 possem,
2500 695 2647 751 nullo
2674 695 2835 751 modo
2864 694 2978 751 ﬁeri
3010 709 3190 766 posse,
3221 705 3281 750 ut
3309 694 3507 751 caelum
3549 702 3682 751 terra
3720 696 3780 752 sit

2218 788 2476 856 inferius,
2527 789 2630 846 nisi
2677 798 2733 846 et
2777 790 2915 846 liber
2955 789 3066 861 jam
3109 788 3516 847 concludendus
3541 797 3699 856 esset,
3728 798 3775 846 et

2218 886 2395 944 adhuc
2425 887 2605 960 aliqua
2633 896 2946 954 restarent,
2993 902 3115 959 quae
3157 885 3331 958 magis
3382 895 3510 941 sunt
3554 885 3782 957 praesenti

2220 982 2379 1053 Operi
2410 982 2737 1039 necessaria.
2784 982 2853 1038 Et
2901 983 3157 1054 quoniam
3210 981 3547 1054 singulorum
3597 993 3784 1036 errores

2225 1091 2553 1149 percurrere
2585 1092 2689 1132 non
2716 1085 2801 1133 est
2823 1078 2979 1133 unius
3008 1076 3133 1132 libri
3165 1092 3324 1147 opus,
3353 1075 3487 1131 satis
3528 1075 3597 1130 sit
3636 1089 3781 1145 pauca

2226 1183 2584 1226 enumerasse
2605 1210 2622 1239 ,
2652 1184 2721 1227 ex
2752 1169 2953 1242 quibus
2973 1169 3146 1241 possit
3166 1168 3350 1243 qualia
3372 1168 3482 1225 sint
3510 1176 3690 1224 cetera
3712 1167 3783 1224 in-

2219 1262 2409 1335 telligi.

2798 1380 3027 1440 CAPUT
3066 1380 3240 1441 XXV.

2220 1493 2299 1552 De
2350 1496 2666 1555 addiscenda
2696 1496 3062 1571 philosophia;
3114 1508 3163 1555 et
3210 1506 3408 1573 quanta
3455 1498 3527 1555 ad
3556 1500 3657 1572 ejus
3699 1510 3791 1555 stu-

2716 1593 2860 1649 dium
2887 1593 2989 1649 sint
3019 1594 3332 1650 necessaria.

2288 1726 2445 1783 Nunc
2489 1742 2661 1799 pauca
2714 1727 2873 1783 nobis
2924 1727 2993 1783 de
3041 1728 3389 1799 philosophia
3436 1728 3490 1785 in
3537 1743 3794 1788 commune

497 1825 771 1900 quomodo
841 1842 950 1881 non
1005 1824 1203 1881 cadunt
1254 1822 1436 1879 omnia
1490 1823 1543 1877 in
1598 1822 1907 1878 inferiorem
1958 1821 2109 1876 illam
2142 1822 2191 1885 B
2217 1820 2445 1877 dicenda
2469 1833 2629 1889 sunt,
2663 1832 2722 1877 ut
2746 1822 3067 1879 conﬁrmata
3095 1839 3257 1879 causa
3288 1839 3628 1895 peroremus.
3655 1825 3791 1882 Sum-

501 1921 626 1979 coeli
656 1929 861 1993 partem
888 1937 902 1985 ;
934 1919 1288 1991 respondent,
1317 1918 1454 1974 hanc
1483 1934 1661 1974 rerum
1685 1932 1807 1973 esse
1830 1927 2101 1983 naturam,

506 2025 564 2073 ut
588 2014 826 2087 pondera
859 2015 912 2069 in
943 2014 1177 2069 medium
1210 2012 1478 2079 ferantur,
1508 2023 1561 2067 et
1591 2011 1658 2066 ad
1689 2010 1927 2067 medium
1974 2026 2111 2067 con—

505 2125 645 2165 nexa
676 2110 783 2164 sint
810 2109 1012 2173 omnia,
1062 2108 1201 2162 sicut
1230 2105 1409 2161 radios
1434 2105 1678 2161 videmus
1708 2106 1761 2159 in
1788 2113 1938 2171 rota;
1986 2119 2111 2175 qum

497 2211 677 2259 autem
710 2202 847 2258 levia
876 2210 1020 2267 sunt,
1055 2213 1110 2256 ut
1143 2200 1357 2265 nebula,
1391 2201 1569 2256 fumus
1596 2242 1611 2265 ,
1643 2200 1814 2271 ignis,
1848 2215 1875 2253 a
1931 2200 2112 2256 medio

498 2297 837 2363 deferantur,
892 2304 952 2352 ut
1003 2296 1198 2353 coelum
1260 2304 1462 2368 petant.
1515 2294 1653 2361 Quid
1705 2296 1878 2350 dicam
1925 2295 1994 2350 de
2046 2294 2112 2351 iis

498 2394 685 2450 nescio
710 2435 727 2461 ,
760 2395 883 2464 qui,
926 2408 1049 2448 cum
1081 2391 1249 2447 Semel
1278 2391 1681 2458 aberraverint,
1711 2402 2027 2447 constanter
2058 2391 2113 2446 in

496 2490 726 2546 stultitia
768 2496 1116 2560 perseverant
1139 2529 1153 2555 ,
1201 2496 1256 2543 et
1295 2488 1449 2541 vanis
1481 2501 1615 2541 vana
1646 2485 1973 2556 defendunt;
2008 2485 2113 2541 nisi

499 2583 643 2655 quod
669 2598 765 2641 eos
797 2582 1068 2640 interdum
1094 2590 1245 2653 puto,
1271 2589 1363 2636 aut
1387 2578 1502 2652 joci
1525 2594 1685 2636 causa
1707 2578 2109 2650 philosophari,

2222 1932 2345 1972 mus
2392 1917 2482 1973 ille
2523 1925 2712 1973 noster
2741 1916 2986 1974 Platonis
3027 1917 3269 1973 imitator
3288 1918 3621 1975 exisdmavit
3646 1919 3794 1989 philo-

2219 2012 2465 2082 sophiam
2514 2028 2622 2067 non
2651 2028 2774 2068 esse
2824 2012 3137 2084 vulgarem,
3193 2013 3340 2085 quod
3396 2030 3517 2070 eam
3563 2030 3664 2070 non
3709 2015 3795 2072 nisi

2219 2103 2364 2158 docti
2399 2103 2651 2160 homines
2679 2105 2899 2176 assequi
2933 2105 3164 2174 possint.
3205 2123 3225 2157 ι
3256 2105 3379 2171 Est,
3426 2107 3598 2178 inquit
3632 2107 3795 2163 Cicero

2223 2198 2339 2273 (lib.
2371 2215 2409 2254 ll
2442 2199 2623 2265 Tusc.,
2650 2199 2710 2253 η’
2744 2197 2821 2271 1),
2857 2199 3203 2270 philosophia
3235 2201 3429 2270 paucis
3454 2211 3699 2258 contenta
3720 2199 3794 2273 iu-

2224 2297 2458 2363 dicibus,
2519 2295 2924 2351 multitudinem
2956 2296 3215 2351 consulto
3241 2295 3363 2365 ipsa
3397 2295 3622 2367 fugiens.
3651 2315 3670 2348 ι
3697 2295 3793 2351 Non

2223 2402 2307 2446 est
2333 2404 2464 2459 ergo
2494 2390 2784 2460 sapientia,
2813 2390 2859 2444 si
2904 2390 2975 2445 ab
3001 2388 3283 2445 hominum
3333 2399 3486 2448 cmtu
3529 2390 3793 2447 abhorret:

2221 2483 2478 2554 quoniam
2529 2482 2575 2539 si
2626 2482 2890 2553 sapientia
2938 2482 3147 2539 homini
3198 2483 3327 2538 data
3383 2493 3503 2551 est,
3553 2484 3666 2540 sine
3704 2484 3795 2539 ullo

2216 2577 2534 2635 discrimine
2560 2577 2816 2635 omnibus
2859 2577 2987 2635 data
3038 2573 3143 2646 est,
3177 2587 3239 2634 ut
3285 2594 3453 2635 nemo
3486 2578 3557 2636 sit
3579 2592 3795 2652 prorsus,

1822 2670 2187 2729 VARIORUM
2216 2671 2452 2729 NOTAE.

573 2774 723 2829 Hanc
768 2773 927 2845 igitur
970 2769 1511 2845 cmlirotuurlitatem.
1555 2768 1765 2845 Caelum
1797 2768 2103 2845 rotundum

497 2860 621 2903 esse
649 2838 861 2915 negavit
892 2859 996 2897 non
1029 2843 1204 2915 solum
1236 2842 1578 2915 Laetantius,
1608 2838 2103 2915 seduetiamdusti-

498 2933 602 2974 nus
628 2912 827 2989 Martyr
856 2914 1190 2989 respondens
1220 2914 1294 2989 ad
1316 2912 1774 2989 t]!l_.'l)8litlﬂt3lli_59
1796 2922 1848 2967 et
1873 2913 1977 2968 150
1999 2913 2107 2989 ρι’-

501 2989 702 3047 tliodox
743 2984 960 3052 {BasilI
994 2986 1188 3040 llomil.
1221 2987 1242 3040 1
1282 2986 1335 3040 in
1368 2984 1567 3040 Cenes.
1594 3002 1608 3050 ;
1633 2985 1945 3054 Clirysost.,
1998 2985 2103 3038 llo-

2207 2767 2335 2822 dnm
2363 2776 2532 2822 totum
2562 2776 2721 2823 terra:
2748 2767 3011 2823 ambitum
3043 2766 3514 2838 circumnavigant
3535 2810 3551 2835 ,
3579 2765 3798 2823 eamdem

2210 2841 2487 2895 stellarqu
2514 2840 2837 2895 nnil‘orinem
2866 2856 2928 2895 ac
2956 2843 3262 2910 regularem
3288 2840 3677 2913 apparitiouem
3702 2838 3799 2894 ubi-

2208 2929 2315 2982 que
2341 2913 2651 2968 obserVunt.
2673 2912 2786 2969 Jos.
2820 2913 3154 2969 Buxcan‘us.

2285 2984 2555 3052 Quomodo
2585 3002 2689 3041 non
2718 2987 2909 3039 cadunt
2939 2985 3130 3040 omnia.
3161 2983 3259 3040 Ms.
3291 2984 3317 3040 1
3355 2983 3693 3056 Regio-Pun,
3718 3000 3797 3056 Vca-

498 3062 617 3146 inil.
653 3060 719 3115 1-1
745 3073 795 3146 et
825 3059 895 3114 27
924 3064 975 3146 in
1005 3059 1113 3146 [ipa
1132 3058 1282 3146 Pauli
1312 3058 1375 3111 ad
1415 3054 2102 3146 Δ11υ1η’.,ρι¹1¹Ιιιιι111ξηῆ¹ι1θ
2133 3081 2179 3146 ρ
2212 3055 2356 3146 dant.
2381 3056 2508 3113 M35.
2545 3060 2635 3125 10,
2664 3066 2719 3114 et
2747 3067 2855 3114 vet.
2889 3057 2925 3113 2
2952 3058 3110 3125 cdit.,
3137 3057 3411 3124 Quomodo
3435 3054 3572 3129 ergo.
3598 3058 3620 3113 1
3644 3054 3796 3122 Colb.,

497 3132 995 3203 incomprehensib.
1022 3132 1114 3203 Dei
1146 3140 1334 3184 natura
1354 3130 1679 3203 ;_Ambros.,
1722 3129 1818 3203 lib.
1864 3144 1880 3182 ι
1922 3128 2105 3184 inlle-

497 3201 778 3271 xaemeh;
827 3202 1220 3274 Theopbylact.
1270 3211 1325 3257 et
1373 3201 1730 3274 Theodoret.,
1765 3201 1819 3255 in
1851 3215 1970 3274 cap.
2017 3216 2108 3256 vut

496 3278 669 3342 Epist.
716 3277 783 3331 ad
831 3272 1353 3341 Hebr.;'C:csarius
1397 3282 1452 3327 et
1494 3272 1726 3342 Procop.
1777 3273 1862 3326 ubi
1907 3288 2105 3341 supra;

500 3348 723 3409 Haimo,
770 3346 1095 3406 Severianus
1138 3355 1194 3402 et
1235 3344 1496 3407 Aeacius;
1540 3347 1664 3400 item
1708 3343 2009 3399 Primasius
2052 3345 2107 3400 iu

498 3422 671 3489 Epist.
703 3420 771 3474 ad
806 3420 968 3474 llebr.
1001 3418 1285 3488 Eulymius
1314 3419 1365 3472 in
1397 3417 1596 3472 Psalm.
1632 3417 1768 3484 105;
1805 3415 1951 3471 Elias
1975 3416 2110 3473 Cre-

498 3496 670 3549 tensis
699 3494 791 3548 ubi
824 3506 1005 3562 supra.
1039 3489 1325 3545 Contraria
1369 3500 1545 3544 tamen
1578 3490 1772 3562 opinio
1812 3503 1956 3562 vera
1988 3499 2105 3555 est,

498 3565 569 3620 ab
609 3566 862 3620 omnibus
895 3561 1241 3633 philosophis
1281 3570 1442 3630 atque
1480 3561 1809 3633 astronomis
1848 3561 2106 3629 probata,

499 3639 697 3693 cmlum
744 3632 995 3690 videlicet
1032 3649 1157 3689 esse
1201 3634 1524 3698 rotundum;
1576 3633 1736 3699 idque
1773 3632 2111 3689 denwnstrat

500 3709 833 3766 Ptolenurus
864 3722 1055 3762 novem
1092 3706 1386 3760 rationibus
1418 3706 1452 3761 5
1477 3720 1596 3774 cap.
1629 3705 1719 3761 lib.
1753 3722 1769 3760 ι
1810 3707 1939 3760 edit.
1996 3720 2108 3759 ma-

499 3796 657 3853 gnae;
690 3780 914 3835 Aristot.
947 3795 981 3834 ll
1001 3778 1179 3853 .“Ctnl.
1207 3787 1322 3853 texi.»
1345 3777 1418 3831 ‘29.
1441 3787 1496 3853 et
1520 3793 1673 3853 seqq.
1707 3776 2109 3853 SzittctiPatres

501 3848 645 3908 idem
666 3866 946 3907 asseruere
969 3872 982 3903 ;
1005 3849 1510 3913 Nazianz.,0rat.4.
1530 3851 1787 3904 adversus
1807 3848 1835 3904 .1
1843 3849 2032 3912 ulinn.,
2054 3852 2109 3906 in

502 3923 728 3981 0rat.2.
768 3925 836 3977 dc
862 3922 1147 3991 Theolog.,
1180 3924 1231 3975 in
1260 3922 1410 3976 Orat.
1442 3923 1493 3975 in
1524 3932 1769 3976 sanctum
1802 3920 2107 3990 Baptisma;

502 3994 788 4066 Chrysost.
820 3992 1017 4066 Homil.
1047 3994 1097 4046 in
1133 3993 1274 4066 Psal.
1305 4008 1432 4053 cut:
1462 3993 1716 4066 Ambros.
1752 3993 1926 4048 Serm.
1958 3994 2027 4047 12
2053 3995 2111 4051 in

504 4064 651 4124 Psal.
680 4080 863 4123 cxvnt:
893 4065 951 4119 S.
971 4064 1303 4134 Augustinus
1335 4068 1385 4118 in
1414 4066 1611 4121 Geoes.
1646 4065 1711 4119 ad
1744 4066 1906 4119 litter.
1942 4066 2034 4120 lib.
2065 4082 2108 4132 ι,

505 4152 626 4208 cap.
664 4136 728 4193 10
750 4146 807 4193 et
830 4137 922 4191 lib.
956 4152 1014 4201 ll,
1037 4152 1157 4207 cap.
1189 4137 1244 4202 9;
1272 4137 1412 4191 Beda
1433 4178 1448 4204 ,
1477 4137 1544 4191 de
1572 4150 1664 4191 sex
1696 4137 1856 4202 dier.,
1876 4136 2023 4192 Orat.
2056 4148 2113 4193 et

502 4219 698 4282 quaest.
730 4209 782 4282 in
807 4209 1006 4282 Gentes.
1028 4208 1765 4282 Magisiquoqueconsonum
1794 4209 1965 4264 sacris
1991 4209 2109 4282 Lit-

507 4279 642 4339 feris
662 4280 892 4337 videtur.
917 4280 1075 4336 Initio
1105 4281 1414 4335 licelesiast.
1445 4279 1620 4351 Oritur
1640 4280 1737 4345 sol,
1761 4288 1891 4345 etc.,
1909 4297 2015 4351 quo
2042 4280 2112 4337 de

502 4354 625 4411 loco
659 4353 924 4409 videndos
958 4362 1042 4407 est
1080 4352 1137 4408 S.
1180 4352 1575 4423 Hieronymus;
1603 4350 1731 4406 item
1772 4368 1897 4407 xxrv
1932 4350 2109 4409 'Eccli.

506 4425 849 4499 Gyrumcmli
873 4434 1025 4499 ,_ete.
1057 4424 1178 4499 Job.
1215 4424 1399 4499 tx,suli
1427 4425 1946 4499 (induruerunt-oui
1989 4443 2113 4495 por-

505 4495 615 4554 tant
644 4498 849 4562 orbein;
884 4497 1139 4551 Proverb.
1175 4512 1285 4551 vui.
1317 4497 1401 4553 Ad
1433 4495 1574 4550 Psal.
1605 4511 1729 4561 cur,
1760 4505 1815 4551 et
1844 4496 1966 4551 lsai.
1999 4514 2068 4552 xx.
2090 4540 2105 4562 ,

504 4571 594 4625 ubi
636 4572 833 4625 dicitur
869 4568 1067 4623 cmlum
1108 4585 1137 4622 a
1182 4570 1320 4636 Deo,
1363 4568 1503 4622 sicut
1542 4568 1978 4633 tabernaculum,
2021 4570 2107 4625 vel

504 4658 809 4703 cameram.
851 4642 934 4696 vel
975 4642 1172 4712 pellem
1214 4651 1529 4705 extensum,
1572 4641 1864 4707 respOndet
1906 4641 1963 4697 S.
2000 4644 2108 4697 Au-

501 4714 750 4787 gustinus
776 4729 894 4787 can:
925 4713 981 4779 9,
1014 4713 1105 4787 lib.
1136 4729 1204 4778 ιι,
1238 4713 1289 4768 in
1320 4713 1518 4768 Genes.
1551 4712 1615 4766 ad
1651 4713 1813 4787 litter.
1844 4712 2029 4769 lsxus.

579 4787 814 4841 Inclusa.
844 4784 974 4840 Mss.
1006 4785 1041 4838 2
1071 4786 1199 4856 lleg.
1231 4794 1285 4839 et
1310 4786 1437 4839 editi
1465 4786 1495 4837 7
1518 4785 1779 4843 conclusa.

580 4857 761 4927 Ipsam
790 4868 974 4913 terram
1004 4855 1166 4929 globo,
1192 4856 1428 4912 similem.
1472 4856 1568 4911 Est
1610 4867 1749 4911 terra
1782 4855 2011 4911 rotunda
2043 4870 2107 4912 ac

507 4930 803 5000 sphaerion,
829 4946 933 4984 non
954 4930 1169 4998 quidem
1201 4930 1562 4999 geometrico,
1596 4929 1691 4983 sed
1724 4929 1838 4982 rudi
1870 4929 2106 4997 quodam

509 5002 700 5059 modo.
743 5018 865 5056 cum
905 5002 1023 5067 ejus
1053 5003 1394 5069 superlicicm
1422 5003 1589 5055 vidlcs
1617 5016 1680 5055 ac
1710 5010 1922 5056 montes
1949 5016 2107 5069 aspe-

509 5088 624 5130 ram
658 5075 902 5127 reddant.
933 5072 1097 5142 Cujus
1128 5076 1357 5144 primum
1399 5074 1469 5127 sit
1510 5084 1885 5142 argumentum
1906 5113 1918 5129 .
1961 5072 2106 5139 quod

509 5145 622 5205 sol,
655 5146 851 5208 stellae,
898 5146 1143 5215 t‘Clypst‘S
1172 5147 1312 5199 circa
1364 5156 1560 5199 terram
1608 5146 1860 5199 omnibus
1901 5144 2108 5199 habita-

511 5216 718 5288 toribus
742 5218 810 5271 ita
843 5221 1149 5272 successive
1176 5226 1468 5288 apparent,
1502 5216 1726 5286 perinde
1769 5231 1833 5271 ac
1877 5216 1920 5270 si
1963 5216 2105 5271 circa

510 5287 777 5354 Splneram
806 5288 1244 5343 rotundissimum
1277 5299 1643 5352 moverentur,
1677 5290 1778 5343 hoc
1805 5296 1917 5351 est,
1948 5304 2108 5358 regu-

511 5359 701 5414 lariter
723 5371 778 5413 et
803 5360 1164 5425 unil'orniiter,
1196 5361 1266 5415 ila
1287 5370 1343 5414 ut
1366 5362 1521 5425 locis,
1548 5376 1599 5413 ν.
1624 5375 1676 5429 g.
1704 5377 1799 5427 per
1822 5360 1889 5414 15
1909 5360 2107 5429 gradus

508 5431 679 5503 magis
709 5431 1059 5503 orientalibus
1099 5449 1201 5486 una
1231 5432 1363 5487 hora
1393 5431 1540 5501 prius
1578 5442 1900 5500 appareant;
1944 5442 2108 5503 atque

509 5501 613 5557 hoc
626 5502 824 5558 accidit
844 5502 1038 5570 ubique
1055 5511 1318 5558 terrarmn
1340 5503 1634 5559 secundum
1657 5512 1815 5558 terra:
1832 5501 2106 5573 gyruntab

507 5575 716 5629 oriente
743 5575 794 5628 in
826 5588 1074 5628 occasum
1104 5576 1421 5644 productum
1439 5616 1455 5643 ,
1482 5577 1623 5645 quod
1652 5584 1794 5644 patet
1822 5592 1889 5630 es
1918 5577 2106 5646 eclyp-

508 5648 651 5718 sium
702 5646 1051 5718 praedictione
1095 5646 1392 5713 inl’allibili,
1446 5646 1743 5705 secundum
1791 5662 1952 5718 quam
2000 5663 2108 5703 non

509 5716 762 5773 omnibus
789 5716 979 5773 eadem
1011 5719 1171 5784 hora,
1204 5720 1299 5774 sed
1330 5720 1557 5776 diversis
1585 5716 1913 5789 apparitoris
1967 5734 2110 5790 prae-

466 5856 471 5863 ~
511 5790 995 5863 nuntianturzqum
1007 5799 1160 5863 certa
1176 5790 1450 5859 praedictio
1467 5792 1723 5863 supponit
1756 5803 1955 5847 terram
1986 5806 2109 5847 esse

506 5861 811 5919 rotundam.
842 5860 1070 5922 Accedit
1092 5861 1255 5920 etiam
1300 5860 1633 5936 experientia
1665 5872 1980 5933 nautarum,
2014 5863 2106 5935 qui

2214 3140 2391 3185 tuitur.

2234 3147 2528 3257 g'ﬁ‘rniedio
2559 3205 2879 3274 deferantur.
2915 3200 2990 3274 lita
3024 3200 3236 3257 restitui
3266 3216 3333 3257 ex
3366 3200 3555 3274 decem
3587 3198 3734 3256 editis
3754 3202 3799 3252 et

2213 3275 2466 3328 omnibus
2494 3272 2634 3330 mss.
2654 3284 2850 3344 prmter
2870 3274 2905 3330 5
2929 3273 3064 3345 Reg.
3091 3275 3283 3346 quibus
3304 3280 3393 3330 est
3412 3272 3726 3343 differantur,
3753 3274 3800 3324 ut

2214 3354 2268 3401 et
2290 3346 2325 3400 5
2350 3346 2581 3415 vulgatis
2610 3364 2723 3402 rec.

2290 3411 2593 3474 Ostendam.
2616 3418 2847 3487 Reposui
2871 3433 2934 3474 cx
2965 3431 3096 3472 mss.
3118 3425 3172 3472 ct
3197 3424 3305 3475 vet.
3334 3415 3499 3476 editis
3520 3415 3558 3472 2
3582 3416 3725 3475 Rom.
3750 3411 3798 3471 la

2214 3495 2429 3545 cancris
2460 3491 2689 3560 vulgatis
2722 3492 2937 3559 legitur.
2971 3498 3239 3544 ostentent.

2290 3562 2471 3617 Multis
2497 3563 2831 3633 argumentis.
2862 3561 2976 3616 Imo
3002 3561 3184 3616 nullis.

2288 3633 2480 3688 Possit.
2510 3634 2633 3689 Mss.
2663 3636 2693 3689 7
2715 3644 2768 3689 et
2799 3634 3019 3688 totidem
3042 3634 3172 3688 editi
3195 3675 3210 3700 ,
3242 3635 3461 3705 possint.

2290 3705 2445 3761 Nunc
2477 3724 2642 3775 pauca
2674 3705 2818 3761 nobis
2841 3705 2905 3759 de
2927 3700 3286 3775 pltilosOphia.
3344 3705 3521 3761 Caute
3565 3700 3789 3776 iegelmc

2216 3788 2408 3861 caput;
2442 3774 2562 3861 nam
2598 3779 2642 3832 si
2676 3777 2987 3861 Lactantius
3018 3793 3236 3861 onlnem
3286 3774 3637 3861 antiquorum
3674 3774 3796 3861 Gelu:

2217 3846 2391 3906 tilium
2425 3851 2822 3922 philosophiam
2856 3850 3239 3919 reprehendit,
3274 3866 3385 3905 non
3411 3846 3543 3905 satis
3580 3846 3798 3922 consulte

2216 3922 2379 3985 facit,
2409 3918 2531 3977 enim
2585 3918 2752 3978 multa
2803 3932 2859 3977 et
2888 3918 3049 3989 vera,
3095 3932 3151 3977 et
3199 3932 3345 3975 recta
3391 3923 3691 3977 contineret
3716 3918 3790 3972 illa

2219 3995 2595 4065 philosophia,
2626 4012 2747 4065 qua:
2779 3996 2896 4050 usui
2929 4005 2982 4049 et
3013 3994 3232 4048 utilitati
3282 3992 3543 4048 humana:
3571 3991 3685 4065 vita:
3722 4002 3797 4042 es-

2218 4064 2359 4122 Sent.
2386 4067 2443 4123 Si
2468 4083 2598 4123 vero
2646 4064 3055 4138 philosophiam
3110 4067 3164 4121 in
3220 4066 3537 4121 universum
3569 4064 3795 4138 damnat,

2219 4140 2369 4195 nullo
2398 4151 2556 4209 pacto
2588 4133 2843 4195 ferendus
2871 4133 2987 4201 est.
3024 4149 3082 4192 et
3110 4150 3381 4208 repugnat
3422 4135 3688 4192 communi
3717 4133 3797 4187 Pa-

2220 4223 2362 4266 trum
2406 4223 2459 4267 et
2489 4211 2746 4269 Ecclesia:
2797 4210 3001 4266 sensui.
3030 4210 3169 4266 Vide
3199 4210 3544 4279 Alplionsum
3572 4209 3796 4279 uestrum

2220 4283 2314 4339 lib.
2368 4300 2461 4339 xm
2508 4285 2767 4340 adversus
2800 4284 3074 4351 lliereses,
3124 4277 3291 4338 verbo
3342 4280 3580 4337 Scientia
3629 4277 3796 4335 Bam-

2217 4371 2431 4413 CBELLI.

2295 4448 2361 4502 In
2407 4464 2695 4503 commune.
2723 4448 2980 4505 Omnium
3038 4461 3175 4503 mss.
3210 4454 3318 4513 est,
3348 4455 3552 4514 printer
3573 4445 3608 4500 4
3632 4456 3794 4499 recen-

2135 4523 2417 4589 Dtiores,
2464 4521 2658 4591 quibus
2708 4530 2827 4586 est,
2881 4530 2940 4574 ut
2988 4520 3312 4589 impressis,
3359 4519 3418 4572 in
3456 4516 3793 4591 communi.—

2215 4592 2285 4648 ln
2342 4585 2631 4647 commune.
2665 4593 2919 4648 Restituo
2942 4608 3014 4647 ex
3044 4585 3207 4653 B'on..
3238 4585 3401 4657 Tan,
3432 4590 3622 4653 Cauc.,
3648 4585 3789 4657 litin,

2211 4663 2374 4721 Goth.
2411 4665 2678 4719 lllnstravi
2717 4665 2935 4721 uberius
2965 4665 3031 4718 ad
3068 4664 3105 4717 l.
3139 4679 3221 4726 ιιι,
3250 4678 3371 4733 cap.
3390 4656 3493 4717 2i.
3542 4660 3636 4716 llic
3672 4656 3790 4712 addo

2212 4751 2278 4791 ex
2306 4736 2531 4792 Tertull.
2568 4738 2636 4792 de
2665 4738 2895 4792 Patient.
2930 4754 2943 4790 :
2982 4735 3266 4791 Patientia:
3306 4736 3363 4790 iis
3416 4748 3674 4790 commune
3698 4745 3788 4783 meo

2209 4823 2397 4864 mares.
2430 4809 2707 4866 Bessum.

2286 4902 2536 4959 Summus
2580 4903 2669 4957 ille
2699 4911 2888 4957 noster.
2922 4901 3147 4962 Διαϐολὴ
3174 4943 3189 4969 ,
3227 4915 3325 4967 per
3352 4900 3600 4954 ironiam.
3638 4893 3787 4950 Locus

2212 4968 2295 5032 est
2325 4975 2712 5030 inPrml'utione
2736 4968 3399 5042 seettnmeusc.Quzest.
3424 4972 3522 5027 Ms.
3546 4972 3572 5025 1
3606 4971 3783 5023 Bono".

2211 5049 2380 5119 antiq.
2419 5047 2607 5109 habet,
2650 5046 2827 5119 Cicero
2872 5063 3104 5119 sunnnus
3145 5046 3235 5099 ille
3267 5055 3459 5119 noster.
3484 5042 3555 5119 lla
3588 5043 3785 5119 enim-$0

2213 5113 2375 5176 habet
2419 5117 2909 5193 illelocus‘1Plato
2954 5118 3167 5193 quidem
3215 5120 3269 5193 in
3311 5116 3534 5193 politicis
3567 5113 3785 5193 delectant

2211 5194 2367 5263 facit,
2416 5192 2592 5254 νόθους
2625 5190 2712 5262 (id
2739 5200 2823 5244 est
2852 5188 3069 5259 Spurios
3094 5192 3119 5263 Α)
3152 5190 3429 5263 excludens
3479 5205 3510 5263 ᾳ
3553 5188 3785 5263 adpingit?

2211 5245 2716 5335 ἓιτιάὶλλγιξιήἇίδυς
2760 5245 2963 5335 (idest
2997 5245 3314 5335 legitimos)
3360 5245 3658 5335 admittens.
3694 5245 3787 5335 §eti

2211 5335 2366 5393 Plato
2394 5322 2445 5391 in
2477 5322 2826 5409 Eu.liydei_no
2853 5333 2968 5389 lucc
2988 5322 3089 5409 ait,
3124 5322 3335 5409 sumsit
3364 5322 3785 5409 ﬁnis_l‘roatinibtt8

2212 5409 2265 5463 in
2294 5409 2584 5463 universum
2604 5399 2839 5480 omnibus
2861 5399 3165 5480 propositus
3187 5399 3408 5480 felicitas
3424 5444 3438 5468 ,
3482 5399 3687 5480 felicitas
3706 5406 3785 5480 ait:

2214 5489 2312 5534 tem
2339 5482 2391 5534 in
2419 5480 2671 5550 sapientia
2693 5475 2971 5547 consistat,
3001 5475 3230 5549 relinqui
3258 5487 3318 5533 ut
3353 5490 3526 5532 omnes
3552 5475 3784 5540 sapientiai

2214 5553 2384 5607 studio
2405 5570 2458 5607 se
2480 5552 2695 5607 dedant.

2287 5643 2517 5700 Possint.
2570 5645 2645 5702 Ita
2697 5643 2855 5699 multi
2912 5643 3111 5715 οι)ιὶιὶ
3161 5651 3217 5699 et
3248 5639 3538 5715 veterrimi
3582 5647 3698 5693 mss.
3730 5628 3781 5715 Ιξι

2214 5731 2327 5773 rec.
2361 5715 2398 5772 2
2450 5727 2533 5773 est
2563 5724 2814 5787 possunt;
2844 5716 2901 5777 in
2926 5708 2967 5772 ὅ
3015 5730 3133 5773 ree.
3167 5714 3299 5772 etin
3329 5711 3560 5787 excu§i$.
3584 5708 3777 5787 P0“???

2287 5787 2545 5856 Quoniam
2564 5773 2620 5846 ἐἰ
2663 5773 2939 5858 sapientia.
2989 5787 3145 5860 Lips.
3198 5797 3328 5843 tert.
3373 5795 3428 5840 et
3450 5773 3668 5860 Beiram.
3691 5773 3780 5860 hac

2214 5844 2427 5930 orti-ine,
2454 5844 2699 5935 quoniam
2725 5844 2986 5932 'sapientia
3013 5844 3260 5923 si‘.Satis
3286 5859 3459 5927 bene;
3507 5862 3559 5911 et
3601 5850 3672 5910 sic
3693 5844 3777 5903 Stl-

2936 6054 2945 6059 -
2972 6052 3015 6060 ρ..-

3974 4879 3977 5037 1
