4038 6358
532 306 635 377 sat

1606 321 1795 384 FIRM.
1836 320 2208 387 LACTANTII
2249 330 2459 390 DIVIN.
2505 330 2749 395 lNSTl'l'.

3698 360 3782 416 452

533 446 721 508 nerat;
751 446 878 497 sunt
903 438 1049 497 enim
1073 438 1241 513 capti.
1269 440 1553 500 Platonem
1578 444 1800 517 quidem
1829 447 2128 505 redemisse
2156 471 2209 528 Α
2235 453 2470 522 priment
2490 494 2504 519 ,
2537 454 2672 511 iram
2709 459 3121 531 temperabunt,
3162 462 3436 524 libidinem
3476 472 3781 542 coercebunt,

533 532 822 591 Anniceris
845 532 1062 604 quidam
1095 533 1325 591 traditur
1352 536 1620 594 sestertiis
1644 548 1788 595 octo.
1838 541 2023 612 Itaque
2049 542 2133 597 in-

535 632 774 680 sectatus
799 633 885 680 est
914 626 1175 682 conviciis
1206 626 1350 684 hunc
1385 628 1560 700 ipsmn
1593 630 1992 703 redemptorem
2025 635 2129 689 Se-

534 732 669 774 neca
691 759 708 784 ,
734 717 880 789 quod
908 733 1077 789 parvo
1103 718 1385 778 Platonem
1433 725 1802 781 mstimaverit.
1836 727 2129 798 Furiosus,

531 818 593 864 ut
626 808 761 864 mihi
788 808 1022 879 videtur,
1068 812 1158 882 qui
1209 811 1416 869 homini
1442 813 1821 887 fuerit'iratus,
1850 820 1995 890 quod
2022 837 2131 880 non

530 903 758 958 multam
794 904 1081 974 pecuniam
1114 905 1350 977 perdidit
1382 924 1397 961 :
1425 908 1635 967 scilicet
1682 927 1876 969 aurum
1921 931 2132 988 appen-

529 998 662 1055 dere
715 998 926 1066 debuit,
982 1008 1254 1073 tamquam
1301 1017 1403 1075 pro
1449 1014 1666 1062 mortuo
1719 1006 1988 1079 Hectore,
2040 1021 2133 1069 aut

528 1100 739 1148 tantum
766 1093 1017 1162 ingerere
1044 1110 1415 1166 nummorum,
1445 1110 1706 1170 quantum
1736 1103 1987 1161 venditor
2014 1120 2124 1162 non

530 1188 805 1260 poposcit.
840 1190 921 1246 Ex
950 1190 1206 1248 Barbaris
1254 1208 1387 1250 vero
1435 1194 1664 1266 nullum,
1719 1208 1919 1268 prater
1966 1215 2130 1256 unum

524 1280 883 1339 Anacharsim
928 1283 1227 1358 Scytbam,
1266 1286 1359 1359 qui
1407 1286 1808 1362 philosophiam
1865 1307 1936 1350 ne
1990 1308 2131 1350 som-

523 1374 732 1431 niasset
772 1374 1028 1446 quidem,
1080 1378 1184 1435 nisi
1223 1387 1281 1435 et
1327 1378 1598 1452 linguam,
1653 1391 1709 1440 et
1748 1382 1961 1441 litteras
2002 1395 2130 1445 ante

521 1466 823 1525 didicisset.

1091 1583 1322 1643 CAPUT
1358 1585 1552 1645 XXVI.

524 1693 853 1765 Sapientiam
880 1695 996 1752 sola
1019 1696 1257 1754 doctrina
1281 1699 1494 1756 cmlestis
1522 1700 1779 1775 largitur;
1812 1714 1862 1761 et
1885 1722 2037 1778 quam
2062 1707 2128 1763 sit

1117 1794 1295 1865 eﬁicaa:
1314 1793 1398 1849 lea:
1424 1793 1542 1851 Dei.

590 1927 747 1998 Quod
789 1943 923 2001 ergo
977 1927 1056 1984 illi
1105 1939 1364 1998 poscente
1411 1941 1601 1987 natura
1650 1931 1955 1991 faciendum
2001 1952 2122 1996 esse

520 2031 832 2088 senserunt,
864 2021 961 2078 sed
1011 2031 1189 2078 tamen
1209 2035 1396 2094 'neque
1439 2024 1540 2094 ipsi
1594 2026 1769 2083 facere
1810 2038 2118 2099 potuerunt,

520 2128 701 2185 neque
731 2129 761 2168 a
791 2112 1128 2185 philosophis
1175 2114 1291 2171 ﬁeri
1342 2130 1502 2187 posse
1542 2116 1813 2186 viderunt,
1842 2120 1956 2176 sola
2005 2121 2120 2179 inec

512 2206 954 2264 eflieitdoctrina
980 2206 1249 2274 caelestis;
1281 2209 1402 2279 quia
1441 2209 1555 2265 sola
1598 2211 1858 2282 sapientia
1896 2224 1999 2270 est.
2033 2215 2116 2271 Illi

511 2302 723 2361 scilicet
752 2301 1080 2375 persuadere
1110 2302 1359 2372 cuiquam
1389 2310 1667 2373 poterunt,
1704 2307 1794 2377 qui
1827 2306 1958 2363 nihil
1987 2323 2114 2380 per-

513 2396 747 2454 suadent
787 2394 952 2453 etiam
982 2394 1128 2451 sibi?
1167 2405 1260 2452 aut
1306 2395 1624 2469 cujusquam
1654 2399 1979 2470 cupiditates
2023 2416 2126 2475 0p-

2237 560 2361 602 cum
2392 547 2495 619 ipsi
2543 559 2599 607 et
2643 551 2841 608 cedant
2888 554 3050 624 vitiis,
3078 567 3133 614 et
3178 558 3463 629 fateantur,
3509 565 3619 636 plus
3638 569 3786 626 valere

2236 647 2529 697 naturam?
2563 644 2655 700 Dei
2683 655 2862 703 autem
2895 660 3192 723 praecepta,
3227 655 3349 724 quia
3375 666 3431 711 et
3461 658 3717 730 simplicia,
3740 671 3787 719 ct

2235 745 2362 788 vera
2410 743 2557 801 sunt,
2608 746 2870 807 quantum
2925 741 3140 798 valeant
3188 744 3241 800 in
3293 746 3485 803 animis
3525 748 3785 820 hominum,

2233 824 2544 894 quotidiana
2565 830 2935 900 experimenta
2956 833 3349 894 demonstrant.
3377 839 3447 895 Da
3473 841 3595 897 mihi
3617 844 3783 911 virum,

2236 916 2327 987 qui
2352 918 2422 974 sit
2444 919 2755 990 iracundus,
2776 925 3091 996 maledicus,
3119 928 3425 988 eﬂraanatus
3458 950 3470 987 :
3495 936 3788 1005 paucissimis

2235 1010 2336 1068 Dei
2359 1013 2537 1070 verbis
2560 1033 2575 1070 :

2450 1107 2570 1159 Tam
2597 1108 2858 1178 placidum,
2878 1128 3024 1179 quam
3048 1130 3214 1180 ovem,
3238 1119 3459 1172 reddam.

2235 1191 2313 1247 Da
2344 1194 2624 1266 cupidum,
2663 1213 2908 1268 avarum,
2941 1210 3185 1259 tenacem
3234 1222 3247 1259 :
3274 1204 3385 1276 jam
3419 1205 3511 1262 tibi
3537 1221 3649 1263 eum
3676 1207 3791 1266 libe-

2232 1284 2402 1342 ralem
2433 1286 2600 1356 dabo,
2637 1300 2693 1346 et
2720 1294 3001 1362 pecuniam
3042 1309 3194 1353 suam
3239 1297 3415 1369 plenis
3444 1300 3676 1358 manibus
3708 1301 3795 1358 lar-

2231 1377 2487 1450 gientem.
2518 1381 2594 1437 Da
2626 1383 2871 1440 timidum
2899 1386 3102 1444 doloris
3124 1403 3191 1445 ac
3220 1391 3448 1446 mortis:
3483 1391 3590 1462 jam
3616 1409 3793 1462 cruces,

2232 1479 2288 1526 et
2312 1470 2488 1542 ignes,
2515 1481 2572 1529 et
2599 1483 2809 1531 taurum
2831 1487 3159 1537 contemnet.
3186 1481 3262 1537 Da
3291 1482 3652 1554 libidinosum,
3671 1487 3798 1543 adul-

2231 1572 2427 1631 terum,
2457 1580 2759 1637 ganeonem
2783 1585 2798 1623 :
2824 1570 2937 1640 jam
2974 1572 3241 1642 sobrium,
3284 1584 3517 1641 castum,
3555 1581 3797 1636 continen-

2230 1666 2344 1713 tem
2382 1656 2614 1714 videbis.
2645 1659 2721 1716 Da
2749 1661 3026 1720 crudelem
3067 1675 3124 1721 et
3152 1669 3432 1739 sanguinis
3459 1682 3795 1742 appetentem:

2224 1749 2333 1822 jam
2381 1752 2433 1808 in
2461 1768 2646 1811 veram
2676 1757 3020 1815 clementiam
3059 1758 3212 1817 furor
3262 1763 3351 1819 ille
3399 1766 3696 1821 mutabitur.
3737 1770 3794 1824 Da

2154 1879 2203 1939 Β
2232 1844 2487 1917 injustam
2515 1890 2530 1915 ,
2591 1850 2933 1921 insipientem
2956 1894 2972 1919 ,
3027 1865 3368 1926 peccatorem
3402 1877 3418 1914 ε
3483 1861 3721 1918 continuo
3754 1871 3800 1920 et

2239 1953 2448 2010 aequus,
2478 1949 2533 1995 et
2563 1942 2823 2011 prudens,
2853 1952 2911 2001 et
2937 1945 3199 2004 innocens
3224 1949 3349 2006 erit.
3378 1949 3504 2008 Uno
3529 1952 3662 2009 enim
3682 1954 3800 2008 lava-

2227 2048 2323 2090 cro
2352 2035 2554 2090 malitia
2581 2037 2761 2093 omnis
2785 2038 3110 2098 abolebitur.
3139 2041 3311 2099 Tanta
3334 2044 3534 2102 divina;
3555 2047 3799 2119 sapientia:

2225 2126 2307 2182 vis
2326 2137 2431 2195 est,
2463 2139 2521 2184 ut
2550 2129 2605 2185 in
2632 2129 2865 2189 hominis
2888 2143 3073 2204 pectus
3107 2136 3309 2205 infusa,
3340 2150 3569 2198 matrem
3598 2141 3811 2198 delictot

2224 2235 2342 2277 rum
2370 2222 2651 2280 stultitiam
2682 2241 2791 2282 uno
2836 2229 3007 2286 semel
3061 2230 3266 2302 impetu
3295 2235 3569 2305 expellat:
3598 2235 3660 2291 ad
3682 2235 3799 2307 quod

2228 2314 2596 2386 efficiendum,
2624 2334 2734 2376 non
2777 2321 3047 2391 mercede,
3081 2340 3188 2381 non
3226 2326 3407 2395 libris,
3438 2343 3543 2384 non
3572 2329 3792 2386 lucubra-

2233 2407 2466 2466 tionibus
2511 2425 2649 2482 opus
2693 2424 2794 2470 est.
2848 2414 3031 2473 Gratis
3076 2416 3180 2474 ista
3232 2418 3410 2488 fiunt,
3461 2421 3632 2490 facile,
3676 2424 3797 2493 cito;

1872 2540 2238 2603 VARIORUM
2266 2545 2505 2607 NOTAE.

508 2678 521 2686 ’
582 2678 876 2735 Platonem.
902 2718 914 2731 .
944 2718 957 2731 .
1000 2675 1286 2747 redemisse
1343 2675 1577 2730 Aniceris
1629 2676 1860 2746 quidam.
1913 2677 2102 2747 Plato,

505 2765 631 2810 cum
660 2751 940 2823 Dionysio.
987 2746 1187 2823 Siciliae
1233 2757 1502 2823 tyranno.
1551 2746 2107 2823 acerbiusdetyram

505 2824 637 2880 nide
665 2817 1070 2893 respondisset,
1101 2819 1173 2893 ab
1200 2817 1269 2873 eo
1292 2817 1639 2893 abducendus
1685 2817 2108 2893 vendendusque

505 2895 737 2950 traditus
764 2890 861 2947 est
888 2891 1094 2957 Polidi,
1154 2890 1687 2964 Lacedaemoniorum
1736 2892 1955 2963 legato,
2016 2890 2107 2964 qui

504 2964 987 3037 Egiumivenalem
1013 2963 1283 3037 esposuit.
1318 2960 1650 3037 Redemptus
1680 2960 1902 3037 vcroﬁo
1946 2960 2108 3020 minis

503 3031 859 3094 ab'Auniceri
884 3031 1205 3105 Cyrenaico,
1239 3045 1293 3088 et
1322 3034 1559 3088 Athenas
1589 3035 1849 3092 remissus
1873 3037 1943 3091 ad
1967 3038 2108 3091 ami-

511 3124 627 3165 cos.
659 3108 830 3163 Ceu.

581 3199 845 3256 Sestertiis
872 3207 1007 3253 octo.
1042 3196 1170 3253 Haec
1200 3211 1467 3253 summam
1496 3196 1698 3253 faciunt
1744 3198 2105 3256 ducentorum

508 3286 801 3329 aureorum
829 3278 1236 3327 coronatorum.

574 3364 849 3420 Furiosus.
906 3362 1259 3436 lieumannus
1307 3362 1526 3436 credit,
1560 3361 1898 3436 Lactantium
1930 3365 2105 3436 serip-

502 3438 677 3503 sisse,
723 3437 989 3509 furiosius.
1040 3433 1154 3509 Ego
1204 3434 1289 3488 vix
1343 3433 1691 3509 cgediderim.
1748 3434 1960 3492 Habent
1986 3433 2106 3492 om-

501 3504 784 3572 neslibri,
833 3509 884 3562 in
937 3506 1025 3562 his
1052 3506 1310 3570 Reitnm.,
1373 3504 1656 3572 Furiosus,
1703 3514 1757 3560 et
1808 3519 1994 3573 recte;
2050 3517 2107 3564 et

500 3596 566 3638 ex
593 3580 777 3636 indole
796 3579 1081 3644 Lactantii,
1112 3578 1147 3632 l.
1173 3594 1244 3643 vr,
1277 3592 1396 3647 cap.
1426 3578 1492 3633 15
1526 3595 1539 3631 :
1570 3577 1736 3633 Stoici
1756 3595 1875 3651 ergo
1896 3580 2102 3650 furiosi,

499 3651 798 3780 ᾳυῗιΒηῗῧίὶ
833 3723 1050 3776 videtur.
1083 3719 1266 3774 Delcvi
1294 3720 1534 3790 quidem,
1569 3720 1712 3791 quod
1745 3720 1814 3776 ab
1842 3723 2100 3779 omnibus

499 3811 634 3851 mss.
667 3805 722 3850 et
753 3793 1030 3848 nonnullis
1059 3791 1220 3845 editis
1250 3792 1424 3847 abest.

577 3866 803 3921 Multam
827 3864 1116 3935 pecuniam.
1147 3862 1478 3935 Sicﬂreposui
1505 3878 1571 3919 ex
1594 3863 1843 3920 omnibus
1870 3880 2004 3920 mss.
2036 3882 2101 3923 ac

497 3938 775 3995 veteribus
795 3934 953 3991 editis
992 3935 1029 3988 2
1064 3934 1472 3989 Rom.’l‘ornes.
1506 3945 1561 3992 et
1609 3935 1881 3992 Soubrou.
1930 3936 1988 3992 In
2032 3938 2100 3992 η

499 4010 734 4077 vulgatis
759 4016 879 4071 est,
908 4005 1128 4077 multum
1142 4007 1400 4077 pecuniae.

576 4076 785 4135 Mortuo
822 4077 1060 4133 Hectore.
1090 4076 1317 4132 Historia
1347 4086 1430 4132 est
1457 4076 1598 4147 apud
1641 4077 1856 4133 Homer.
1890 4077 2042 4132 Iliad.
2078 4097 2092 4146 ;

498 4153 716 4224 Dictyn.
739 4148 1076 4224 Cretensem,
1102 4148 1198 4224 lib.
1230 4164 1309 4224 tu;
1340 4159 1395 4205 et
1431 4148 1640 4224 Virgil.,
1675 4152 1784 4224 lib.
1813 4149 2091 4224 tEueid.

499 4220 713 4289 Cicero,
740 4223 951 4294 actione
975 4220 1390 4294 _vn,Verrihoc
1442 4223 1646 4294 crimen
1699 4222 1916 4290 objiCit,
1952 4224 2095 4294 quod

496 4311 623 4351 cum
648 4293 847 4349 multos
874 4295 925 4347 in
955 4292 1135 4347 Sicilia
1167 4292 1487 4357 occidisset,
1518 4292 1780 4349 cadavera
1826 4309 1931 4348 nun
1968 4292 2091 4351 _nisi

498 4378 724 4433 accepto
746 4364 921 4436 pretio
946 4364 1187 4437 patribus
1236 4372 1288 4420 et
1337 4365 1584 4435 cognatis
1636 4365 1702 4419 ad
1759 4367 2090 4434 sepulturam

494 4437 774 4496 redderet.

570 4509 912 4602 Αηαειιανξίηι
950 4506 1263 4602 §‘!‘.’i“’.":_
1285 4506 1487 4602 ίξᾸξιείξ
1530 4507 2088 4602 ﬁszt'crtc.-rssis
2116 4542 2170 4602 ι)

496 4582 688 4648 frater,
735 4592 912 4636 matre
949 4579 1135 4636 Graeca
1165 4596 1176 4631 :
1201 4595 1268 4634 ex
1320 4582 1486 4648 patria
1518 4579 1757 4635 Athenas
1790 4579 2082 4650 profectus.

499 4653 622 4709 Vita
636 4654 754 4723 ejus
778 4652 1013 4709 estlibro
1040 4652 1216 4721 primo
1236 4651 1376 4720 apud
1402 4651 1576 4723 Laert.
1602 4650 1829 4723 Insignis
1865 4651 2085 4708 Lueiani

498 4722 756 4796 Dialogus
808 4723 969 4794 hujus
1008 4723 1250 4796 nomine
1292 4722 1591 4796 inscriptus
1642 4733 1758 4785 est,
1792 4722 1859 4796 in_
1882 4739 1988 4796 quo
2016 4726 2085 4782 de

493 4791 792 4867 juventutﬁis
840 4791 1112 4867 egitjercitiis
1135 4809 1257 4867 cum
1287 4791 1798 4867 soloi1e_d_isputat_.
1838 4791 1911 4849 De
1938 4794 2083 4850 Ana-

493 4863 677 4924 charsi
707 4866 828 4922 vide
858 4865 1199 4921 Plutarchum
1244 4865 1297 4919 in
1339 4864 1462 4919 Vita
1496 4863 1732 4920 Solonis.
1766 4864 1970 4920 Beroe.

566 4939 637 4993 Et
672 4938 884 4993 litteras.
921 4935 1167 5005 Expunxi
1195 4934 1402 4990 ercas
1426 4976 1442 5000 ,
1484 4935 1625 5003 quod
1657 4951 1685 4988 a
1716 4938 1924 4991 cunctis
1946 4953 2077 4994 mss.

493 5025 560 5066 ac
583 5009 856 5065 veteribus
904 5008 1064 5063 editis
1109 5007 1145 5059 2
1188 5006 1347 5061 Rom.
1388 5014 1444 5061 et
1491 5006 1662 5061 Betul.
1696 5006 1869 5062 abest.
1899 5007 2079 5065 Bune-

498 5096 647 5136 man.
689 5079 851 5151 habet
907 5096 921 5132 :
965 5107 1032 5151 —_-
1059 5076 1129 5133 Et
1176 5076 1466 5151 (Graecas)
1504 5077 2080 5151 litteras.‘Parenlhcsi

495 5149 1024 5223 iltclusijtirwcus),
1057 5148 1216 5223 quam
1259 5163 1446 5223 vocem
1499 5164 1604 5223 non
1660 5148 1862 5223 habent
1903 5149 2074 5223 Βυιιη

496 5221 633 5277 Tax.
655 5262 670 5286 ,
700 5218 831 5277 Pen.
853 5263 870 5288 ,
901 5218 1099 5283 eam;
1129 5220 1243 5275 Pal.
1267 5264 1281 5287 ,
1310 5219 1478 5292 Ultr.,
1526 5220 1679 5285 Jun.,
1710 5218 1898 5286 60th.,
1922 5220 2071 5292 Lips.

497 5293 549 5357 1,
597 5292 650 5356 5,
701 5292 959 5359 Reimm.,
986 5293 1257 5358 Emittam,
1290 5291 1474 5357 Cant.,
1499 5305 1600 5347 nec
1628 5292 1749 5347 ulla:
1779 5292 1905 5348 edd.
1939 5291 2071 5349 vett.

492 5362 738 5425 Sublac.,
768 5362 944 5428 Rost.,
975 5363 1109 5417 Ven.
1147 5363 1403 5430 1471-97,
1430 5363 1601 5420 Paris.
1639 5363 1799 5420 1515.
1830 5363 1902 5420 At
1928 5381 2074 5423 rece-

493 5444 695 5504 perunt
719 5433 886 5489 Aldus
911 5443 967 5489 et
993 5450 1144 5504 seqq.
1186 5435 1393 5491 Bonan.

571 5503 820 5577 Poscente
852 5517 1057 5577 natura.
1096 5507 1337 5562 Dictante
1364 5508 1483 5577 lege
1533 5516 1760 5573 naturae,
1815 5522 1921 5561 non
1952 5523 2070 5562 coro

490 5588 650 5648 rupta
682 5576 793 5643 illa,
817 5576 909 5631 sed
935 5577 1302 5647 primogenita.
1326 5576 1460 5634 Nam
1476 5579 1576 5633 sub
1600 5578 1759 5633 linem
1789 5578 1947 5648 hujus
1975 5595 2068 5634 ca-

490 5646 646 5719 pitis,
682 5657 889 5702 natura:
937 5648 1251 5702 vocabulum
1293 5661 1515 5719 usurpat
1565 5665 1661 5719 pro
1714 5646 1898 5704 vitiata
1952 5650 2062 5717 illa,

491 5718 739 5794 adeoque
767 5719 1107 5794 pro_ingenio
1147 5720 1282 5786 sive,
1316 5731 1374 5776 ut
1399 5718 1519 5777 cum
1559 5718 1823 5792 Apostolo
1852 5721 2063 5794 loquar,

489 5787 613 5861 lege
637 5787 833 5846 carnis.
854 5788 1057 5844 BETUL.

553 5860 654 5921 Dei
677 5872 845 5917 autem
872 5867 1148 5933 prmepta,
1190 5870 1291 5918 etc.
1320 5862 1432 5919 Non
1459 5878 1553 5935 per
1580 5878 1660 5932 se,
1689 5862 1783 5921 sed
1814 5879 1908 5935 per
1933 5880 2063 5921 con-

2211 2686 2568 2761 comitantem
2591 2686 2651 2761 S.
2687 2688 2925 2761 Spiritus
2955 2689 3279 2747 efficaciam.

2284 2755 2423 2835 Tant
2468 2755 2751 2835 placidum.
2791 2761 2867 2835 Ald
2898 2778 2965 2819 ex
2994 2762 3231 2819 Terentii
3293 2763 3556 2835 Adelphis
3607 2774 3704 2821 aet.
3731 2780 3791 2829 Iv,

2212 2842 2367 2907 scen.
2401 2832 2453 2907 1,
2488 2846 2552 2887 ac
2572 2832 2733 2888 docet
2785 2832 3098 2890 Lactantius
3147 2835 3290 2907 quod
3341 2832 3689 2893 christianum
3737 2837 3795 2892 nil

2214 2903 2384 2978 magis
2409 2902 2812 2978 deceat,_quam
2843 2902 3185 2978 simpliCitas.

2287 2971 2465 3028 Plenis
2507 2971 2739 3049 manibus
2768 2971 3086 3049 largientem.
3114 2979 3329 3048 Optima
3350 2978 3519 3035 lectio
3555 2981 3791 3035 vetustio-

2212 3059 2332 3100 rum
2364 3060 2495 3101 mss.
2524 3058 2580 3123 et
2604 3047 3175 3118 plurium'editorum.
3201 3050 3405 3121 Scripti
3435 3051 3501 3107 15
3528 3062 3582 3108 et
3619 3050 3791 3123 vulgati

2135 3136 2181 3199 ρ
2213 3120 2620 3199 seta-propriis.

2287 3186 2738 3267 Plenis'manibus.
2771 3191 2990 3267 lloc_est
3010 3193 3283 3267 ampliter,
3310 3194 3556 3267 copiose,
3583 3195 3787 3267 prolixe.

2210 3259 2540 3334 mini_meqne
2584 3263 2838 3334 maligne.
2885 3265 3013 3320 Haec
3041 3259 3195 3321 Eras.
3245 3266 3299 3321 in
3327 3259 3474 3322 Chii.
3499 3259 3719 3323 Iacobus
3744 3268 3787 3320 in

2208 3345 2305 3386 sua
2328 3331 2567 3409 Epis’tola
2598 3331 2845 3409 capfmL
2863 3337 3076 3393 confert
3125 3337 3459 3409 mundanam
3496 3338 3788 3409 sapientiam

2209 3417 2330 3481 cum
2354 3405 2583 3481 cretesti,
2616 3421 2759 3462 vers.
2779 3407 2950 3481 I5,_et
2976 3424 3209 3481 seqq.--
3224 3407 3410 3466 Plenis
3431 3405 3788 3466 manibus.Cic.

2207 3473 2315 3551 l.__lt
2347 3477 2485 3551 μμ,
2514 3476 2613 3551 Ep.
2651 3493 2759 3533 xxv
2793 3497 2807 3535 :
2842 3473 3273 3551 Hormus-quam
3305 3481 3465 3551 plena
3493 3499 3666 3547 manu,
3697 3491 3787 3535 etc.

2210 3544 2310 3623 Ubi
2337 3544 2825 3623 Corradus‘notat,
2858 3552 3011 3623 plena
3038 3544 3194 3607 manu
3221 3544 3346 3609 esse
3381 3544 3714 3623 proverbium
3743 3560 3790 3606 ut

2207 3618 2359 3696 pleno
2390 3619 2581 3696 modio.
2611 3620 2770 3692 Stepe
2793 3623 2961 3677 utitur
2986 3621 3194 3679 Seneca
3230 3624 3297 3679 ad
3330 3618 3526 3696 Polyb.
3555 3624 3785 3696 capas:

2205 3687 2431 3768 {funera
2508 3692 2659 3768 plena
2704 3687 2881 3748 manu
2953 3705 3310 3765 congerentem
3374 3687 3635 3768 reliquitf
3674 3695 3786 3751 Sen.

2204 3760 2305 3830 Ep.
2333 3760 2551 3819 xxxnt:
2580 3763 2641 3836 Si
2667 3773 2836 3819 tamen
2861 3760 3229 3836 exegeris,non
3248 3777 3354 3821 tam
3387 3760 3618 3823 mendice
3645 3778 3786 3821 tecum

2204 3850 2355 3908 agam
2377 3851 2401 3908 :7
2422 3836 2512 3889 sed
2538 3835 2688 3908 plena
2719 3852 2875 3891 manu
2904 3835 3033 3905 ﬁet;
3073 3847 3129 3894 et
3156 3838 3328 3908 Epist.
3354 3854 3470 3895 cxx
3496 3856 3511 3894 :
3554 3838 3784 3899 Vidimus,

2202 3905 2639 3978 ubiAtribuendum
2668 3918 2818 3972 esset,
2842 3911 2994 3978 plena
3020 3926 3178 3964 manu
3197 3905 3428 3964 dantem.
3460 3910 3593 3967 Bon.

2275 3974 2482 4054 cruces.
2517 3978 2668 4054 Vers.
2692 3974 3148 4054 Ga_ll.'gper_peram
3171 3982 3262 4038 hic
3281 3982 3473 4049 vertit,
3497 3982 3784 4054 afﬂictions;

2201 4048 2485 4132 signiﬁcat.
2519 4050 2637 4132 h..l.
2670 4048 2921 4120 patibula.
2952 4051 3085 4108 Btnv.
3432 4048 3477 4132 -*_
3533 4048 3564 4054 "
3695 4122 3721 4132 η
3748 4121 3757 4131 ,

2274 4120 2479 4189 Cruces,
2504 4132 2552 4175 et
2580 4122 2744 4192 ignes,
2791 4132 2837 4177 et
2864 4132 3069 4178 taurum
3096 4134 3406 4180 contemnet.
3432 4125 3560 4181 Haec
3584 4121 3784 4181 eruditis

2199 4192 2330 4248 viris
2356 4206 2411 4269 et
2449 4193 2611 4269 nobis
2628 4195 2809 4249 verior
2836 4196 2950 4269 visa
2991 4205 3076 4254 est
3102 4195 3301 4269 lectio,
3320 4212 3489 4269 quam
3544 4198 3782 4251 intrusutn

2199 4273 2248 4319 et
2271 4265 2497 4334 pericula
2542 4264 2614 4321 23
2665 4266 3154 4334 manuscriptorum
3192 4278 3248 4323 et
3291 4264 3357 4322 7⁷
3384 4269 3672 4332 editorum,
3702 4280 3782 4334 pro

2198 4352 2308 4406 quo
2358 4346 2443 4393 est
2486 4347 2535 4391 et
2581 4336 2790 4402 Perilli,
2844 4339 2895 4392 in
2928 4340 2954 4394 1
3007 4336 3174 4395 Cauc.
3224 4348 3271 4394 et
3314 4338 3643 4404 Phalaridis,
3683 4340 3726 4392 in
3754 4337 3783 4392 3

2197 4408 2415 4480 scriptis
2452 4418 2510 4464 et
2536 4408 2571 4462 4
2603 4409 2920 4482 impressis:
2965 4426 3087 4482 quae
3113 4412 3296 4467 omnia
3344 4412 3509 4466 nobis
3557 4411 3782 4465 videnlur

2195 4494 2319 4536 esse
2345 4481 2770 4552 glossemata.-—
2791 4480 2999 4549 Cruces,
3026 4493 3073 4537 et
3093 4484 3260 4553 ignes,
3284 4492 3331 4538 et
3362 4482 3661 4538 Phalaridis
3679 4490 3778 4534 tau-

2193 4568 2309 4606 rum
2338 4561 2639 4625 contemnet.
2666 4553 2825 4625 Bon.,
2851 4569 3049 4625 cruces,
3078 4565 3128 4609 et
3153 4554 3317 4625 ignes,
3352 4555 3635 4623 periculum
3655 4566 3781 4625 omne

2191 4633 2486 4698 ettaurum.
2513 4623 2820 4696 Singularis
2834 4641 2955 4698 ms:
2967 4624 3155 4698 Cauci,
3175 4623 3355 4682 cruces
3380 4637 3429 4682 et
3456 4629 3599 4698 ignes
3618 4635 3663 4680 et
3696 4624 3777 4676 l’e-

2189 4695 2295 4750 rilli
2329 4706 2534 4750 taurum
2574 4706 2878 4753 contemnet.
2933 4696 3162 4753 Perillus
3201 4698 3346 4753 enim
3388 4695 3512 4755 erat
3558 4700 3777 4753 inVentor

2188 4765 2330 4822 illius
2358 4767 2510 4858 milt‘ei.
2523 4768 2712 4858 tauri,
2729 4768 2933 4858 de'q‘t‘to
2966 4768 3125 4825 docte
3152 4777 3208 4825 et
3241 4769 3492 4840 pluribus
3521 4765 3773 4838 Salvagni-

2187 4853 2289 4895 nus
2318 4838 2383 4893 ad
2414 4837 2569 4894 Ovid.
2598 4838 2762 4907 Ibid.,
2787 4837 2928 4896 459:

2310 4951 2426 5003 Ere
2450 4952 2678 5004 Perillzeo
2698 4966 2846 5006 veros
2868 4955 3067 5007 imitere
3085 4955 3330 5020 iuvencos
3351 4970 3368 5018 ;

2183 5066 2240 5113 et
2263 5055 2356 5112 lib.
2390 5073 2419 5110 v
2447 5056 2611 5115 Trist.
2638 5060 2663 5114 1
2703 5076 2716 5111 :

2300 5149 2418 5215 Ipse
2434 5151 2669 5217 _Perillmo
2690 5152 2917 5205 Phalaris
2942 5156 3170 5217 permisit
3192 5155 3245 5205 in
3267 5167 3371 5206 are

2433 5214 2595 5265 Edere
2619 5218 2857 5280 mugitus,
2882 5214 3096 5268 et'bovis
3117 5230 3210 5269 ore
3230 5219 3393 5283 queri.
3416 5219 3540 5272 Bos.

2252 5320 2560 5376 Ganeonem.
2594 5322 2854 5379 Tabernis
2881 5333 2936 5380 et
2961 5324 3227 5380 conviviis
3269 5325 3607 5393 turpioribus
3642 5323 3760 5378 dan-

2179 5398 2286 5446 tem
2334 5407 2574 5462 operam.
2608 5394 2745 5451 Vide
2792 5394 3033 5451 Curtium
3082 5396 3153 5452 ad
3180 5396 3313 5453 Sall.
3355 5395 3520 5453 Catil.
3568 5413 3615 5452 c.
3674 5395 3755 5461 15,

2177 5476 2233 5532 p.
2260 5462 2332 5520 90
2350 5472 2474 5520 etc.
2502 5465 2590 5532 14,
2625 5481 2677 5535 p.
2712 5467 2802 5523 94.
2836 5467 2972 5523 BUN.

2172 5624 2197 5680 ι
2250 5553 2366 5610 Uno
2389 5556 2524 5611 enim
2562 5558 2784 5626 lavacro,
2830 5570 2938 5616 etc.
2981 5559 3330 5631 Baptismatis
3379 5562 3581 5617 scilicet
3620 5573 3755 5613 sacro

2193 5636 2340 5680 ontc.

2193 5636 2340 5682 οηιρ.

2246 5719 2531 5802 Stultitia":
2552 5740 2654 5778 uno
2672 5724 2827 5802 semel
2849 5724 3041 5795 impetu
3064 5722 3579 5802 expellat._Hoc_est,_
3599 5721 3749 5802 homi-

2170 5789 2255 5846 nis
2308 5792 2562 5850 malitiam
2611 5789 2968 5868 uuiversaqtie
3026 5789 3247 5867 peccata
3298 5795 3521 5868 depellit
3566 5794 3747 5864 baptis-

2170 5877 2307 5918 mus.
