4038 6358
254 271 353 329 435

1104 279 1312 338 LIBER
1343 281 1429 338 III.
1459 281 1549 338 DE
1581 282 1805 340 FALSA
1844 283 2208 344 SAPIENTIA
2251 290 2655 350 PHILOSOPH.

3443 300 3548 359 484

255 389 405 446 modo
448 400 672 462 pateant
719 409 900 463 aures,
953 408 1010 452 et
1056 408 1241 469 pectus
1293 400 1612 472 sapientiam
1670 401 1836 457 sitiat.
1865 409 1916 466 Α
1945 406 2077 461 nihil
2108 409 2249 479 apud
2277 425 2372 465 eos
2401 413 2534 467 certi
2563 420 2667 478 est,
2699 411 2834 468 nihil
2863 413 3004 479 quod
3034 429 3063 469 a
3092 415 3316 472 scientia
3344 418 3547 474 veniat.

253 483 413 541 Nemo
441 497 697 544 vereatur
722 505 737 542 :
763 503 862 546 nos
881 505 1074 562 aquam
1098 507 1203 548 non
1226 494 1534 562 vendimus,
1558 512 1658 552 nec
1679 497 1847 553 solem

253 580 493 637 mercede
531 594 876 652 prmstamus.
912 585 1005 640 Dei
1037 585 1160 644 fons
1190 588 1498 644 uberrimus
1539 599 1701 662 atque
1729 592 1846 662 ple-

253 675 505 731 nissimus
530 686 681 747 patet
699 680 943 736 cunctis:
971 689 1025 737 et
1055 681 1157 738 hoc
1178 683 1400 740 caeleste
1427 685 1606 740 lumen
1637 686 1848 742 univer-

251 768 318 823 sis
359 770 532 825 oritur
584 771 754 844 (Vid.
815 772 980 829 Joan.
1031 793 1145 848 cap.
1189 794 1206 832 1
1253 789 1301 832 et
1350 777 1462 852 vr),
1522 781 1847 852 quicumque

250 863 426 919 oculos
473 864 700 922 habent.
761 867 896 923 Num
939 868 1061 939 quis
1104 871 1219 927 haec
1259 871 1706 945 philosophorum
1755 885 1849 930 aut

251 971 473 1028 unquam
515 959 791 1027 praestitit,
819 970 912 1016 aut
937 971 1222 1033 prmstare,
1251 967 1293 1019 si
1323 965 1475 1031 velit,
1505 967 1845 1036 potest?Qui

251 1062 361 1104 cum
407 1058 598 1106 tetates
647 1066 771 1106 suas
822 1054 874 1108 in
904 1054 1084 1110 studio
1134 1055 1490 1128 philosophiae
1540 1069 1846 1127 conterant,

251 1156 414 1212 neque
440 1143 612 1199 alium
663 1161 1014 1218 quemquam,
1069 1164 1248 1220 neque
1292 1151 1501 1220 seipsos
1532 1150 1552 1223 (
1582 1153 1625 1207 si
1655 1161 1846 1208 natura

249 1237 512 1307 paululum
561 1239 822 1310 obstitit)
869 1251 1092 1312 possunt
1122 1242 1297 1298 facere
1345 1245 1615 1301 meliores.
1663 1247 1848 1317 Itaque

248 1329 502 1398 sapientia
551 1346 764 1400 eorum,
819 1342 877 1388 ut
922 1334 1209 1404 plurimum
1243 1337 1461 1406 efﬁciat,
1509 1353 1616 1394 non
1647 1339 1848 1395 excidit

245 1420 388 1488 vitia,
419 1421 519 1478 sed
550 1424 863 1481 abscondit.
895 1425 1072 1484 Pauca
1120 1443 1249 1484 vero
1297 1429 1391 1485 Dei
1446 1440 1711 1502 praecepta
1768 1433 1847 1487 sic

248 1524 404 1569 totum
434 1515 718 1574 hominem
745 1519 1050 1588 immutant,
1083 1531 1138 1578 et
1159 1523 1408 1592 exposito
1434 1533 1619 1582 vetere
1645 1541 1843 1582 novum

245 1606 501 1674 reddunt,
530 1618 724 1667 utnon
755 1627 1058 1684 cognoscas
1089 1615 1340 1671 eumdem
1373 1631 1511 1672 esse.

797 1745 1026 1805 CAPUT
1069 1748 1279 1806 XXVII.

247 1858 400 1924 Quam
447 1877 638 1931 parum
685 1863 1114 1937 philosophorum
1163 1879 1418 1941 pra’cepta
1460 1873 1728 1942 conferant
1777 1872 1845 1926 ad

305 1971 470 2011 veram
490 1959 828 2030 sapientiam,
852 1977 1006 2029 quam
1038 1963 1092 2017 in
1117 1964 1230 2019 sola
1256 1965 1502 2036 religione
1522 1965 1764 2021 invenies.

307 2093 437 2161 Quid
490 2097 662 2168 ergo?
716 2098 923 2155 nihilne
961 2098 1036 2154 illi
1083 2100 1260 2156 simile
1312 2102 1674 2174 prtccipiunt?
1730 2102 1843 2158 Imo

245 2188 534 2258 permulta;
590 2201 646 2246 et
693 2191 759 2246 ad
819 2207 1005 2248 verum
1049 2192 1356 2262 frequenter
1399 2195 1681 2252 accedunt.
1735 2196 1841 2254 Sed

247 2279 370 2334 nihil
420 2280 682 2350 ponderis
712 2282 913 2338 habent
943 2285 1029 2338 illa
1081 2295 1372 2358 praecepta,
1403 2287 1526 2358 quia
1558 2297 1685 2344 sunt
1729 2287 1832 2345 huv

245 2385 408 2438 mana,
442 2381 496 2428 et
517 2375 846 2430 auctoritate
873 2376 1089 2447 majori,
1121 2377 1175 2433 id
1191 2379 1596 2445 estdivinailla,
1623 2390 1832 2436 carent.

243 2466 399 2524 Nemo
426 2469 591 2540 igitur
611 2471 787 2527 credit
811 2489 826 2537 ;
849 2473 972 2543 quia
1003 2481 1109 2529 tam
1134 2489 1193 2530 se
1219 2474 1492 2530 hominem
1517 2485 1668 2546 putat
1687 2491 1831 2545 esse,

245 2561 325 2632 qui
375 2561 547 2630 audit,
603 2579 767 2636 quam
817 2572 902 2622 est
950 2565 1063 2631 ille,
1107 2565 1200 2638 qui
1252 2567 1520 2639 praecipit.
1561 2567 1835 2623 Praeterea

1953 497 2057 555 Sed
2107 515 2229 556 cum
2285 504 2465 558 omnia
2508 505 2835 575 conjecturis
2873 516 3123 576 agantur,
3173 509 3338 564 multa
3385 511 3547 567 etiam

1949 593 2160 649 diversa
2195 604 2250 650 et
2275 598 2421 651 varia
2465 598 2822 668 proferantur,
2857 601 3156 656 stultissimi
3181 611 3265 657 est
3292 601 3549 672 hominis,

1951 688 2233 757 praeceptis
2259 703 2446 744 eorum
2475 690 2611 745 velle
2652 707 2862 760 parere,
2897 707 3016 762 quae
3045 704 3224 749 utrum
3253 709 3377 750 vera
3416 696 3548 764 sint,

1948 794 2014 833 an
2042 779 2194 848 falsa,
2243 781 2545 851 dubitatur;
2578 792 2633 839 et
2661 784 2782 840 ideo
2809 800 2968 840 nemo
3015 796 3188 856 paret,
3217 788 3340 859 quia
3389 803 3550 844 nemo

1949 871 2060 926 vnlt
2127 873 2193 928 ad
2261 875 2526 930 incertum
2593 876 2858 932 laborare.
2903 878 3168 936 Virtutem
3217 895 3337 937 esse
3383 881 3555 938 Stoici

1947 969 2115 1035 aiunt,
2143 985 2263 1040 qute
2291 971 2406 1026 Sola
2453 970 2656 1028 efﬁciat
2683 977 2843 1028 vitam
2887 974 3121 1030 beatam.
3171 975 3312 1031 Nihil
3365 987 3552 1048 potest

1949 1062 2130 1117 verius
2156 1062 2282 1117 dici.
2326 1063 2432 1119 Sed
2455 1065 2604 1135 quid,
2638 1066 2682 1119 si
2709 1065 3038 1121 cruciabitur
3068 1075 3159 1122 aut
3198 1067 3387 1124 dolore
3429 1068 3549 1124 afli-

1948 1156 2465 1216 eietur?Poteritne
2510 1159 2791 1231 quisquam
2847 1163 2986 1216 inter
3029 1162 3311 1218 carniﬁces
3357 1163 3547 1218 beatus

1948 1249 2107 1304 esse?
2135 1248 2246 1303 Imo
2277 1265 2404 1306 vero
2437 1251 2617 1306 illatus
2656 1253 2868 1322 corpori
2896 1253 3054 1308 dolor
3079 1256 3306 1311 materia
3331 1255 3546 1311 virtutis

1948 1352 2064 1398 est:
2101 1343 2282 1414 itaque
2314 1360 2383 1400 ne
2422 1346 2474 1400 iu
2516 1348 2799 1401 tormentis
2842 1348 3059 1418 quidem
3089 1349 3254 1404 miser
3283 1358 3386 1405 est.
3416 1349 3547 1420 Epi-

1947 1454 2110 1495 curus
2134 1441 2302 1495 multo
2333 1440 2542 1496 fortius.
2585 1439 2834 1511 Sapiens,
2873 1444 3068 1512 inquit,
3112 1458 3331 1514 semper
3357 1444 3548 1500 beatus

1949 1543 2069 1598 est;
2103 1545 2157 1590 et
2187 1535 2271 1590 vel
2300 1536 2540 1591 inclusus
2570 1536 2621 1590 in
2657 1536 2958 1593 Phalaridis
2991 1546 3146 1592 tauro
3190 1538 3329 1593 hanc
3355 1553 3544 1594 vocem

1947 1627 2157 1681 emittet
2187 1645 2198 1679 :
2239 1646 2256 1678 ‹
2298 1626 2474 1683 Suave
2502 1637 2604 1694 est,
2633 1638 2690 1684 et
2719 1628 2847 1684 nihil
2882 1643 3032 1684 curo.
3080 1649 3100 1682 ι
3126 1630 3259 1696 Quis
3288 1644 3410 1685 eum
3439 1645 3546 1685 non

1949 1718 2213 1774 irriserit?
2242 1719 2491 1787 Maxime,
2522 1721 2666 1792 quod
2700 1723 2862 1777 homo
2890 1723 3226 1792 voluptarius
3256 1737 3546 1794 personam

1873 1801 1921 1861 B
1949 1810 2051 1866 sibi
2081 1812 2180 1866 viri
2211 1811 2366 1868 fortis
2417 1814 2693 1884 imposuit,
2745 1824 2801 1870 et
2849 1814 3068 1885 quidem
3096 1831 3256 1887 supra
3301 1815 3546 1884 modum,

1949 1923 2054 1962 non
2083 1908 2227 1963 enim
2255 1907 2374 1964 ﬁeri
2420 1918 2617 1979 potest,
2655 1919 2710 1964 ut
2743 1910 3024 1981 quisquam
3055 1911 3325 1966 cruciatus
3355 1925 3549 1983 corpo-

1948 2004 2024 2059 ris
2053 2020 2146 2074 pro
2177 2004 2537 2075 voluptatibus
2569 2005 2750 2072 ducat,
2778 2023 2898 2062 cum
2932 2007 3066 2063 satis
3096 2009 3184 2074 sit,
3209 2008 3275 2062 ad
3304 2007 3545 2064 ofﬁcium

1945 2096 2159 2151 virtutis
2214 2097 2546 2167 implendum
2581 2141 2594 2163 ,
2659 2101 2896 2170 perferre
2946 2115 3011 2156 ac
3070 2102 3360 2156 sustinere.
3409 2100 3549 2168 Quid

1945 2189 2122 2246 dicitis
2148 2191 2350 2248 Stoici?
2381 2193 2518 2259 Quid
2551 2201 2604 2247 lu
2634 2193 2904 2264 Epicure?
2949 2193 3146 2250 Beatus
3195 2205 3278 2249 est
3307 2194 3546 2265 sapiens,

1943 2286 2104 2341 etiam
2136 2301 2256 2342 cum
2290 2297 2587 2359 torquetur.
2619 2288 2673 2344 Si
2708 2299 2927 2360 propter
2956 2289 3185 2359 gloriam
3230 2289 3543 2361 patientiae;

1939 2392 2044 2434 non
2073 2378 2316 2446 fruetur;
2344 2381 2398 2434 in
2427 2383 2708 2436 tormentis
2729 2382 2872 2437 enim
2917 2381 3148 2438 fortasse
3181 2385 3459 2438 morietur.
3489 2381 3550 2438 Si

1937 2482 2158 2543 propter
2202 2474 2558 2539 memoriam;
2607 2484 2699 2528 aut
2746 2491 2853 2530 non
2905 2475 3137 2544 sentiet,
3195 2475 3242 2530 si
3291 2474 3548 2532 occidunt

1937 2567 2134 2622 animae
2154 2609 2169 2634 ,
2202 2577 2293 2622 aut
2321 2567 2365 2622 si
2396 2569 2613 2635 sentiet,
2642 2567 2777 2624 nihil
2804 2582 2868 2624 ex
2901 2583 2962 2624 ea
2990 2576 3374 2640 consequetur.

1593 2678 1953 2737 VARIORUM
1988 2680 2221 2737 ΝΟΤᾸΞ.

310 2773 555 2830 Pectus...
587 2775 751 2830 sitiat.
784 2775 939 2830 Rost.
973 2783 1211 2844 pectus...
1251 2774 1400 2840 sciat,
1436 2788 1618 2844 prave.
1652 2773 1836 2828 Imita-

249 2852 322 2899 tur
348 2845 692 2919 Cyprianum.
721 2847 754 2901 Ι.
782 2862 841 2910 ιι,
874 2843 1036 2916 θρζὲ,
1063 2847 1148 2901 ed.
1174 2847 1414 2902 Erasmi:
1446 2843 1696 2900 Nostrum
1720 2856 1834 2899 tan-

250 2921 504 2990 tum‘siliat
530 2931 710 2989 pectus
733 2929 778 2973 et
807 2929 998 2990 pateat.
1037 2919 1172 2973 BUN.

312 2987 473 3045 Nemo
509 2987 784 3047 vereatur:
807 2987 904 3044 nos
925 3007 1110 3058 aquam
1154 3006 1256 3044 non
1293 2989 1574 3044 vendimus.
1605 2988 1721 3044 Tali
1758 2989 1837 3043 in-

252 3064 608 3132 terpunctione
652 3063 770 3118 haec
809 3063 1144 3132 distinguunt
1185 3077 1315 3116 mss.
1347 3063 1378 3116 9
1428 3061 1662 3132 [ωε.νῦ
1713 3061 1839 3116 Col-

250 3127 372 3204 bert.
395 3149 596 3204 sexque
634 3134 748 3201 alii,
775 3144 829 3189 et
859 3127 1002 3188 edit.—
1019 3134 1176 3188 Rom.
1207 3132 1367 3188 1470.
1410 3133 1467 3186 In
1516 3134 1550 3186 5
1592 3130 1831 3187 Colhert.
1863 3127 1908 3149 “

251 3203 381 3274 nulla
421 3203 742 3270 distinctio;
801 3207 855 3261 in
899 3205 934 3259 2
986 3205 1204 3274 scriptis
1249 3219 1356 3260 rec.
1409 3205 1572 3270 etl7,
1626 3205 1838 3258 excusis

253 3273 430 3344 legitur
460 3295 473 3332 :
501 3277 673 3332 Nemo
702 3287 933 3332 vereatur
977 3273 1304 3345 nos,’aquam
1332 3293 1432 3329 non
1455 3277 1736 3330 vendimus.
1766 3303 1835 3315 -ο

257 3345 432 3414 Aquam
457 3366 557 3404 non
579 3350 867 3404 vendimus.
896 3348 1170 3404 Materiam
1196 3347 1558 3415 Baptismatis,
1589 3358 1645 3401 ut
1666 3347 1836 3402 vides.

256 3416 306 3471 Id
334 3427 429 3482 est,
472 3423 645 3491 gratis
688 3419 821 3475 illud
865 3428 1260 3475 sacramentum
1303 3419 1557 3473 omnibus
1598 3417 1836 3491 conferi-

257 3503 380 3543 mus.
415 3490 726 3562 Et’quidem
754 3493 954 3548 secutis
980 3491 1311 3560 temporibus
1343 3507 1369 3542 a
1401 3491 1567 3544 variis
1597 3490 1839 3562 diverso-

258 3577 362 3633 rum
391 3578 680 3633 regnorum
713 3564 957 3619 conciliis
989 3563 1312 3632 prohibitum
1346 3572 1429 3615 est
1452 3604 1466 3626 ,
1500 3577 1567 3615 nc
1592 3561 1841 3633 quid‘pro

259 3630 486 3706 baptismi
533 3637 826 3690 collatione
872 3630 1195 3706 exigeretur.
1231 3633 1376 3687 Inter
1409 3633 1523 3686 haec
1556 3630 1678 3706 sunt
1701 3630 1843 3706 Con-

261 3703 364 3758 cilia
418 3707 663 3763 Eliherit.
713 3721 834 3762 can.
866 3703 981 3770 48f
1013 3705 1269 3760 Brachar.
1321 3719 1444 3758 can.
1504 3705 1559 3768 7,
1613 3704 1837 3758 Emerit.

262 3789 318 3828 an
346 3774 461 3840 666.
503 3780 726 3833 'I‘ribur.
771 3794 838 3833 an
861 3778 984 3845 895,
1017 3777 1293 3832 Lemovic.
1325 3791 1389 3828 an
1423 3776 1580 3838 1051,
1613 3775 1836 3829 Bituric.

265 3846 404 3913 H38,
437 3848 842 3905 Mediolaneuse
869 3850 970 3904 sub
994 3851 1049 3904 S.
1082 3848 1274 3904 Carolo
1316 3847 1646 3906 Borroutacu.
1682 3845 1843 3902 Gela-

264 3919 361 3972 sius
407 3936 537 3992 papa
595 3925 758 3989 epist.
811 3922 874 3974 ad
934 3922 1215 3974 universos
1263 3918 1514 3992 Lucania:
1563 3919 1845 3992 epiScOPTYS

265 4002 373 4058 cap.
413 3989 935 4056 7,'Constitntiones
974 3993 1214 4047 Gallonis
1255 3992 1311 4045 S.
1354 3991 1420 4045 Β.
1463 3991 1524 4045 Ε.
1558 3989 1844 4044 cardinalis

267 4060 389 4115 circa
415 4079 612 4120 annum
648 4065 811 4130 1ἓο8,
858 4080 977 4132 cap.
1006 4065 1061 4124 2,
1104 4063 1333 4117 Ititnalia
1373 4059 1845 4117 omnia.—-Nemo

267 4144 508 4191 vereatur:
538 4155 634 4192 nos
659 4153 868 4202 aquam.
899 4135 1108 4206 Integer
1148 4133 1236 4188 hic
1278 4135 1427 4206 locus
1455 4132 1673 4206 egregie
1699 4133 1846 4206 illus—

270 4210 425 4280 tratur
445 4222 507 4262 ex
541 4207 798 4280 Cypriani
827 4203 1128 4280 lil).gu,'ep.
1151 4207 1205 4280 2,
1235 4205 1322 4260 ed.
1355 4205 1518 4280 Basil.
1553 4216 1607 4259 et
1638 4203 1842 4280 Gryph.

271 4273 316 4327 in
342 4291 424 4347 ep.
454 4281 517 4334 ad
546 4273 849 4335 Donatum:
898 4277 1008 4333 Nec
1049 4273 1116 4331 ad
1157 4277 1252 4330 hoc
1281 4277 1464 4346 pretiis
1494 4286 1585 4347 aut
1630 4276 1845 4341 ambitu,

273 4357 354 4420 aut
381 4346 538 4405 manu
585 4368 716 4420 opus
762 4360 899 4406 est...
952 4349 1041 4404 sed
1089 4349 1378 4419 gratuitum
1420 4349 1483 4403 de
1513 4346 1624 4401 Deo
1653 4361 1849 4400 munus

273 4419 493 4490 religiosa
535 4419 703 4478 mente
745 4423 1048 4490 concipitur,
1091 4431 1136 4473 et
1166 4420 1322 4475 facile
1366 4429 1475 4483 est;
1508 4429 1554 4474 et
1589 4427 1646 4472 ut
1669 4428 1848 4486 sponte

1943 2774 2107 2828 renati
2132 2791 2324 2828 sumus.
2354 2774 2521 2837 Idem,
2549 2775 2711 2844 epist.
2743 2792 2800 2830 XI
2827 2776 2892 2832 ed
2908 2776 3106 2839 0x0n.,
3149 2777 3242 2832 fol.
3271 2776 3374 2833 26:
3405 2777 3546 2834 Con-

1945 2847 2280 2920 versationem
2301 2848 2480 2920 ueteris
2510 2847 2732 2901 hominis
2762 2858 3058 2920 exponunt.
3095 2849 3216 2920 Lib.
3244 2865 3304 2915 ιι,
3344 2865 3430 2920 ep.
3461 2866 3541 2916 ιιι,

1946 2919 1998 2972 in
2037 2917 2216 2972 Oxon.
2264 2919 2372 2981 ed.,
2422 2934 2508 2986 ep.
2564 2935 2715 2984 ant,
2750 2917 2850 2974 fol.’
2900 2922 3036 2975 i535:
3094 2919 3326 2974 Tristitia
3378 2917 3546 2976 omnis

1945 2990 2285 3059 exponitur...
2316 3000 2599 3059 reponatur
2643 2994 2885 3045 memoria
2910 2993 3088 3046 veteris
3131 2993 3371 3046 hominis.
3395 2992 3542 3048 Idem

1943 3061 2012 3114 de
2044 3061 2233 3116 Habitu
2283 3062 2516 3132 Virginis
2551 3078 2715 3132 pr0pe
2764 3064 2962 3117 linem:
3017 3062 3290 3118 Hominem
3329 3074 3544 3118 veterem

1941 3132 2049 3186 illic
2079 3134 2245 3202 gratia
2284 3134 2476 3186 lavacri
2504 3135 2789 3198 spiritualis
2829 3146 3110 3203 exponunt.
3148 3135 3292 3190 Idem
3342 3137 3543 3189 Certius

1942 3203 2132 3273 probat
2153 3220 2340 3259 versus
2366 3205 2576 3260 Paulini
2614 3205 2802 3260 Nolani
2829 3207 3012 3261 Poem.
3044 3222 3204 3273 χχιιι,
3227 3206 3354 3271 609,
3397 3206 3502 3261 610
3530 3224 3545 3259 :

2067 3320 2143 3370 Ne
2165 3334 2389 3370 maneam
2413 3328 2645 3372 terrenus
2667 3322 2840 3382 Adam,
2859 3322 2948 3372 sed
2974 3325 3166 3383 virgine
3189 3328 3322 3372 terra

2068 3383 2271 3444 Nascar,
2296 3392 2364 3445 et,
2393 3386 2618 3447 exposito
2644 3388 2821 3444 veteri,
2844 3399 2968 3436 nova
2991 3386 3170 3436 former
3193 3388 3375 3448 imago.
3413 3384 3540 3435 Bon.

2021 3487 2169 3552 Quod
2195 3504 2225 3539 a
2256 3487 2465 3540 scientia
2496 3490 2678 3543 veniat.
2728 3489 2800 3543 Ita
2846 3505 2977 3543 mss.
3005 3490 3039 3542 2
3086 3489 3358 3544 veterrimi
3404 3487 3539 3559 Reg.

1943 3560 2140 3627 aliique
2165 3559 2364 3626 plures,
2388 3574 2510 3614 cum
2540 3562 2747 3614 cunctis
2772 3559 2944 3615 ferme
2967 3561 3143 3615 editis.
3169 3560 3226 3614 In
3274 3562 3297 3614 1
3329 3559 3540 3617 Βοηοιι.

1944 3642 1997 3686 et
2027 3631 2110 3694 10,
2147 3629 2360 3695 scriptis
2388 3645 2498 3684 rec.
2531 3641 2633 3698 est,
2667 3633 2803 3700 quod
2832 3632 2900 3686 ad
2927 3634 3186 3687 scientiam
3207 3633 3394 3685 veniat.

2027 3701 2275 3754 Virtutem
2328 3718 2434 3755 esse
2485 3702 2649 3756 Stoici
2697 3705 2861 3758 aiunt.
2907 3703 3150 3759 Laertius
3175 3703 3445 3756 Zenonem
3493 3712 3551 3756 et

1946 3773 2305 3844 Chrysippum
2341 3773 2497 3843 hujus
2526 3775 2840 3830 assertionis
2871 3787 3118 3830 auctores
3165 3775 3312 3829 citat.
3353 3774 3548 3843 Dispu-

1949 3855 2061 3899 tant
2089 3860 2253 3911 super
2284 3845 2382 3898 hac
2419 3847 2716 3914 quaestione
2741 3848 2931 3902 Cicero
2962 3850 3013 3902 in
3044 3864 3078 3901 v
3107 3849 3267 3900 Tusc.
3325 3854 3546 3916 quzcst.,

1949 3919 2152 3971 Seneca
2178 3919 2336 3987 epist.
2370 3917 2464 3974 9:2.
2507 3917 2816 3972 Lactantius
2867 3919 3058 3987 probat
3085 3919 3362 3989 gentilium
3413 3931 3544 3973 seu-

1951 3989 2192 4061 tentiam,
2223 4004 2393 4061 quam
2415 3998 2592 4043 tamen
2637 3989 2793 4043 aliter
2824 4000 2983 4061 atque
3011 3993 3133 4061 ipsi,
3166 3989 3441 4059 intelligit:
3473 3989 3548 4061 ita

1950 4059 2223 4119 nimirum.
2257 4059 2398 4129 quod
2435 4063 2626 4126 virtus,
2663 4079 2781 4130 qnze
2813 4077 2878 4116 ex
2914 4059 3338 4117 ﬁde’christiana
3372 4060 3549 4115 nasci-

1950 4142 2056 4194 tur,
2081 4132 2145 4186 ad
2174 4140 2426 4186 aeternam
2459 4131 2767 4188 felicitatem
2817 4134 3250 4201 consequendam
3282 4132 3544 4186 sufﬁciat:

1949 4219 2110 4272 quum
2140 4202 2427 4258 Gentilium
2459 4218 2650 4258 sensus
2698 4206 2789 4269 sit,
2840 4205 3088 4260 virtutem
3134 4207 3232 4260 sibi
3277 4204 3546 4266 sufﬁcere,

1952 4291 2126 4346 neque
2181 4273 2421 4346 indigere
2450 4275 2763 4346 cujusquam
2810 4275 2990 4340 laude,
3034 4278 3117 4331 vel
3149 4276 3337 4346 gloria,
3373 4289 3548 4346 neque

1954 4345 2205 4418 praesidio
2255 4345 2483 4418 fortuna!
2529 4345 2751 4416 parere,
2825 4345 3190 4418 perficereque
3257 4345 3545 4418 beatitudi-

1954 4433 2095 4473 nem.
2129 4417 2266 4489 Hinc
2296 4416 2537 4489 definivit
2563 4421 2722 4472 etiam
2749 4416 2862 4473 Cic.
2903 4421 2956 4474 in
2987 4416 3351 4489 ide—Legibus
3379 4417 3551 4470 virtu-

276 4477 563 4562 solvradiat,
597 4477 714 4550 dies
755 4477 1047 4560 illuminat,
1074 4491 1194 4546 fons
1233 4492 1389 4562 rigat,
1442 4477 1600 4544 imber
1623 4477 1928 4543 irrorat:D
1957 4501 2085 4553 tem,
2119 4488 2420 4562 perfectam
2451 4488 2504 4543 in
2544 4506 2602 4544 se
2643 4492 2710 4544 ad
2751 4506 3019 4546 summum
3055 4477 3363 4562 perddCtam
3392 4497 3550 4543 natu-

277 4560 339 4613 ita
380 4579 432 4636 se
468 4567 678 4636 spiritus
733 4567 946 4620 caelestis
992 4563 1238 4636 infundit.
1284 4560 1408 4632 lpse
1463 4562 1614 4617 Lact.
1665 4563 1717 4636 1.Δ
1745 4577 1843 4626 vn,

278 4643 384 4708 cap.
407 4633 512 4708 27:
543 4637 607 4693 Et
634 4638 745 4708 quis
772 4646 866 4702 est,
897 4636 983 4706 qui
1004 4633 1098 4689 hoc
1118 4634 1249 4688 bona
1271 4649 1458 4704 parare
1479 4633 1848 4708 acAacquirere

281 4704 382 4756 velit
400 4705 483 4761 ?...
524 4703 758 4774 Veniant,
788 4710 872 4780 qui
910 4703 1129 4780 'sitiuut
1155 4716 1208 4780 ut
1235 4703 1429 4780 aquam
1482 4705 1755 4780 salutarem
1786 4703 1850 4758 de

282 4781 469 4850 perenni
494 4782 778 4850 caelestique
801 4776 972 4835 'fonte
995 4778 1302 4850 plenissimis
1343 4776 1574 4848 faucibus
1602 4776 1806 4830 trahant
1829 4792 1848 4841 ;

284 4853 331 4899 et
356 4848 388 4923 l.
414 4865 451 4914 ι,
481 4867 594 4923 cap.
623 4855 675 4907 1.
697 4848 841 4907 Bos.

349 4918 721 4978 Excidit'vitia.
770 4923 860 4979 Sic
903 4937 1093 4977 omnes
1119 4922 1230 4976 fere
1276 4935 1406 4975 mss.
1448 4920 1503 4974 In
1556 4919 1589 4973 5
1619 4918 1753 4988 Reg.
1785 4933 1853 4972 ex

288 4985 451 5061 Marto.
484 5005 536 5050 et
555 4996 714 5051 editis
746 4994 1106 5061 6,ea:scindit;
1133 4995 1184 5047 in
1221 4991 1288 5047 10
1309 4985 1849 5061 intpressisexci’ndit.

356 5059 538 5120 Vetere.
568 5067 706 5123 Vide
746 5059 968 5121 Paulum
1012 5065 1077 5119 ad
1108 5064 1313 5132 Ephes.
1361 5059 1435 5129 tv,
1477 5073 1533 5117 et
1566 5060 1857 5117 Colossen-

290 5145 365 5209 ses
392 5150 461 5198 nt.
493 5137 736 5209 Exposita
763 5146 942 5201 vetere,
973 5137 1188 5209 scilicet
1204 5134 1512 5209 homine,id
1553 5141 1635 5209 est
1660 5132 1853 5209 ejecta.

291 5200 530 5263 Canterus
570 5200 729 5281 atque
772 5209 882 5272 alii,
929 5200 1224 5281 locoivocis
1274 5208 1524 5279 exposito,
1573 5200 1857 5274 legendum

296 5284 461 5360 pntapt
506 5280 774 5352 expuncto,
807 5295 925 5348 qua:
956 5280 1264 5360 conjectura
1323 5294 1436 5360 non_
1482 5287 1564 5332 est
1617 5286 1857 5360 contem-

298 5349 483 5414 nenda;
513 5346 711 5408 utinam
750 5346 1127 5420 manuscripiis
1170 5360 1314 5405 esset
1359 5350 1730 5406 roboratai—
1755 5346 1861 5400 Ex-

299 5420 442 5482 posito
476 5436 648 5478 vetere.
693 5426 789 5479 llic
825 5434 907 5477 est
936 5424 1107 5494 stylns
1151 5422 1414 5494 Lactantii
1443 5431 1497 5474 et
1523 5420 1860 5494 scriptorum

300 5497 512 5548 veterum
545 5497 599 5549 S.
631 5509 683 5552 et
728 5491 1237 5550 ecclesiasiicornm.
1283 5492 1480 5548 Iterum
1520 5492 1669 5546 Lact.
1700 5491 1736 5543 l.
1765 5506 1858 5554 vn,

302 5571 403 5635 (ζειρ-
530 5566 692 5622 llomo
736 5568 922 5622 caelesti
951 5568 1154 5620 lavacro
1195 5565 1495 5635 puri/iratus
1545 5562 1863 5635 expauitin-

305 5630 494 5696 fantium
521 5655 627 5692 cum
655 5641 791 5694 omni
833 5638 946 5693 labe
970 5639 1084 5690 vita:
1125 5630 1337 5705 prioris;
1384 5636 1469 5689 ubi
1499 5630 1694 5688 frustra
1725 5633 1865 5688 [leu-

307 5714 509 5762 ntannus
551 5719 736 5772 tentat,
781 5711 1004 5779 deponit.
1034 5709 1189 5778 Saepe
1233 5708 1302 5761 ita
1343 5706 1673 5779 Cyprianus;
1699 5721 1766 5779 rc.
1808 5719 1860 5771 ᾳ.

307 5783 469 5831 contra
526 5777 918 5836 Detnetrianum
976 5781 1063 5834 ed.
1128 5779 1289 5834 Basil.
1350 5777 1440 5833 fol.
1503 5777 1624 5839 105,
1687 5778 1860 5830 Oxon.

311 5839 387 5896 fol.
411 5847 528 5905 I93:
559 5851 802 5926 Exposita
833 5853 1090 5907 nativitate
1121 5862 1339 5920 terrena,
1367 5850 1550 5921 spiritu
1578 5849 1791 5904 recreati
1823 5857 1868 5901 et

1947 4577 2084 4616 ram.
2118 4560 2444 4615 BETULEIUS.

2024 4631 2262 4702 Sapiens,
2293 4631 2477 4702 inquit,
2505 4648 2702 4701 semper
2726 4633 2900 4688 beatus
2925 4643 3018 4688 est.
3043 4633 3195 4702 Apud
3227 4630 3547 4688 Ciceronem

1952 4703 2002 4758 iu
2036 4718 2092 4765 ιι,
2128 4703 2300 4775 Tusc.
2332 4713 2524 4773 quaest.
2557 4705 2658 4758 sub
2688 4705 2896 4759 initium
2928 4705 2996 4760 de
3041 4704 3141 4759 hac
3171 4704 3387 4775 Epicuri
3417 4717 3548 4757 con-

1953 4776 2149 4830 stantia
2184 4774 2266 4848 sic
2294 4774 2547 4845 legimus:
2581 4775 2838 4846 Epicurus
2881 4778 3117 4848 affirmat,
3169 4774 3241 4848 si,
3262 4783 3441 4829 uratur
3464 4790 3551 4848 sa-

1953 4848 2114 4916 piens,
2147 4847 2192 4900 si
2215 4849 2486 4913 crucietur,
2518 4859 2753 4917 expectas
2788 4846 3002 4918 fortaSse
3028 4851 3150 4902 dum
3193 4847 3351 4910 dicat,
3387 4846 3552 4917 patie-

1953 4930 2058 4982 tur,
2082 4919 2321 4990 perferet,
2345 4936 2444 4972 non
2472 4919 2778 4992 succumbet.
2816 4920 3009 4992 Magna
3029 4919 3474 4992 mehercule_laus,
3501 4926 3551 4971 et

1955 5007 2012 5044 eo
2037 4988 2148 5060 ipso
2171 5007 2262 5060 per
2298 5006 2444 5060 quem
2460 4992 2656 5062 juravi,
2707 4988 2926 5046 Hercule
2951 4993 3128 5062 digna.
3162 4988 3550 5062 Sed_Epicuro,

1956 5059 2150 5116 homini
2173 5059 2355 5132 aspero
2380 5073 2426 5116 et
2453 5059 2604 5129 duro,
2637 5080 2737 5118 non
2768 5075 2838 5118 est
2868 5065 2962 5117 hoc
2984 5059 3126 5118 satis.
3160 5062 3225 5115 In
3253 5059 3555 5132 Phalaridis

1958 5145 2106 5187 tauro
2128 5135 2171 5187 si
2187 5131 2302 5199 erit,
2329 5135 2459 5188 dicet
2483 5150 2527 5186 :t
2555 5135 2720 5200 Quam
2739 5153 2891 5190 suave
2909 5146 2980 5189 est
3005 5136 3120 5197 hoc,
3146 5149 3297 5204 quam
3327 5131 3421 5185 hoc
3447 5147 3550 5184 non

1959 5222 2098 5277 curo”.
2117 5224 2134 5256 ι
2147 5204 2314 5277 suave
2327 5206 2504 5259 etiam?
2522 5223 2586 5260 an
2606 5224 2787 5277 parum
2801 5217 2893 5271 est,
2909 5208 2951 5260 si
2967 5223 3065 5259 non
3080 5216 3151 5260 est
3165 5204 3427 5277 amarum?
3440 5213 3548 5277 etc.

1962 5277 2037 5331 De
2067 5276 2265 5348 Perilla
2297 5280 2473 5331 notior
2512 5275 2614 5331 estV
2633 5278 2877 5343 historia,
2907 5293 3065 5348 quam
3094 5292 3213 5348 qum
3243 5275 3430 5348 referri
3460 5275 3554 5328 dc-

1961 5348 2104 5403 heat.
2144 5347 2300 5414 Vide,
2341 5351 2383 5402 si
2414 5349 2585 5413 voles,
2614 5349 2756 5404 Plin.
2792 5349 2882 5403 lib.
2914 5346 3262 5418 itum'cap.
3296 5346 3350 5400 8.
3387 5346 3546 5400 Prov.

1960 5418 2098 5490 apud
2133 5419 2340 5473 Erasm.
2374 5420 2669 5475 Phalaridis
2694 5420 2998 5490 imperium.
3032 5421 3351 5475 BUTELEIUS.

2035 5491 2096 5544 Si
2122 5501 2325 5563 propter
2354 5493 2572 5562 gloriam
2621 5487 2915 5563 patientiae;
2953 5509 3054 5545 non
3081 5496 3317 5563 fruetur.
3361 5488 3450 5563 Si_c
3478 5487 3555 5541 lc-

1961 5572 2093 5632 gunt
2148 5561 2182 5616 6
2218 5559 2390 5633 'llcgi,
2455 5566 2477 5618 1
2527 5559 2790 5629 COIhert.,
2842 5564 2998 5628 Bon.,
3067 5559 3110 5616 2'
3171 5563 3357 5622 llrun.,
3401 5559 3549 5633 Em.,

1964 5633 2151 5694 ειτηερ..
2207 5631 2368 5697 υΙιιῖ..
2412 5644 2574 5701 atque
2634 5639 2704 5687 ita
2753 5636 3035 5705 legendum
3088 5649 3208 5688 esse
3253 5631 3552 5705 contendo;

1965 5714 2022 5758 ut
2050 5705 2190 5757 cnim
2215 5700 2967 5773 rt-cteal'ﬁnnatThomasius,
2991 5708 3060 5773 si,
3083 5716 3139 5760 ut
3166 5716 3247 5759 est
3279 5705 3330 5757 in
3362 5703 3480 5754 aliis
3496 5700 3555 5766 4,

1967 5791 2098 5856 mss.
2142 5787 2193 5830 ct
2223 5776 2381 5831 editis
2411 5778 2618 5856 legatur
2648 5779 2893 5856 patientia
2920 5779 3136 5856 fruetur,
3163 5777 3365 5856 nullum
3396 5773 3562 5856 habe-

1969 5847 2148 5904 bimus
2178 5863 2396 5905 seusum
2421 5867 2436 5906 :
2465 5844 2584 5908 whoc
2628 5844 2807 5907 autem
2850 5844 3076 5906 intendit
3103 5847 3435 5912 Lactantius,
3471 5844 3570 5901 hoe
