4038 6358
224 296 319 356 457

1092 283 1299 342 LIBER
1337 283 1422 340 lll.
1464 281 1554 338 DE
1594 279 1818 339 FALSA
1856 277 2226 338 SAPIENTIA
2264 276 2667 336 PHILOSOPH.

3403 276 3510 332 458

226 413 378 481 enim,
407 424 527 468 cum
550 414 637 466 aut
666 408 1000 480 ignorarent,
1029 420 1060 463 a
1089 420 1196 477 quo
1218 412 1367 462 esset
1392 402 1618 460 effectus
1647 416 1806 458 muo—
1831 403 1881 466 A
1910 407 2068 463 runt;
2104 412 2205 454 nec
2244 397 2466 454 omnino
2510 397 2616 453 ulla
2661 411 2848 454 eorum
2893 395 3187 469 disputatio
3216 394 3286 452 de
3312 395 3512 451 virtute

225 508 336 574 dus,
364 512 454 562 aut
479 501 807 576 persuadere
838 501 1073 567 vellent,
1107 498 1242 554 nihil
1269 512 1393 555 esse
1419 494 1598 551 divina
1628 503 1810 549 mente

225 600 545 677 perfectum,
594 606 843 653 naturam
890 609 1012 651 esse
1056 593 1308 649 dixerunt
1348 605 1530 647 rerum
1568 589 1810 645 omnium

224 704 460 760 matrem,
486 690 637 764 quasi
658 689 927 757 dicerent,
954 688 1134 744 omnia
1166 701 1261 742 sua
1282 694 1479 757 sponte
1500 698 1623 741 esse
1648 690 1807 739 nata:

230 802 328 860 quo
369 785 532 842 verbo
581 784 744 855 plane
797 779 1214 851 imprudentiam
1261 792 1413 834 suam
1463 775 1807 832 confitentur.

229 881 416 938 Natura
444 880 608 943 enim,
634 885 840 932 remota
870 872 1202 946 providentia
1232 880 1287 927 et
1317 877 1581 942 potestate
1602 866 1807 934 divina,

225 988 436 1048 prorsus
470 970 606 1028 nihil
647 978 749 1027 est.
796 966 950 1037 Quod
998 967 1042 1022 si
1084 967 1252 1022 Deum
1297 974 1542 1021 naturam
1582 969 1813 1027 vocent,

224 1084 334 1141 quae
375 1065 703 1139 perversitas
746 1073 859 1129 est,
904 1069 1152 1117 naturam
1209 1060 1387 1129 potius
1434 1072 1594 1129 quam
1643 1056 1814 1111 Deum

228 1159 534 1217 nominare?
564 1156 621 1212 Si
652 1163 835 1213 autem
865 1164 1055 1209 natura
1088 1152 1226 1208 ratio
1256 1160 1361 1218 est,
1386 1151 1470 1207 vel
1495 1148 1813 1216 necessitas,

218 1254 296 1311 vel
320 1251 558 1309 conditio
584 1248 860 1316 nascendi,
892 1262 998 1302 non
1022 1255 1105 1302 est
1137 1260 1231 1315 per
1248 1246 1481 1315 seipsam
1510 1242 1811 1311 sensibilis:

217 1346 307 1402 sed
337 1359 564 1400 necesse
593 1351 677 1397 est
711 1351 947 1396 mentem
976 1354 1100 1395 esse
1126 1338 1386 1401 divinam,
1419 1351 1538 1408 qua:
1566 1350 1660 1390 sua
1691 1348 1818 1405 pro~

223 1437 446 1495 videntia
477 1434 735 1493 nascendi
757 1435 1081 1505 principium
1104 1432 1265 1488 rebus
1286 1431 1538 1487 omnibus
1557 1429 1813 1501 pru'beal.

222 1532 319 1588 Aut
347 1531 391 1586 si
421 1538 613 1586 natura
647 1536 733 1584 est
760 1527 956 1583 coelum
989 1538 1154 1597 atque
1186 1535 1352 1593 terra,
1384 1533 1441 1580 et
1460 1540 1642 1590 omne,
1672 1522 1818 1595 quod

222 1635 393 1681 natum
432 1631 539 1689 est,
574 1637 682 1678 non
708 1633 793 1678 est
823 1622 969 1677 Deus
995 1628 1207 1687 natura,
1238 1619 1335 1675 sed
1364 1619 1458 1675 Dei
1490 1634 1644 1690 opus.

285 1742 399 1798 Non
436 1739 695 1797 dissimili
718 1754 907 1797 errore
925 1737 1160 1794 credunt
1185 1752 1308 1794 esse
1340 1737 1633 1801 fortunam,
1664 1734 1818 1805 quasi

1912 502 2030 560 est,
2063 493 2115 548 in
2148 507 2253 564 qua
2298 507 2405 547 non
2451 491 2663 547 fortuna
2692 499 2939 547 vexetur.
2972 490 3041 546 Μ.
3068 489 3278 547 Tullius
3321 489 3378 544 in
3419 502 3517 544 sua

1912 584 2295 641 Consolatione
2341 598 2608 656 pugnasse
2656 599 2715 641 se
2759 598 2975 656 semper
3016 592 3203 639 contra
3248 582 3516 637 fortunam

1912 678 2175 750 loquitur,
2208 692 2437 747 eamque
2463 692 2491 731 a
2519 692 2579 733 se
2606 691 2729 732 esse
2767 684 3072 747 superatam
3093 716 3111 743 ,
3140 690 3263 731 cum
3305 674 3518 730 fortiter

1914 773 2257 828 inimicorum
2299 771 2532 841 impetus
2576 768 2896 837 retudisset;
2932 785 3000 825 ne
3041 777 3157 824 tum
3201 766 3417 839 quidem
3458 780 3521 824 se

1916 868 1985 925 ab
2012 882 2077 925 ea
2108 866 2335 922 fractum
2356 907 2370 933 ,
2403 881 2524 921 cum
2553 865 2716 920 domo
2753 865 2941 936 pulsus
2973 865 3142 934 patria
3167 864 3379 920 caruit:
3405 871 3519 919 tum

1914 972 2120 1029 autem,
2152 977 2275 1017 cum
2307 961 2552 1015 amiserit
2577 959 2950 1016 charissimam
2981 958 3179 1022 filiam,
3207 962 3413 1013 victum
3456 971 3520 1013 se

1916 1071 1946 1112 a
1993 1056 2207 1112 fortuna
2249 1055 2478 1123 turpiter
2518 1054 2824 1110 confitetur.
2853 1051 3037 1118 Cedo,
3072 1053 3276 1123 inquit,
3309 1060 3364 1106 et
3408 1065 3523 1105 ms~

1916 1166 2044 1206 num
2074 1149 2224 1205 tollo.
2250 1150 2388 1215 Quid
2420 1148 2522 1204 ltoc
2552 1148 2771 1203 homine
2794 1146 3065 1211 miserius,
3092 1144 3184 1216 qui
3209 1144 3288 1199 sic
3311 1143 3527 1214 jaceat?

1917 1245 2264 1315 lnsipicnter,
2297 1244 2470 1314 inquit
2496 1259 2510 1297 :
2536 1241 2630 1297 sed
2662 1242 2751 1313 qni
2776 1240 3064 1311 profitetur
3089 1255 3150 1295 se
3175 1254 3295 1295 esse
3313 1240 3526 1309 sapien-

1920 1348 2048 1395 tem.
2080 1337 2222 1406 Quid
2250 1352 2378 1408 ergo
2421 1338 2523 1391 sibi
2573 1338 2689 1392 vult
2735 1336 3034 1407 assumptio
3075 1333 3350 1389 nominis?
3387 1334 3527 1400 Quid

1920 1443 2264 1503 contemptus
2291 1433 2382 1487 ille
2408 1447 2610 1497 rerum,
2638 1432 2725 1502 qui
2754 1430 3055 1501 magnificis
3082 1429 3266 1484 verbis
3291 1438 3528 1500 punien-

1921 1525 2105 1582 ditur?
2128 1524 2265 1594 Quid
2296 1525 2479 1587 dispar
2506 1525 2717 1580 caeteris
2747 1521 3004 1578 habitus?
3035 1525 3141 1578 Aut
3174 1536 3274 1577 cur
3308 1522 3530 1577 omnino

1922 1628 2193 1691 prmeepta
2220 1620 2503 1689 sapientia:
2530 1619 2698 1682 datis,
2728 1618 2771 1671 si
2797 1632 2954 1672 nemo
2972 1658 2985 1679 ,
3018 1616 3110 1688 qui
3136 1618 3327 1686 sapiat,
3354 1617 3533 1675 adhuc

1922 1714 2171 1770 inventus
2198 1713 2321 1768 est?
2354 1712 2421 1767 Et
2447 1713 2730 1783 quisquam
2762 1711 2920 1766 nobis
2947 1710 3203 1765 invidiam
3230 1710 3377 1775 facit,
3405 1711 3533 1781 quia

219 1835 361 1894 deam
392 1833 684 1898 quamdam
719 1848 806 1887 res
836 1831 1100 1886 humanas
1133 1831 1296 1885 variis
1324 1828 1543 1885 casibus
1582 1826 1814 1882 illuden-
1843 1824 1854 1886 ]

1956 1806 2273 1878 Ιιὶιοειιριιοε
2311 1820 2573 1876 negamus
2621 1819 2742 1860 esse
2777 1803 3089 1875 sapientes?
3118 1819 3239 1859 cmn
3284 1804 3387 1872 ipsi
3430 1818 3535 1862 nec

218 1938 346 1994 tem;
369 1929 491 2000 quia
520 1927 795 1994 nesciunt,
817 1927 959 1981 unde
981 1926 1082 1980 sibi
1111 1925 1274 1991 bona,
1295 1934 1348 1978 et
1378 1924 1512 1978 mala
1542 1923 1811 1978 eveniant.

221 2020 341 2079 Cum
384 2021 484 2075 bac
522 2036 586 2076 se
626 2019 958 2089 compositos
988 2018 1054 2071 ad
1085 2016 1437 2089 prmliandum
1468 2023 1684 2086 putant;
1717 2028 1817 2069 nec

221 2114 371 2169 ullam
414 2121 601 2168 tamen
644 2113 909 2167 rationem
958 2109 1226 2176 reddunt,
1265 2123 1292 2162 a
1336 2122 1443 2178 quo
1477 2115 1534 2162 et
1558 2122 1716 2177 quam
1748 2104 1818 2161 ob

223 2220 423 2264 causam
449 2224 463 2263 :
495 2205 597 2262 sed
639 2214 843 2259 tantum
888 2218 1010 2259 cum
1053 2203 1267 2258 fortuna
1297 2215 1357 2258 se
1387 2201 1668 2271 digladiari
1700 2214 1819 2253 mo-

224 2300 407 2355 mentis
449 2297 706 2354 omnibus
744 2296 1065 2369 gloriantur.
1095 2295 1212 2352 Jam
1258 2295 1580 2365 quicumque
1610 2292 1820 2363 aliquos

225 2391 471 2450 consolati
500 2399 631 2446 sunt
656 2389 726 2445 ob
741 2390 1019 2445 interitum
1033 2387 1489 2457 amissionemque
1504 2385 1791 2441 charorum
1802 2426 1817 2450 ,

227 2484 438 2542 fortuna)
491 2498 698 2541 nomen
738 2483 1020 2540 acerrimis
1060 2480 1498 2538 accusationibus
1541 2476 1820 2550 proscide-

1923 1905 2063 1958 scire
2110 1916 2169 1955 se
2212 1899 2534 1970 quidquam,
2581 1913 2684 1953 nec
2728 1913 2920 1967 sapere
2967 1897 3254 1953 fateantur.
3302 1895 3437 1952 Nam
3487 1897 3534 1953 si

1925 1993 2140 2067 quando
2175 1991 2246 2047 ita
2284 1990 2614 2055 defecerint,
2645 2000 2701 2045 ιιι
2732 2006 2799 2046 ne
2829 1989 3089 2060 affingcre
3126 1988 3344 2061 quidem
3375 1989 3535 2061 quid-

1926 2105 2085 2161 quam
2127 2089 2369 2159 possint,
2402 2086 2546 2158 quod
2597 2086 2799 2142 faciunt
2838 2087 2890 2140 in
2935 2087 3097 2141 rebus
3137 2085 3387 2141 cmteris:
3420 2094 3533 2140 tum

1929 2197 2058 2238 vero
2086 2182 2401 2254 ignorantiae
2428 2180 2787 2235 admonentur
2808 2222 2823 2246 ,
2858 2187 2912 2235 et
2934 2179 3085 2250 quasi
3124 2176 3399 2234 furibundi
3423 2178 3537 2234 exi-

1928 2279 2086 2344 liunt,
2111 2287 2165 2333 et
2182 2277 2483 2332 exclamant
2512 2290 2571 2331 se
2595 2288 2769 2330 caecos
2795 2288 2919 2330 esse
2942 2284 2998 2330 et
3016 2272 3300 2330 excordes.
3325 2274 3539 2328 Anaxa-

1929 2388 2088 2445 goras
2130 2371 2445 2442 pronuntiat
2488 2367 2813 2425 circumfusa
2866 2381 2987 2422 esse
3043 2366 3284 2422 tenebris
3329 2365 3534 2421 omnia.

1928 2467 2288 2539 Empedocles
2310 2473 2563 2537 angustas
2590 2477 2710 2521 esse
2731 2476 2987 2520 sensuum
3014 2461 3234 2518 semitas
3255 2460 3532 2532 queritur,

1542 2614 1911 2675 VARIORUM
1950 2609 2178 2670 NOTAE.

231 2781 344 2823 cum
370 2780 430 2821 ea
460 2778 571 2820 non
601 2762 764 2819 modo
799 2762 855 2817 in
897 2761 1175 2830 utriusque
1218 2755 1553 2815 Testamenti
1595 2753 1826 2830 volumi:

236 2840 379 2894 nibus
417 2838 617 2893 crebro
658 2844 911 2891 occurrat
955 2823 1291 2903 legentibus,
1334 2831 1429 2885 sed
1464 2830 1639 2903 etiam
1685 2823 1829 2903 apud

236 2911 514 2979 scriptores
556 2908 956 2979 ecclesiasticos
993 2898 1420 2979 antiquissimos.
1462 2902 1644 2970 Neque
1684 2898 1827 2979 enim

238 2997 296 3037 ex
338 2967 453 3037 sese
498 2982 588 3036 vel
631 2989 715 3036 est
757 2978 1085 3047 quidquam,
1118 2967 1201 3030 vel
1241 2985 1520 3047 movetur,
1552 2967 1671 3039 qua:
1698 2967 1831 3024 nihil

241 3054 369 3109 aliud
391 3069 548 3122 quam
583 3053 677 3106 Dei
707 3046 869 3106 nutus
886 3046 991 3115 est,
1010 3057 1065 3103 et
1090 3058 1147 3102 ut
1173 3048 1307 3111 dixi,
1332 3046 1583 3122 voluntas
1606 3051 1829 3122 reterua.

242 3126 372 3179 Deus
396 3116 575 3179 autem
608 3122 809 3178 Natura
834 3122 1050 3190 quidem
1082 3134 1204 3174 esse
1231 3129 1424 3185 poteSI,
1460 3118 1504 3170 si
1530 3116 1831 3190 ιιοηφύιινιν2

245 3198 329 3253 sed
361 3199 538 3253 οὐσίαν
571 3183 866 3263 intelligas:
892 3192 1025 3247 Nam
1058 3191 1139 3246 sic
1170 3183 1275 3245 non
1302 3190 1496 3243 Cicero
1524 3183 1706 3252 modo,
1738 3183 1835 3263 sed

242 3271 391 3324 etiam
423 3271 542 3339 ipse
572 3257 942 3339 Augustinus,
971 3274 1273 3339 creaturam
1320 3263 1517 3339 eiiciam.
1550 3257 1837 3339 transtule-

243 3351 375 3405 runt,
405 3329 508 3394 nim
550 3338 618 3393 de
661 3329 770 3392 Deo
808 3336 991 3401 modo,
1020 3334 1114 3388 sed
1143 3335 1304 3389 etiam
1336 3335 1404 3387 de
1433 3332 1551 3405 aliis
1582 3329 1837 3405 substan-

244 3414 344 3466 tiis.
363 3400 503 3467 Nam
532 3411 590 3464 in
612 3426 649 3464 ll
669 3411 737 3465 de
763 3400 999 3464 Moribus
1019 3406 1430 3461 Maniclta-orum
1460 3403 1620 3467 libro,
1641 3416 1761 3470 cap.
1784 3400 1835 3466 1,

246 3484 385 3551 dicit,
413 3484 589 3539 verbo
619 3482 960 3535 substantive
989 3479 1145 3551 (nihil
1176 3476 1346 3551 refert
1384 3477 1496 3551 sive
1532 3472 1841 3551 siphhunde

248 3541 385 3613 οὐσίά
411 3555 735 3615 deducitur;
769 3552 882 3607 sive
908 3541 1051 3615 sum,
1082 3549 1223 3603 unde
1248 3547 1516 3610 Esseutia,
1544 3541 1837 3613 intelligas)

248 3631 457 3683 subesse
486 3626 762 3681 manentis
785 3624 838 3678 iu
869 3639 951 3687 se,
980 3633 1142 3691 atque
1171 3617 1691 3691 incommutabiliter
1720 3629 1843 3691 sese

251 3696 487 3754 habentis
534 3706 744 3752 natura:
791 3687 1261 3765 signiﬁcationem.
1314 3691 1462 3746 llauc
1515 3688 1648 3765 niltil
1698 3687 1843 3765 aliud

252 3785 396 3840 quam
428 3772 609 3840 Deum
630 3758 917 3840 possum'us
944 3766 1147 3840 dicere.
1176 3765 1321 3819 idem
1376 3763 1707 3840 Augustinus
1743 3758 1780 3812 l.
1807 3773 1845 3811 ll

254 3831 314 3897 de
339 3842 555 3897 Anima.
585 3831 763 3907 Quare
793 3839 1105 3894 Lactantius
1136 3837 1237 3890 hoc
1267 3831 1480 3906 quoque
1499 3875 1515 3900 ,
1546 3831 1688 3901 quod
1712 3844 1847 3884 sano

256 3927 364 3969 cum
396 3916 677 3970 intellectu
706 3920 764 3965 et
793 3911 897 3981 legi
922 3919 978 3965 et
1006 3908 1227 3975 intelligi
1260 3914 1490 3977 poterat,
1521 3915 1716 3981 prmtcr
1735 3916 1849 3981 rne-

257 3986 405 4041 ritum
447 3986 664 4041 videtur
694 3975 945 4049 acerbius
974 3975 1394 4050 reprehendere.
1433 3981 1603 4050 Quam
1630 3975 1847 4043 quidem

259 4060 602 4127 quaestionem
632 4070 753 4124 cap.
786 4054 874 4120 l0,
906 4053 975 4107 de
1007 4053 1087 4107 Ira
1120 4053 1212 4127 Diei
1251 4050 1483 4127 refricat.
1520 4049 1846 4127 BsrULstus.

326 4130 384 4186 Si
412 4129 586 4185 Deum
631 4117 870 4181 naturam
909 4136 1101 4180 vocent.
1149 4124 1279 4191 Qum
1322 4123 1545 4177 Seneca:
1582 4117 1852 4174 sententia

262 4198 369 4256 fuit.
401 4204 531 4257 Vide
562 4213 727 4268 supra
754 4199 846 4253 lib.
880 4214 919 4259 ι,
945 4212 1064 4266 cap.
1095 4196 1149 4251 9.

328 4274 455 4329 Sed.
479 4274 566 4329 Ex
595 4266 730 4327 niSs.
760 4270 1008 4339 reposui;
1035 4270 1086 4322 iu
1108 4267 1269 4322 editis
1292 4266 1537 4339 estquia.

332 4346 449 4400 Non
490 4343 736 4399 dissimili
775 4337 965 4396 errore.
1000 4341 1055 4395 lu
1103 4340 1245 4393 hunc
1284 4337 1575 4393 Gentilium
1613 4346 1855 4389 errorem

268 4419 526 4547 ilosveltiltgr
556 4418 613 4472 S.
648 4416 979 4486 Augustinus
1019 4412 1112 4466 lib.
1160 4426 1214 4466 IV
1244 4410 1311 4464 de
1353 4409 1517 4463 Civil.
1562 4407 1692 4472 Dei,
1729 4421 1849 4475 cap.

350 4507 377 4544 e
504 4532 516 4545 .

301 4492 401 4547 8et
430 4492 516 4547 19.

334 4546 596 4617 Cunthac
636 4577 691 4616 se
728 4557 1054 4629 compositos.
1089 4554 1319 4629 Verbum
1358 4549 1739 4629 gladiatorum,
1770 4546 1860 4602 ubi

274 4636 412 4702 paria
439 4625 927 4697 componebantur,
959 4628 1103 4697 quod
1133 4638 1189 4680 et
1217 4625 1865 4702 committeremompa'rare

275 4691 534 4761 dicebant.
571 4691 667 4761 llic
698 4691 1001 4759 Firmianus
1038 4699 1275 4767 respexit
1304 4697 1370 4750 ad
1411 4695 1603 4752 Senec.
1635 4695 1703 4746 de
1734 4691 1866 4767 Pro-

275 4778 374 4831 vid.
397 4794 518 4848 cap.
548 4778 585 4831 ‘2
610 4795 623 4831 :
655 4775 785 4831 Ecce
804 4792 910 4848 pur!
931 4772 1041 4826 Deo
1065 4763 1297 4841 dignum,
1320 4769 1395 4823 vir
1422 4766 1570 4837 fortis
1592 4763 1868 4819 summula

277 4846 475 4920 fortuna
500 4852 853 4919 compositus.
894 4846 1174 4920 Bouiania.

343 4907 779 4984 Amissioneinque
802 4931 1065 4972 carorum.
1092 4914 1247 4969 Cunf.
1277 4910 1439 4978 infra,
1462 4909 1687 4984 amiserit
1710 4907 1869 4961 caris-

282 4994 472 5047 simam.
503 4980 752 5048 Interitus
771 5000 825 5045 et
852 4988 1057 5043 amissio
1082 5003 1188 5040 nun
1218 5000 1340 5038 raro
1371 4999 1467 5053 pro
1497 4980 1635 5035 obitu
1663 4995 1871 5049 ponun-

285 5074 383 5119 tur.
404 5065 493 5121 Sic
519 5064 657 5121 sacri
679 5072 734 5118 et
756 5062 958 5131 profani
983 5059 1296 5128 scriptores.
1312 5055 1538 5131 Tertull.
1555 5054 1621 5131 de
1641 5054 1871 5131 Patteut.

287 5152 397 5205 cap.
429 5140 495 5193 14
523 5157 536 5191 :
566 5123 772 5191 amissio
801 5123 1202 5205 carissimorum.
1236 5126 1394 5205 Cpnf.
1426 5141 1544 5205 cap.
1575 5125 1629 5190 9,
1658 5139 1738 5205 pr.
1764 5123 1874 5193 Cy-

289 5197 500 5278 prianus
530 5209 598 5264 de
629 5208 777 5263 Bono
804 5206 1036 5278 Patient.
1065 5221 1117 5278 n_.
1143 5204 1215 5278 9_:
1242 5199 1519 5278 M_uttip!ea:
1543 5197 1878 5278 mutationum

291 5267 502 5349 qualitas
529 5283 807 5352 irrogatur,
835 5275 1135 5352 dejacturis
1166 5267 1535 5352 facultatum...
1564 5270 1640 5352 de
1674 5267 1878 5352 crucim

294 5338 416 5405 tibus
432 5338 720 5415 vulnerriin,
734 5338 1100 5403 dte-amissione
1116 5338 1386 5400 carorum.
1413 5340 1683 5415 Arnobius
1706 5338 1794 5393 lib.
1812 5352 1880 5415 tt,

296 5438 345 5476 It.
375 5424 442 5480 98
468 5442 481 5477 :
513 5411 734 5477 Amissio
755 5422 1045 5491 pignorum.
1073 5418 1278 5491 seueca
1302 5415 1369 5468 ad
1394 5413 1641 5491 Marciam
1671 5426 1793 5481 cap.
1812 5411 1842 5464 7
1865 5424 1879 5462 :

300 5493 378 5549 Ea;
418 5497 671 5560 discessu,
713 5485 1011 5547 uou'solnm
1038 5490 1331 5544 amissione
1358 5485 1759 5560 carissimorum
1790 5496 1883 5560 ne-

300 5569 541 5620 cessarius
565 5552 761 5621 morsus
788 5574 879 5618 est.
909 5561 1030 5632 Ipse
1060 5560 1251 5616 Cicero
1282 5560 1375 5612 lib.
1400 5572 1466 5632 tu
1518 5555 1621 5611 Off.
1655 5570 1773 5632 cap.
1809 5552 1842 5608 5
1868 5568 1881 5605 :

303 5637 528 5693 Amissio
546 5639 839 5695 liberorum.
862 5626 1284 5706 propinquorum,
1306 5626 1786 5706 amicorunt;_et_ltb.
1805 5639 1886 5706 tu,

304 5708 453 5762 Tusc.
483 5725 532 5764 c.
563 5712 651 5771 ὅθ,
684 5725 766 5779 pr.
814 5700 871 5762 lu
916 5700 1069 5771 Lips.
1104 5704 1275 5759 altero
1312 5703 1526 5773 legitur,
1574 5702 1638 5755 ab
1683 5700 1891 5752 interitu

305 5778 941 5853 amissionequefarorum.
978 5778 1256 5832 ΒυκειιΑΝ.

386 5840 615 5910 Versetur".
666 5848 922 5909 Omnium
973 5862 1109 5920 pene
1157 5859 1292 5904 mss.
1344 5850 1400 5901 at
1450 5840 1717 5903 editorum
1772 5846 1888 5905 est;

1932 2747 2116 2817 scripti
2149 2747 2172 2800 1
2203 2745 2337 2801 Bon.
2368 2744 2563 2813 antiq.,
2591 2743 2616 2797 1
2649 2740 2806 2798 Colb.
2834 2749 2889 2798 et
2908 2743 2942 2799 5
2970 2740 3100 2798 editi
3127 2740 3335 2812 legunt,
3364 2756 3536 2798 verse-

1933 2830 2052 2883 tur;
2080 2821 2103 2874 1
2135 2819 2269 2887 Heg.
2294 2831 2431 2884 rec.,
2459 2826 2677 2870 veretur.

2008 2884 2243 2958 Eumque
2285 2907 2316 2943 η
2360 2905 2414 2942 se
2454 2904 2562 2942 esse
2586 2894 2900 2955 superatam.
2948 2885 3076 2940 Mss.
3109 2886 3144 2941 5
3181 2884 3340 2955 Reg.,
3365 2885 3497 2955 Lips
3530 2927 3544 2950 ,

1936 2964 2100 3021 Goth.
2134 2973 2190 3018 et
2216 2962 2348 3017 edit.
2382 2959 2579 3014 Cellar.
2612 2968 2733 3027 post
2754 2976 2786 3012 ιι
2812 2974 2865 3011 se
2905 2958 3110 3011 addunt
3145 2973 3366 3025 semper,
3397 2959 3542 3025 quod

1938 3036 2118 3092 caeteri
2151 3049 2280 3087 mss.
2313 3033 2444 3088 editi
2472 3038 2767 3098 respuunt,
2795 3044 2969 3099 neque
2997 3028 3366 3084 neces~arium
3395 3030 3547 3083 viue-

1944 3120 2048 3173 tur,
2079 3122 2198 3160 cum
2224 3121 2345 3159 mox
2372 3103 2730 3173 praecesserit.
2768 3102 2896 3153 Vide
2913 3111 2968 3155 et
2990 3099 3550 3169 Tusculan.qu-.cstio-

1942 3172 2041 3235 nes
2065 3178 2311 3232 Ciceron.
2344 3177 2436 3229 lib.
2469 3189 2503 3228 v
2524 3193 2537 3228 :
2562 3172 2818 3244 Occupavi
2847 3175 3114 3242 te,iuquit,
3145 3176 3376 3244 fortuna,
3399 3184 3552 3242 atque

1942 3253 2073 3321 cepi,
2098 3264 2364 3318 onmesquc
2394 3248 2567 3321 rutilus
2595 3256 2706 3299 tuos
2736 3245 2961 3306 exclusi,
2990 3255 3045 3297 ut
3086 3245 3155 3297 ad
3193 3260 3272 3297 me
3319 3246 3552 3311 aspirare

1944 3318 2045 3377 non
2092 3336 2375 3391 possesa—
2399 3318 2629 3391 Eamque
2672 3334 2704 3369 a
2750 3333 2804 3371 se
2847 3332 3045 3385 semper
3088 3332 3207 3391 esse
3233 3325 3549 3391 superatam.

1944 3387 2166 3463 Lipsiet
2188 3390 2349 3447 Gutb.
2370 3406 2569 3463 sentirer
2596 3390 3120 3463 interserunt,‘qua_m
3141 3387 3228 3440 alii
3252 3387 3550 3463 iiegligunt,

1945 3458 2125 3521 forsan
2155 3463 2298 3533 quod
2343 3461 2624 3531 repetitam
2671 3476 2736 3513 ex
2784 3458 3155 3533 superioribus
3183 3458 3551 3533 crediderunt.

1950 3538 2058 3593 Nec
2084 3528 2215 3591 vero
2233 3528 2436 3604 ingrata
2461 3533 2730 3603 repetitio,
2750 3541 2841 3584 aut
2861 3547 2888 3585 a
2912 3532 3071 3604 geniti
3094 3531 3329 3583 auctoris
3355 3528 3549 3584 aliena.

3030 3601 3311 3656 Bormum.

2020 3679 2216 3750 Inquit.
2251 3677 2395 3731 Idem
2418 3674 2610 3750 Cicero
2638 3675 2691 3750 in
2716 3671 3032 3750 fragmentis
3057 3675 3125 3727 de
3147 3671 3551 3727 Consolatione.

2022 3746 2324 3806 Et’munum
2368 3748 2516 3802 tollo.
2548 3747 2623 3801 Ita
2676 3746 2959 3816 legendum
3005 3753 3090 3800 est
3129 3760 3193 3799 ex
3231 3753 3556 3816 ntss._etiex

1950 3826 2068 3895 ipso
2106 3823 2385 3895 Cicerone.
2419 3820 2625 3895 Tlteod.
2654 3814 2918 3895 (lanienas
2958 3818 3341 3895 it:t_correxit.A
3355 3814 3434 3895 ita
3465 3815 3560 3895 ita:

1949 3887 2082 3955 Bent
2112 3897 2242 3950 edit.
2268 3892 2553 3961 antiquiss.
2581 3891 2736 3943 Rom.
2766 3890 2926 3954 M70,
2945 3887 3223 3961 etVeneta
3245 3888 3404 3947 1490,
3429 3887 3560 3961 editi

1951 3970 2156 4039 legunt,
2187 3983 2248 4019 eu
2280 3960 2486 4039 manum
2528 3960 2671 4016 tollo.
2706 3961 2807 4039 Qui
2849 3960 3562 4039 superabanturacuyictos

1954 4031 2429 4109 seyaguoscebant,
2463 4034 2910 4109 manumbdabapt
2934 4050 2946 4085 :
2973 4032 3097 4109 hinc
3121 4031 3311 4109 \iirgil.
3345 4031 3444 4109 lib.
3486 4045 3561 4085 κη

1955 4101 2172 4170 Αἰιιὲἰίι.
2204 4110 2408 4163 tendere
2433 4110 2633 4178 palmas
2656 4104 2806 4159 dixit.
2834 4101 3026 4158 Cit-ero
3057 4102 3343 4178 iu_La-lig_,
3376 4102 3444 4155 ad
3473 4117 3564 4178 ea:-

1958 4196 2171 4240 tremum
2195 4182 2277 4235 det
2300 4173 2503 4244 manus,
2529 4178 2759 4247 vincique
2780 4190 2834 4229 se
2855 4178 3098 4249 patiatur.
3126 4174 3259 4229 Item
3284 4173 3561 4229 Tlteocrit.

1957 4257 2190 4312 Eidvllio
2216 4255 2307 4309 25.

2036 4313 2137 4395 Qui
2158 4327 2229 4379 sic
2250 4320 2530 4395 jaceat?“
2555 4328 2659 4383 est,
2688 4319 2765 4373 sic
2778 4318 3055 4395 abiectus,
3086 4315 3341 4395 afﬂictus,
3367 4315 3570 4395 fractus

1963 4388 2519 4455 sitI'Unde'Ciceroni
2548 4407 2691 4460 Sil‘pe
2730 4391 2959 4461 afﬂictus
3006 4399 3063 4461 et,
3092 4389 3274 4461 jacens
3295 4428 3310 4454 ,
3341 4388 3569 4461 objectus

1885 4468 1941 4528 D
1966 4482 2010 4527 et
2020 4472 2226 4542 jacens,
2244 4468 2563 4537 junguntur.
2582 4459 2739 4518 Cuttf.
2762 4459 2914 4517 Lact.
2934 4462 3000 4516 de
3020 4459 3350 4542 Mort-1Pers.
3375 4473 3492 4529 cap.
3514 4459 3566 4514 1.

3144 4530 3426 4587 Buusnsu.

2040 4613 2236 4682 Inquit.
2267 4610 2356 4667 Sic
2395 4623 2584 4682 omnes
2628 4619 2758 4682 mss.
2805 4613 2861 4661 et
2897 4612 3111 4660 veteres
3158 4604 3284 4659 edd.
3329 4602 3486 4657 Rom.
3520 4610 3576 4656 et

1966 4679 2140 4743 Paris.
2173 4684 2369 4754 vulgati
2401 4681 2468 4735 η
2493 4679 2693 4754 inquis.
3002 4682 3005 4685 '

2041 4757 2210 4811 Datis.
2236 4747 2463 4812 Secutus
2494 4747 2609 4806 sum
2644 4751 2903 4804 librorum
2929 4761 3059 4802 mss.
3085 4760 3222 4815 pene
3250 4747 3489 4801 omnium
3522 4750 3578 4798 et

1971 4832 2296 4900 optimorum
2320 4823 2711 4900 auctoritatem:
2727 4821 2975 4900 Quinque
3003 4815 3580 4900 recetttissitrti_ltabent

1974 4888 2100 4965 dat;
2134 4902 2156 4955 1
2184 4900 2331 4969 Lips.
2357 4900 2480 4952 data
2508 4912 2656 4969 sum;
2677 4895 2712 4947 2
2742 4888 2874 4964 Reg.
2907 4902 3111 4948 recerti.
3140 4898 3194 4946 et
3222 4890 3248 4945 1
3278 4888 3432 4944 Colb.
3452 4900 3577 4943 cum

1974 4974 2133 5031 editis
2161 4968 2367 5026 dantur.
2397 4969 2512 5024 Non
2546 4968 2703 5022 male.

2052 5044 2152 5112 Qui
2176 5044 2360 5108 sapiat.
2405 5040 2638 5110 Reposui
2676 5053 2741 5093 ex
2783 5034 3035 5112 omnibus
3063 5048 3196 5090 mss.
3229 5039 3285 5089 et
3309 5030 3582 5103 plerisque

1978 5109 2154 5175 Odllis.
2183 5116 2408 5169 Cit-teris
2430 5109 2657 5181 vulgatis
2676 5118 2781 5174 est,
2811 5109 2969 5178 sapit.

2052 5187 2224 5242 Facit.
2252 5185 2309 5240 In
2342 5175 2658 5253 quibusdam
2681 5175 3026 5241 editionibus,
3057 5175 3236 5253 faciat.

2052 5260 2323 5331 Aﬂiltgct'e.
2344 5246 2889 5331 Ojltlltlllltlt’l‘elllss.
2923 5261 3005 5305 est
3029 5246 3089 5331 et
3113 5246 3581 5331 etlilion.nYulgat.

1983 5318 2362 5388 accedentibus
2376 5329 2410 5383 5
2424 5327 2577 5382 Cnlb.
2596 5328 2645 5379 in
2668 5326 2862 5395 quibus
2884 5331 2969 5378 est
2984 5321 3185 5393 afﬁgere
3198 5336 3217 5387 ;
3232 5334 3332 5375 ms.
3354 5318 3582 5377 Tornes.

1985 5406 2250 5473 attingere.
2284 5400 2494 5471 Vulgati
2520 5401 2701 5473 legunt
2722 5395 2974 5473 cﬂingere.

2058 5461 2420 5545 Anaxagoras,
2444 5479 2548 5545 etc.
2573 5461 2706 5524 Ῑιιιξο
2731 5461 2978 5521 ridentur
3005 5480 3083 5545 ex.
3100 5463 3275 5545 primo
3304 5461 3590 5545 Academi-

1988 5562 2173 5605 corum
2214 5535 2492 5600 Ciceronis
2521 5542 2801 5609 tlesumpta
2842 5553 2993 5609 esse,
3035 5535 3123 5590 ubi
3151 5536 3219 5590 de
3244 5535 3591 5609 Acmiemjco-

1991 5635 2110 5677 rum
2148 5615 2472 5675 ἀκαταληὼία
2517 5606 2728 5669 scribit.
2760 5609 2929 5665 Verba
2959 5608 3238 5665 Ciceronis
3273 5615 3432 5661 sunt:
3462 5606 3592 5660 Tum

1991 5708 2105 5763 (no,
2136 5708 2251 5743 cum
2273 5687 2495 5751 Zenone,
2525 5687 2757 5763 inquam,
2784 5694 2839 5737 ut
2860 5684 3144 5763 accepimus
3164 5721 3178 5746 ,
3206 5678 3460 5763 Arcesiias
3497 5679 3592 5762 sibi

1993 5756 2140 5819 omne
2162 5775 2418 5816 certamen
2444 5750 2661 5813 instituit
2688 5797 2702 5821 ,
2731 5771 2833 5809 non
2850 5752 3144 5826 pertinacia
3173 5760 3262 5805 aut
3289 5750 3460 5826 studio
3483 5750 3594 5804 vine

1995 5832 2141 5891 tendi
2164 5833 2244 5907 (ut
2274 5831 2397 5889 mihi
2418 5829 2624 5907 quidem
2648 5819 2877 5895 videturl'
2898 5827 2986 5883 sed
3010 5836 3186 5882 carum
3209 5836 3382 5878 rerum
3410 5819 3591 5877 obscu-
