4038 6358
237 248 339 310 HI

1099 247 1305 307 LIBER
1344 248 1433 307 111.
1478 248 1564 306 DE
1603 246 1828 305 FALSA
1870 245 2232 305 SAPIENTIA
2276 247 2679 308 PHILOSOPH.

3433 243 3548 306 442

237 367 503 425 Eumdem
532 375 713 424 tamen
741 366 1011 425 interdum
1038 376 1287 424 naturam
1310 409 1328 435 ,
1376 366 1644 423 interdum
1678 366 1837 422 fortu-
1866 368 1916 430 Λ
1943 368 2083 439 vulgi
2112 378 2167 425 et
2193 370 2568 442 imperitorum
2601 370 2945 443 opinionibus
2968 368 3221 437 credidit,
3250 366 3343 440 qui
3370 367 3543 425 fortu-

237 478 364 519 nam
396 473 626 532 vocant;
661 482 680 516 t
716 463 862 535 quod
890 465 1079 527 multa.
1106 463 1277 535 inquit
1304 462 1446 519 idem
1475 463 1688 528 Cicero,
1716 461 1838 519 efli-

234 556 346 612 ciat
376 557 653 627 inopinata
683 556 862 626 nobis,
890 566 1108 629 propter
1136 555 1520 612 obscuritatem
1552 553 1841 625 ignoratio-

237 665 475 722 nemque
524 666 830 707 causarnm.
869 671 889 705 )
922 649 1058 706 Cum
1112 650 1275 721 igitur
1323 664 1513 704 causas
1562 648 1835 719 ignorent,

236 752 463 815 propter
490 759 621 815 quas
641 744 732 799 liat
755 743 971 814 aliquid,
1003 752 1058 799 et
1083 742 1256 813 ipsum
1284 742 1373 813 qui
1394 740 1840 812 faciatiguorent,

232 851 463 892 necesse
488 845 589 892 est.
620 836 766 893 Idem
800 836 853 891 in
879 851 1045 907 opere
1068 834 1223 891 valde
1265 834 1431 899 serio,
1481 837 1534 888 in
1564 848 1671 904 quo
1702 847 1841 902 prae-

230 940 395 1001 cepta
418 932 543 986 vita:
562 929 881 1002 deprompta
903 945 967 985 ex
993 929 1331 1001 philosophia
1357 927 1463 983 lilio
1488 927 1677 983 dabat:
1699 925 1843 982 «Ma-

234 1037 425 1093 gnam,
454 1023 648 1093 inquit,
674 1037 795 1078 esse
823 1020 1050 1076 fortunae
1078 1020 1184 1075 vim
1212 1020 1263 1074 in
1297 1029 1579 1092 utramque
1608 1029 1839 1088 partem,

240 1116 370 1186 quis
400 1117 643 1173 nesciat?
667 1116 800 1173 Nam
831 1125 921 1185 et,
952 1130 1074 1171 cum
1122 1129 1385 1186 prospero
1415 1115 1544 1169 ﬂatu
1588 1115 1703 1184 ejus
1734 1113 1841 1168 uti-

228 1224 381 1277 mur,
408 1210 476 1265 ad
504 1210 681 1266 exitus
708 1211 1055 1282 pervenimus
1075 1217 1329 1279 optatos;
1360 1219 1436 1273 et,
1455 1222 1579 1263 cum
1610 1205 1838 1263 reﬂave-

229 1302 327 1371 rit,
360 1302 669 1376 afﬂigimur.
708 1322 728 1358 ι
754 1303 1016 1371 Primum,
1048 1301 1141 1374 qui
1157 1309 1316 1374 negat
1341 1300 1466 1357 sciri
1497 1314 1660 1371 posse
1686 1298 1844 1371 quid-

227 1414 423 1468 quam,
484 1398 563 1455 sic
615 1398 717 1454 hoc
763 1397 919 1463 dixit,
975 1405 1245 1467 tamquam
1289 1404 1343 1451 et
1382 1394 1518 1466 ipse,
1569 1402 1622 1451 et
1654 1408 1843 1449 omnes

226 1491 433 1546 sciant.
464 1491 691 1555 Deinde,
721 1490 836 1563 qui,
868 1490 1029 1547 etiam
1054 1505 1174 1561 quae
1200 1489 1343 1545 clara
1373 1497 1520 1555 sunt,
1550 1487 1712 1543 dubia
1739 1502 1835 1544 co-

230 1596 404 1640 natur
429 1584 671 1651 eflicere,
695 1584 801 1643 hoc
828 1586 1034 1656 putavit
1051 1599 1173 1641 esse
1195 1585 1420 1651 clarum,
1442 1582 1586 1654 quod
1608 1582 1689 1638 illi
1722 1597 1844 1640 esse

228 1678 428 1735 debuit
470 1679 558 1735 vel
602 1678 835 1734 maxime
879 1677 1139 1743 dubium;
1171 1692 1295 1732 nam
1348 1675 1578 1747 sapienti
1623 1679 1844 1732 omnino

1944 477 2067 517 nam
2093 470 2437 533 putantesse,
2453 478 2573 535 quae
2591 462 2900 520 hominibus
2916 462 3117 518 tribuat
3136 461 3275 518 bona
3300 471 3355 519 et
3373 462 3545 518 mala.

1945 555 2076 611 Nam
2107 556 2455 612 simulacrum
2485 558 2604 628 ejus
2633 572 2756 613 cum
2783 557 2937 628 copia
2968 565 3023 613 et
3046 555 3416 627 gubernaculo
3444 554 3549 611 lin-

1944 660 2098 721 gunt,
2138 658 2407 722 tamquam
2439 650 2555 706 haec
2587 660 2639 707 et
2668 666 2800 721 opes
2839 652 3063 719 tribuat,
3104 659 3161 708 et
3188 650 3548 707 humanarum

1944 759 2122 799 rerum
2145 743 2383 814 regimen
2406 744 2664 800 obtineat.
2695 744 2793 800 Cui
2821 744 3061 817 opinioni
3086 754 3141 801 et
3168 744 3425 817 Virgilius
3451 759 3544 801 as-

1946 838 2131 902 sentit,
2147 836 2237 908 qui
2251 835 2519 892 fortunam
2533 837 2956 908 omnipotentem
2972 845 3148 907 vocat;
3164 847 3217 894 et
3236 836 3549 908 historicus,

1946 932 2036 1004 qui
2073 932 2184 988 ait:
2218 931 2324 989 Sed
2363 932 2605 1003 profecto
2630 933 2840 989 fortuna
2869 933 2924 989 in
2949 934 3097 989 omni
3130 950 3190 991 re
3215 934 3548 991 dominatur.

1946 1024 2085 1093 Quid
2133 1040 2263 1096 ergo
2304 1025 2520 1081 caeteris
2560 1025 2663 1081 diis
2712 1027 2811 1082 loci
2841 1027 3126 1098 superest?
3164 1027 3277 1083 Cur
3314 1042 3422 1083 non
3458 1032 3554 1083 aut

1949 1116 2062 1187 ipsa
2090 1132 2320 1188 regnare
2347 1116 2564 1183 dicitur,
2588 1118 2633 1173 si
2665 1117 2783 1189 plus
2812 1126 3023 1189 potest;
3056 1127 3150 1173 aut
3187 1118 3301 1174 sola
3330 1118 3550 1188 colitur,

1948 1208 1993 1264 si
2020 1209 2245 1265 omnia?
2270 1208 2391 1275 Vel,
2423 1211 2468 1266 si
2495 1219 2704 1266 tantum
2731 1210 2871 1266 mala
2903 1209 3163 1277 immittit,
3197 1210 3399 1282 aliquid
3424 1225 3554 1267 cau-

1948 1315 2023 1358 sa:
2062 1303 2358 1373 proferant,
2409 1319 2526 1370 cur,
2576 1303 2622 1359 si
2672 1303 2772 1360 dea
2815 1305 2906 1372 sit,
2943 1304 3250 1360 hominibus
3294 1303 3551 1373 invideat,

1948 1410 2151 1467 eosque
2179 1396 2416 1467 perditos
2445 1398 2645 1468 cupiat,
2672 1413 2794 1453 cum
2821 1397 2890 1453 ab
2914 1397 2997 1451 his
3024 1396 3276 1469 religiose
3303 1396 3550 1453 colatur:

1948 1502 2045 1544 cur
2072 1489 2276 1560 aequior
2301 1489 2373 1544 sit
2404 1490 2580 1557 malis,
2609 1490 2840 1561 iniquior
2864 1498 3042 1545 autem
3075 1489 3230 1544 bonis
3256 1508 3270 1544 :
3299 1504 3396 1545 cur
3417 1488 3554 1563 insi-

1949 1580 2147 1647 dietur,
2168 1581 2392 1654 afﬂigat,
2411 1583 2644 1653 decipiat
2671 1592 2726 1639 ct
2750 1583 3080 1640 exterminet
3105 1600 3116 1637 :
3142 1583 3262 1654 quis
3288 1583 3434 1638 illam
3460 1597 3556 1654 ge-

1950 1680 2065 1729 neri
2111 1674 2387 1731 hominum
2431 1676 2760 1732 vexatricem
2809 1687 3124 1746 perpetuam
3167 1673 3552 1730 constituerit:

227 1771 436 1827 falsum
470 1781 573 1828 est.
605 1771 756 1841 Quis,
809 1770 999 1841 inquit,
1044 1770 1261 1827 nescit?
1297 1771 1409 1841 Ego
1449 1784 1578 1825 vero
1631 1769 1838 1825 nescio.
1874 1768 1921 1829 B
1948 1783 2045 1824 cur
2064 1769 2298 1841 denique
2327 1780 2433 1825 tam
2459 1770 2657 1826 malam
2685 1772 2874 1827 sortita
2904 1772 2975 1827 sit
3004 1779 3352 1837 potestatem,
3377 1779 3436 1825 ut
3465 1784 3558 1827 res

231 1869 451 1925 Doceat
474 1883 584 1933 me,
614 1867 659 1923 si
686 1875 887 1939 potest,
907 1880 1029 1938 qute
1059 1866 1129 1921 sit
1151 1865 1241 1920 illa
1270 1865 1371 1933 vis,
1401 1864 1490 1937 qui
1513 1863 1674 1920 ﬂatus
1704 1864 1840 1931 iste,

227 1972 289 2019 et
316 1962 415 2033 qui
438 1961 684 2018 reﬂatus.

306 2054 499 2126 Turpe
526 2054 690 2127 igitur
717 2064 822 2121 est,
852 2053 1126 2110 hominem
1173 2052 1508 2125 ingeniosum
1541 2052 1720 2109 dicere
1752 2052 1805 2109 id
1830 2095 1845 2120 ,

228 2148 412 2222 quod,
445 2149 493 2205 si
525 2164 714 2220 neges,
744 2148 974 2220 probare
1001 2162 1109 2203 non
1149 2146 1337 2218 possit.
1372 2146 1676 2212 Postremo,
1701 2146 1845 2218 quod

228 2244 303 2309 is,
338 2246 433 2316 qui
465 2242 596 2299 dicit
633 2257 885 2299 assensus
908 2257 1029 2299 esse
1064 2239 1400 2306 retinendos,
1431 2239 1572 2311 quod
1600 2240 1750 2296 stulti
1776 2242 1848 2297 sit

231 2336 505 2403 hominis,
546 2337 708 2393 rebus
733 2335 1019 2407 incognitis
1058 2342 1263 2390 temere
1299 2333 1573 2401 assentiri,
1617 2334 1661 2388 is
1693 2334 1851 2405 plane

1953 1874 2177 1920 cunctas
2221 1880 2286 1919 ex
2331 1865 2553 1921 libidine
2596 1867 2786 1937 magis,
2820 1880 2978 1936 quam
3008 1880 3078 1920 ex
3111 1879 3239 1919 vero
3272 1863 3513 1920 celebret
3536 1904 3554 1931 ,

1953 1960 2357 2030 obscuretque?
2405 1961 2556 2029 Hmc,
2588 1964 2829 2033 inquam,
2881 1959 3234 2032 philosophos
3282 1960 3558 2031 inquirere

1954 2054 2192 2124 oportuit
2231 2055 2433 2125 potius,
2472 2071 2631 2126 quam
2665 2065 2871 2110 temere
2909 2054 3254 2110 innocentem
3300 2066 3558 2109 accusare

1956 2145 2223 2204 fortunam
2251 2166 2263 2201 :
2297 2164 2417 2220 qua:
2442 2149 2653 2205 etiamsi
2685 2148 2755 2204 sit
2781 2147 2984 2217 aliqua,
3009 2146 3144 2202 nihil
3170 2155 3350 2202 tamen
3375 2144 3557 2202 aﬂerri

1954 2240 2022 2296 ab
2050 2240 2132 2297 his
2165 2251 2469 2313 potest,cur
2490 2242 2794 2298 hominibus
2817 2250 2923 2296 tam
2940 2240 3154 2295 inimica
3174 2240 3266 2305 sit,
3280 2254 3439 2311 quam
3457 2253 3557 2309 pu-

1957 2337 2319 2409 munitaque
2350 2339 2455 2393 illa:
2477 2351 2665 2394 omnes
2694 2333 3201 2406 orationes,‘qnibus
3221 2333 3558 2404 iniquitatem

1579 2477 1940 2537 VARIORUM
1978 2479 2210 2538 NOTlE.

228 2600 425 2671 eﬂiciat
453 2599 616 2654 multa
642 2597 915 2668 improvisa
942 2599 1071 2664 ham,
1100 2614 1189 2653 nec
1218 2598 1427 2667 opinata
1454 2594 1600 2671 nobis
1632 2605 1840 2671 propter

231 2666 607 2726 obscuritatem
659 2666 1128 2742 ignorationemque
1156 2666 1493 2742 rcaussarum.
1548 2666 1653 2723 Sed
1699 2666 1842 2742 apud

230 2744 421 2799 Cicer.
457 2743 512 2797 in
537 2758 575 2797 ιι
605 2739 1053 2797 ἀρ’ῡίνίηθιίοηίέ
1084 2758 1101 2807 ;
1132 2741 1455 2811 disputatur,
1492 2748 1669 2793 utrum
1698 2739 1840 2811 divi.

229 2816 395 2870 natio
425 2829 608 2871 rerum
639 2812 982 2869 fortuitarum
1021 2827 1143 2869 esse
1173 2810 1360 2880 pnssit.
1411 2811 1477 2866 Et
1512 2810 1840 2866 contradici-

2027 2599 2109 2683 Et.
2144 2600 2507 2683 humanarum,
2560 2610 2666 2683 etc.
2716 2598 3026 2683 Plin.,_.lib.
3075 2616 3157 2683 11.:
3192 2598 3322 2683 Toto
3369 2599 3560 2683 quippe

1948 2672 2140 2725 mundo
2187 2684 2234 2726 et
2285 2673 2408 2727 locis
2449 2673 2705 2737 omnibus,
2754 2670 3086 2741 omnibusque
3127 2671 3288 2737 horis,
3328 2670 3559 2726 omnium

1947 2744 2151 2799 vocibus
2191 2748 2402 2815 fortuna
2448 2747 2560 2799 sola
2610 2744 2871 2807 laudatur,
2906 2745 3017 2815 sola
3052 2744 3310 2813 arguitur,
3350 2752 3399 2798 et
3443 2758 3559 2796 cum

1948 2813 2200 2870 conviciis
2230 2816 2453 2881 colitur;
2496 2816 2752 2881 volubilis,
2797 2832 2829 2868 a
2870 2813 3127 2886 plerisque
3170 2830 3287 2868 vero
3332 2824 3380 2869 et
3426 2828 3564 2886 circa

232 2897 328 2941 tur
362 2906 376 2939 :
411 2885 462 2966 si
484 2884 816 2966 fortuna-sit.
862 2885 1028 2966 fatuﬂm
1068 2885 1327 2966 tolliisin
1363 2893 1540 2966 autem
1573 2883 1752 2966 omnia
1775 2897 1842 2966 es
1869 2902 1915 2966 ρ
1948 2888 2101 2941 etiam
2142 2888 2467 2966 existimata,
2516 2899 2563 2966 et
2607 2889 2663 2966 in
2689 2895 2813 2966 tota
2864 2883 3071 2966 ratione
3107 2885 3417 2966 mortalium
3451 2884 3566 2966 sola

230 2958 552 3014 aeternitate
583 2956 919 3026 fataliterque
953 2956 1104 3021 fiant,
1153 2955 1264 3010 lolii
1296 2954 1587 3026 fortunam.
1619 2952 1845 3026 Addidit

232 3029 399 3084 Lact.
452 3028 701 3085 eumdem
752 3024 918 3082 Deum
961 3027 1229 3083 interdum
1263 3036 1528 3085 naturam,
1577 3024 1845 3080 interdum

229 3102 518 3157 fortunam
563 3115 703 3156 esse.
755 3100 894 3154 Plut.
928 3115 1053 3153 vero
1086 3101 1135 3153 in
1181 3098 1451 3154 Problem.
1512 3098 1649 3151 hanc
1698 3096 1848 3165 ponit

231 3172 634 3235 differentiam,
668 3172 811 3241 quad
840 3170 1052 3226 fortuna
1092 3172 1160 3224 sit
1190 3185 1371 3241 rerum
1413 3170 1652 3241 omnium
1700 3169 1841 3241 prin-

233 3245 475 3311 cipium,
510 3239 698 3299 natura
726 3258 855 3298 vero
890 3257 1018 3297 casu
1041 3244 1324 3297 consistat.
1355 3240 1462 3295 Sed
1494 3240 1563 3293 de
1596 3239 1680 3292 his
1730 3240 1847 3309 lege

235 3315 408 3372 Joan.
442 3316 834 3370 Damascenum
863 3315 957 3368 lib.
990 3330 1027 3369 ll
1076 3313 1403 3367 Urthodova:
1432 3311 1574 3373 ﬁdei,
1615 3325 1734 3377 cap.
1756 3311 1845 3366 15.

306 3386 591 3441 Interdum
611 3385 978 3441 naturam.th
1011 3386 1131 3441 dum
1154 3399 1315 3440 voces
1330 3384 1524 3439 absunt
1545 3398 1574 3437 a
1604 3383 1672 3436 l9.
1702 3397 1833 3437 mss.

237 3469 294 3514 et
321 3460 400 3514 al)
425 3458 556 3513 edit.
586 3456 843 3513 Thomas.

309 3530 543 3600 Efﬁciat
577 3530 846 3598 inopinata
883 3528 1047 3582 nobis.
1092 3528 1167 3583 Ita
1209 3526 1334 3600 editi
1372 3535 1436 3600 et
1456 3542 1586 3581 mss.
1607 3540 1806 3600 omnes
1830 3566 1847 3588 ,

236 3598 449 3674 praeter
473 3602 510 3656 2
537 3601 937 3674 recentissimos
981 3601 1100 3674 Em.
1132 3610 1185 3654 et
1213 3598 1479 3674 Canllhin
1510 3598 1703 3674 quibus
1742 3605 1845 3661 est,

241 3668 471 3743 Efﬁciat
492 3673 770 3744 improvisa
807 3688 899 3727 nec
926 3673 1137 3741 opinata
1162 3671 1325 3744 nobis.
1361 3668 1498 3725 Vide
1533 3670 1849 3724 Ciceronem

235 3742 337 3802 ini
371 3742 742 3800 Academiear.
769 3745 1127 3815 qumstionnm
1152 3742 1296 3797 circa
1326 3743 1507 3797 linem.

322 3836 500 3892 Valde
542 3837 696 3892 serio.
731 3835 842 3891 Hac
866 3852 995 3890 voce
1026 3835 1293 3889 indicatur
1325 3835 1482 3889 liber.
1523 3849 1555 3887 ιι
1596 3831 1665 3887 de
1689 3830 1849 3887 Ollio.

239 3926 371 3983 cap.
396 3909 435 3964 2
457 3907 1089 3983 adlinem,_qui_busdam
1119 3916 1296 3983 tamen
1322 3904 1638 3983 immutatis.

315 3975 681 4037 Pet-venimus.
745 3975 968 4048 Legitur
1010 3979 1329 4046 pervehimur
1358 3976 1515 4048 apud
1552 3975 1851 4048 Buneman,

235 4053 344 4126 qui
387 4052 548 4123 hujus
597 4046 908 4126 mutationis
938 4052 1015 4105 sic
1061 4050 1324 4126 rationem
1366 4046 1661 4103 reddit.-—
1707 4046 1856 4126 lianc

234 4118 541 4182 lectionem
588 4138 711 4179 cum
755 4122 1019 4178 Cicerone
1076 4122 1482 4175 convenientem
1552 4118 1730 4185 recepi
1786 4132 1856 4173 ex

237 4197 514 4262 Reimm.,
566 4210 695 4250 mss.
736 4205 794 4251 et
834 4193 1066 4249 Torncs.
1110 4192 1271 4259 1587,
1318 4192 1406 4246 ubi
1438 4200 1562 4246 ante
1603 4189 1806 4245 editum
1836 4231 1851 4255 ,

240 4269 594 4341 pervenimus.
621 4267 756 4321 BUN.

316 4361 455 4418 Cum
484 4359 758 4430 reﬂaverit.
789 4359 879 4415 Sic
910 4355 1101 4430 legitur
1127 4354 1179 4409 in
1208 4354 1428 4411 excusis
1453 4362 1506 4430 et
1537 4367 1667 4430 mss.
1699 4351 1852 4430 codi:

243 4434 408 4489 cihns
429 4476 444 4499 ,
477 4424 673 4501 pra-ter
720 4442 841 4486 octo
871 4424 1166 4501 qui'ferunt
1193 4443 1310 4501 cum
1339 4425 1777 4501 respiraverittel
1820 4424 1847 4477 1

245 4505 389 4576 Reg.
425 4493 541 4557 cum
568 4502 852 4576 respiravit.
884 4493 954 4554 At
980 4498 1257 4576 reﬂaverit,
1299 4493 1441 4567 quod
1492 4506 1575 4576 est
1602 4511 1666 4550 ex
1697 4493 1850 4576 Ciee:

246 4564 407 4633 ratiis
427 4577 566 4640 loco,
602 4564 801 4640 niuium
834 4564 1125 4640 respondet
1149 4578 1221 4644 τῷ
1245 4564 1487 4644 prospero
1514 4568 1673 4637 ﬂatu,
1709 4564 1854 4644 quod

247 4664 377 4703 mox
412 4638 708 4718 praecessit.
734 4645 822 4718 Sic
847 4638 1093 4718 etiini‘ra,
1122 4638 1208 4712 qui
1251 4641 1560 4718 ﬁa_tus_iste:
1585 4638 1746 4718 et_qui
1772 4653 1854 4718 re-

246 4709 434 4790 ]latus'.
464 4749 536 4758 -—
568 4716 863 4790 Reﬂaverit.
907 4709 1154 4790 Etninan.
1188 4709 1270 4790 _et_
1304 4711 1465 4768 Gnth.
1513 4709 1853 4790 respiraverit.

249 4780 550 4861 Receplam
602 4780 881 4844 Ciceronis
928 4785 1141 4861 codices
1188 4783 1404 4861 habent.
1455 4791 1509 4837 et
1534 4781 1650 4851 ipse
1706 4780 1854 4835 Lact.

249 4854 425 4927 infra;
450 4861 537 4933 qui
564 4862 787 4932 ﬂatus...
818 4869 864 4914 et
888 4859 972 4928 qui
1000 4857 1231 4927 reﬂatus.
1266 4854 1546 4909 Bonnam.

326 4953 586 5009 Assensus
629 4968 737 5007 esse
777 4951 1086 5006 retinendos.
1130 4948 1237 5004 Sed
1268 4946 1391 5003 vide
1434 4946 1613 5016 potius
1642 4943 1860 5001 Cicero-

251 5042 382 5083 nem
426 5026 598 5094 ipsuin
640 5025 693 5078 in
734 5023 990 5078 librorum
1037 5020 1105 5076 de
1144 5018 1348 5094 Officiis
1402 5017 1734 5094 prmlatione,
1770 5016 1859 5071 ubi

254 5099 384 5154 huic
416 5088 703 5166 objectioni
730 5094 967 5150 occurrit
993 5110 1006 5146 :
1035 5092 1322 5147 occurritur
1345 5098 1515 5144 autem
1554 5088 1721 5154 nobis,
1751 5095 1856 5143 etc.

254 5185 422 5242 quam
455 5165 861 5242 reSjionsioneiii
896 5165 1101 5242 videas.

331 5239 477 5295 Nam
521 5230 854 5294 simulacrum
883 5238 1013 5308 ejus,
1042 5245 1146 5291 etc.
1187 5232 1322 5288 Cum
1352 5232 1524 5308 copia:
1549 5246 1718 5308 cornu
1750 5230 1861 5285 Bu-

255 5314 417 5384 palns
439 5311 523 5385 (ut
549 5326 613 5385 ex
639 5303 1183 5385 PausaniaYolaterr.
1201 5308 1354 5385 citat)
1386 5303 1525 5373 apud
1555 5304 1865 5385 Smyrmeos

259 5376 495 5440 statuam
557 5382 792 5438 fortuna:
864 5380 1022 5443 fecit,
1057 5393 1178 5433 cum
1226 5376 1351 5446 polo
1390 5390 1551 5445 supra
1600 5384 1779 5446 caput,
1810 5383 1867 5429 et

259 5456 431 5511 altera
458 5470 618 5509 manu
639 5469 808 5509 cnrnu
834 5452 1024 5521 copim.
1049 5449 1155 5505 Sed
1177 5445 1365 5504 Galeni
1389 5463 1599 5517 quoque
1630 5445 1863 5521 Fortuna

261 5526 686 5598 gubernaculum
716 5526 771 5598 in
803 5516 1051 5598 manibus
1079 5520 1259 5598 habet.
1292 5516 1556 5573 Czeteruni
1588 5516 1863 5598 quod-ca:-

263 5588 349 5664 ἔα,
379 5607 435 5654 et
458 5599 619 5669 globo
644 5595 860 5653 volubili
878 5595 1145 5669 insistens
1178 5592 1352 5669 pingat
1362 5607 1447 5669 nr,
1483 5600 1678 5669 pnnter
1705 5588 1867 5669 Cale-

264 5660 419 5731 num.
442 5660 563 5725 ﬁde
587 5670 800 5725 Cebetis
822 5667 1080 5729 tabulam,
1105 5672 1161 5720 et
1180 5660 1394 5719 Pacuvii
1421 5660 1610 5716 versus
1643 5661 1692 5715 in
1726 5660 1868 5715 Rhe-

267 5742 434 5824 torica
468 5742 534 5867 τὺό
565 5741 784 5808 lleren.,
814 5740 908 5797 lib.
940 5754 1011 5805 ll,
1040 5753 1158 5808 cap.
1194 5736 1261 5793 de
1294 5734 1497 5792 Vitiosa
1523 5743 1866 5806 argumenta-

267 5822 434 5867 tione.
518 5829 644 5867 nou.

265 5813 434 5869 tione.
469 5813 644 5869 Hnuu.

1950 2969 2219 3030 utramque
2251 2961 2489 3031 paginam
2516 2960 2660 3029 facit.
2686 2958 2775 3016 Sic
2800 2969 2855 3014 et
2882 2958 3142 3013 Minucius
3169 2956 3348 3012 Felix:
3377 2955 3565 3012 Saluta

1948 3031 2140 3102 legibus
2169 3031 2378 3101 fortuna
2407 3032 2725 3087 dominatur.

2031 3098 2297 3173 Virgilius.
2333 3104 2497 3172 Cujus
2528 3105 2642 3158 lucc
2668 3102 2833 3158 verba
2878 3110 3005 3156 sunt
3050 3099 3145 3155 lib.
3178 3116 3272 3156 vut
3316 3098 3563 3167 Eneid.,

1950 3191 2094 3232 vers.
2123 3177 2247 3231 554.
2286 3176 2488 3232 {Encas
2516 3176 2789 3247 loquitur:

2046 3290 2125 3339 Me
2154 3288 2347 3353 pulsum
2370 3290 2545 3353 patria.
2570 3288 2834 3353 pelagique
2853 3293 3081 3353 extrema
3104 3291 3420 3349 sequentem,

2046 3347 2260 3403 Fortuna
2284 3347 2598 3415 omnipotens
2618 3358 2670 3400 et
2690 3347 3015 3400 ineluctabile
3039 3347 3193 3399 fatum

2046 3416 2135 3465 His
2158 3428 2374 3480 posuere
2393 3414 2536 3474 lecis,
2566 3422 2663 3465 etc.

1952 3522 2131 3592 Atque
2170 3520 2240 3575 ibi
2285 3519 2504 3575 Servius
2534 3519 2609 3572 ait
2641 3529 2852 3592 poetam
2893 3515 3196 3592 secundum
3228 3514 3444 3592 Stoicos
3486 3514 3568 3569 Io-

1952 3587 2135 3647 cntum
2163 3608 2302 3653 esse,
2338 3592 2426 3662 qui
2462 3591 2604 3645 nasci
2635 3587 2689 3662 et
2715 3591 2851 3662 mori
2886 3589 3007 3643 fatis
3035 3589 3198 3662 dant,
3234 3587 3408 3641 media
3442 3601 3563 3640 om-

1955 3667 2041 3721 nia
2089 3660 2367 3729 fortunae,
2400 3679 2467 3719 eo
2520 3661 2662 3735 quod
2713 3661 2835 3716 vita:
2886 3664 3134 3716 humanae
3187 3660 3393 3714 incerta
3438 3665 3569 3713 sunt

1954 3752 2160 3792 omnia.

2033 3808 2099 3862 Et
2136 3810 2426 3869 historicus.
2467 3818 2572 3863 etc.
2628 3806 2955 3872 Sallustius:
2988 3802 3203 3860 locutus
3233 3810 3317 3857 est
3355 3801 3406 3855 in
3433 3815 3567 3872 pro-

1954 3882 2078 3950 lngo
2108 3881 2430 3936 Catilinaria!
2479 3882 2737 3935 historiae.
2788 3869 3021 3950 Possunt
3067 3874 3291 3950 plurima
3326 3873 3381 3928 in
3429 3869 3566 3950 hanc

1956 3945 2278 4010 sententiam
2308 3951 2610 4007 testimonia
2639 3966 2703 4006 ex
2737 3949 2942 4006 Graecis
2979 3947 3295 4016 Latinisque
3339 3945 3571 4016 scripto-

1958 4027 2108 4079 ribus
2135 4027 2334 4096 eolligi.
2368 4025 2474 4080 Sed
2508 4025 2609 4079 hoc
2650 4022 2876 4078 instituti
2918 4020 3086 4076 nostri
3135 4015 3241 4073 non
3274 4025 3377 4072 est.
3410 4015 3486 4071 Ita
3515 4026 3571 4072 et

1957 4098 2112 4152 Plato
2136 4099 2185 4151 in
2219 4114 2270 4151 ιν
2301 4098 2367 4151 de
2399 4096 2651 4168 Legibus.

2040 4168 2154 4237 Vel,
2187 4170 2229 4224 si
2262 4160 2617 4223 tantumfAlii
2647 4166 2783 4221 duas
2810 4163 3056 4219 fortunas
3088 4160 3310 4227 faciunt,
3347 4160 3566 4237 bonam,

1960 4231 2283 4312 malamque.
2329 4240 2399 4295 At
2440 4241 2683 4295 diversas
2714 4236 3119 4312 for_tunas__c_sse
3166 4247 3345 4312 posse,
3379 4231 3574 4312 validis

1881 4296 2290 4384 Dargnmehtis
2336 4313 2535 4368 refellit
2580 4309 2948 4381 Augustinus,
2979 4306 3075 4361 111).
3122 4296 3179 4360 tv
3222 4302 3388 4358 Civit.
3435 4303 3564 4365 Dei,

1959 4402 2011 4440 c.
2056 4386 2142 4441 18.

2031 4456 2193 4511 Illam
2223 4456 2394 4528 generi
2437 4456 2701 4508 hominum
2743 4451 3047 4528 venatricem
3088 4442 3567 4528 constit'uerit..Si.c

1959 4530 2174 4599 reposui
2217 4516 2284 4585 ἐκ
2325 4527 2545 4597 optimis
2573 4536 2628 4582 et
2665 4524 2919 4599 omnibus
2959 4520 3073 4575 fere
3100 4518 3329 4599 mss._ln
3352 4516 3573 4586 scriptis

1961 4589 2084 4657 Em.
2115 4610 2168 4657 et
2197 4602 2224 4656 1
2257 4589 2493 4655 Clarom.
2525 4607 2630 4663 est,
2658 4594 2830 4668 generi
2861 4596 3087 4668 humano
3106 4606 3125 4655 ;
3145 4593 3205 4668 in
3235 4592 3260 4668 1
3290 4589 3438 4668 Reg.
3457 4603 3568 4668 rec.

1959 4682 2015 4728 et
2061 4675 2271 4729 cunctis
2310 4671 2493 4737 editis,
2542 4658 2745 4740 gene'ris
2791 4666 3078 4740 hominum.
3128 4658 3393 4740 Atinfra
3426 4658 3570 4715 idem

1959 4745 2273 4800 Lactantius
2315 4731 2490 4798 simili,
2522 4731 2691 4796 tititur
2737 4739 3009 4814 locutione
3031 4777 3066 4814 2.
3089 4749 3139 4789 c.
3171 4734 3277 4790 50:
3312 4731 3429 4814 Una
3458 4747 3574 4813 spes

1962 4818 2247 4885 homini...
2269 4816 2437 4887 posita
2463 4824 2559 4879 est;
2581 4823 2635 4869 et
2663 4827 2809 4887 mox,
2854 4807 3141 4887 hominibus
3185 4816 3299 4887 tam
3341 4804 3570 4887 inimica.

1962 4872 2282 4944 -—'Generis'
2303 4872 2568 4942 hominum
2599 4882 2930 4957 vexatricem.
2960 4878 3149 4957 60th.,
3185 4872 3572 4957 ῌείῐηηιεςβε-

1962 4963 2072 5017 neri
2102 4962 2387 5024 hominum,
2422 4965 2672 5027 respectu
2703 4954 2885 5018 verbi,
2915 4949 3271 5027 constituerit;
3299 4949 3573 5016 genitivus

1964 5034 2163 5103 pendet
2191 5050 2221 5089 a
2247 5022 2572 5088 vexatricern.
2606 5027 2674 5085 Ut
2715 5027 2809 5082 lib.
2850 5040 2912 5093 ιι,
2946 5038 2993 5079 c.
3034 5022 3123 5087 15,
3156 5022 3272 5073 lin.:
3308 5027 3573 5073 vexatores

1965 5107 2251 5161 hominum.
2292 5105 2428 5159 BUN.

2044 5200 2407 5268 Obscuretque.
2439 5195 2580 5264 Lege
2611 5192 2924 5247 obscuretve.

2049 5290 2353 5347 Hominibus
2374 5287 2651 5341 inimica...
2681 5291 2736 5339 et
2759 5296 2904 5344 mox,
2935 5277 3172 5333 inimicus
3196 5276 3358 5347 bonis.
3388 5273 3576 5329 Inimi-

1966 5382 2055 5424 cus
2093 5379 2213 5418 cum
2262 5361 2421 5418 tertio
2464 5373 2593 5414 casn
2640 5356 2802 5410 etiam
2849 5352 2941 5407 lib.
2985 5365 3059 5416 vt,
3100 5364 3151 5406 c.
3180 5349 3274 5414 ΞΟ,
3308 5346 3568 5418 Epitom.,

1968 5457 2019 5494 c.
2047 5438 2138 5495 71.
2166 5435 2259 5489 111).
2285 5434 2352 5489 de
2382 5432 2462 5485 lra
2495 5430 2609 5493 Dei,
2635 5441 2684 5481 c.
2731 5425 2817 5481 19.

2041 5490 2369 5578 Iniquitatem
2416 5490 2641 5575 fortuna:
2686 5499 2931 5578 lacerant.
2989 5493 3101 5548 Cic.
3128 5507 3198 5573 _xt
3233 5490 3461 5578 Philipp.
3494 5490 3574 5578 2‘:

1968 5582 2098 5640 Cum
2128 5565 2393 5633 verborum
2416 5565 2426 5575 ’
2448 5570 2773 5629 contumeliis
2821 5565 3255 5640 optimumvirum
3283 5565 3573 5640 lacerasset.

1973 5636 2090 5711 Val.
2139 5652 2305 5716 Max.,
2350 5648 2546 5711 lib.1v,
2589 5660 2638 5699 c.
2685 5645 2741 5708 4,
2782 5636 2943 5716 ωαψς
2987 5638 3241 5716 Quid..._._.
3291 5636 3574 5716 fortunam,

1951 5708 2116 5797 quasi
2146 5708 2469 5797 prrecipuum
2485 5708 2680 5797 gfneris
2707 5712 2919 5770 humani
2950 5712 3141 5765 malum
3168 5708 3431 5763 diuturnis
3457 5721 3579 5760 con-

1970 5792 2113 5855 viciis
2145 5792 2471 5851 lacernatus?
2500 5792 2634 5848 BuN.
