4038 6358
492 223 603 284 445

1599 230 1788 289 FIRM.
1831 230 2197 292 LACTANTII
2238 232 2446 293 DIVIN.
2489 233 2737 295 INSTIT.

3694 248 3792 307 «144

494 340 723 401 fortuna!
750 344 1007 414 lacerant,
1032 361 1090 403 se
1108 361 1339 419 suasque
1365 346 1593 406 virtutes
1611 358 1801 406 contra
1822 348 2093 407 fortunam
2122 355 2170 417 Α
2201 352 2468 424 ignoratio
2496 366 2677 409 rerum
2705 360 2867 425 atque
2891 366 3198 423 causarum,
3227 354 3441 414 Natura:
3468 370 3532 415 ac
3552 358 3791 421 Fortuna:

493 439 881 509 superbissime
901 440 1280 511 jactant,nihil
1304 442 1450 498 aliud
1497 452 1641 511 sunt,
1683 459 1843 515 quam
1898 444 2098 503 delira-

494 542 674 589 menta
703 534 1111 591 inconsideratae
1135 536 1387 592 levitatis.

569 626 749 695 Quare
778 642 883 682 non
916 627 1198 683 invideant
1250 629 1406 685 nobis
1435 630 1630 700 quibus
1655 632 1864 702 aperuit
1896 631 2095 687 verita-

495 727 601 775 tem
633 720 812 774 Deus:
844 721 931 790 qui
955 723 1095 776 sicut
1120 720 1344 788 scimus,
1378 722 1515 778 nihil
1543 738 1666 779 esse
1689 723 1959 780 fortunam
1982 740 1997 788 ;
2023 724 2095 779 ita

492 813 694 868 scimus
735 826 857 869 esse
902 828 1125 884 pravum
1175 830 1241 871 ac
1281 815 1571 872 subdolum
1602 817 1877 887 spiritum,
1906 818 1997 888 qui
2027 818 2096 872 sit

490 904 744 963 inimicus
770 907 949 975 bonis,
996 909 1273 980 hostisque
1309 909 1565 979 justitiae;
1603 911 1691 980 qui
1721 910 1991 966 contraria
2021 910 2098 965 fa-

491 1002 619 1069 ciat,
646 1018 805 1074 quam
849 1003 1014 1071 Deus,
1057 1005 1212 1074 cujus
1253 1004 1469 1060 invidia:
1495 1021 1712 1062 causam
1759 1007 1810 1060 in
1858 1005 2097 1061 secundo

492 1093 632 1149 libro
654 1093 807 1168 (Cap.
836 1096 928 1165 15)
957 1096 1371 1166 explicavimus.
1400 1097 1498 1153 llic
1519 1114 1649 1168 ergo
1675 1098 1958 1153 insidiatur
1980 1099 2098 1153 uni-

490 1189 704 1253 versis;
738 1188 833 1243 sed
866 1201 981 1255 eos,
1009 1190 1099 1258 qui
1137 1189 1386 1244 nesciunt
1415 1191 1605 1257 Deum,
1636 1206 1821 1246 errore
1852 1190 2093 1262 impedit,

491 1284 716 1341 stultitia
746 1285 948 1349 obruit,
982 1284 1220 1340 tenebris
1247 1286 1649 1353 circumfundit,
1686 1301 1752 1341 ne
1780 1288 1900 1357 quis
1930 1287 2099 1356 possit

491 1376 560 1434 ad
592 1377 762 1432 divini
805 1378 1038 1433 nominis
1076 1380 1366 1449 pervenire
1394 1380 1662 1445 notitiam,
1688 1380 1739 1433 in
1769 1394 1876 1449 quo
1911 1394 2018 1435 uno
2043 1388 2100 1434 et

492 1472 759 1542 sapientia
806 1471 1136 1539 continetur,
1185 1484 1241 1528 et
1278 1474 1385 1528 vita
1437 1484 1715 1544 perpetua.
1749 1473 1856 1528 Eos
1891 1481 2095 1538 autem,

492 1568 582 1638 qui
613 1567 780 1622 Deum
812 1566 1014 1633 sciunt,
1043 1565 1183 1621 dolis
1210 1574 1267 1622 et
1292 1575 1408 1621 astu
1437 1566 1764 1638 aggreditur,
1799 1573 1855 1621 ut
1885 1566 2096 1635 cupidi-

495 1668 607 1719 tate
637 1674 701 1714 ac
726 1658 950 1715 libidine
977 1660 1206 1726 irretiat,
1229 1675 1292 1715 ac
1318 1661 1556 1731 peccatis
1581 1647 1980 1716 blan'dtentibus
2005 1658 2099 1714 de-

492 1763 747 1826 pravatos
777 1754 1019 1824 impellat
1048 1754 1115 1809 ad
1147 1764 1415 1821 mortem;
1449 1754 1556 1819 vel,
1585 1754 1631 1808 si
1661 1752 1787 1809 dolo
1814 1753 1945 1808 nihil
1978 1768 2099 1823 pro-
2130 1761 2176 1822 Β

490 1844 704 1913 fecerit,
734 1846 783 1900 vi
808 1857 861 1902 et
897 1847 1155 1901 violentia
1178 1846 1412 1917 dejicere
1439 1858 1686 1903 conatur.
1714 1846 1923 1903 Idcirco
1951 1848 2095 1902 enim

491 1938 547 1994 in
588 1939 897 2009 primordiis
928 1940 1376 2011 transgressionis
1405 1956 1511 1995 non
1552 1941 1732 1996 statim
1776 1940 1843 1995 ad
1884 1955 2096 2011 pinnam

491 2033 747 2090 detrusus
774 2049 804 2088 a
834 2035 944 2089 Deo
969 2042 1071 2100 est,
1102 2042 1158 2089 ut
1179 2033 1452 2090 hominem
1487 2035 1691 2090 malitia
1718 2050 1814 2090 sua
1847 2042 2100 2090 exerceat

492 2128 561 2184 ad
588 2129 841 2183 virtutem
872 2145 885 2181 :
914 2143 1035 2199 qua:
1075 2127 1182 2183 nisi
1218 2129 1474 2200 agitetur,
1494 2130 1547 2183 ni
1572 2129 1787 2184 assidua
1807 2132 2100 2185 vexatione

492 2222 801 2288 roboretur,
831 2237 938 2278 non
971 2232 1152 2293 potest
1185 2238 1308 2279 esse
1337 2223 1605 2295 perfecta;
1635 2224 1901 2296 siquidem
1930 2224 2101 2278 virtus

491 2327 573 2373 cst
606 2316 1054 2387 perferendornm
1085 2317 1351 2373 malorum
1381 2319 1537 2374 fortis
1565 2334 1631 2374 ac
1654 2319 1851 2374 invicta
1888 2320 2101 2390 patien-

494 2413 586 2466 tia.
620 2411 699 2466 Ex
728 2428 837 2482 quo
862 2411 941 2479 fit,
970 2422 1028 2468 ut
1058 2413 1230 2469 virtus
1262 2414 1407 2486 nulla
1435 2414 1526 2479 sit,
1557 2414 1603 2469 si
1630 2414 1975 2471 adversarius
2004 2415 2101 2471 de-

492 2505 583 2560 sit.
616 2505 788 2575 Hujus
820 2508 1000 2579 itaque
1029 2524 1301 2577 perversre
1331 2510 1616 2580 potestatis
1642 2525 1763 2565 cum
1792 2509 1899 2564 vim
1930 2510 2102 2565 senti-

492 2604 615 2653 rent
643 2595 826 2653 virtuti
854 2609 1268 2669 repugnantem,
1298 2615 1606 2672 nomenque
1633 2601 1968 2672 ignorarent,
1996 2600 2105 2657 for-

495 2696 639 2744 tunze
670 2689 994 2745 vocabulum
1039 2689 1142 2746 sibi
1195 2692 1355 2748 inane
1404 2692 1696 2749 finxerunt.
1741 2693 1892 2763 Quod
1940 2711 2102 2767 quam

495 2786 655 2859 longe
684 2804 713 2845 a
734 2790 1002 2859 sapientia
1032 2790 1105 2847 sit
1130 2801 1421 2859 remotum,
1450 2794 1695 2851 declarat
1717 2794 1993 2853 Iuvenalis
2021 2796 2106 2854 his

493 2880 741 2936 versibus
765 2899 779 2935 :

619 2993 816 3065 {iulium
834 3010 1014 3065 numen
1034 3000 1193 3059 abest,
1221 3002 1260 3065 si
1286 3002 1352 3051 sit
1378 3002 1636 3065 prudentia
1666 3002 1787 3053 :sed
1808 3015 1898 3052 nos

620 3057 696 3109 'l‘e
719 3058 942 3125 facimus,
969 3057 1204 3123 Fortuna,
1223 3057 1391 3128 dcam;
1416 3066 1644 3130 acetoque
1669 3065 1903 3116 locamus.

495 3186 730 3245 Stultitia
764 3190 944 3262 igitur,
973 3201 1027 3247 et
1057 3207 1231 3261 error,
1254 3203 1308 3249 et
1329 3194 1566 3264 cmcitas,
1599 3201 1676 3263 et,
1706 3202 1763 3250 ut
1794 3196 1983 3251 Cicero
2006 3193 2104 3261 ait,

2200 448 2415 503 nomina
2448 448 2677 504 induxit.
2709 449 2814 506 Sed
2843 458 2900 504 ut
2928 450 3295 507 adversarium
3326 466 3485 509 suum
3517 457 3748 513 nesciunt
3775 479 3787 513 :

2199 540 2279 595 sic
2317 553 2417 595 nec
2459 541 2711 597 virtutem
2759 541 2975 613 quidem
3022 544 3219 605 sciunt.
3268 546 3421 615 cujus
3466 547 3689 604 scientia
3732 553 3790 607 ab

2198 634 2490 690 adversarii
2511 637 2729 693 notione
2744 636 3047 693 descendit.
3067 638 3200 706 Quae
3215 640 3259 695 si
3276 640 3567 712 conjuncta
3587 656 3666 698 est
3681 657 3789 702 cum

2199 730 2483 801 sapientia,
2512 732 2616 799 vel,
2644 739 2701 785 ut
2724 732 2822 802 ipsi
2849 731 3053 799 dicunt,
3073 732 3260 788 eadem
3285 736 3399 806 ipsa
3419 737 3681 807 sapientia
3697 748 3788 808 est,

2201 823 2451 895 ignorent
2479 839 2705 881 necesse
2732 834 2815 880 est
2855 828 2907 880 in
2949 826 3147 898 quibus
3186 828 3351 883 rebus
3377 829 3485 884 sita
3518 829 3604 884 sit.
3638 829 3790 887 Nemo

2200 918 2342 973 enim
2390 926 2569 989 potest
2609 920 2750 974 veris
2798 920 2962 975 armis
3000 919 3231 989 instrui,
3266 921 3311 977 si
3358 922 3575 978 hostem
3619 934 3787 980 contra

2200 1026 2359 1082 quem
2410 1012 2569 1067 fuerit
2615 1012 2937 1080 armandas,
2988 1015 3231 1085 ignorat;
3286 1030 3386 1071 nec
3434 1016 3787 1071 adversarium

2200 1106 2454 1171 vincere,
2485 1107 2574 1177 qui
2620 1108 2672 1161 in
2714 1106 3022 1163 dimicando
3067 1124 3172 1162 non
3221 1109 3433 1163 hostem
3475 1124 3680 1176 verum,
3709 1108 3790 1165 sed

2201 1201 2442 1257 umbram
2477 1203 2626 1272 petit.
2658 1201 3042 1258 Prosternetur
3072 1205 3215 1258 enim
3242 1247 3255 1268 ,
3287 1205 3377 1275 qui
3405 1205 3516 1258 alio
3549 1203 3789 1272 intentus,

2200 1296 2504 1349 venientem
2531 1294 2784 1352 vitalibus
2814 1298 2927 1353 suis
2970 1298 3133 1353 ictum
3176 1313 3276 1354 nec
3318 1297 3633 1370 praeviderit
3659 1310 3787 1366 ante,

2200 1403 2302 1446 nec
2328 1390 2553 1445 caverit.

2785 1501 3013 1560 CAPUT
3056 1501 3228 1558 XXX.

2202 1622 2453 1696 Epilogus
2478 1631 2596 1678 ante
2618 1621 2908 1686 dictorum;
2937 1630 3105 1691 etquo
3133 1619 3331 1674 ratione
3350 1620 3419 1675 sit
3446 1622 3791 1677 transeundum

2274 1734 2305 1771 a
2351 1718 2572 1771 vanitate
2642 1714 3066 1785 philosophorum
3132 1713 3201 1768 ad
3264 1713 3582 1784 sapientiam
3641 1730 3790 1770 verum

2276 1818 2323 1865 et
2352 1811 2454 1864 veri
2502 1807 2598 1864 Dei
2643 1808 3005 1881 cognitionem,
3038 1809 3091 1863 in
3140 1823 3241 1879 quo
3285 1806 3402 1863 solo
3448 1807 3609 1864 virtus
3651 1818 3719 1864 est
3754 1817 3792 1864 et

2278 1902 2553 1957 beatitudo.

2278 2067 2467 2137 Docui,
2499 2078 2759 2141 quantum
2802 2083 2919 2126 mea
2960 2066 3308 2125 mediocritas
3336 2067 3503 2135 tulit,
3536 2067 3687 2138 longe
3711 2069 3791 2125 de-

2202 2161 2348 2217 vium
2385 2162 2738 2234 philosophos
2771 2163 2873 2218 iter
2898 2176 2929 2218 a
2958 2166 3187 2217 veritate
3217 2162 3485 2216 tenuisse.
3515 2160 3694 2218 Sentio
3721 2170 3789 2218 ta-

2204 2271 2354 2321 men,
2400 2270 2559 2326 quam
2606 2256 2769 2310 multa
2809 2255 3184 2326 prmterierim,
3223 2254 3343 2325 quia
3377 2269 3491 2310 non
3535 2264 3648 2311 erat
3683 2256 3794 2313 mibi

2206 2350 2421 2421 prejiria
2462 2359 2648 2406 contra
2691 2349 3043 2421 philosophos
3072 2349 3389 2420 disputatio.
3438 2349 3549 2407 Sed
3594 2350 3691 2406 huc
3717 2335 3790 2406 ne-

2206 2443 2445 2499 cessario
2469 2442 2844 2497 divertendum
2873 2440 3002 2509 fuit,
3029 2452 3086 2495 ut
3107 2442 3483 2509 ostenderem,
3508 2452 3582 2497 tot
3602 2452 3791 2498 ettanta

2207 2535 2422 2610 ingenia
2452 2537 2506 2593 in
2534 2536 2697 2592 rebus
2727 2536 2875 2593 falsis
2901 2551 3023 2593 esse
3048 2547 3368 2609 consumpta
3393 2554 3409 2603 ;
3442 2553 3512 2593 ne
3538 2538 3655 2609 quis
3677 2535 3793 2593 forte

2206 2644 2237 2686 a
2270 2630 2448 2700 pravis
2488 2630 2838 2700 religionibus
2878 2631 3160 2699 exclusus,
3207 2629 3275 2685 ad
3320 2644 3423 2686 eos
3466 2646 3527 2687 se
3569 2630 3791 2687 conferre

2206 2722 2392 2789 vellet,
2426 2730 2697 2793 tamquam
2726 2723 2856 2779 certi
2888 2723 3090 2793 aliquid
3130 2732 3475 2793 reperturus.
3508 2723 3622 2780 Una
3652 2724 3792 2795 igitur

2207 2829 2332 2885 spes
2362 2814 2588 2881 homini,
2615 2831 2718 2869 una
2745 2814 2891 2870 salus
2920 2816 2974 2869 in
3002 2814 3102 2870 hac
3124 2815 3405 2882 doctrina,
3438 2831 3598 2886 quam
3626 2814 3788 2871 defen-

2207 2908 2404 2977 dimus,
2438 2911 2609 2981 posita
2637 2918 2739 2964 est.
2773 2907 2962 2964 Omnis
3000 2910 3264 2979 sapientia
3318 2910 3565 2964 hominis
3614 2912 3662 2964 in
3702 2910 3787 2965 hoc

2209 3020 2316 3061 uno
2344 3015 2446 3071 est,
2477 3016 2535 3060 nt
2579 3006 2746 3060 Deum
2792 3013 3085 3077 cognoscat
3123 3014 3178 3060 et
3214 3005 3399 3059 colat:
3437 3006 3540 3059 hoc
3569 3016 3782 3060 nostrum

2209 3098 2423 3170 dogma,
2467 3097 2581 3152 haec
2615 3098 2881 3153 sententia
2914 3107 3016 3153 est.
3048 3096 3257 3167 Quanta
3299 3095 3485 3168 itaque
3523 3113 3650 3152 voce
3687 3110 3787 3166 pos-

2210 3208 2350 3258 sum,
2383 3194 2661 3259 testiiicor,
2687 3191 2988 3263 proclamo,
3011 3190 3292 3247 denuntio.
3311 3191 3437 3261 llic,
3456 3191 3546 3249 hic
3562 3200 3639 3248 cst
3657 3190 3782 3255 illud,

1835 3309 2202 3369 VARIURUM
2242 3306 2469 3365 ΝΟΤᾸΞ.

569 3423 641 3479 Se
663 3440 880 3495 suasque
902 3425 1131 3490 virtutes,
1155 3436 1259 3482 etc.
1285 3426 1361 3482 Ita
1389 3425 1568 3482 scribo
1594 3442 1714 3483 cum
1746 3442 1874 3482 mss.
1903 3427 2097 3496 Regio—
2125 3426 2170 3489 C
2203 3439 2345 3480 uno.
2377 3423 2509 3479 Vide
2533 3422 2724 3479 Iszeum
2754 3423 2808 3496 si
2830 3423 2996 3478 lubet.

494 3495 641 3563 Put.,
666 3497 701 3551 2
731 3496 995 3560 Colbert.,
1028 3499 1063 3551 2
1086 3498 1348 3563 Clarom.,
1381 3500 1537 3555 Cant.
1571 3511 1624 3555 et
1665 3500 1825 3554 editis
1850 3516 1965 3555 sex.
1990 3495 2097 3552 Alii

496 3579 604 3642 tres
618 3570 821 3642 vulgati
851 3570 1071 3635 habent,
1090 3581 1137 3624 et
1163 3589 1217 3625 se
1237 3588 1455 3641 suasque
1481 3574 1707 3626 virtutes.
1741 3573 1796 3626 In
1826 3573 1860 3627 8
1884 3571 2102 3642 scriptis

497 3641 827 3709 totidemque
858 3643 1134 3710 impressis
1159 3644 1312 3697 deest
1332 3655 1377 3697 et
1402 3661 1474 3697 se.

567 3710 839 3766 Contraria
884 3716 1062 3784 faciat,
1105 3730 1259 3782 quant
1302 3715 1457 3769 Deus.
1498 3714 1609 3783 Ego
1652 3715 1755 3770 tale
1789 3713 2097 3784 exemplum

494 3784 829 3853 deprehendi
858 3787 973 3840 sine
1013 3787 1117 3840 ulla
1151 3801 1281 3839 mss.
1315 3786 1612 3841 variatione
1638 3786 1688 3839 in
1721 3787 2000 3855 AugnSIiui
2033 3786 2101 3841 de

495 3855 654 3911 Civil.
719 3857 850 3920 Dei,
910 3857 1002 3912 lib.
1063 3873 1180 3924 vin,
1225 3873 1275 3912 c.
1305 3856 1412 3911 24:
1445 3858 1552 3922 Qui
1585 3856 1775 3930 (Deus)
1820 3858 1929 3912 hinc
1964 3874 2098 3912 eon-

498 3930 680 3982 trariis
723 3930 939 3991 caussis,
973 3944 1132 3996 qualn
1184 3930 1418 3983 instituta
1463 3929 1604 3995 sunt,
1651 3929 1879 3983 abstulit.
1915 3930 2102 3984 Melius

498 4008 677 4053 tamen
722 4010 906 4054 noster
935 3998 1237 4055 Firtnianus
1277 4001 1344 4056 de
1393 4000 1498 4066 Ira,
1530 4017 1581 4056 c.
1608 4002 1643 4056 5
1671 4020 1683 4055 :
1720 4000 1820 4066 Qui
1845 4003 2103 4055 contraria

498 4069 611 4123 Deo
638 4070 813 4136 faciat.
848 4070 983 4125 BUN.

575 4140 677 4195 llic
703 4160 822 4212 ergo
847 4144 1122 4197 insidiatur
1148 4145 1415 4199 universis.
1441 4144 1531 4199 Sic
1557 4160 1748 4200 omnes
1767 4160 1897 4201 mss.
1918 4153 1971 4201 ct
1993 4143 2107 4215 ple-

499 4213 653 4285 rique
680 4215 843 4280 editi;
878 4217 927 4267 in
960 4216 1187 4285 vulgatis
1218 4218 1489 4273 ιιυιιηυιίἰε
1516 4230 1597 4271 eSt
1625 4216 1745 4273 His.

571 4284 967 4358 Circum/audit.
994 4287 1067 4341 lia
1089 4288 1385 4355 repositum
1407 4306 1473 4344 ex
1504 4305 1633 4343 mss.
1663 4302 1713 4344 et
1736 4299 1969 4359 quatuor
1993 4288 2101 4344 edi.

500 4357 659 4430 lis;ﬁin
683 4361 893 4413 meti-ris
911 4369 992 4412 est
1015 4361 1362 4430 circumfudit,
1391 4362 1551 4415 inale.
1576 4361 1705 4415 Vide
1723 4357 2101 4429 przrcedentia.

572 4429 723 4484 Datis
750 4440 797 4485 et
823 4442 959 4484 astu.
994 4429 1221 4486 licstilui
1249 4450 1314 4487 ex
1348 4434 1412 4488 16
1440 4448 1571 4486 mss.
1596 4434 1904 4487 veterrimis
1929 4442 1983 4485 et
2009 4447 2106 4501 ep-

500 4503 647 4558 timis
677 4517 739 4557 ac
766 4503 895 4558 edit.
931 4502 1000 4558 ls.
1032 4503 1089 4557 ln
1124 4505 1191 4558 η
1221 4507 1436 4575 scriptis
1464 4520 1576 4561 rec.
1608 4514 1662 4560 et
1702 4506 1981 4574 impressis
2023 4514 2106 4560 est

499 4575 634 4629 dolis
656 4586 702 4629 et
725 4578 931 4629 astutia.

569 4647 643 4701 Ac
692 4650 910 4717 peccatis
954 4645 1346 4702 blandientibus.
1393 4647 1482 4703 Sic
1522 4648 1738 4717 reposui
1778 4662 1842 4701 ex
1874 4647 2032 4702 editis
2075 4648 2110 4703 5

499 4729 608 4774 vet.
641 4720 917 4781 Rtnnanis,
953 4720 1019 4774 Is.
1048 4729 1100 4773 et
1123 4721 1319 4775 Ccllar.
1352 4735 1449 4775 nec
1474 4736 1579 4773 nun
1603 4735 1667 4774 ex
1691 4720 1943 4775 omnibus
1971 4735 2101 4774 mss.

498 4801 698 4859 praiter
723 4790 883 4847 Cane.
911 4800 965 4844 et
1000 4792 1020 4844 l
1052 4792 1182 4861 lieg.
1209 4808 1318 4846 rec.
1352 4795 1404 4845 in
1436 4792 1652 4858 quibus,
1683 4802 1740 4846 ut
1766 4801 1821 4846 et
1842 4792 1896 4847 in
1923 4794 2109 4861 vulga-

498 4862 569 4916 tis
601 4864 850 4918 undecim
882 4874 963 4917 cst
992 4865 1185 4932 peccati
1216 4863 1611 4918 blandamemis.

582 4934 643 4989 Vi
673 4947 721 4991 et
757 4936 1017 4991 violentia.
1060 4934 1236 4991 Voces
1275 4936 1323 4989 vi
1349 4946 1401 4990 et
1430 4938 1628 4991 absunt
1655 4950 1684 4989 a
1730 4935 1799 4991 15
1828 4950 1960 4992 mss.
1995 4949 2105 4991 rec.

500 5017 555 5065 et
583 5009 617 5061 8
642 5009 822 5064 editis.

578 5078 699 5133 Non
731 5081 903 5135 statim
949 5078 1017 5132 ad
1068 5095 1287 5149 poenam.
1317 5078 1374 5133 In
1418 5076 1606 5133 eadem
1652 5080 1919 5134 sententia
1962 5078 2109 5134 fuere

502 5153 744 5205 nonnulli
778 5153 1113 5222 antiquiores
1154 5151 1374 5215 Patres,
1410 5151 1524 5205 nixi
1559 5150 1806 5207 videlicet
1837 5150 1918 5204 his
1962 5151 2112 5204 testi-

505 5224 700 5277 moniis
731 5223 987 5288 Matthmi,
1011 5238 1059 5277 c.
1098 5239 1209 5288 vm,
1234 5240 1286 5276 v.
1311 5224 1381 5278 ‘29
1410 5232 1461 5276 et
1490 5223 1548 5277 5|
1567 5265 1579 5286 ,
1607 5239 1668 5277 ac
1688 5226 1847 5292 epist.
1880 5238 1915 5276 ll
1937 5222 2105 5290 Pctr.,

505 5308 555 5366 c.
587 5310 647 5360 ll,
682 5309 735 5347 v.
783 5296 835 5359 4,
886 5293 942 5350 S.
993 5294 1237 5350 inStinus
1278 5294 1507 5366 Apolog.
1557 5309 1575 5347 ι
1620 5310 1718 5364 pro
1764 5295 2106 5357 Christianis;

507 5364 566 5420 S.
618 5367 888 5427 Irenreus,
925 5366 1017 5419 lib.
1054 5383 1083 5418 ν
1112 5364 1339 5423 advers.
1379 5366 1611 5429 lla-res;
1650 5366 2010 5420 'l‘ertullianns
2056 5366 2109 5419 in

507 5436 763 5509 Apolog,
790 5453 839 5492 c.
863 5436 965 5501 27;
998 5438 1255 5508 Origenes
1290 5442 1339 5492 in
1377 5454 1495 5509 cap.
1527 5453 1640 5492 xm
1665 5438 1880 5492 Numer.
1907 5437 2103 5492 llnmil.

510 5510 614 5573 15;
649 5508 705 5564 S.
736 5509 1085 5578 Allglblittlls,
1129 5510 1217 5578 lib.
1262 5525 1300 5564 ll
1348 5510 1414 5564 de
1448 5508 1657 5564 '(iencsi
1707 5518 1894 5563 contra
1941 5508 2111 5564 Mani-

508 5572 710 5645 clnt-os,
743 5596 791 5634 c.
824 5572 909 5637 ῙἹ.
937 5572 1221 5636 οἰιίιῐὶηιω
1254 5583 1453 5637 Christi
1482 5582 1695 5647 Μίνωι,
1728 5597 1777 5635 c.
1813 5596 1953 5648 xxv;
1990 5579 2111 5635 Dis-

508 5653 672 5707 cedite
699 5669 729 5704 a
756 5668 854 5716 me,
888 5649 1165 5715 maledicti,
1197 5655 1247 5706 in
1281 5656 1446 5722 ignem
1487 5665 1753 5719 teternnm,
1782 5656 1871 5723 qui
1902 5664 2110 5719 paratus

509 5736 581 5777 est
603 5723 885 5793 diobolo‘et
915 5722 1110 5793 (iugetis
1137 5724 1265 5793 ejus.
1296 5724 1504 5780 Clarius
1536 5726 1710 5780 adhuc
1742 5722 2106 5780 teStimuuinm

507 5793 631 5851 vide
660 5795 709 5852 in
740 5790 783 5849 il
813 5789 960 5851 Petri
984 5778 1232 5863 Episto’lq
1261 5808 1308 5851 c.
1342 5807 1402 5865 ιι,
1428 5778 1564 5867 Μ,
1584 5778 1785 5854 Parilia
1816 5810 1896 5851 ex.
1932 5793 2119 5852 Baro--

2272 3496 2359 3550 Ea:
2386 3512 2485 3567 quo
2519 3497 2597 3562 ﬁt,
2630 3508 2733 3551 etc.
2771 3495 2925 3550 Falsa
2960 3498 3075 3550 hac
3104 3493 3370 3550 Lactantii
3399 3506 3487 3552 est
3522 3496 3780 3551 sententia.

2204 3569 2385 3625 Virtus
2414 3568 2633 3638 quidem
2664 3578 2780 3622 est:
2812 3568 2907 3623 sed
2948 3569 3066 3623 sine
3110 3568 3424 3623 adversario
3446 3610 3460 3634 ,
3507 3570 3646 3624 vires
3680 3581 3784 3623 suas

2204 3658 2312 3697 nun
2340 3650 2533 3695 exertt.

2278 3712 2497 3767 Nullum
2547 3727 2731 3765 numen
2775 3708 2932 3764 abest.
2982 3710 3071 3766 Sic
3116 3709 3362 3781 profecto
3411 3711 3686 3777 legendum
3727 3725 3781 3766 cx

2203 3800 2335 3841 mss.
2372 3785 2579 3839 Bonon.
2624 3782 2659 3837 4
2709 3781 2842 3850 Reg.
2888 3782 3116 3852 aliiSqtte
3154 3798 3299 3850 ocuo,
3329 3799 3394 3838 ac
3432 3784 3499 3839 1‘2
3524 3783 3707 3845 editis,
3738 3794 3781 3834 ut

2203 3856 2482 3913 Juvenalis
2511 3857 2835 3925 respondeat
2879 3869 3064 3923 seopo.
3108 3855 3163 3910 in
3212 3854 3276 3910 19
3306 3871 3469 3909 inann
3502 3856 3718 3911 exaratis
3739 3863 3784 3907 et

2204 3930 2239 3983 2
2271 3930 2549 3997 impressis
2575 3926 2760 3992 habes,
2794 3925 2951 3981 male.
2985 3926 3046 3980 lli
3073 3927 3180 3980 duo
3210 3942 3399 3983 versus
3448 3929 3498 3982 in
3541 3926 3781 3983 Juvenalis

2208 4001 2322 4058 Sat.
2358 4000 2422 4055 10
2468 4002 2608 4054 circa
2657 4000 2837 4054 linem.
2861 4026 2934 4037 —
2959 3997 3179 4053 Nullum
3225 4016 3412 4053 numen
3457 4002 3625 4053 habes.
3655 3999 3778 4061 Ms8.,

2206 4073 2396 4139 Cauc.,
2448 4072 2643 4135 Palat..
2688 4069 2839 4137 lum,
2872 4069 3021 4141 Lips.
3074 4072 3126 4137 1,
3170 4072 3425 4134 Ιίθίιηιη..
3466 4072 3637 4134 Rost.,
3670 4068 3777 4141 Ven.

2209 4146 2377 4199 altera
2404 4142 2529 4205 478,
2561 4143 2757 4197 Paris.:
2788 4139 2988 4198 nulluin
3018 4160 3207 4198 numen
3239 4143 3412 4197 habes.
3452 4142 3657 4205 Ultraj.:
3687 4139 3781 4194 nul-

2212 4216 2318 4272 lum
2364 4232 2544 4290 nomen
2586 4214 2777 4290 habes,
2809 4232 2929 4290 cum
2981 4214 3199 4290 Veneta,
3228 4217 3399 4290 prima
3437 4215 3572 4290 ηδ..
3598 4213 3780 4290 \lariant

2210 4304 2426 4360 quoque
2454 4288 2730 4343 Juvenalis
2763 4289 2921 4360 libri;
2951 4296 3005 4340 at
3039 4288 3201 4360 menti
3230 4282 3513 4360 Lactantii
3553 4285 3689 4339 halm
3710 4282 3778 4335 hic

2213 4359 2639 4423 convenientius,
2674 4376 2833 4429 quam
2865 4359 3117 4423 aliorum,
3148 4359 3304 4412 abest.
3350 4359 3484 4415 BUN.

2283 4430 2477 4487 Cicero.
2513 4430 2681 4499 Quem
2711 4432 2834 4487 vide
2866 4433 2915 4485 in
2940 4447 2959 4485 1
2985 4430 3154 4486 Acad.
3185 4440 3378 4501 quazst.
3414 4431 3499 4483 ubi
3529 4440 3694 4501 supra.

2283 4502 2473 4557 Armis.
2523 4498 2591 4557 lis
2636 4504 2861 4572 scilicet,
2906 4503 2973 4558 de
3013 4498 3217 4574 quibus
3246 4503 3448 4559 Paulus
3477 4502 3541 4557 ad
3585 4498 3772 4569 Epheso

2209 4590 2259 4630 c.
2290 4590 2367 4639 v1,
2401 4591 2450 4629 v.
2484 4575 2541 4629 11
2581 4583 2636 4629 et
2664 4575 2750 4630 13.

2293 4646 2586 4721 Vitatibus.
2610 4646 2709 4721 llic
2748 4655 2830 4701 est
2876 4661 2975 4721 pro
3007 4645 3285 4721 intestinis,
3318 4654 3374 4701 et
3405 4643 3776 4721 visceribus..-

2220 4719 2511 4775 Venientem
2541 4720 2893 4773 uitalibus.....
2918 4719 3094 4771 ictum.
3132 4717 3319 4772 Vitalia
3347 4727 3471 4773 sunt
3501 4718 3683 4770 viscera
3712 4717 3775 4763 in-

2212 4800 2385 4847 terna.
2420 4793 2626 4847 Seneca
2658 4807 2743 4860 ep.
2774 4791 2845 4847 99
2876 4809 2888 4844 :
2927 4791 3093 4857 Quam
3133 4792 3305 4844 multis
3335 4792 3509 4846 vitalia
3544 4794 3771 4860 eruuntur.

2210 4865 2483 4919 Ammiau.
2514 4857 2830 4927 Marcellin.,
2856 4863 2951 4917 lib.
2986 4878 3096 4929 xvr,
3119 4878 3170 4916 c.
3198 4862 3262 4917 12
3288 4878 3304 4919 z
3334 4861 3457 4917 Tela
3481 4875 3641 4915 eorum
3669 4857 3772 4909 vitav

2208 4936 2342 4991 libus
2370 4936 2710 5006 immergebat.
2739 4937 2870 4992 BUN.
3145 5007 3152 5008 ί
3221 5003 3232 5008 Α
3299 5003 3310 5008 Δ
3392 5005 3402 5008 Α
3481 5004 3494 5008 _
3601 5000 3634 5008 Δ
3702 4995 3728 5008 ,,

2284 5009 2482 5063 Sentio.
2516 5000 2592 5062 lia
2630 5009 2836 5063 restitui
2868 5023 2936 5062 ex
2961 5003 3342 5061 vetustissimis
3372 5004 3574 5060 duobus
3601 5000 3766 5066 Regiis.

2209 5080 2246 5133 2
2273 5080 2482 5133 Bonou.
2525 5081 2755 5149 aliisque
2786 5081 2856 5135 52
2884 5094 3014 5134 mss.
3048 5077 3391 5152 (:tltsqtte_12
3429 5069 3698 5152 νειιὶςιτιῐξίθ)
3720 5079 3770 5120 ³⁸

2211 5153 2245 5207 3
2274 5162 2383 5225 vet.
2418 5144 2679 5225 Romanis
2717 5154 2942 5225 aliistjue
2988 5154 3021 5205 8
3058 5144 3241 5225 editi}.
3276 5150 3334 5225 lu
3381 5144 3767 5225 scriptis'iitgttcoi

2214 5225 2239 5278 1
2272 5224 2404 5292 Reg.
2436 5239 2571 5290 rec.,
2602 5223 2818 5288 Maron,
2848 5216 2873 5280 1
2916 5224 3062 5291 Lips.
3097 5234 3150 5277 et
3181 5223 3211 5276 7
3236 5223 3462 5292 vulgatis
3486 5216 3564 5275 est
3585 5216 3707 5270 Srio.

2284 5298 2325 5348 Α
2356 5296 2527 5363 pravis
2555 5295 2907 5363 religionibus.
2936 5296 3026 5350 Sic
3059 5295 3250 5348 Paulus
3290 5297 3357 5348 ad
3401 5293 3765 5363 (Σ‹ιΙοςεεικε.Λξι.

2210 5351 2367 5421 vocai
2411 5351 2689 5434 susceptas
2736 5370 3041 5439 religiones.
3088 5367 3350 5439 Sapientia
3396 5374 3642 5439 carentes.
3679 5351 3765 5439 Ob:

2212 5453 2367 5493 serva
2399 5440 2666 5509 religionis
2699 5434 2893 5494 nomen
2920 5440 2969 5493 in
3003 5434 3197 5510 plurali
3227 5456 3251 5488 a
3282 5434 3553 5492 Lactantio
3580 5435 3758 5496 semper

2212 5511 2265 5565 in
2297 5515 2491 5587 malum
2523 5513 2763 5587 usurpari
2799 5523 3022 5581 partem.
3056 5512 3374 5587 Βιςῖξῐυιιξιυδ.
3544 5575 3554 5587 _

2287 5583 2420 5653 Spes
2451 5580 2663 5637 homini.
2696 5583 2767 5635 Ita
2802 5580 2929 5638 cum
2973 5583 3223 5653 munibus
3251 5582 3360 5635 fere
3386 5580 3584 5653 excusis
3610 5580 3763 5653 mtiliti-

2212 5649 2420 5725 scripti,
2452 5665 2647 5725 praeter
2675 5656 2710 5707 9.
2738 5655 2869 5725 Reg.
2900 5670 3008 5711 rec.
3039 5662 3092 5707 et
3120 5652 3285 5708 Guth.
3312 5649 3674 5715 nonnullosque
3696 5650 3760 5708 ly-

2213 5727 2631 5796 pis‘expressos,
2665 5727 2857 5795 quibus
2882 5736 2965 5781 est
2993 5726 3231 5796 hominis.

2289 5786 2409 5863 Ηὶεξ
2431 5798 2512 5853 hic
2531 5786 2777 5866 estittitd,
2802 5808 2906 5854 etc.
2931 5796 3021 5854 Sic
3042 5792 3268 5853 restituo
3305 5807 3374 5854 ex
3414 5786 3627 5851 omnium
3647 5787 3750 5839 mli.
