4038 6358
260 303 388 363 445
1033 300 1368 359 ANALYSIS
1405 300 1591 358 LIBRI
1630 300 1720 360 IV.
1762 298 1852 358 DE
1892 298 2082 357 VERA
2127 298 2493 358 SAPlENTIA
2534 298 2624 356 ET
2665 299 2894 359 RELIG.
3474 299 3580 358 146

251 420 419 494 quod
474 420 779 494 philosophi
831 437 1025 481 omnes
1071 423 1126 478 in
1180 429 1292 477 tota
1343 434 1440 477 sua
1476 420 1584 475 vita
1638 418 1870 492 quasie-
1893 421 1951 482 Α
1972 433 2133 490 quam
2163 419 2401 489 reperire
2429 419 2878 490 potnerunt?Qui
2907 418 3021 475 vult
3046 419 3266 490 sapiens
3294 433 3359 476 ac
3384 417 3580 476 beatus

243 522 416 583 runt,
439 531 540 573 nec
562 531 795 588 unquam
817 525 997 574 tamen
1021 516 1370 587 investigare,
1389 511 1870 586 comprehendere,
1980 526 2122 583 esse,
2151 513 2337 569 audiat
2364 513 2454 570 Dei
2479 528 2669 570 vocem
2691 555 2706 579 ,
2738 514 2911 570 discat
2934 512 3196 586 justitiam
3218 557 3232 582 ,
3270 526 3581 573 sacramen-

241 616 456 667 tenere
477 609 783 676 valuerunt,
810 609 900 684 qui
927 609 1245 684 religionem
1267 615 1357 665 aut
1381 620 1602 681 pravam
1633 606 1871 665 retinue—
1981 616 2093 662 tum
2115 603 2411 662 nativitatis
2433 620 2546 661 sure
2569 607 2747 674 norit;
2777 606 3014 664 humana
3040 616 3373 671 contemnat,
3404 606 3583 665 divina

238 708 415 769 runt,
444 708 539 758 aut
568 712 731 759 totam
763 700 979 773 penitus
1007 702 1359 759 sustulerunt.
1392 698 1687 757 Facessant
1710 699 1872 772 igitur
1976 698 2264 769 suscipiat,
2298 708 2356 754 ut
2383 714 2654 755 summum
2695 699 2827 755 illud
2869 700 3068 756 bonum
3091 744 3106 768 ,
3138 701 3207 757 ad
3247 701 3390 772 quod
3421 711 3582 759 natus

237 795 335 852 illi
382 812 597 864 onmes,
629 799 721 869 qui
752 799 1043 854 humanam
1073 799 1242 853 vitam
1292 813 1399 852 non
1448 797 1740 866 instruunt,
1773 797 1869 854 sed
1977 799 2083 859 est,
2116 791 2289 862 possit
2317 790 2567 862 adipisci.
2600 791 2887 847 Dissolutis
2912 793 3263 864 religionibus
3294 792 3581 862 universis,

237 889 505 946 turbant.
532 889 671 960 Quid
702 891 846 946 enim
885 891 1121 947 docent?
1153 896 1245 946 aut
1281 903 1441 960 quem
1485 890 1753 946 instruunt
1779 888 1869 962 qui
1976 894 2031 943 et
2057 884 2333 949 omnibus,
2368 900 2722 957 quascumque
2761 885 2815 941 in
2853 901 3036 942 carum
3076 885 3447 943 defensionem
3478 887 3583 945 dici

234 995 309 1038 se
343 982 500 1052 ipsos
529 980 762 1037 nondum
796 981 1208 1039 instruxerunt?
1231 983 1402 1052 Quem
1434 997 1627 1039 sanare
1656 981 1866 1054 aegroti,
1974 979 2063 1036 vel
2089 979 2357 1044 solebant,
2390 978 2471 1034 vel
2501 987 2765 1050 poterant,
2801 978 3069 1045 refutatis,
3093 979 3291 1036 deinde
3316 980 3584 1036 convictis

234 1090 419 1146 quem
443 1090 636 1146 regere
662 1075 791 1131 cmci
820 1077 1081 1147 possunt?
1102 1076 1217 1131 Huc
1234 1090 1367 1146 ergo
1392 1091 1491 1132 nos
1512 1092 1722 1141 omnes,
1747 1076 1865 1147 qui-

233 1167 354 1224 bus
381 1178 471 1224 est
498 1183 627 1224 cura
653 1170 954 1240 sapientiae,
974 1170 1335 1225 conferamus.
1355 1170 1440 1226 An
1460 1168 1863 1241 expectabimus

233 1262 431 1319 donec
460 1262 715 1321 Socrates
744 1264 944 1336 aliquid
977 1265 1152 1322 sciat?
1189 1274 1279 1320 aut
1316 1263 1661 1337 Anaxagoras
1693 1264 1744 1321 in
1780 1274 1861 1322 te—

232 1354 445 1412 nebris
475 1354 660 1413 lumen
702 1357 979 1414 inveniat?
1001 1368 1096 1413 aut
1120 1359 1457 1415 Democritus
1486 1360 1765 1415 veritatem
1796 1359 1866 1415 de

230 1461 422 1521 puteo
451 1451 745 1507 extrahat?
770 1461 862 1508 aut
891 1451 1250 1524 Empedocles
1278 1453 1465 1509 dilatet
1490 1454 1654 1509 animi
1682 1453 1764 1510 sui
1788 1468 1872 1511 se-

230 1543 464 1599 mitas?
492 1552 585 1599 aut
615 1543 886 1602 Arcesilas
908 1553 964 1602 et
987 1544 1299 1603 Carneades
1329 1544 1573 1616 videant,
1604 1545 1866 1617 sentiant,

231 1634 601 1709 percipiant”?

311 1731 475 1788 Ecce
498 1746 605 1787 vox
633 1731 704 1787 de
741 1731 882 1789 caelo
908 1732 1195 1790 veritatem
1231 1732 1456 1802 docens,
1488 1742 1544 1790 et
1566 1732 1723 1790 nobis
1752 1734 1871 1790 sole

229 1822 370 1897 ipso
412 1825 618 1881 clarius
645 1825 829 1882 lumen
869 1825 1182 1884 ostendens.
1215 1825 1353 1895 Quid
1383 1827 1536 1884 nobis
1575 1827 1741 1900 iniqui
1771 1841 1866 1883 su-

1975 1074 2331 1145 philosolibiaa
2370 1071 2691 1141 disciplinis,
2734 1073 2800 1126 ad
2838 1086 3019 1128 veram
3062 1071 3216 1127 nobis
3256 1073 3576 1144 religionem

1972 1169 2399 1241 sapientiamque
2425 1166 2748 1223 veniendum
2793 1176 2876 1222 est
2898 1208 2915 1233 ,
2947 1167 3199 1238 quoniam
3239 1178 3344 1235 est,
3394 1177 3450 1223 nt
3479 1167 3578 1224 do-

1971 1260 2129 1328 cebo,
2158 1271 2442 1332 utrumque
2468 1261 2848 1331 coniunctum;
2875 1271 2932 1316 nt
2958 1278 3077 1317 eam
3108 1262 3193 1316 vel
3215 1264 3576 1333 argumentis,

1971 1357 2059 1413 vel
2087 1356 2369 1426 exemplis,
2400 1355 2483 1409 vel
2512 1355 2722 1410 idoneis
2751 1355 2980 1412 testibus
3005 1369 3330 1422 asseramus,
3360 1364 3415 1412 et
3435 1356 3576 1411 stul-

1973 1450 2169 1513 titiam,
2194 1462 2352 1523 quam
2377 1448 2533 1503 nobis
2553 1448 2637 1503 isti
2660 1447 2882 1503 deorum
2912 1447 3151 1503 cultores
3167 1448 3441 1519 objectare
3465 1463 3571 1507 non

1973 1546 2249 1614 desinunt,
2273 1555 2331 1602 ut
2354 1543 2558 1601 nullam
2591 1558 2756 1615 penes
2784 1560 2905 1609 nos,
2932 1545 3011 1600 sic
3042 1552 3209 1599 totam
3240 1559 3404 1614 penes
3434 1546 3581 1615 ipsos

1972 1656 2095 1700 esse
2123 1641 2433 1698 doceamus.
2468 1640 2534 1695 Et
2563 1654 2887 1710 quamquam
2927 1637 3199 1708 prioribus
3238 1637 3412 1701 libris,
3454 1651 3577 1693 cum

1973 1735 2136 1791 falsas
2174 1747 2457 1807 arguerem
2500 1733 2811 1804 religiones,
2842 1740 2896 1788 ct
2926 1729 3051 1800 hoc,
3092 1744 3213 1786 cum
3255 1729 3443 1785 falsam
3486 1747 3577 1785 sa-

1969 1831 2222 1901 pientiam
2266 1828 2509 1884 tollerem
2529 1870 2544 1895 ,
2573 1827 2663 1883 ubi
2691 1826 2890 1883 veritas
2915 1825 3014 1893 sit,
3046 1824 3409 1890 ostenderim;
3465 1826 3581 1896 pla-

234 1933 374 1975 mus
393 1918 421 1974 ?
447 1929 507 1976 et
534 1918 849 1990 sapientiam
880 1921 1159 1993 suscipere
1179 1933 1516 1990 cunctamur,
1539 1940 1699 1996 quam
1720 1924 1867 1981 docti
1896 1907 1945 1968 Β
1974 1923 2096 1979 nius
2128 1930 2328 1987 tamen,
2371 1935 2492 1992 quae
2532 1921 2741 1990 religio,
2783 1929 2836 1977 et
2875 1935 2997 1993 quae
3036 1919 3300 1992 sapientia
3330 1933 3455 1976 vera
3487 1919 3576 1987 sit,

236 2010 538 2081 homines,
564 2012 811 2069 contritis
849 2014 903 2069 in
946 2014 1241 2086 quaerendo
1279 2015 1527 2073 natatibus
1557 2018 1691 2085 suis,
1725 2034 1864 2075 nun-

258 2086 457 2107 μακε-μ...-

1972 2018 2111 2074 liber
2143 2017 2420 2088 proximus
2449 2014 2727 2070 indicabit.

1613 2133 1975 2193 VARIORUM
2013 2130 2239 2189 ΝΟΤΛΕ.

239 2243 655 2321 vetustissimis
676 2252 732 2301 et
757 2246 975 2321 optimis
1003 2247 1030 2301 1
1057 2247 1218 2321 Bon.,
1254 2250 1277 2321 1
1309 2249 1445 2321 Reg.
1469 2247 1575 2305 900
1600 2263 1789 2321 annor.
1808 2258 1871 2321 et

239 2316 588 2389 RegiooPut.
622 2332 828 2374 necnon
858 2320 976 2373 Em.
1011 2327 1068 2375 et
1094 2320 1224 2376 edit.
1257 2320 1327 2375 Is.
1358 2316 1416 2375 ιιῐ
1451 2321 1707 2377 scribitur
1740 2320 1871 2375 HIC

237 2391 305 2462 in,
344 2399 743 2462 contractnum
782 2393 1021 2462 margine
1063 2407 1093 2447 e
1118 2392 1340 2462 regione
1367 2392 1493 2461 loci,
1523 2393 1574 2447 in
1603 2409 1710 2462 quo
1740 2408 1867 2448 con-

237 2461 393 2516 stitit
422 2475 647 2533 summa;
675 2461 752 2516 rei
783 2462 924 2517 unde
946 2461 1292 2533 iudicandum
1339 2474 1458 2519 est:
1492 2461 1633 2533 quod
1662 2463 1869 2523 Gallice

237 2533 498 2589 dicimus
526 2531 700 2605 tellis
733 2533 796 2588 de
825 2533 877 2588 la
917 2531 1074 2605 piece,
1107 2536 1191 2590 vel
1229 2536 1365 2591 voild
1392 2537 1439 2591 le
1469 2531 1569 2591 Hic
1591 2553 1609 2590 :
1643 2537 1759 2593 haec
1785 2544 1865 2592 la-

240 2621 377 2680 men
414 2603 631 2680 nonnisi
658 2607 896 2680 populari
920 2603 1173 2680 dicuntur
1201 2622 1468 2680 sermone,
1503 2624 1608 2664 non
1633 2608 1866 2680 eleganti

239 2677 503 2752 eloquio:
522 2676 725 2752 Nostrae
754 2677 967 2752 lectioni
993 2677 1168 2733 favent
1191 2694 1320 2752 mss.
1346 2679 1381 2734 5
1401 2678 1533 2752 Reg.
1550 2681 1661 2745 alii,
1690 2676 1867 2736 1⁷001-

238 2746 427 2815 bert.,
460 2746 609 2812 Gat.,
638 2749 829 2814 Brun.,
858 2751 1052 2819 quibus
1080 2757 1183 2816 est,
1214 2749 1314 2805 Hic
1352 2763 1422 2806 est
1447 2746 1597 2819 illud,
1631 2753 1747 2807 sine
1777 2768 1861 2808 re-

241 2822 561 2887 petitione;
585 2819 712 2875 Jun.
738 2822 763 2875 1
793 2823 940 2877 Colb.
980 2821 1118 2889 Hoc,
1145 2824 1239 2876 hoc
1260 2830 1332 2877 est
1352 2823 1520 2891 illud;
1551 2826 1600 2878 in
1624 2823 1786 2879 Cauc.
1812 2832 1870 2881 et

240 2893 316 3018 11⁸
340 2891 493 3017 alllii:
508 2906 619 2948 rec.
658 2893 872 2964 scriptis
911 2896 1227 2965 cunctisque
1269 2893 1384 2950 fere
1414 2895 1715 2967 impressis,
1752 2895 1866 2951 Hoc

240 2980 292 3018 es
339 2982 360 3018 ι
420 2980 451 3017 u
498 3005 511 3017 .

239 2980 316 3019 εει
339 2980 511 3018 ιιιιια.

320 3057 693 3128 Retinuerunt.
727 3052 818 3114 'lta
866 3058 1081 3128 reposui
1132 3075 1196 3115 ex
1241 3057 1402 3115 editis
1445 3058 1696 3127 Torncs.,
1728 3059 1866 3117 Sou-

242 3130 444 3204 bron.,
476 3127 690 3186 Walch.
718 3139 773 3186 et
799 3127 1050 3204 omnibus
1080 3147 1208 3187 mss.
1234 3141 1427 3203 prmter
1448 3131 1483 3186 2
1506 3132 1636 3204 Reg.
1662 3149 1775 3189 rec.
1812 3142 1868 3189 et

244 3202 313 3258 14
348 3203 682 3272 impressus,
715 3204 767 3257 in
793 3203 987 3274 quibus
1017 3215 1099 3259 est
1124 3202 1412 3258 tenuerunt.

316 3297 763 3370 Sacramentum.
786 3297 840 3351 Id
871 3307 953 3352 est
982 3298 1297 3370 mysterium
1318 3339 1332 3363 ,
1361 3312 1493 3354 voce
1527 3315 1556 3354 a
1587 3297 1868 3355 Lactantio

242 3383 405 3441 szepe
434 3379 710 3440 usurpata.
749 3369 802 3425 Id
843 3380 925 3425 est
952 3386 985 3424 a
1018 3369 1118 3441 quo
1156 3380 1306 3425 natus
1343 3371 1408 3426 sit
1447 3380 1496 3424 et
1523 3381 1742 3426 creatus.
1776 3372 1867 3427 Sic

1971 2244 2305 2310 Lactantius,
2336 2241 2431 2300 lib.
2462 2257 2525 2310 Il,
2556 2256 2605 2298 c.
2636 2240 2725 2309 18,
2754 2240 2883 2298 dicit
2911 2239 3302 2298 Sacramentum
3331 2241 3574 2298 hominis.

1971 2350 2040 2360 —
2080 2319 2468 2373 Sacramentum
2520 2314 2801 2369 nativitatis
2845 2330 2951 2369 sua:
3010 2314 3162 2368 norit.
3213 2313 3410 2370 Nostro
3458 2315 3577 2369 loco

1971 2391 2213 2461 proxima
2244 2389 2335 2461 illa
2367 2403 2431 2442 ex
2463 2386 2556 2442 lib.
2586 2401 2681 2451 vn,
2709 2401 2758 2461 c.
2783 2386 2854 2461 5;
2886 2389 3060 2461 Quare
3083 2386 3339 2461 hominem
3367 2386 3539 2451 fecerit
3555 2401 3577 2451 ,-

1970 2457 2134 2532 supra
2161 2503 2175 2527 ,
2196 2460 2252 2532 isi
2297 2466 2666 2513 sacramentum
2702 2457 3317 2532 Itominis_cognovissent
3348 2472 3527 2532 supra
3558 2498 3573 2523 ,

1970 2527 2105 2605 quod
2125 2531 2262 2588 solus
2282 2532 2354 2605 ita
2377 2534 2648 2601 formatus,
2670 2540 2724 2583 ut
2746 2531 2878 2585 oculi
2902 2529 3011 2601 ejus
3031 2527 3105 2583 ad
3120 2528 3301 2585 caelum
3323 2527 3571 2584 directi...

1969 2602 2239 2660 excitasse.
2278 2602 2407 2658 BUN.

2048 2677 2324 2746 Utrumque
2361 2675 2708 2747 conjunctum.
2757 2671 2894 2747 Dicit
2933 2669 3328 2747 utrumqtte,_id
3359 2680 3463 2735 est,
3496 2686 3576 2747 re-

1969 2749 2210 2821 ligionem
2229 2741 2628 2821 sapientiamque
2648 2742 3012 2821 conjunctam.
3040 2743 3207 2821 idem,
3228 2743 3322 2821 lib.
3343 2757 3416 2807 tv,
3438 2757 3488 2796 c.
3517 2741 3574 2806 2,

1970 2815 2062 2875 an.
2094 2819 2259 2875 dicit:
2290 2815 2613 2888 Sapientiam
2656 2832 2769 2870 cum
2817 2815 3061 2886 religione
3086 2816 3480 2888 siccabat-ere,
3522 2823 3578 2868 ut

1970 2893 2145 2946 divelli
2170 2886 2443 2957 utrumque
2470 2905 2570 2942 non
2599 2889 2777 2957 possit.
2810 2888 2966 2953 |bid.,
2995 2903 3043 2942 c.
3070 2886 3141 2942 δι
3171 2886 3439 2954 Sapientia
3462 2901 3577 2939 cum

1971 2964 2216 3035 religione
2233 2959 2567 3035 inseparabili
2584 2975 2721 3035 nexu
2734 2960 2974 3035 colta’ret;
2993 2958 3124 3035 ibid.
3137 3000 3150 3023 ,
3290 2976 3307 3035 '._
3324 2958 3574 3035 Apparet,

1965 3028 2119 3106 quain
2148 3028 2356 3106 interse‘
2384 3033 2783 3106 conjunctasint
2814 3031 3067 3097 sapientia
3091 3041 3133 3084 et
3159 3028 3377 3106 religio;
3411 3028 3572 3106 ihid.,

1970 3099 2018 3162 ὁ.
2053 3107 2086 3163 5
2111 3124 2123 3159 :
2157 3099 2550 3176 Sapientiam'et
2576 3103 2876 3176 religionem
2902 3120 3005 3167 non
3029 3118 3178 3176 posse
3202 3102 3412 3176 tlitluci._
3440 3099 3574 3154 BUN.

2041 3177 2110 3233 Et
2153 3171 2267 3231 hoc.
2302 3176 2521 3231 Scilicet
2553 3171 2709 3231 tertio
2740 3175 2877 3230 libro
2909 3192 2922 3228 :
2966 3171 3109 3244 quod
3158 3174 3293 3244 bene
3320 3171 3573 3244 coincrct

1968 3250 2225 3321 prioribus
2265 3248 2426 3323 libris.
2463 3246 2655 3323 itaque
2687 3247 2892 3323 restitui
2938 3241 3033 3323 hoc
3065 3261 3196 3323 cum
3237 3241 3471 3323 cellario
3509 3257 3575 3323 ex

1971 3315 2101 3376 mss.
2146 3330 2344 3389 praeter
2389 3318 2422 3373 6
2462 3315 2593 3389 Reg.
2640 3317 2692 3371 in
2740 3317 2935 3390 quibus
2977 3317 3169 3389 legitur
3210 3323 3259 3370 et
3301 3315 3401 3382 hic,
3436 3315 3573 3369 utin

1968 3393 2178 3451 cunctis
2209 3394 2321 3448 fere
2348 3391 2593 3463 vulgatis.

247 3519 3544 3551 Μ

1201 3622 1757 3710 ANALYSIS
1805 3624 2125 3710 LIBRI
2179 3624 2647 3735 QUARTI

807 3782 942 3861 QUI
982 3782 1486 3847 INSCRIBITUR
1526 3784 1633 3847 DE
1662 3786 1884 3849 VERA
1934 3785 2361 3848 SAPIENTIA
2394 3784 2500 3845 ET
2543 3782 3005 3845 RELIGIONE.

316 4090 523 4149 Partes
552 4089 679 4166 libri
694 4090 852 4164 hujus
878 4100 1110 4166 quatuor
1136 4101 1263 4148 sunt
1291 4110 1304 4147 :
1335 4091 1646 4166 Prooemium
1672 4135 1686 4159 ,
1714 4095 1827 4166 c._i
1847 4135 1862 4159 ,
1893 4094 1938 4158 C
1968 4092 2528 4166 mortioTrismegisti,
2548 4092 2970 4166 Sibyllarum,et
2989 4093 3294 4151 Salomonis
3309 4093 3573 4152 Proverb.

247 4166 303 4236 2,
346 4167 410 4227 3,
461 4166 518 4231 4;
549 4163 810 4219 Institutio
842 4165 905 4218 de
930 4163 1153 4226 Christo.
1187 4180 1213 4216 a
1245 4179 1363 4235 cap.
1411 4165 1446 4221 5
1474 4180 1657 4236 usque
1675 4165 1740 4220 ad
1767 4164 1859 4231 29;

248 4235 560 4307 Explicatio
587 4238 899 4306 qmestionis,
930 4238 1181 4307 quomodo
1209 4234 1326 4291 dua:
1351 4234 1600 4303 persentit.
1631 4234 1791 4292 Pater
1814 4248 1864 4293 et

249 4308 454 4373 Filius,
482 4310 584 4362 sint
618 4324 752 4362 unus
782 4307 941 4375 Deus,
964 4323 1086 4378 cap.
1119 4307 1189 4364 29
1218 4324 1233 4374 ;
1282 4307 1581 4363 Admonitia
1606 4308 1669 4361 de
1695 4310 1863 4363 causis

250 4382 527 4435 lttzresium
564 4381 701 4451 (cap.
727 4380 841 4450 50).

319 4449 652 4506 Prooemium
691 4449 807 4506 tria
832 4451 1076 4506 continet
1107 4469 1118 4505 :
1146 4449 1421 4515 querelam
1460 4449 1527 4506 de
1555 4450 1863 4507 introducto

250 4523 486 4580 deorum
522 4523 690 4587 cultu,
720 4539 878 4592 quem
921 4524 1099 4577 omnis
1130 4521 1388 4592 injustitia
1418 4531 1473 4577 et
1504 4523 1753 4588 impietas
1778 4534 1862 4578 est

251 4602 549 4650 coiisecnta
577 4610 592 4657 ;
626 4609 815 4650 causas
836 4611 932 4650 cur
950 4595 1212 4663 sapientia
1239 4609 1268 4646 a
1293 4593 1631 4663 phil050phis
1660 4610 1765 4648 non
1791 4596 1860 4650 sit

252 4667 504 4733 inventa,
536 4666 659 4736 quia
695 4667 944 4721 nimirum
977 4676 1128 4721 extra
1160 4666 1291 4720 lines
1322 4680 1450 4719 suos
1489 4680 1608 4719 eam
1630 4666 1859 4734 quaesie-

253 4740 387 4805 rint,
419 4753 522 4792 nec
548 4737 614 4791 ad
655 4736 872 4793 Judavos
922 4738 1275 4802 accesserint,
1304 4737 1481 4790 divina
1511 4736 1650 4791 haud
1700 4737 1859 4793 dubie

256 4810 598 4879 providentia
628 4808 896 4875 derelicti,
939 4824 1037 4862 nec
1069 4808 1195 4863 inde
1225 4809 1365 4864 scire
1395 4817 1686 4877 potuerunt
1718 4810 1861 4863 veri-

259 4891 426 4936 tatem
454 4898 468 4946 ;
510 4881 743 4951 denique
787 4880 1203 4950 disputationem
1234 4879 1302 4934 de
1332 4881 1613 4950 sapientia
1643 4888 1699 4935 et
1730 4879 1861 4936 reli-

255 4954 436 5023 gionis
460 4952 695 5018 vinculo,
718 4951 807 5008 ubi
833 4953 1058 5007 docetur
1086 4952 1225 5022 apud
1252 4952 1397 5023 solos
1417 4952 1740 5007 christianos
1766 4966 1859 5008 sa-

256 5024 519 5092 pientiam
562 5038 684 5078 cum
722 5025 982 5094 religione
1029 5037 1149 5078 esse
1177 5022 1516 5092 coniunctam
1542 5064 1555 5085 ,
1604 5024 1856 5093 aquibus

261 5110 404 5150 unus
435 5095 573 5149 Deus
595 5095 805 5151 colatur
831 5111 845 5158 ;
881 5110 984 5149 non
1013 5094 1154 5163 apud
1173 5096 1437 5161 elltttiCuS,
1466 5108 1692 5163 quorum
1725 5095 1854 5149 reli-

258 5167 343 5235 gio
374 5182 513 5222 vana
535 5167 628 5233 sit,
654 5176 709 5221 et
736 5183 763 5218 a
797 5165 1132 5236 philosophia
1176 5166 1426 5230 discreta,
1468 5180 1698 5235 quorum
1723 5166 1852 5223 item

259 5238 436 5293 cultus
467 5238 685 5294 divinus
700 5248 887 5293 contra
917 5253 1131 5293 onmem
1159 5238 1229 5292 sit
1256 5238 1541 5292 rationem.

330 5308 600 5364 Institutio
644 5309 712 5364 de
762 5309 980 5364 Christo
1026 5310 1402 5379 complectitur
1444 5306 1748 5364 doctrinam
1785 5309 1854 5365 de

261 5376 459 5452 Christi
482 5381 813 5452 cognitione,
837 5396 1089 5452 persona,
1127 5376 1361 5445 nomine,
1390 5379 1690 5449 nativitate,
1718 5381 1856 5439 dua-

261 5449 361 5522 bus
391 5449 620 5518 naturis,
650 5449 941 5517 miraculis,
974 5455 1245 5522 passione,
1277 5467 1459 5508 cruce.

330 5521 704 5595 Cognitionem
733 5524 933 5579 Christi
977 5521 1327 5579 hauriendam
1370 5531 1553 5578 monet
1598 5540 1665 5579 ex
1720 5540 1850 5595 pro-

262 5591 475 5666 phetis,
512 5597 597 5664 qui
646 5595 897 5666 omnibus
937 5597 1278 5652 ethnicorum
1323 5595 1677 5666 scriptoribus
1707 5591 1848 5653 anti-

262 5665 475 5739 quiores
500 5670 605 5721 sint
630 5667 768 5739 (cap.
800 5665 880 5738 5).

330 5734 623 5794 Personam
639 5734 1025 5795 subsistentem
1054 5747 1178 5808 ante
1205 5737 1463 5795 mundum
1494 5737 1795 5808 conditum,
1820 5755 1851 5796 a

265 5802 485 5882 Deoque
509 5814 822 5882 generatum
846 5808 1012 5870 fuisse
1037 5806 1313 5870 Christum
1338 5807 1675 5871 demonstrat
1695 5802 1849 5875 testlo

1997 4181 2115 4235 cap.
2147 4165 2224 4235 6).

1975 4164 2251 4293 (“ﬁngis
2278 4235 2479 4293 Christi
2508 4238 2782 4309 proprium
2826 4238 2924 4293 soli
2954 4238 3064 4293 Deo
3089 4237 3233 4293 Patri
3265 4238 3453 4294 scribit
3479 4254 3578 4293 no-

1973 4316 2084 4381 tum
2113 4324 2255 4376 esse,
2283 4325 2381 4364 nec
2401 4321 2525 4365 ante
2557 4311 2606 4364 id
2642 4311 2966 4378 publicatum
3000 4312 3083 4373 iri,
3111 4326 3268 4381 quam
3292 4310 3575 4381 dispositio

1971 4379 2136 4436 fuerit
2165 4381 2250 4435 dei
2283 4382 2522 4451 impleta.
2547 4381 2733 4438 Jesum
2758 4392 2932 4438 tamen
2958 4383 3095 4437 inter
3126 4379 3574 4438 homineshomi-

1972 4451 2090 4506 nari
2123 4469 2135 4506 :
2166 4452 2440 4508 Christum
2488 4463 2667 4509 autent
2721 4470 2826 4507 non
2881 4453 3150 4523 proprium
3201 4457 3318 4521 ejus
3369 4469 3567 4507 nomen

1972 4538 2115 4588 esse,
2146 4525 2241 4578 sed
2272 4526 2729 4596 nuncupationem
2755 4526 3036 4595 potestatis
3060 4535 3113 4579 et
3141 4528 3289 4595 regni
3324 4529 3467 4594 (cap.
3489 4525 3567 4596 7).

2036 4596 2297 4650 Nativitas
2340 4594 2537 4651 Christi
2563 4594 2761 4666 duplex
2791 4597 3088 4659 asseritur;
3119 4594 3221 4649 una
3252 4599 3302 4650 in
3334 4594 3565 4663 Spiritu,

1963 4665 2135 4738 altera
2166 4670 2216 4720 in
2249 4682 2433 4722 carne.
2462 4666 2554 4721 Illa
2586 4665 2691 4721 non
2721 4683 2785 4723 ex
2816 4667 3088 4722 connubio
3115 4683 3177 4722 ac
3206 4669 3570 4738 permixtione

1962 4736 2180 4792 feminae
2204 4738 2456 4807 alicujus,
2481 4753 2657 4810 nrque
2680 4755 2744 4795 ex
2778 4741 2886 4794 [leo
2908 4740 2998 4808 qui
3020 4754 3134 4793 mas
3158 4736 3228 4793 sit
3250 4749 3306 4795 et
3344 4741 3565 4806 femina,

1962 4811 2103 4882 sicut
2133 4811 2383 4878 Orpheus
2413 4819 2470 4865 et
2501 4810 2727 4866 Hermes
2770 4819 3057 4882 putarunt,
3113 4811 3208 4865 sed
3263 4812 3569 4880 incompre-

1963 4879 2449 4937 hensibilitercum
2479 4897 2613 4938 voce
2643 4898 2705 4937 ac
2746 4879 2881 4937 sono
2935 4897 3000 4936 ex
3054 4882 3144 4937 Dei
3201 4897 3298 4937 ore
3344 4879 3566 4953 proces-

1963 4953 2104 5008 sisse
2160 4953 2381 5019 dicitur,
2435 4954 2573 5010 sicut
2628 4955 2884 5021 verbum;
2934 4954 3074 5008 unde
3132 4956 3328 5008 merito
3384 4968 3563 5007 sermo

1964 5031 2019 5081 et
2071 5026 2294 5098 verbum
2350 5026 2443 5081 Dei
2493 5036 2831 5096 nuncupetur
2860 5067 2874 5090 ,
2936 5027 3144 5098 rectius
3194 5034 3372 5080 tamen
3421 5025 3565 5098 λόγος

1964 5096 2106 5167 apud
2165 5095 2384 5153 Gra’cos
2428 5104 2568 5167 (cap.
2629 5095 2754 5153 8’et
2793 5099 2871 5165 9).
2935 5096 3047 5152 Hac
3095 5096 3164 5151 de
3205 5098 3410 5166 virgine
3465 5095 3561 5149 na-

1960 5176 2046 5223 tus
2074 5170 2449 5224 manifestatur
2469 5210 2484 5236 ,
2528 5170 2683 5237 cujus
2727 5169 3022 5224 nativitatis
3047 5168 3337 5237 ettponitur
3367 5184 3395 5222 a
3424 5168 3561 5223 Lac-

1957 5241 2130 5296 tantio
2181 5243 2497 5307 necessitas,
2553 5239 2750 5305 forma,
2801 5241 2973 5305 locus,
3026 5241 3168 5295 linis.
3200 5239 3553 5307 Necessitas,

1956 5312 2079 5383 quia
2106 5312 2248 5367 enim
2279 5311 2454 5367 Judtni
2482 5312 2691 5383 magnis
2715 5328 2745 5367 a
2773 5312 2881 5367 Deo
2902 5312 3177 5367 beneﬁciis
3204 5313 3388 5368 allecti
3418 5329 3445 5365 a
3479 5312 3563 5367 di-

1956 5382 2081 5456 vina
2104 5385 2231 5456 lege
2259 5384 2620 5449 desciverant,
2651 5382 2817 5439 [ilium
2843 5400 2998 5456 suum
3024 5385 3442 5456 primogenitum
3466 5383 3562 5439 de-

1958 5454 2067 5526 labi
2092 5455 2254 5526 jussit
2280 5472 2311 5511 e
2334 5456 2474 5511 cutio
2507 5455 2667 5516 Deus,
2692 5466 2749 5510 ut
2774 5454 3090 5525 religionem
3113 5454 3354 5512 sanctam
3383 5465 3564 5512 trans-

1956 5525 2125 5583 ferret
2150 5526 2217 5583 ad
2241 5538 2429 5597 gentes
2458 5526 2599 5597 (cup.
2638 5526 2702 5581 l9
2733 5538 2777 5582 et
2807 5528 2921 5598 11).
2953 5527 3149 5583 Forma
3177 5540 3402 5584 externa
3437 5529 3565 5583 des-

1955 5610 2111 5669 pecta
2142 5597 2239 5654 fuit
2263 5609 2319 5654 et
2345 5599 2585 5665 immitis,
2615 5608 2673 5653 ut
2696 5597 2934 5669 ingratus
2966 5601 3015 5653 in
3044 5600 3212 5655 Deum
3243 5601 3476 5669 pepulns
3506 5601 3561 5655 in

1954 5684 2198 5725 errorem
2228 5669 2518 5725 maximum
2548 5671 2894 5725 induceretur
2922 5671 3059 5742 (cap.
3098 5672 3209 5741 li).
3241 5671 3437 5727 Forma
3468 5672 3546 5726 in-

1956 5750 2237 5823 terna‘est,
2268 5743 2411 5823 quod
2436 5743 2706 5823 virginem
2732 5741 3106 5823 elegit,cuju_s
3137 5752 3292 5823 utero
3320 5758 3382 5799 se
3414 5744 3556 5809 insi-

1955 5810 2162 5879 nuavit;
2191 5809 2333 5887 quod
2380 5809 2603 5871 minime
2632 5809 2949 5883 incredibile
2992 5809 3164 5881 videri
3194 5811 3397 5883 debet,
3432 5825 3561 5880 cum
