4038 6358
248 280 359 341 449

1204 277 1406 340 LIBER
1445 276 1532 339 IV.
1578 280 1664 339 DE
1705 282 1897 342 VERA
1933 276 2295 345 SAPlENTIA
2334 287 2425 346 ET
2464 287 2691 349 RELIG.

3456 293 3567 352 450

251 396 440 454 animo
468 410 593 453 meo
622 410 766 467 smpe
793 395 1064 467 reputanti
1085 397 1322 469 priorem
1349 399 1499 455 illum
1520 400 1735 470 generis
1762 400 1861 455 hu-
1889 405 1942 466 Α
1968 403 2087 460 luce
2116 414 2385 461 versatam
2413 406 2588 481 caligo
2631 422 2697 464 ac
2720 406 2963 464 tenebrae
2989 406 3563 480 comprehenderunt;

249 494 400 549 niani
451 504 676 559 statum,
702 502 756 549 et
800 492 997 548 mirum
1040 493 1268 564 pariter,
1298 503 1351 550 et
1372 492 1653 565 indignum
1689 494 1863 550 videri

251 588 414 656 solet,
442 588 586 659 quod
610 589 768 645 unius
797 588 980 645 stet-ali
1007 590 1234 645 stultitia
1254 590 1545 663 religiones
1561 591 1740 648 varias
1755 606 1868 648 sus-

251 680 532 751 cipientis,
565 682 807 755 deosque
854 682 1060 738 multos
1096 697 1218 739 esse
1248 683 1543 750 credentis,
1574 686 1626 739 in
1661 692 1863 739 tantam

248 776 437 832 subito
460 776 849 848 ignorationem
872 777 954 833 sui
973 784 1194 833 ventum
1216 786 1322 845 est,
1340 778 1587 834 utablata
1613 794 1681 834 ex
1693 776 1863 834 oculis

252 867 509 935 veritate,
534 883 708 940 neque
728 868 919 939 religio
938 868 1032 926 Dei
1045 869 1159 925 veri
1176 885 1351 940 neque
1363 868 1712 925 humanitatis
1726 870 1865 926 ratio

255 966 538 1014 teneretur
565 1001 581 1026 ,
637 958 944 1015 hominibus
985 975 1091 1015 non
1118 960 1171 1015 in
1199 962 1340 1018 C(BIO
1365 976 1635 1017 summum
1663 961 1864 1019 bonum

252 1052 647 1121 quarentibus,
669 1052 765 1108 sed
790 1052 844 1107 in
879 1062 1043 1109 terra.
1076 1054 1248 1123 Quam
1274 1055 1346 1112 ob
1373 1070 1591 1112 causam
1620 1056 1866 1127 profecto

250 1144 584 1200 saculorum
635 1156 884 1202 veterum
937 1155 1141 1203 mutata
1173 1148 1405 1205 felicitas
1432 1159 1536 1206 est.
1570 1150 1869 1219 Coeperunt

249 1240 431 1307 enim,
462 1240 650 1297 relicto
687 1251 909 1313 parente
950 1252 1007 1299 et
1051 1243 1409 1301 constitutore
1439 1245 1681 1300 omnium
1729 1246 1865 1314 Deo,

245 1332 598 1390 insensibilia
615 1334 906 1405 digitorum
925 1350 1147 1392 suorum
1167 1336 1420 1408 ﬁgmenta
1443 1338 1712 1393 venerari.
1734 1339 1867 1407 Qua:

249 1425 509 1496 pravitas
552 1425 680 1496 quid
729 1426 994 1494 effecerit,
1021 1437 1114 1484 aut
1143 1428 1274 1498 quid
1305 1429 1568 1485 malorum
1601 1430 1865 1499 attulerit,

241 1534 344 1576 res
402 1519 519 1591 ipsa
564 1519 829 1576 declarat.
863 1522 1060 1578 Aversi
1115 1537 1350 1594 namque
1393 1538 1423 1577 a
1451 1538 1668 1579 summo
1698 1523 1863 1591 bono,

241 1612 405 1684 quod
437 1614 563 1670 ideo
588 1614 808 1670 beatum
837 1630 903 1670 ac
930 1618 1323 1687 sempiternum
1355 1625 1458 1685 est,
1515 1617 1637 1688 quia
1671 1616 1865 1686 videri,

245 1707 429 1780 tangi,
472 1707 861 1778 comprehendi
913 1723 1021 1763 non
1077 1717 1293 1779 potest,
1326 1719 1381 1765 et
1433 1725 1463 1764 a
1496 1710 1785 1765 virtutibus
1817 1709 1868 1765 ei

1967 505 2023 552 et
2046 496 2189 568 quod
2217 497 2343 554 huic
2363 501 2610 569 pravitati
2634 515 2940 573 congruens
2964 510 3102 568 erat,
3128 509 3415 573 postquam
3436 501 3567 556 sub—

1967 587 2075 644 lata
2106 591 2373 661 sapientia
2404 601 2510 659 est,
2542 602 2652 648 tum
2695 592 2914 649 demum
2939 593 3041 649 sibi
3069 592 3321 649 homines
3348 593 3569 665 sapiem

1967 692 2081 737 tum
2110 699 2308 741 nomen
2342 685 2630 743 vendicare
2655 696 2958 758 eruperunt.
3010 687 3147 743 Tum
3197 696 3376 744 autem
3407 701 3569 744 nemo

1967 774 2187 846 sapiens
2239 780 2570 848 vocabatur,
2625 795 2748 836 cum
2788 794 2982 837 omnes
3031 789 3207 837 erant.
3243 781 3571 852 Utinamque

1968 882 2166 924 nomen
2196 868 2331 925 illud
2362 870 2653 942 aliquando
2669 873 2970 943 publicum,
2993 874 3241 945 quamvis
3269 872 3338 929 ad
3367 888 3573 945 paucos

1967 960 2272 1029 redactum,
2304 974 2483 1021 tamen
2514 964 2621 1020 vim
2650 981 2805 1021 suam
2852 965 3135 1023 retineret.
3165 966 3393 1024 Posseut
3426 966 3572 1024 enim

1967 1049 2200 1110 fortasse
2230 1055 2384 1125 pauci
2414 1056 2494 1112 illi
2521 1056 2608 1112 vel
2626 1057 2867 1129 ingenio,
2898 1058 2984 1114 vel
3009 1058 3357 1127 auctoritate,
3375 1059 3461 1115 vel
3484 1074 3575 1116 as-

1968 1145 2139 1201 siduis
2169 1146 2532 1204 hortamentis
2563 1148 2796 1206 liberare
2820 1150 3079 1220 populum
3109 1150 3255 1206 vitiis
3291 1159 3347 1207 et
3371 1152 3575 1208 errori—

1968 1235 2093 1293 bus.
2124 1240 2231 1295 Sed
2286 1238 2426 1296 adeo
2469 1240 2522 1295 in
2557 1250 2731 1296 totum
2761 1241 3025 1312 sapientia
3076 1241 3373 1312 occiderat,
3420 1254 3478 1298 ut
3506 1258 3576 1300 ex

1969 1333 2084 1403 ipsa
2116 1333 2356 1390 nominis
2382 1334 2692 1406 arrogantia
2711 1335 2922 1391 nullum
2947 1351 3161 1405 eorum,
3184 1337 3278 1409 qui
3306 1352 3571 1395 vocaren—

1971 1434 2101 1494 tur,
2152 1437 2412 1498 appareat
2466 1427 2637 1485 fuisse
2688 1430 3010 1501 sapientem.
3066 1430 3139 1486 Et
3182 1439 3362 1489 tamen
3394 1433 3576 1503 prius,

1970 1536 2133 1591 quam
2161 1519 2277 1577 haec
2308 1522 2670 1594 philosophia,
2692 1539 2813 1594 qua:
2834 1522 3031 1581 dicitur
3054 1538 3198 1591 esse,
3222 1524 3578 1593 inveniretur,

1971 1621 2179 1682 septem
2214 1611 2380 1670 fuisse
2404 1614 2711 1681 traduntur,
2740 1617 2830 1687 qui
2879 1617 3042 1687 primi
3063 1618 3329 1685 omnium,
3357 1619 3485 1691 quia
3509 1618 3580 1677 de

1969 1705 2134 1760 rebus
2161 1706 2500 1764 naturalibus
2540 1723 2786 1776 quaerere
2838 1724 2901 1765 ac
2941 1709 3224 1781 disputare
3250 1719 3379 1768 sunt
3436 1711 3575 1781 ausi,

242 1799 407 1856 bono
432 1799 887 1871 congruentibus,
916 1816 1038 1871 quin
1064 1811 1190 1856 sunt
1235 1817 1390 1873 aeque
1418 1802 1774 1868 immortales,
1802 1802 1870 1858 ad
1900 1811 1948 1871 Β
1975 1801 2251 1870 sapientes
2274 1799 2462 1858 haberi
2483 1802 2851 1875 appellarique
2882 1813 3218 1861 meruerunt.

243 1896 360 1954 hos
384 1903 674 1965 corruptos
695 1902 751 1951 et
789 1893 1011 1966 fragiles
1059 1894 1192 1951 deos
1222 1895 1382 1966 lapsi,
1411 1905 1466 1951 et
1489 1895 1771 1952 studentes
1804 1896 1867 1950 iis

244 1989 449 2055 rebus,
478 1989 673 2059 quibus
709 1988 885 2044 solum
910 2004 1107 2060 corpus
1147 1998 1391 2056 ornatur,
1423 1990 1600 2058 alitur,
1630 1990 1872 2046 delecta-

244 2090 370 2151 tur,
403 2091 638 2139 mortem
692 2081 794 2138 sibi
837 2092 1151 2153 perpetuam
1192 2096 1312 2137 cum
1344 2081 1448 2138 diis
1476 2093 1678 2137 etcum
1711 2082 1869 2138 bonis

2050 1891 2095 1948 Ο
2118 1892 2372 1949 miserum
2402 1894 2881 1968 calamitosumque
2927 1898 3210 1966 sreculum,
3229 1914 3337 1969 quo
3357 1914 3455 1971 per
3482 1914 3572 1956 or-

1975 1988 2096 2043 bem
2127 1999 2297 2045 totum
2326 2000 2535 2062 septem
2586 1992 2687 2048 soli
2713 1990 2950 2059 fuerunt,
2986 1993 3082 2064 qui
3110 1992 3389 2049 hominum
3414 2008 3578 2051 voca-

1970 2083 2099 2139 bulo
2123 2085 2397 2140 cierentur
2426 2101 2442 2151 ;
2493 2100 2654 2141 nemo
2697 2087 2840 2142 enim
2892 2095 3071 2158 potest
3096 2087 3221 2157 jure
3249 2086 3354 2144 dici
3380 2086 3570 2155 homo,

242 2175 641 2249 corporalibus
687 2175 1057 2247 quaesierunt;
1114 2174 1238 2246 quia
1268 2175 1430 2229 morti
1479 2188 1678 2244 corpus
1708 2188 1868 2229 omne
1969 2177 2074 2231 nisi
2123 2177 2211 2246 qui
2257 2178 2472 2248 sapiens
2521 2189 2625 2234 est.
2657 2178 2765 2235 Sed
2806 2179 2850 2234 si
2897 2181 3080 2235 caeteri
3131 2195 3348 2250 omnes,
3370 2193 3578 2254 praeter

243 2272 571 2343 subjectum
601 2279 708 2327 est.
758 2267 1005 2326 Insecuta
1055 2279 1140 2324 est
1192 2268 1353 2339 igitur
1400 2267 1713 2339 hujusmodi
1740 2267 1865 2322 reli-

240 2366 453 2437 giones
479 2363 743 2435 injustitia
781 2372 836 2419 et
872 2362 1126 2434 impietas
1150 2403 1164 2425 ,
1199 2362 1359 2418 sicuti
1402 2360 1578 2418 fuerat
1623 2376 1868 2418 necesse.

242 2457 560 2514 Desierunt
601 2455 748 2513 enim
803 2456 986 2511 vultus
1034 2470 1166 2510 suos
1196 2453 1250 2509 in
1282 2454 1478 2511 caelum
1512 2455 1742 2511 tollere:
1774 2453 1871 2510 sed

240 2552 523 2609 deorsum
553 2558 765 2606 mentes
792 2548 1073 2605 hominum
1100 2549 1395 2620 depressae,
1431 2548 1661 2604 terrenis
1690 2558 1748 2604 ut
1775 2564 1869 2604 re-

242 2647 581 2720 ligionibus,
612 2646 691 2701 sic
728 2645 888 2702 etiam
922 2644 1081 2701 bonis
1107 2644 1463 2701 inhaerebant.
1497 2641 1756 2700 Secutum
1789 2651 1875 2698 est

242 2740 552 2799 dissidium
577 2739 797 2812 generis
838 2737 1161 2804 bumani,et
1200 2735 1366 2802 fraus,
1390 2746 1447 2792 et
1469 2734 1623 2792 nefas
1670 2750 1873 2802 omne;

245 2834 394 2907 quia
441 2831 642 2904 spretis
704 2831 925 2886 aeternis
974 2840 1140 2903 atque
1181 2829 1510 2900 incorruptis
1558 2830 1882 2902 bonis,qute

245 2927 380 2982 sola
439 2924 645 2980 debent
694 2924 762 2978 ab
814 2922 1034 2979 homine
1075 2922 1418 2992 concupisci,
1454 2921 1770 2992 temporalia
1825 2931 1883 2977 et

246 3016 459 3075 brevia
512 3015 850 3080 maluerunt,
900 3016 1181 3086 majorque
1228 3013 1536 3070 hominibus
1582 3014 1649 3069 ad
1679 3018 1877 3069 malum

248 3111 413 3170 ﬁdes
442 3109 568 3178 fuit,
598 3111 690 3181 qui
749 3124 972 3181 pravum
1019 3119 1190 3175 recto,
1247 3108 1367 3178 quia
1419 3106 1741 3178 praesentius
1767 3106 1881 3162 fue-

247 3213 347 3263 rat
379 3202 763 3274 praetulerunt.

329 3295 440 3354 Sic
466 3295 760 3353 humanam
780 3295 943 3351 vitam
962 3293 1233 3366 prioribus
1257 3292 1539 3350 saeculisin
1567 3291 1871 3348 clarissima

1970 2267 2141 2338 ipsos,
2174 2268 2328 2323 stulti
2376 2270 2612 2336 fuerunt,
2654 2284 2723 2325 ne
2769 2270 2845 2325 illi
2873 2270 3089 2341 quidem
3121 2272 3422 2343 sapientes,
3453 2273 3582 2342 quia

1979 2368 2140 2408 nemo
2187 2355 2404 2424 sapiens
2449 2369 2571 2411 esse
2616 2370 2743 2412 vere
2792 2356 2999 2427 judicio
3048 2357 3336 2414 stultorum
3379 2367 3577 2429 potest.

1982 2449 2135 2504 Adeo
2162 2448 2230 2504 ab
2253 2448 2335 2505 his
2362 2448 2533 2505 abfuit
2561 2448 2845 2521 sapientia,
2870 2460 2930 2506 ut
2951 2465 3019 2507 ne
3040 2461 3232 2522 postea
3262 2450 3479 2522 quidem
3502 2451 3588 2507 in-

1982 2552 2269 2600 crescente
2296 2543 2565 2612 doctrina,
2605 2553 2662 2599 et
2689 2544 2875 2601 multis
2923 2545 3243 2617 magnisque
3267 2544 3500 2617 ingeniis
3526 2546 3581 2602 in

1982 2637 2034 2694 id
2078 2637 2252 2709 ipsum
2302 2652 2517 2709 semper
2564 2638 2807 2708 intentis,
2844 2639 3082 2711 potuerit
3108 2639 3341 2710 perspici
3371 2639 3576 2696 veritas

1983 2740 2040 2787 et
2058 2731 2463 2802 comprehendi.
2494 2730 2625 2786 Nam
2654 2741 2777 2802 post
2796 2731 3016 2787 illorum
3039 2740 3246 2802 septem
3269 2732 3579 2803 sapientum

1981 2823 2231 2895 gloriam,
2262 2823 2579 2881 incredibile
2630 2832 2732 2890 est,
2783 2832 2985 2895 quanto
3028 2823 3208 2880 studio
3240 2823 3577 2895 inquirendae

1983 2916 2228 2972 veritatis
2250 2915 2460 2973 Graecia
2487 2916 2666 2972 omnis
2694 2916 2983 2972 exarserit.
3007 2916 3085 2971 Ac
3103 2916 3358 2986 primum,
3383 2931 3580 2971 nomen

1984 3011 2159 3083 ipsum
2193 3011 2472 3082 sapientia:
2498 3024 2761 3082 arrogans
2789 3017 3133 3082 putaverunt,
3165 3023 3333 3080 seque
3360 3024 3467 3064 non
3499 3024 3590 3064 sa-

1983 3106 2211 3176 pientes,
2268 3106 2363 3163 sed
2419 3105 2692 3162 studiosos
2748 3104 3030 3174 sapientiae
3079 3112 3428 3159 vocaverunt.
3464 3103 3586 3171 Quo

1906 3179 1952 3242 Ο
1986 3197 2148 3266 facto,
2182 3208 2236 3253 et
2283 3199 2424 3267 illos,
2454 3200 2543 3269 qui
2574 3208 2777 3255 temere
2807 3197 3110 3268 sapientum
3133 3197 3236 3251 sibi
3264 3211 3461 3252 nomen
3492 3210 3586 3253 as-

1982 3293 2222 3349 civerant
2255 3335 2272 3361 ,
2327 3294 2532 3351 erroris
2576 3292 2926 3364 stultitiaeque
2980 3292 3394 3359 damnaverunt,
3447 3300 3500 3347 et
3530 3305 3594 3349 se

1604 3406 1967 3465 VARIORUM
2004 3407 2235 3465 ΝΟΤᾹΞ.

245 3514 307 3564 et
329 3502 496 3569 editi,
519 3509 656 3559 teste
671 3501 898 3565 Gallam,
929 3516 995 3556 ex
1028 3500 1224 3571 quibus
1250 3508 1372 3553 sunt
1402 3497 1648 3571 Easitel.,
1668 3497 1871 3571 Detul.,

246 3579 529 3640 Tomes.,
583 3574 779 3648 Thys,
830 3572 971 3648 Gall.
1004 3614 1020 3638 ,
1047 3569 1265 3648 ‘Cellar.
1298 3612 1328 3648 ,_
1368 3569 1578 3648 Walch.
1610 3610 1627 3638 ,
1676 3570 1871 3626 Soubr.

247 3650 488 3706 Absunt
518 3662 547 3702 a
585 3642 893 3714 52scriptis
923 3654 977 3701 et
1012 3642 1284 3699 nonnullis
1316 3642 1615 3713 impressis,
1649 3651 1703 3697 et
1737 3656 1879 3712 prin-

250 3722 463 3779 sertim
494 3719 549 3773 in
572 3718 657 3774 ed.
680 3716 897 3774 Sublac.

334 3812 420 3867 Et
448 3828 565 3866 cum
593 3813 764 3865 animo
813 3825 925 3864 nieo
954 3823 1088 3879 stupe
1114 3806 1392 3877 reputanti.
1419 3804 1737 3879 Prtepositio
1764 3822 1880 3879 cum

253 3886 313 3943 in
340 3885 383 3941 5
416 3898 552 3939 mss.
594 3882 989 3939 Oxoniensibus
1015 3875 1068 3935 et
1098 3881 1152 3934 in
1174 3875 1416 3934 editione
1444 3875 1750 3931 Florentina
1777 3877 1879 3932 de-

250 3957 585 4021 sideratur;
613 3961 962 4009 exhalantem
988 3953 1037 4006 in
1069 3952 1280 4006 czcteris
1304 3959 1415 4004 tum
1449 3963 1578 4021 mss.
1615 3957 1731 4021 tum,
1758 3948 1877 4003 edi-

257 4028 364 4095 tis,
396 4035 457 4081 et
502 4019 641 4093 apud
692 4024 971 4080 Minutium
1016 4022 1273 4086 Felicem,
1317 4036 1478 4092 quem
1530 4019 1616 4076 hic
1644 4020 1883 4075 imitatus

253 4106 352 4157 est
383 4097 726 4162 Lactantius,
758 4107 818 4151 ut
843 4112 1001 4164 supra
1028 4095 1304 4149 admonui.

335 4170 425 4226 Ει
450 4171 639 4223 mirum
668 4162 990 4238 pariter,ctc.
1036 4166 1212 4231 Lact”,
1245 4166 1282 4220 ι.
1317 4181 1354 4230 1,
1399 4179 1448 4238 c.
1484 4164 1553 4238 H_
1583 4162 1695 4238 τλά
1716 4174 1762 4219 et
1790 4163 1883 4238 do-

256 4244 366 4300 ctis
398 4241 609 4310 pariter
629 4234 683 4296 et
701 4239 922 4293 indoctis
952 4253 1253 4310 persuasum
1283 4246 1375 4291 est.
1414 4234 1488 4310 De
1519 4235 1687 4310 Qpif.,
1722 4251 1772 4310 c.
1803 4235 1874 4310 8‘:

260 4306 588 4373 Ministeriis
609 4322 656 4368 et
681 4312 922 4366 instruxit
954 4306 1144 4378 pariter
1186 4318 1240 4362 et
1276 4307 1493 4363 ornavit.
1526 4306 1880 4377 Elegantissi-

258 4401 401 4444 mus
434 4383 667 4449 Plinius,
696 4385 732 4438 Ι.
758 4399 855 4445 vn,
880 4398 965 4452 ep.
1000 4381 1101 4436 19:
1140 4378 1319 4451 Meque
1353 4390 1419 4452 et
1453 4395 1581 4452 nouo
1613 4379 1805 4447 pariter
1827 4385 1883 4434 et

1984 3511 2183 3572 praeter
2217 3503 2241 3557 1
2277 3500 2518 3573 Clarum.
2548 3509 2607 3557 et
2659 3500 2728 3557 12
2754 3500 2913 3569 edit.,
2956 3501 3155 3573 quibus
3206 3511 3292 3557 est
3336 3503 3592 3573 sapientia

1980 3574 2256 3628 ceciderat.
2282 3603 2351 3613 —
2377 3572 2648 3642 Sapientia
2674 3573 2950 3627 occiderat.
2979 3572 3105 3629 Haec
3148 3588 3277 3629 vera
3311 3572 3589 3644 scriptura

1984 3644 2142 3700 valde
2178 3646 2229 3699 in
2266 3644 2419 3700 libris
2445 3645 2758 3715 depravata.
2785 3645 2875 3700 Sic
2906 3645 3008 3713 l.v,
3039 3660 3088 3700 c.
3120 3645 3177 3710 4,
3209 3656 3349 3700 extr.
3382 3662 3394 3698 :
3430 3645 3593 3701 Occa-

1980 3733 2155 3772 suram
2204 3733 2313 3772 esse
2342 3732 2543 3770 omnem
2592 3717 2996 3785 philosOphiam;
3042 3716 3078 3770 Ι.
3111 3733 3171 3784 ιι,
3205 3732 3254 3771 c.
3291 3717 3400 3772 1οε
3437 3717 3588 3772 Occi-

1982 3787 2104 3844 dere
2150 3790 2203 3842 in
2250 3799 2433 3855 totum,
2465 3798 2522 3842 ut
2551 3787 2639 3843 hic
2670 3789 2824 3842 dixit.
2854 3787 3048 3843 Cicero
3080 3789 3132 3843 in
3161 3788 3387 3856 Catone,
3415 3804 3466 3844 c.
3495 3789 3589 3858 20,

1983 3870 2123 3916 extr.
2162 3878 2175 3915 :
2211 3858 2279 3915 Ut
2302 3861 2623 3931 superiorum
2644 3870 2855 3914 aetatum
2877 3860 3051 3914 studia
3073 3859 3355 3926 occidunt,
3384 3862 3460 3915 sic
3491 3877 3588 3917 oc-

1987 3932 2178 3988 cidunt
2227 3932 2381 3987 etiam
2430 3932 2739 3997 senectutis;
2770 3932 2858 4003 ι.)
2905 3931 2972 3987 de
3004 3930 3214 4003 Legib.,
3243 3947 3293 3987 c.
3329 3934 3398 3987 1'2.
3423 3949 3437 3986 :
3466 3931 3593 3988 lam

1989 4004 2237 4059 amicitia:
2258 4020 2443 4058 nomen
2472 4003 2752 4059 occiderit.
2813 4002 2945 4058 BDN.

2060 4076 2341 4148 Appareat.
2403 4076 2636 4148 Reposui
2688 4091 2754 4148 ex
2803 4075 2964 4130 editis
3008 4076 3043 4131 4
3095 4084 3151 4132 et
3179 4078 3389 4132 cunctis
3420 4092 3593 4148 prope

1990 4163 2123 4204 mss.
2148 4147 2206 4203 ln
2236 4146 2363 4203 Jun.
2389 4158 2444 4201 et
2474 4146 2542 4202 10
2568 4147 2783 4218 excusis
2814 4156 2897 4201 est
2921 4149 3266 4218 apparuerit;
3298 4150 3351 4204 iu
3384 4146 3589 4205 ascri-

1992 4221 2105 4292 ptis
2127 4235 2237 4274 rec.
2268 4219 2544 4292 apparuit;
2574 4220 2628 4292 in
2662 4218 2686 4272 1
2717 4216 2963 4292 Clarum.
2995 4216 3297 4292 appareret.

2064 4290 2192 4347 Esse
2217 4291 2542 4364 inveniretur,
2576 4289 2715 4344 Vera
2747 4290 2929 4356 lectio,
2960 4289 3120 4364 quam
3150 4306 3256 4345 non
3276 4291 3594 4364 intelligen-

1992 4373 2073 4439 tes
2103 4364 2308 4418 librarii
2342 4362 2406 4417 1‘2
2437 4362 2772 4432 scripserunt
2822 4369 2951 4416 esset
2998 4362 3202 4416 inventa
3225 4377 3246 4427 ;
3273 4362 3306 4417 ’ὀ
3335 4378 3447 4417 rec.
3471 4362 3594 4439 esse

262 4436 501 4514 $555sz
528 4436 732 4509 uulnere
751 4436 981 4523 adjicieu
1005 4460 1058 4507 et
1088 4454 1122 4508 Ι.
1151 4468 1205 4517 x,
1235 4436 1327 4523 ep.
1356 4451 1428 4506 45
1453 4448 1570 4521 (36)
1599 4436 1875 4523 {etsusce-

1990 4436 2214 4523 inventa,
2239 4442 2515 4523 corrupte.

264 4531 455 4601 pimus
496 4527 688 4601 pariter
715 4537 769 4582 et
813 4520 1075 4601 solvimus:
1106 4525 1268 4578 Solus
1289 4520 1599 4601 tlyprianus
1628 4520 1714 4577 vel
1753 4537 1886 4577 cen-

266 4592 379 4657 ties
410 4609 461 4653 et
490 4592 684 4667 pariter
732 4607 777 4651 et
824 4596 1019 4665 posuit.
1055 4594 1112 4650 In
1162 4592 1407 4650 versibus
1435 4592 1685 4667 Oyidius,
1718 4608 1818 4667 pro
1842 4603 1890 4647 et

2069 4506 2277 4575 Septem
2305 4506 2465 4577 fuisse
2502 4504 2797 4577 traduntur,
2828 4513 2934 4577 etc_.
2966 4503 3057 4561 Sic
3085 4504 3209 4576 lego
3250 4519 3374 4562 cum
3414 4507 3593 4562 omni-

1995 4579 2096 4635 bus
2119 4574 2234 4633 fere
2262 4574 2395 4632 mss.
2429 4585 2483 4631 et
2507 4576 2740 4646 vulgatis
2764 4591 2881 4632 sex.
2912 4574 2971 4631 In
3023 4579 3057 4632 4
3083 4574 3302 4647 scriptis
3345 4594 3459 4635 rec.
3486 4586 3541 4634 et
3560 4580 3595 4635 8

1993 4650 2156 4707 editis
2196 4659 2277 4705 est
2311 4648 2560 4714 :Septem
2610 4648 2771 4720 fuisse
2817 4647 3091 4702 traduntur
3143 4649 3298 4719 primi
3342 4651 3590 4715 omnium,

275 4665 498 4745 pariter
530 4680 600 4735 et,
632 4684 780 4745 saepe
802 4667 1022 4725 adhibet
1063 4677 1109 4722 et
1141 4668 1450 4737 pariterque,
1484 4665 1522 4719 Ι.
1568 4680 1663 4720 xut
1714 4665 1890 4722 Meta-

271 4719 1021 4814 ῧῖἀὲᾗίι.,’ἶεῖῖιέἒ.”“”’⁷
1069 4719 1104 4722 ⁷-
1141 4719 1204 4737 ’πί
1634 4719 1637 4720 ί
1780 4719 1819 4722 τί
1992 4719 3595 4814 estquia!“ew3_§epletq,,?qlenlillilgl’inﬂa-

1995 4789 2209 4865 pientes
2235 4802 2362 4865 sunt
2391 4791 2607 4865 Thales,
2638 4791 2879 4865 Pittacus
2900 4789 3264 4865 lilitylenasus,
3293 4789 3416 4848 Bias
3443 4793 3600 4848 Prie-

1996 4862 2204 4930 nensis,
2236 4864 2423 4929 Solon,
2458 4862 2754 4921 Cleobulus
2784 4862 3029 4929 Lindius,
3057 4862 3216 4919 Chilo
3243 4863 3595 4920 Lacedaemo-

1996 4938 2142 5004 nius,
2165 4935 2480 4992 Periander.
2509 4934 2605 5008 [iis
2645 4934 2862 5008 addunt
2886 4934 3051 5006 aliqui
3079 4934 3436 4991 Anacharsim
3464 4935 3600 5008 Scy-

1996 5008 2164 5065 tham.
2197 5009 2272 5064 De
2297 5007 2495 5077 quibus
2516 5006 2786 5071 Laertius,
2811 5005 2950 5061 libro
2980 5005 3020 5059 i.

2067 5076 2352 5136 Cierentur.
2384 5078 2484 5150 Ms.
2513 5078 2640 5135 Jun.
2674 5078 2805 5150 legit
2827 5077 3177 5133 crederentur.
3205 5076 3599 5150 Nihilmutau-

1995 5153 2124 5209 dum
2169 5151 2376 5209 censui.
2414 5148 2683 5207 Cierentur
2727 5148 2810 5206 est
2836 5159 3157 5205 vocarentur.
3210 5148 3304 5206 Sic
3348 5149 3599 5221 Lucret.,

1998 5226 2161 5280 l.v:

411 4855 480 4909 Et
504 4858 649 4908 vitam
675 4858 856 4921 pariter
882 4867 1191 4919 regnumque
1219 4852 1435 4917 reliquit.
1477 4852 1601 4903 Bos.

353 4963 657 5036 (Imperant.
685 4962 768 5036 De
794 4961 896 5036 hac
919 4959 1222 5036 defectione
1244 4967 1298 5013 et
1323 4956 1600 5036 hominum
1629 4955 1891 5036 insipien-

278 5040 385 5103 tia,
410 5027 539 5090 vide
566 5035 791 5089 Paulum
820 5033 887 5088 ad
918 5033 1211 5095 Romanos,
1239 5045 1291 5085 c.
1324 5028 1479 5103 t,42|,
1504 5028 1599 5103 25,
1627 5027 1716 5082 24.

360 5101 635 5174 E/fecerit.
679 5106 888 5174 Sequor
915 5103 1200 5174 lectionem
1245 5101 1486 5157 omnium
1537 5101 1645 5174 lege
1674 5113 1806 5174 mss.
1838 5108 1894 5174 et

280 5183 318 5236 9
351 5169 503 5251 typis
554 5169 914 5251 vulgaturum.
964 5172 1025 5229 In
1064 5174 1202 5251 lleg.
1242 5188 1381 5251 ‘rec._
1411 5179 1496 5227 est
1540 5169 1704 5239 e/fecit
1726 5187 1746 5237 ;
1778 5170 1831 5225 in
1858 5169 1893 5227 5

281 5245 515 5321 scriptis
540 5245 731 5305 reciet
758 5246 983 5304 totidem
1011 5245 1195 5312 editis,
1226 5245 1421 5370 [βεεν-ὴ.
1726 5312 1737 5324 .

370 5322 515 5370 Ouia
540 5321 721 5370 videri.
754 5320 916 5370 tanai.
968 5326 1073 5370 etc.
1103 5315 1197 5370 Sic
1245 5314 1423 5369 ’anius
1471 5312 1586 5369 [ad
1614 5305 1737 5369 Cori

370 5312 515 5388 Quia
540 5321 721 5387 videri,
754 5320 916 5390 tangi,
968 5326 1077 5390 etc.
1103 5315 1197 5373 Sic
1226 5312 1423 5390 Paulus
1471 5314 1495 5369 ἰ
1519 5312 1586 5369 ad
1614 5312 1890 5390 Cori_ntli.,

284 5410 343 5451 c.
379 5386 444 5460 Ξ,
466 5393 537 5449 de
582 5386 859 5462 Sapientia
889 5390 983 5446 Dei
1034 5388 1109 5443 ait
1130 5386 1275 5462 quod
1300 5387 1482 5462 oculus
1532 5402 1634 5440 non
1661 5386 1811 5462 vidit,
1843 5394 1892 5440 et

286 5457 444 5520 auris
472 5482 576 5519 non
599 5457 812 5527 audivit,
841 5472 887 5517 et
917 5464 969 5515 in
1004 5477 1093 5515 cor
1117 5457 1337 5513 heminis
1379 5474 1481 5512 non
1501 5457 1747 5512 ascendit.

369 5534 721 5591 Inhterebant.
744 5534 871 5590 Mss.
899 5533 1127 5588 Tornes.
1171 5530 1499 5584 adluerebant
1526 5546 1544 5596 ;
1575 5530 1600 5584 1
1634 5530 1766 5583 Bon.
1794 5544 1893 5583 au-

292 5608 427 5679 tiq.,
455 5607 608 5674 Jun.,
640 5606 813 5679 Ultr.,
832 5605 919 5661 ed.
948 5603 1045 5679 l§.,
1071 5601 1411 5679 inliwserunt.

376 5669 650 5746 Sapientia
672 5669 947 5734 occiderat.
965 5675 1057 5731 Sic
1087 5675 1347 5746 lego‘cum
1376 5672 1505 5729 edit.
1537 5673 1574 5746 ἓ
1590 5679 1703 5746 vel.
1728 5669 1888 5746 Rom.

296 5743 468 5809 1468.
527 5751 683 5816 H70,
734 5749 929 5806 Venet.
965 5743 1413 5810 M90f'l‘orues.
1473 5743 1635 5808 1579,
1668 5743 1890 5808 Soubr.,

296 5819 513 5885 Gener.
564 5822 723 5891 1715,
748 5820 974 5887 Cellar.,
1006 5829 1061 5876 et
1103 5816 1318 5874 Walch.
1351 5825 1406 5875 et
1453 5816 1705 5887 omnibus
1756 5831 1889 5872 mss.

2150 5334 2432 5388 Dissimiles
2452 5334 2644 5386 soleant
2670 5346 2820 5385 voces
2841 5334 3105 5399 variasque
3128 5336 3288 5387 ciere.

1996 5438 2201 5507 Livius,
2235 5439 2366 5495 ciere
2394 5446 2582 5509 patres.
2617 5436 2766 5509 Virg.
2798 5453 2872 5507 vr,
2907 5435 3171 5494 Eneid.:

2153 5610 2212 5639 ._.
2240 5614 2251 5624 .
2284 5615 2295 5626 .
2327 5615 2337 5625 .
2362 5612 2375 5625 .
2404 5612 2416 5625 .
2446 5612 2459 5625 .
2487 5574 2594 5635 Quo
2615 5588 2715 5626 non
2734 5575 3047 5639 praestantior
3067 5573 3195 5627 alter

2154 5636 2274 5688 [Ere
2295 5641 2435 5689 ciere
2451 5640 2603 5690 viros.

2024 5741 2410 5827 __Putauerun_t.
2435 5745 2769 5827 Pythagoras
2799 5747 3030 5819 scilicet,
3053 5744 3123 5807 de
3149 5765 3260 5824 quo
3286 5750 3409 5808 vide
3434 5768 3596 5827 supra

2000 5815 2139 5875 libro
2168 5832 2244 5887 ιη,
2269 5832 2320 5874 c.
2348 5818 2385 5873 2
2404 5829 2459 5876 et
2481 5815 2512 5877 1
2528 5819 2574 5875 1.
