4038 6358
205 360 313 419 455

835 482 1063 545 CAPUT
1104 484 1193 542 III.

211 630 487 702 Sapientia
524 636 568 683 et
606 624 785 699 religio
815 623 990 681 divelli
1033 640 1135 678 non
1191 631 1437 695 possunt;
1476 624 1817 687 necessarium

335 732 410 779 est
433 732 485 776 ut
513 729 713 775 natura:
734 702 988 773 Dominus
1016 718 1079 779 sit
1107 716 1504 787 uniuscujusque
1537 726 1700 789 pater.

285 860 525 917 Deorum
555 858 755 923 cultus,
786 867 847 914 ut
872 857 924 913 in
952 855 1128 926 priore
1156 855 1293 911 libro
1322 854 1503 920 docui,
1525 838 1632 910 non
1657 852 1817 911 habet

209 954 559 1025 sapientiam,
585 969 691 1009 non
715 951 877 1008 modo
904 952 1027 1021 quia
1049 950 1289 1006 divinum
1315 949 1515 1004 animal
1542 948 1818 1005 hominem

209 1048 449 1104 terrenis
490 1046 876 1117 fragilibusque
913 1045 1231 1113 snb5ternit,
1265 1044 1363 1100 sed
1403 1042 1529 1113 quia
1571 1043 1705 1099 nihil
1745 1043 1819 1099 ibi

205 1141 525 1206 disseritur,
555 1140 700 1211 quod
746 1138 993 1211 proﬁciat
1023 1140 1089 1203 ad
1134 1154 1317 1195 mores
1356 1139 1692 1195 excolendos
1730 1138 1817 1194 vi-

207 1243 434 1304 tamque
475 1231 817 1288 formandam
861 1250 875 1285 :
925 1248 1026 1289 nec
1066 1231 1230 1295 habet
1272 1233 1676 1303 inquisitionem
1718 1233 1821 1287 ali-

202 1344 370 1398 quam
403 1328 670 1390 veritatis,
700 1326 795 1381 sed
831 1326 1205 1391 tantummodo
1236 1327 1400 1383 ritum
1438 1327 1688 1392 colendi,
1725 1329 1820 1399 qui

202 1438 317 1480 non
353 1421 540 1483 ofﬁcio
568 1423 785 1490 mentis,
826 1421 922 1481 sed
964 1422 1274 1485 ministerio
1305 1424 1552 1493 corporis
1581 1432 1815 1480 constat.

202 1516 272 1573 Et
322 1515 454 1572 ideo
496 1531 602 1571 non
647 1526 731 1571 est
774 1515 864 1570 illa
905 1515 1099 1587 religio
1142 1531 1269 1571 vera
1310 1516 1640 1586 iudicanda;
1692 1518 1820 1588 quia

200 1610 377 1669 nullis
403 1611 631 1681 justitize
666 1610 995 1680 virtutisque
1024 1610 1314 1681 praeceptis
1338 1610 1520 1666 erudit
1546 1610 1819 1683 efficitque

200 1707 491 1764 meliores.
512 1705 591 1760 Ita
624 1704 991 1775 philos0pbia,
1015 1705 1140 1776 quia
1185 1721 1367 1760 veram
1392 1704 1736 1776 religionem,
1764 1705 1819 1761 id

201 1808 288 1856 est
317 1814 595 1854 summam
636 1799 890 1868 pietatem
930 1813 1040 1852 non
1076 1798 1258 1865 habet,
1289 1814 1397 1853 non
1444 1808 1528 1854 est
1557 1814 1688 1854 vera
1727 1812 1819 1853 sa-

200 1893 443 1965 pientia.
472 1892 606 1948 Nam
635 1892 678 1946 si
701 1892 977 1959 divinitas,
1008 1907 1129 1961 qua:
1167 1892 1437 1962 gubernat
1483 1892 1624 1947 hunc
1654 1907 1814 1946 mun-

200 1987 367 2053 dum,
386 1984 696 2042 incredibili
714 1983 1078 2041 beneﬁcentia
1099 2000 1273 2055 genus
1298 1984 1577 2040 hominum
1600 1994 1819 2040 susten-

202 2092 306 2147 tat,
343 2093 402 2137 et
436 2083 588 2151 quasi
616 2091 842 2152 paterna
874 2079 1205 2150 indulgentia
1234 2079 1408 2145 fovet,
1436 2081 1552 2135 vult
1574 2082 1819 2151 proiecto

198 2177 448 2248 gratiam
480 2174 583 2231 sibi
617 2173 833 2238 referri,
862 2182 918 2228 et
948 2172 1211 2228 honorem
1245 2172 1358 2227 dari
1392 2191 1404 2226 :
1440 2188 1540 2229 nec
1565 2184 1820 2230 constare

204 2269 428 2326 homini
459 2267 598 2323 ratio
630 2267 846 2337 pietatis
877 2274 1078 2338 potest,
1110 2267 1157 2322 si
1194 2267 1508 2323 celestibus
1538 2266 1821 2323 beneﬁciis

204 2362 465 2419 extiterit
506 2361 783 2431 ingratus;
836 2360 981 2431 quod
1032 2376 1140 2415 non
1179 2371 1265 2415 est
1308 2361 1493 2431 utique
1536 2361 1818 2431 sapientis.

204 2455 494 2525 Quoniam
529 2455 711 2524 igitur,
744 2462 803 2508 ut
846 2454 981 2521 dixi,
1014 2453 1361 2525 philosophia
1388 2464 1444 2510 et
1471 2456 1662 2527 religio
1693 2456 1824 2512 deo-

207 2566 343 2609 rum
402 2548 672 2620 disiuncta
707 2558 855 2617 sunt,
911 2550 1181 2621 longeque
1220 2550 1478 2615 discreta,
1521 2553 1565 2606 si
1602 2551 1823 2622 quidem

210 2647 301 2703 alii
357 2655 490 2701 sunt
533 2645 870 2715 professores
908 2646 1208 2715 sapientiae,
1274 2662 1372 2716 per
1435 2661 1571 2718 quos
1640 2649 1826 2720 utique

214 2744 281 2799 ad
337 2743 482 2798 deos
528 2756 635 2796 non
687 2740 885 2808 aditur,
934 2741 1025 2795 alii
1076 2741 1355 2811 religionis
1389 2741 1686 2806 antistites,
1732 2758 1827 2813 per

213 2852 369 2908 quos
420 2850 615 2906 sapere
656 2850 764 2890 non
794 2834 1052 2899 discitur;
1085 2844 1345 2906 apparet,
1377 2851 1481 2891 nec
1526 2836 1671 2891 illam
1705 2822 1828 2893 esse

212 2945 414 2987 veram
466 2930 785 2997 Sapientiam
814 2970 828 2999 ,
885 2944 987 2984 nec
1043 2928 1181 2983 hanc
1229 2928 1570 3001 religionem.
1618 2929 1828 2989 Idcirco

210 3040 318 3081 nec
380 3022 722 3095 philosophia
777 3022 955 3097 potuit
995 3023 1277 3081 veritatem
1328 3024 1826 3094 comprehendere,

210 3136 320 3177 nec
369 3118 563 3189 religio
600 3117 826 3173 deorum
872 3117 1140 3173 rationem
1188 3119 1293 3186 sui,
1340 3133 1445 3188 qua
1490 3127 1664 3182 caret,
1701 3118 1829 3189 red-

210 3212 379 3269 dere.
411 3210 515 3267 Ubi
554 3220 734 3266 autem
763 3211 1029 3282 sapientia
1067 3225 1189 3265 cum
1233 3211 1495 3291 religione
1544 3213 1828 3283 insepara—

1105 336 1311 419 Lteeu
1346 340 1434 407 tv.
1479 344 1568 409 DE
1607 343 1794 409 VEBA
1836 344 2195 411 SAPIENTIA
2236 347 2323 406 er
2362 347 2592 407 RELIG.

1838 459 2149 552 Adcuique
2190 462 2351 521 iidem
2394 474 2521 522 sunt
2548 463 2800 522 doctores
2838 466 3141 536 sapientiae,
3189 468 3280 541 qui
3320 480 3376 527 et
3424 472 3519 529 Dei

3412 350 3519 417 tot

1919 556 2250 613 sacerdotes.
2282 557 2392 613 Nec
2420 568 2598 617 tamen
2623 573 2834 616 moveat
2856 577 3201 633 quemquam,
3225 566 3349 635 quia
3373 581 3521 637 saepe

1922 648 2117 706 factum
2163 661 2267 716 est,
2314 660 2368 708 et
2409 653 2523 707 lieri
2573 665 2781 724 potest,
2826 665 2885 710 ut
2931 655 3286 727 philosophus
3326 659 3521 730 aliquis

1922 744 2146 807 deorum
2188 745 2449 816 suscipiat
2489 748 2852 804 sacerdotium
2895 752 3083 821 :qnod
3121 766 3243 807 cum
3290 753 3370 818 ﬁt,
3410 769 3522 811 non

1924 844 2107 893 tamen
2137 838 2485 907 coiijungitur
2506 841 2847 913 philosophia
2872 858 2994 899 cum
3019 846 3317 917 religione;
3342 847 3440 902 sed
3465 855 3523 905 et

1925 928 2268 1000 philosophia
2309 932 2451 989 inter
2477 948 2629 990 sacra
2669 935 2922 1004 cessabit,
2957 948 3013 994 et
3048 939 3259 1011 religio,
3303 942 3522 1012 quando

1921 1021 2271 1094 philosophia
2301 1025 2640 1081 tractabitur.
2675 1028 2771 1082 Illa
2815 1029 2962 1085 enim
3009 1032 3199 1103 religio
3228 1041 3375 1089 muta
3407 1043 3518 1105 cst,

1922 1134 2029 1176 non
2074 1129 2303 1189 tantum,
2340 1122 2464 1193 quia
2493 1132 2768 1180 mutorum
2799 1139 2905 1194 est,
2952 1127 3047 1183 sed
3085 1129 3207 1199 quia
3240 1130 3376 1185 ritus
3405 1130 3524 1201 ejus

1922 1214 1976 1269 in
2006 1230 2166 1275 manu
2190 1225 2245 1270 et
2265 1215 2448 1286 digitis
2469 1227 2572 1285 est,
2608 1235 2714 1274 non
2742 1219 2793 1274 in
2817 1220 3004 1289 corde,
3031 1232 3125 1277 aut
3146 1224 3349 1293 lingua,
3380 1225 3522 1280 sicut

1925 1317 2111 1363 nostra
2146 1325 2266 1378 qua
2297 1325 2425 1365 vera
2464 1320 2569 1368 est.
2596 1311 2809 1368 Idcirco
2838 1323 2894 1369 et
2928 1316 2979 1369 in
3011 1315 3275 1385 sapientia
3310 1317 3521 1389 religio,

1925 1409 1979 1456 et
2009 1401 2061 1456 in
2091 1402 2353 1473 religione
2383 1406 2648 1475 sapientia
2680 1417 2783 1462 est.
2826 1408 2969 1479 Ergo
2999 1425 3106 1465 non
3137 1420 3313 1481 potest
3342 1427 3527 1483 segre-

1921 1495 2036 1563 gari
2064 1512 2078 1560 ;
2105 1497 2229 1565 quia
2273 1511 2465 1567 sapere
2493 1498 2623 1553 nihil
2656 1500 2802 1554 aliud
2845 1511 2951 1569 est,
2991 1502 3094 1559 nisi
3138 1504 3304 1559 Deum
3336 1521 3526 1562 verum

1918 1584 2079 1655 jnstis
2121 1601 2184 1641 ac
2229 1588 2333 1658 piis
2377 1591 2614 1646 cultibus
2668 1590 2961 1649 honorare.
3011 1595 3300 1651 Multorum
3345 1606 3526 1654 autem

1923 1678 2152 1734 deorum
2185 1682 2363 1738 cultus
2408 1699 2515 1739 non
2558 1701 2681 1742 esse
2717 1688 3017 1743 secundum
3065 1700 3332 1759 naturam,
3366 1694 3529 1749 etiam

1925 1771 2031 1827 hoc
2069 1788 2387 1845 argumento
2413 1778 2597 1850 colligi
2635 1790 2814 1852 potest
2850 1793 2902 1839 et
2933 1788 3318 1856 comprehendi
3355 1805 3367 1841 :
3399 1789 3532 1845 0m-

1925 1882 2048 1921 nem
2083 1869 2275 1935 Deum,
2301 1876 2393 1941 qut
2424 1873 2491 1927 ab
2523 1872 2742 1932 homine
2771 1878 2989 1946 colitur,
3022 1895 3246 1937 neocsse
3275 1890 3359 1938 est
3387 1883 3530 1939 inter

1923 1960 2196 2017 solemnes
2226 1965 2363 2019 ritus
2389 1976 2444 2021 et
2469 1970 2808 2035 precationes
2839 1983 3045 2041 patrem
3075 1977 3395 2044 nuncupari,
3417 1991 3529 2033 non

1923 2062 2131 2110 tantum
2174 2056 2395 2115 honoris
2434 2063 2625 2132 gratia,
2660 2080 2846 2121 verum
2879 2068 3043 2122 etiam
3088 2071 3347 2136 rationis;
3382 2069 3527 2142 quod

1922 2157 1978 2203 et
1998 2150 2269 2221 antiquior
2295 2163 2378 2209 est
2404 2155 2646 2226 homine,
2677 2168 2730 2212 ct
2756 2161 2899 2231 quod
2928 2161 3116 2229 vitam,
3139 2154 3531 2235 salutem,vic-

1927 2249 2037 2295 tum
2071 2253 2310 2312 praestat,
2357 2256 2412 2301 ut
2443 2257 2616 2317 pater.
2662 2249 2843 2322 Itaque
2890 2262 2946 2308 et
2981 2253 3193 2324 Jupiter
3232 2271 3262 2310 a
3305 2271 3532 2326 precan-

1928 2333 2070 2389 tibus
2101 2348 2253 2406 pater
2280 2350 2523 2408 vocatur,
2558 2352 2611 2396 et
2643 2341 2930 2410 Saturnus,
2959 2356 3012 2401 et
3037 2345 3223 2414 Janus,
3255 2359 3310 2404 et
3344 2348 3528 2415 Liber,

1927 2438 1983 2484 et
2003 2433 2191 2487 cwtet-i
2217 2432 2503 2506 deinceps;
2529 2436 2674 2508 quod
2696 2436 2936 2495 Lucilius
2962 2440 3016 2496 in
3038 2441 3263 2498 deorum
3291 2442 3524 2517 concilio

1926 2523 2114 2580 irridet
2136 2543 2152 2579 :

2026 2662 2089 2713 Ut
2108 2677 2258 2714 nemo
2279 2667 2343 2716 sit
2366 2675 2603 2727 nostrum,
2626 2672 2744 2730 quin
2766 2676 2913 2783 gater
2943 2675 3147 2736 optimu’
3169 2674 3367 2733 divum;

2026 2725 2090 2775 lit
2112 2727 2358 2783 Neptuuu‘
2387 2739 2545 2783 pater.
2568 2732 2736 2783 Liber.
2803 2738 2997 2783 aturnu'
3022 2750 3182 2783 pater-
3205 2738 3354 2783 Mars.

2026 2725 2090 2801 lit
2112 2727 2358 2801 Neptuuu‘
2387 2739 2545 2801 pater,
2568 2725 2736 2793 Liber,
2766 2725 2997 2801 Saturnu"
3018 2750 3183 2801 pater,
3205 2738 3354 2801 Mars,

2022 2788 2428 2867 Jauu‘,VQuiriuu’
2449 2788 2608 2857 pater,
2633 2788 2811 2847 nomen
2829 2788 3031 2851 dicatur
3046 2800 3105 2849 ad
3128 2788 3299 2851 unum.
3338 2788 3343 2817 τ

1931 2915 2083 2982 Quod
2114 2917 2159 2972 si
2195 2929 2382 2974 natura
2433 2936 2540 2979 non
2586 2924 2810 2994 patitur,
2855 2935 2916 2985 ut
2958 2926 3070 2987 sint
3100 2927 3258 2984 unius
3288 2926 3528 2985 hominis

1932 3010 2085 3077 multi
2130 3021 2308 3081 patres
2347 3012 2442 3083 (ex
2482 3031 2590 3075 uno
2642 3017 2786 3077 enim
2834 3018 3179 3093 procreatur)
3228 3036 3360 3093 ergo
3403 3021 3535 3078 deos

1932 3105 2094 3161 etiam
2124 3107 2325 3164 multos
2367 3108 2553 3164 colere
2592 3121 2782 3167 contra
2818 3123 3065 3169 naturam
3097 3124 3203 3184 est,
3238 3125 3535 3187 contraque

1934 3198 2210 3270 pietatem.

215 3305 315 3362 bili
370 3319 517 3359 nexu
557 3302 816 3371 cohaeret,
864 3312 1152 3374 utrumque
1192 3320 1381 3360 verum
1438 3320 1559 3365 esse
1601 3321 1827 3365 necesse
1857 3311 1903 3375 C
2006 3312 2156 3372 Unus
2182 3314 2342 3385 igitur
2370 3317 2632 3373 colendus
2661 3328 2767 3384 est,
2790 3322 2881 3392 qui
2914 3332 3090 3409 potest
3113 3342 3240 3384 vere
3262 3338 3414 3399 pater
3435 3345 3534 3387 no-

216 3409 340 3464 est;
380 3397 507 3467 quia
529 3405 583 3451 et
610 3397 662 3451 in
685 3395 915 3451 colendo
944 3410 1136 3468 sapere
1163 3396 1447 3464 debemus,
1481 3398 1534 3453 id
1554 3409 1639 3455 est
1666 3400 1828 3469 scire,

212 3489 353 3562 quid
392 3488 551 3544 nobis
577 3499 631 3543 et
668 3487 939 3558 quomodo
968 3489 1040 3544 sit
1067 3489 1379 3558 colendum,
1404 3501 1457 3547 et
1486 3492 1536 3546 in
1566 3492 1832 3563 sapiendo

213 3584 434 3646 colere,
470 3580 522 3636 id
550 3590 630 3637 est
656 3597 716 3638 re
746 3591 799 3637 et
822 3593 964 3648 actu,
996 3582 1139 3666 quod
1168 3583 1478 3657 scierimus,
1510 3586 1760 3658 implere.

288 3675 409 3733 Ubi
440 3690 572 3745 ergo
602 3676 864 3745 sapientia
892 3692 1016 3733 cum
1062 3678 1324 3749 religione
1346 3680 1731 3752 conjungitur?
1754 3684 1832 3740 lbi

214 3768 461 3830 scilicet,
508 3766 596 3823 ubi
646 3765 788 3822 Deus
827 3768 1025 3823 colitur
1066 3785 1240 3838 unus;
1288 3771 1378 3827 ubi
1428 3775 1531 3828 vita
1575 3782 1630 3829 et
1676 3785 1829 3833 actus

215 3859 407 3917 oninis
431 3857 503 3916 ad
525 3874 687 3916 unum
710 3870 871 3937 caput
896 3869 954 3917 et
981 3860 1047 3916 ad
1074 3878 1235 3931 uuam
1264 3878 1531 3931 summam
1560 3868 1824 3940 reiertur;

1936 3408 2147 3462 minari.
2190 3409 2335 3465 Idem
2380 3412 2539 3466 etiam
2586 3412 2836 3483 dominus
2881 3408 2950 3489 sit
2990 3435 3216 3480 necesse
3257 3433 3373 3493 est;
3414 3427 3539 3497 quia

1934 3502 2074 3567 sicut
2101 3511 2278 3575 potest
2304 3504 2601 3579 indulgere,
2634 3508 2704 3565 ita
2732 3510 2897 3571 etiam
2927 3527 3201 3571 coercere.
3227 3516 3386 3573 Pater
3415 3517 3540 3574 ideo

1934 3594 2287 3663 appellandus
2316 3605 2419 3661 est,
2444 3598 2565 3668 quia
2591 3600 2751 3657 nobis
2774 3603 2940 3658 multa
2970 3616 3023 3660 et
3050 3621 3243 3677 magna
3276 3607 3536 3680 largitur:

1935 3685 2186 3742 dominus
2238 3689 2396 3757 ideo,
2449 3692 2573 3762 quia
2619 3694 2917 3765 castigandi
2965 3712 3028 3753 ac
3082 3700 3335 3770 puniendi
3378 3702 3544 3765 habet

1939 3779 2223 3836 maximam
2254 3792 2593 3854 potestatem.
2624 3770 2909 3857 Dominum
2941 3804 3075 3851 vero
3106 3791 3353 3851 eumdem
3383 3807 3538 3866 esse,

1937 3874 2028 3944 qui
2075 3876 2146 3931 sit
2194 3884 2361 3946 pater,
2404 3879 2567 3944 etiam
2608 3878 2746 3950 juris
2784 3882 2960 3940 civilis
3004 3885 3143 3942 ratio
3181 3886 3539 3948 demonstrat.

1591 4009 1954 4073 VARIORUM
1993 4012 2225 4072 NOTAE.

290 4167 483 4243 Οθίεἱο
513 4167 712 4237 utentis.
742 4163 869 4227 Ideo
896 4167 989 4225 lex
1015 4167 1187 4239 jubet,
1218 4178 1276 4235 ut
1299 4168 1586 4235 Dominum
1609 4188 1676 4233 ex
1707 4183 1822 4232 toto

215 4244 395 4302 cci-de
421 4256 685 4297 amemus.

289 4316 411 4372 Ita.
443 4315 531 4369 Sic
560 4312 828 4387 vettedit.
868 4312 1117 4387 Romam
1150 4328 1337 4387 omnes
1368 4331 1468 4372 ms.
1512 4327 1712 4387 praem
1742 4335 1834 4375 re-

215 4388 576 4461 cautissimas
604 4380 631 4440 1
665 4386 798 4456 Reg.
824 4393 879 4442 et
902 4385 937 4439 2
960 4385 1135 4453 (Sulla,
1160 4386 1213 4447 in
1238 4388 1454 4457 quibus.
1476 4380 1537 4451 ut
1565 4390 1617 4446 io
1634 4380 1831 4461 editis,

470 4475 551 4512 ue.

218 4472 302 4518 est
335 4459 551 4528 Itaque.

294 4531 458 4593 llam:
484 4530 803 4601 religionem.
829 4528 1127 4585 Subaudivi
1159 4544 1351 4589 veram.

298 4605 425 4672 Qua
470 4600 625 4655 caret.
678 4600 754 4657 lta
798 4601 1012 4670 reposui
1054 4616 1119 4656 ex
1162 4617 1264 4659 ius.
1308 4612 1361 4665 et
1402 4603 1471 4661 12
1500 4613 1608 4665 vet.
1647 4605 1830 4664 editis.

223 4675 367 4747 Quia
400 4675 758 4731 recentiorum
789 4673 1053 4747 editorum
1081 4683 1183 4747 est.

298 4747 349 4804 ι]
355 4757 595 4815 (rumque
620 4761 793 4801 verum
821 4760 946 4800 esse.
980 4743 1241 4813 Francius
1266 4744 1550 4818 legendum
1579 4749 1836 4821 conjicie-

223 4820 341 4885 bat,
379 4829 647 4888 utramque
668 4834 841 4871 rerum
870 4832 998 4871 esse.

303 4890 414 4947 Ubi
460 4901 629 4963 anteiit
669 4890 917 4963 sapientia
968 4904 1088 4963 sunt
1137 4889 1382 4959 religione
1428 4893 1832 4963 inseparabili...

221 4963 471 5036 implere.
514 4960 735 5025 Integra
770 4961 888 5018 hwc
935 4962 1118 5046 sentit:
1154 4964 1394 5031 neglecta
1422 4972 1509 5023 est
1536 4960 1607 5046 ςιη
1646 4968 1837 5048 primis

223 5037 358 5104 edn.
406 5034 587 5094 Snbl..
629 5036 805 5095 ltost..
846 5032 985 5091 Ven.
1015 5033 1177 5101 μή,
1214 5042 1272 5093 et
1305 5045 1606 5104 praesertim
1642 5053 1701 5092 tn
1740 5039 1833 5094 ed.

345 5078 358 5091 .
406 5052 587 5094 διιινιη
629 5052 805 5095 ιιοδι..
856 5052 985 5091 ven.
1015 5052 1177 5101 μη,
1214 5052 1272 5093 et
1305 5052 1606 5101 praesertim
1642 5053 1701 5092 tn
1740 5052 1833 5094 eu.

226 5102 454 5165 Sublac.
481 5105 615 5161 BUN.

304 5177 692 5250 conjtmgitnr?
729 5175 821 5250 ibi
859 5177 1069 5250 scilicet.
1100 5175 1317 5250 Eunus.
1348 5186 1404 5233 et
1433 5178 1706 5249 plerisque
1730 5180 1835 5241 in)-

228 5247 446 5324 pressis
488 5249 669 5305 addidi
716 5247 820 5318 lbi,
862 5250 1006 5320 quod
1040 5248 1074 5305 4
1100 5249 1319 5320 scriptis
1358 5260 1413 5305 et
1444 5250 1480 5304 2
1531 5247 1691 5308 editis
1720 5267 1835 5309 ree.

227 5323 413 5380 deest.

318 5393 441 5448 Vita
470 5400 519 5447 et
543 5403 708 5449 actus.
758 5393 915 5462 Sazpe
958 5400 1144 5451 nostro
1179 5400 1366 5457 actus.
1414 5404 1470 5453 ut
1509 5395 1743 5455 Minucio
1782 5403 1841 5454 et

231 5467 380 5529 aliis,
401 5475 484 5520 est
501 5468 662 5521 actio.
688 5463 811 5521 Vid.
836 5466 875 5519 l.
904 5480 986 5531 ιιι,
1008 5479 1060 5519 c.
1086 5464 1186 5532 t9;
1215 5465 1253 5521 l.
1282 5481 1359 5534 ιν,
1385 5480 1434 5522 c.
1461 5467 1527 5535 5;
1560 5469 1597 5521 ι.
1623 5483 1676 5535 v,
1700 5483 1753 5523 c.
1772 5467 1835 5537 9,

231 5537 499 5621 dera
526 5538 615 5604 ιε.
646 5538 821 5621 εκηε
849 5537 1017 5621 θυμέ.
1132 5608 1145 5621 .
1200 5607 1284 5621 ._.
1501 5610 1531 5621 ..
1575 5610 1585 5621 .

312 5610 561 5667 Doctores
600 5610 887 5680 sapientiae.
915 5607 973 5663 ld
1006 5609 1059 5669 in
1096 5607 1389 5682 christiana
1432 5610 1697 5682 religione
1721 5610 1842 5669 fac.-

230 5692 357 5745 tum
387 5691 490 5750 est,
517 5682 639 5752 quia
696 5681 926 5752 apostoli
960 5689 1090 5739 sinit
1115 5681 1368 5739 doctores
1395 5692 1452 5737 et
1480 5682 1792 5741 sacerdotes
1822 5701 1837 5740 :

237 5753 543 5827 praedicant
582 5754 884 5813 doctrinam
924 5753 1226 5825 Evangelii,
1280 5762 1336 5810 et
1383 5755 1553 5813 sacris
1601 5764 1845 5827 praesunt

237 5826 539 5885 mVsteriis.

298 5841 607 5954 yéietil’fler.
646 5895 855 5968 Spoliat
892 5897 1024 5955 deos
1062 5897 1314 5961 Gentium
1361 5899 1531 5971 patris
1566 5901 1809 5974 epitheto

1931 4178 2249 4261 auctoritate
2273 4178 2412 4249 juris
2433 4189 2494 4264 et
2520 4184 2784 4264 naturalis
2810 4192 2866 4242 et
2892 4188 3067 4264 civilis
3092 4208 3106 4248 :
3140 4193 3283 4264 quod
3312 4203 3459 4255 certe
3488 4196 3543 4255 in

1938 4251 2222 4327 ipsostnon
2263 4254 2543 4327 competit.
2590 4256 2723 4324 Quia
2780 4262 2945 4327 patris
2982 4251 3177 4319 nomen
3228 4251 3349 4320 non
3380 4251 3543 4325 modo

1938 4322 2037 4404 Soli
2088 4323 2217 4407 lico,
2272 4324 2367 4407 sed
2395 4322 2576 4381 etiam
2616 4322 2842 4400 semper
2884 4337 3156 4392 convenit.
3201 4336 3280 4391 Illi
3330 4322 3540 4407 autem,

1936 4394 2060 4464 quia
2091 4394 2379 4482 aliquando
2424 4407 2628 4467 patres,
2669 4411 2723 4456 et
2748 4394 2908 4482 esse,
2952 4409 3308 4482 et‘nominari
3340 4394 3541 4482 irrepo:

1940 4476 2084 4530 runt,
2117 4466 2190 4520 dii
2233 4483 2354 4550 esse
2390 4484 2496 4552 non
2546 4466 3147 4555 possunhNamHDens
3188 4466 3544 4555 éxpovoccst

1855 4564 1910 4626 Ι)
1938 4550 2108 4626 pater.
2163 4540 2252 4608 qui
2302 4541 2506 4626 genuit
2536 4540 2697 4626 etiam
2750 4544 2915 4601 lilium
2961 4540 3356 4626 ixpovofa."l';st
3392 4540 3541 4609 enim

1937 4611 2167 4691 apollino;
2190 4621 2425 4687 γενετῆρ,
2454 4613 2920 4694 ut_Nonnus_eum
2961 4611 3268 4691 co't'npcllat.
3308 4620 3408 4694 lpsi
3448 4642 3543 4681 au-

1938 4690 2045 4754 tem
2083 4684 2134 4734 in
2167 4684 2411 4754 tempore
2440 4687 2548 4739 nati
2581 4697 2727 4753 sunt,
2759 4689 2801 4744 si
2836 4684 3351 4749 ιὀιιιιιιιιείιρςὶοιιό
3382 4697 3542 4754 tidem

1937 4752 2156 4836 habere.
2178 4753 2294 4838 lion
2315 4770 2451 4838 opus
2469 4767 2556 4813 est
2574 4758 2659 4814 hic
2679 4762 2911 4833 allegare
2927 4766 3298 4825 auctoritatem
3320 4752 3542 4838 Christi,

1937 4826 2027 4895 qui
2054 4827 2195 4895 apud
2225 4826 2565 4911 Mattitncap.
2596 4847 2752 4911 xiii",
2786 4826 2948 4911 utnon
2987 4852 3108 4891 esse
3146 4836 3274 4903 dicit
3300 4826 3540 4911 Patrem;

1938 4912 2061 4970 eum
2092 4914 2306 4968 nempe,
2340 4902 2430 4970 qui
2462 4900 2692 4959 ittcmlis
2716 4914 2817 4958 est.
2848 4900 3175 4964 BETULEIUS.

2013 4968 2192 5047 Pater,
2228 4968 2409 5025 nomen
2438 4973 2639 5030 dicatur
2675 4976 2744 5033 ad
2783 4994 2962 5043 unum.
3005 4981 3097 5047 Fr.
3128 4981 3308 5046 Douza
3346 4992 3400 5037 et
3424 4985 3546 5040 Sel-

1939 5039 2111 5096 denns
2134 5043 2357 5113 legunt,
2392 5061 2564 5100 omnes
2597 5047 2825 5104 dicamus
2867 5039 2935 5104 ad
2965 5039 3142 5111 unum;
3180 5039 3310 5109 Vide
3349 5039 3544 5112 Selde-

1940 5112 2179 5191 t_)_um_de
2213 5114 2516 5191 pii_s_S_yris
2554 5118 2777 5191 Syntag.
2814 5137 2886 5189 ιι;
2929 5125 3009 5178 sic
3047 5126 3216 5179 edidit
3255 5128 3418 5180 etiam
3458 5128 3543 5183 Cl.

1948 5184 2169 5262 Hessius
2197 5186 2267 5241 de
2294 5184 2610 5262 ldol‘olatria
2647 5184 2752 5245 lib:
2780 5208 2839 5257 ιι,
2874 5184 3002 5262 cap.
3036 5196 3124 5250 l6.
3158 5198 3442 5255 GALLEUS.
3472 5229 3547 5244 --

1942 5256 2007 5311 Hi
2029 5268 2372 5338 _tres_verstts
2400 5276 2464 5338 ex
2489 5261 2683 5317 Lucilii
2711 5263 2919 5338 Satyris
2942 5256 3210 5338 desumpti
3238 5280 3382 5325 sunt.

2017 5327 2173 5403 illiilli
2205 5341 2395 5399 patres.
2423 5330 2568 5403 Lego
2597 5335 2745 5391 multi
2769 5327 2891 5392 cum
2918 5355 3049 5396 mss.
3084 5327 3549 5401 et'CetlarioNul-

1942 5400 2051 5474 gati
2078 5400 2296 5466 habent,
2325 5400 2520 5474 plures:

2014 5470 2162 5527 luris
2183 5470 2347 5529 conn
2377 5477 2508 5531 ratio
2535 5477 2868 5534 demonstrat.
2902 5482 3153 5545 Patribus
3172 5487 3302 5542 olim
3334 5503 3547 5545 summa

1946 5544 1997 5641 in
2020 5545 2242 5641 l“liberos
2270 5558 2389 5602 erat
2431 5557 2687 5641 potfstasl,
2727 5551 2866 5641 adeo
2897 5542 2954 5638 ut
2989 5557 3079 5641 jus
3122 5558 3246 5614 vitae
3290 5542 3547 5641 θέλ-περιέ

1946 5615 2268 5705 habuerint,
2310 5615 2766 5705 quemadmodum
2796 5615 3008 5705 domini
3022 5630 3091 5705 in
3141 5646 3328 5689 servos
3354 5615 3417 5705 (ιζ
3454 5615 3544 5702 ll,

1946 5686 2016 5775 ρ.
2044 5686 2651 5775 μίξιιίσιοιίεθλὴιενηςς
2685 5692 2883 5775 ﬁu.,_c.
2916 5700 2980 5754 de
3012 5686 3158 5775 Patr.
3186 5686 3401 5775 potest;
3434 5686 3477 5758 Ιί
3498 5686 3545 5772 ιζ

1945 5757 2303 5850 ζ’ριιξιιά.ἶ
2330 5757 2561 5850 dignus.
2589 5757 3037 5850 liber.).'Sopaler
3056 5774 3111 5850 in

2284 5838 2347 5921 in
2390 5835 2569 5920 Epict.
2606 5832 2937 5921 Hmc'patris
2973 5845 3027 5901 in
3047 5846 3262 5921 liberos
3294 5832 3551 5921 majestas

1948 5903 2017 5961 ab
2056 5905 2233 5964 Attica
2284 5907 2404 5981 lege
2441 5903 2707 5985 "migravit
2758 5903 2985 5975 Romam
3039 5903 3162 5995 (sub
3210 5903 3549 5996 Consulit);
