4038 6358
555 337 665 397 455

1641 338 1828 398 FlRM.
1870 336 2239 401 LACTANTII
2300 345 2499 404 DIVIN.
2546 343 2785 406 lNSTlT.
3723 355 3807 418 l36

557 454 691 523 Quis
729 452 870 509 enim
913 452 1112 524 poterit
1149 453 1292 509 ﬁlios
1316 454 1567 523 educare,
1614 456 1718 511 nisi
1758 456 1951 512 habeat
1989 459 2039 513 in
2069 474 2163 514 eos
2191 463 2245 522 Α
2271 460 2474 518 habere
2507 464 2672 518 ullam
2703 463 3014 519 ﬁrmitatem
3047 463 3239 536 religio
3261 475 3450 536 potest,
3482 471 3678 539 quando
3710 490 3808 532 cer-

556 547 760 602 domini
791 549 1146 618 potestatem?
1176 548 1285 604 Nec
1313 551 1580 606 immerito
1611 551 2001 623 paterfamilias
2029 552 2159 608 dici—

557 650 665 708 tur,
690 643 812 697 licet
841 651 1044 698 tantum
1086 642 1225 699 filios
1251 642 1452 699 habeat
1485 662 1498 696 :
1528 644 1820 701 vindelicet
1844 660 2039 701 nomen
2069 662 2160 716 pa-

557 736 654 790 tris
676 735 1049 805 complectitur
1068 735 1230 791 etiam
1253 751 1462 803 servos,
1491 737 1614 808 quia
1643 737 1873 793 familias
1894 739 2157 809 sequitur,

554 835 610 880 et
636 841 829 880 nomen
855 825 1072 882 familia:
1091 829 1468 898 complectitur
1488 829 1650 884 etiam
1681 829 1839 897 ﬁlios,
1859 830 1982 901 quia
2013 839 2162 900 pater

554 918 865 975 antecedit:
898 920 1038 976 unde
1076 931 1303 993 apparet
1342 921 1591 978 eumdem
1638 923 1835 992 ipsum,
1869 933 1923 978 et
1957 931 2162 993 patrem

555 1026 678 1068 esse
725 1026 1030 1079 servorum,
1085 1020 1140 1068 et
1183 1011 1460 1068 dominum
1510 1011 1765 1068 ﬁliorum.
1821 1014 2060 1085 Denique
2112 1023 2167 1070 et

557 1106 700 1163 illius
736 1107 1130 1162 manumittitur
1162 1115 1433 1177 tamquam
1464 1122 1677 1174 servus,
1709 1117 1762 1163 et
1803 1123 1993 1164 servus
2037 1109 2167 1164 libe-

557 1213 706 1260 ratus
736 1204 945 1274 patroni
972 1218 1169 1259 nomen
1203 1202 1416 1273 accipit,
1443 1211 1714 1273 tamquam
1744 1203 1906 1258 ﬁlius.
1939 1203 2092 1271 Quod
2120 1202 2167 1258 si

557 1306 846 1371 propterea
886 1294 1274 1366 paterfamilias
1306 1295 1635 1360 nominatur,
1665 1304 1722 1348 ut
1751 1303 2006 1364 appareat
2043 1309 2166 1348 eum

559 1389 760 1461 duplici
804 1398 1072 1459 potestate
1107 1387 1410 1458 prmditum,
1443 1388 1566 1458 quia
1598 1397 1652 1441 et
1679 1386 1957 1457 indulgere
1983 1385 2165 1453 debet,

561 1483 684 1554 quia
713 1490 866 1552 pater
890 1490 992 1548 est,
1024 1490 1078 1536 et
1102 1495 1376 1547 coercere,
1396 1481 1523 1550 quia
1553 1479 1840 1544 dominus;
1870 1495 1998 1550 ergo
2025 1479 2166 1534 idem

561 1588 753 1630 scrvus
780 1582 882 1637 est,
910 1574 999 1644 qui
1023 1581 1074 1628 et
1105 1571 1280 1638 ﬁlius;
1311 1571 1451 1626 idem
1487 1571 1762 1638 dominus,
1791 1573 1882 1642 qui
1911 1580 1966 1625 et
1993 1579 2166 1640 pater.

565 1668 716 1725 Sicut
753 1669 914 1740 igitur
943 1677 1145 1722 natura:
1187 1667 1510 1722 necessitate
1549 1682 1656 1720 non
1699 1673 1875 1736 potest
1905 1681 2026 1722 esse
2068 1665 2167 1720 nisi

562 1776 703 1816 unus
732 1771 908 1832 pater,
952 1761 1022 1815 ita
1065 1775 1165 1815 nec
1198 1759 1450 1815 dominus
1496 1759 1598 1815 nisi
1643 1775 1813 1825 unus;
1856 1760 1981 1830 quid
2027 1760 2167 1814 enim

2267 565 2320 611 to
2347 565 2401 611 et
2425 558 2602 613 stabili
2627 557 2902 613 domicilio
2932 567 3100 614 caret.
3125 558 3312 614 Cultus
3339 560 3493 632 igitur
3511 561 3710 621 deorum
3730 584 3807 625 ve-

2265 651 2310 706 ri
2339 667 2462 706 esse
2489 666 2592 706 non
2623 661 2872 723 possunt,
2901 652 3093 708 eodem
3123 652 3305 720 modo,
3337 669 3442 725 quo
3459 658 3807 717 matrimonium

2266 742 2371 798 dici
2406 759 2512 798 non
2566 754 2764 814 potest,
2808 745 2899 800 ubi
2939 745 3133 801 mulier
3161 762 3266 801 una
3308 747 3500 803 multos
3528 749 3659 805 viros
3685 752 3810 810 habet

2264 834 2360 890 sed
2393 835 2509 892 haec
2548 846 2639 891 aut
2684 838 2964 902 meretrix,
2994 847 3090 893 aut
3129 838 3372 893 adultera
3406 840 3763 912 nominabitur;
3788 865 3809 902 a

2267 943 2371 996 qua
2397 929 2540 982 enim
2577 929 2771 998 pudor,
2820 929 3062 998 castitas,
3103 930 3240 986 tides
3266 931 3437 997 abest,
3467 933 3652 990 virtute
3668 951 3812 994 careat

2269 1035 2492 1075 necesse
2523 1029 2626 1076 est.
2675 1022 2764 1078 Sic
2789 1033 2842 1076 et
2886 1023 3076 1094 religio
3113 1021 3338 1077 deorum
3366 1023 3620 1094 impudica
3659 1037 3729 1083 est
3751 1030 3812 1085 in-

2269 1122 2441 1181 cesta,
2475 1113 2596 1183 quia
2629 1113 2734 1168 ﬁde
2771 1123 2940 1182 caret,
2987 1115 3110 1185 quia
3156 1113 3329 1170 honos
3368 1115 3456 1170 ille
3502 1117 3738 1174 instabilis
3773 1133 3814 1177 et

2270 1204 2527 1272 incertus,
2576 1216 2735 1276 caput
2784 1215 2948 1277 atque
2975 1206 3238 1278 originem
3285 1221 3393 1262 non
3446 1206 3616 1264 habet.

2899 1319 3127 1376 CAPUT
3155 1320 3242 1375 IV.

2270 1409 2354 1466 De
2411 1412 2666 1483 sapientia
2717 1413 2891 1468 itidem
2919 1425 2967 1467 et
2993 1414 3269 1538 zeligione,
3294 1424 3446 1486 atque
3482 1415 3542 1469 de
3561 1419 3667 1486 jure
3693 1420 3816 1487 patris

2903 1497 2949 1538 et
3030 1502 3210 1538 onum.

2903 1497 2949 1539 ει
2993 1497 3187 1540 donum
3196 1527 3210 1541 .

2271 1577 2480 1646 Quibus
2506 1580 2666 1635 rebus
2693 1589 2934 1650 apparet,
2965 1596 3125 1651 quam
3169 1582 3309 1637 inter
3345 1597 3405 1637 se
3428 1585 3693 1652 conjuncta
3729 1591 3813 1640 sint

2273 1674 2536 1743 sapientia
2581 1683 2637 1729 et
2689 1675 2878 1745 religio
2921 1694 2934 1730 :
2990 1675 3252 1746 sapientia
3317 1687 3524 1748 spectat
3563 1677 3623 1732 ad
3668 1678 3816 1746 filios,

2273 1782 2395 1837 quin
2487 1767 2651 1837 exigit
2717 1783 3011 1833 amorem;
3089 1770 3281 1841 religio
3341 1771 3420 1824 ad
3494 1786 3666 1826 servos
3723 1789 3816 1843 qua:

560 1851 727 1910 faciat
750 1868 961 1919 servus,
996 1853 1040 1907 si
1075 1853 1227 1907 multi
1255 1852 1458 1907 domini
1490 1852 1703 1908 diversa
1745 1853 2168 1922 imperaverint?
2199 1859 2246 1918 B
2275 1857 2442 1929 exigit
2472 1858 2740 1914 timorem.
2769 1859 2904 1914 Nam
2925 1861 3066 1916 sicut
3087 1861 3162 1916 illi
3194 1870 3403 1932 patrem
3427 1862 3640 1934 diligere
3661 1864 3818 1920 debent

562 1947 707 2019 Ergo
733 1958 924 2004 contra
957 1948 1220 2003 rationem
1265 1958 1562 2018 contraque
1601 1957 1845 2003 naturatn
1887 1958 2012 2003 sunt
2042 1948 2166 2003 reli-

562 2043 753 2114 giones
775 2044 1064 2099 multorum
1092 2042 1317 2098 deorum
1345 2059 1359 2109 ;
1385 2042 1650 2114 siquidem
1682 2058 1780 2098 nec
1809 2051 1992 2113 patres
2020 2043 2168 2098 multi

562 2145 794 2207 possunt
822 2150 963 2202 esse,
1000 2151 1099 2191 nec
1137 2134 1338 2190 domini
1369 2152 1380 2186 :
1414 2134 1544 2190 deos
1575 2147 1752 2190 autem
1792 2145 1847 2191 et
1883 2146 2082 2205 patres,
2118 2144 2171 2191 et

563 2226 815 2283 dominos
846 2228 1139 2298 nuncupari
1166 2242 1389 2282 necesse
1413 2236 1516 2282 est.

635 2319 828 2376 Teucri
879 2335 1006 2391 ergo
1033 2322 1233 2375 veritas
1278 2335 1382 2374 non
1435 2328 1630 2390 potest,
1689 2320 1777 2374 ubi
1830 2319 1992 2375 homo
2022 2320 2164 2376 idem

562 2413 750 2469 multis
778 2413 1018 2484 patribus
1044 2413 1387 2484 dominisque
1405 2412 1681 2483 subjectus
1704 2422 1808 2477 est,
1833 2413 1925 2468 ubi
1951 2415 2159 2470 animus

565 2511 617 2565 in
649 2509 816 2566 multa
845 2510 1143 2582 dispersus,
1188 2508 1293 2565 huc
1331 2519 1491 2580 atque
1543 2508 1671 2565 illuc
1718 2509 2018 2582 divagatur.
2053 2510 2163 2568 Nec

2276 1963 2331 2010 ct
2354 1956 2643 2024 honorare,
2677 1958 2756 2014 sic
2792 1959 2844 2014 hi
2871 1959 3147 2016 dominum
3179 1963 3365 2020 colere
3407 1980 3470 2018 ac
3497 1965 3675 2020 vereri.
3705 1966 3815 2020 Deus

2275 2058 2478 2115 autem,
2511 2051 2600 2119 qui
2635 2067 2771 2107 unus
2803 2063 2905 2120 est,
2962 2056 3216 2125 quoniam
3264 2066 3544 2129 utramque
3584 2074 3818 2129 personam

2275 2142 2526 2210 sustinet,
2556 2156 2610 2200 et
2643 2148 2833 2215 patris,
2882 2157 2936 2204 et
2965 2149 3202 2215 domini;
3235 2161 3296 2207 et
3337 2169 3519 2210 amare
3547 2170 3657 2210 eum
3695 2155 3820 2210 debe-

2276 2254 2419 2305 mus,
2453 2241 2578 2309 quia
2611 2240 2704 2295 ﬁlii
2733 2255 2940 2309 sumus,
2972 2253 3026 2298 et
3056 2246 3248 2301 timere
3269 2249 3394 2317 quia
3425 2248 3582 2303 servi.
3621 2247 3718 2303 Non
3751 2263 3821 2318 po-

2277 2343 2379 2385 test
2412 2332 2572 2403 igitur
2602 2349 2701 2390 nec
2746 2335 2940 2407 religio
2977 2353 3005 2391 a
3049 2339 3315 2409 sapientia
3348 2341 3606 2410 separari,
3636 2356 3720 2396 nec
3752 2354 3818 2394 sa-

2271 2422 2470 2492 pientia
2499 2440 2528 2478 a
2556 2426 2800 2498 religioni
2823 2430 3066 2496 secerni;
3090 2431 3214 2502 quia
3240 2431 3386 2488 idem
3414 2434 3550 2488 Deus
3574 2442 3665 2498 est,
3691 2433 3763 2504 qui
3782 2441 3823 2488 et

2271 2514 2497 2589 intelligi
2530 2517 2714 2587 debet,
2737 2521 2882 2593 quod
2899 2533 2984 2579 est
3009 2525 3293 2596 sapientia:
3314 2569 3330 2594 ,
3355 2536 3411 2583 et
3435 2526 3694 2592 honorari,
3714 2524 3821 2596 quod

1881 2645 2246 2706 VARIORUM
2284 2651 2516 2710 ΝΟΤᾹΞ.

564 2789 794 2846 Athenis
820 2790 967 2846 enim
995 2787 1160 2844 Solon
1191 2786 1367 2862 legem
1391 2785 1512 2862 tulit
1532 2787 1772 2862 περὶτῶν
1793 2787 2039 2862 ἀκρίτων,
2067 2804 2173 2858 qua

569 2863 735 2915 tilium
773 2876 967 2916 necare
995 2859 1205 2932 parenti
1235 2860 1576 2932 permissum,
1602 2859 1677 2932 'ut
1701 2859 1890 2914 auctor
1912 2869 1996 2914 est
2020 2862 2169 2916 Sext.

567 2932 828 3002 Etnpiric.
853 2929 1102 2998 libro'm,
1130 2929 1402 3001 Pyrrhon.
1440 2929 1680 3001 Hypoth.

642 3023 762 3079 Nisi
787 3024 968 3078 habeat
990 3024 1044 3077 in
1066 3040 1150 3078 eos
1177 3023 1370 3076 domini
1388 3031 1704 3091 potestatem.
1739 3022 1867 3078 thc
1899 3023 2056 3078 lectio
2079 3033 2164 3080 cst

2352 2798 2486 2864 Quia
2513 2802 2657 2868 pater
2686 2813 2776 2859 est.
2816 2803 3072 2861 Additum
3107 2816 3182 2863 est
3207 2821 3276 2863 ex
3307 2806 3559 2864 omnibus
3581 2806 3685 2865 fere
3718 2820 3818 2863 mss.

2277 2881 2334 2925 et
2363 2873 2636 2942 plerisque
2663 2876 2844 2931 editis.

2350 2941 2413 2997 Si
2443 2941 2613 3001 multi.
2634 2948 2811 3016 Quare
2837 2948 3197 3006 Terentianus
3227 2951 3322 3006 ille
3343 2952 3540 3008 Servus
3560 2953 3685 3008 scire
3707 2949 3821 3007 vole-

2277 3013 2368 3067 bat
2394 3013 2776 3086 quotnam'sibi
2803 3031 2985 3077 essent
3016 3021 3241 3078 domini.
3287 3023 3428 3080 Hinc
3467 3024 3616 3079 Philo
3650 3024 3822 3079 Judarus

567 3097 859 3153 multorum
919 3111 1050 3168 mss.
1097 3097 1238 3150 inter
1281 3089 1416 3168 quos
1478 3105 1605 3149 sunt
1649 3095 1758 3168 duo
1821 3097 2167 3151 vetustissimi

2277 3089 2723 3168 postilomerum
2743 3092 2897 3147 lliad.
2928 3109 3006 3168 vt,
3038 3096 3112 3148 ait
3133 3099 3323 3168 bonum
3350 3112 3452 3150 non
3478 3113 3581 3151 esse
3599 3097 3821 3148 multarunt

569 3169 746 3238 Regii,
777 3181 830 3222 et
861 3169 893 3223 5
923 3167 1056 3223 edit.
1088 3168 1176 3222 Sic
1213 3177 1266 3222 et
1312 3166 1647 3238 Lactantius,
1699 3166 1792 3220 lib.
1856 3184 1910 3234 v,
1960 3182 2082 3238 cap.
2115 3170 2169 3233 6,

573 3236 763 3296 scribit
785 3241 907 3312 jure
934 3240 1280 3312 dominorum.
1325 3236 1382 3291 ltt
1425 3237 1458 3292 6
1490 3237 1710 3312 scriptis
1753 3247 1825 3312 et;
1843 3236 2176 3312 dccemlim-

569 3313 768 3383 pressis
786 3309 990 3382 legitur
1018 3310 1249 3383 dominii,
1281 3325 1400 3380 quae
1424 3325 1527 3364 vox
1545 3309 1698 3364 deest
1723 3314 1773 3362 in
1799 3309 1834 3362 2
1862 3326 1993 3366 mss.
2037 3311 2171 3382 Reg.

569 3381 683 3440 rec.
709 3390 764 3438 et
791 3383 828 3438 2
856 3381 966 3437 vet.
996 3382 1126 3436 edit.
1151 3381 1312 3436 Rom.

642 3455 1061 3524 Paterfamilias,
1104 3462 1210 3508 etc.
1255 3451 1721 3520 Quemadmodum
1775 3452 2173 3524 paterfamilias

568 3526 765 3581 dicitur
786 3528 853 3592 is,
879 3529 969 3596 qui
1000 3525 1052 3580 in
1081 3526 1242 3580 domo
1271 3525 1568 3579 dominium
1600 3525 1781 3592 habet,
1815 3527 2066 3594 quamvis
2101 3526 2172 3579 fi-

569 3600 700 3656 lium
729 3615 833 3653 non
885 3598 1110 3670 habeat:
1169 3598 1249 3650 sic
1306 3597 1654 3670 servientium
1687 3612 1902 3670 quoque
1929 3598 2167 3670 Solemus

569 3671 844 3740 appellare
870 3668 1150 3733 familiam,
1177 3677 1397 3740 auctore
1428 3665 1681 3736 Ulpiano,
1704 3665 2166 3739 leg—Pronuntia-

569 3739 670 3806 tio’,
705 3741 733 3814 ς
767 3741 956 3814 Famil.
983 3741 1185 3810 appel.,
1211 3739 1268 3793 ff.
1301 3739 1368 3793 de
1407 3741 1557 3814 verb.
1595 3743 1698 3814 Vsig.
1727 3742 1795 3814 Et
1827 3740 1896 3794 ob
1929 3741 1978 3793 id
2005 3745 2168 3806 (teste

568 3809 880 3882 Macr'obio)
912 3809 1144 3880 majores
1166 3825 1381 3882 omnem
1403 3809 1635 3866 dominis
1653 3809 1930 3875 invidiam,
1949 3826 2166 3866 omnem

570 3885 744 3940 servis
775 3880 1153 3938 contumeliam
1197 3880 1544 3936 detrahentes
1567 3924 1580 3946 ,
1623 3884 1899 3937 dominum
1935 3893 2167 3949 patrem-

571 3955 828 4017 familias,
873 3969 1059 4009 servos
1106 3952 1402 4008 familiares
1433 3955 1793 4022 appellarunt.
1835 3955 2161 4011 Βετυιειυε.

646 4024 715 4079 Ει
741 4026 879 4096 [ilius
908 4025 1298 4101 manumittitur.
1347 4034 1793 4101 Κᾳταχρηστιχῶς
1819 4026 1894 4101 id
1926 4027 2164 4101 quidem.

571 4097 706 4152 Nam
749 4099 966 4167 proprie
1013 4097 1165 4150 liberi
1207 4096 1648 4165 emancipaniur,
1689 4098 1830 4152 servi
1879 4099 2166 4151 manumit-

576 4179 779 4224 tuntttr.
812 4167 923 4224 Hoc
952 4168 1120 4223 claret
1145 4183 1210 4222 ex
1250 4171 1330 4222 lit.
1363 4167 1397 4222 5
1423 4167 1595 4222 lnstit.
1629 4170 1720 4237 qui
1749 4177 1832 4224 est
1877 4169 1946 4222 de
1974 4168 2167 4224 Liber-

576 4241 724 4295 linis.
761 4240 890 4296 Illud
937 4255 1001 4294 ex
1036 4239 1118 4295 tit.
1153 4239 1222 4294 12
1253 4282 1267 4305 ,
1300 4239 1389 4309 qui
1428 4238 1600 4310 docet
1643 4240 1841 4310 quibus
1883 4241 2056 4294 modis
2081 4244 2168 4308 jus

573 4313 763 4382 patria:
792 4311 1076 4382 potestatis
1103 4313 1366 4366 solvatur.
1401 4309 1700 4378 Utrumque
1737 4311 1952 4382 quidem
1998 4327 2024 4364 a
2056 4327 2171 4366 ma-

570 4399 680 4446 nu,
728 4385 780 4439 id
821 4395 906 4438 est
948 4384 1172 4452 imperio
1218 4383 1441 4438 dictum.
1478 4383 1743 4438 Caeterum
1787 4383 2169 4452 emancipandi

571 4457 796 4511 verbum
824 4458 987 4511 etiam
1018 4455 1082 4509 ad
1111 4456 1244 4508 alias
1270 4469 1359 4510 res
1389 4456 1641 4525 pertinet,
1669 4454 1738 4509 de
1763 4471 1871 4524 quo
1897 4454 2163 4510 videndus

571 4539 654 4584 εει
687 4527 915 4582 Budaeus
942 4529 994 4580 in
1025 4527 1373 4581 Annotation.
1407 4527 1700 4595 prioribus.
1729 4527 1937 4581 BETUL.

643 4599 863 4654 Patroni
885 4615 1067 4652 nomen
1091 4600 1295 4668 accipit.
1324 4598 1527 4663 Servis,
1561 4599 1754 4669 quibus
1783 4598 1990 4653 domini
2023 4613 2170 4652 sum-

571 4688 719 4728 mum
745 4671 1006 4727 libertatis
1036 4675 1266 4739 pretium
1301 4670 1701 4739 persolvebant,
1753 4685 1950 4725 nomen
2001 4685 2067 4725 ex
2115 4685 2175 4723 se

571 4744 657 4799 vel
701 4744 953 4808 alterum,
1005 4743 1087 4795 vel
1128 4741 1288 4795 etiam
1328 4743 1542 4795 tertium
1588 4741 1813 4796 dabant.
1850 4741 2174 4796 Praenouem

570 4815 733 4871 Marci
766 4817 966 4888 Damas
989 4813 1283 4888 Persianus
1305 4828 1333 4867 a
1359 4823 1588 4882 patrono
1607 4813 1838 4882 accepit.
1867 4812 2037 4868 Tertii
2063 4829 2177 4867 me-

572 4888 729 4942 minit
749 4884 911 4944 etiam
939 4884 1242 4952 Iuvenalis,

820 5001 1072 5063 Tanquam
1096 4998 1283 5048 habeas
1305 4998 1398 5047 tria
1423 4999 1632 5048 nomina.

573 5109 631 5167 ιιι
659 5121 776 5167 est:
827 5125 923 5180 per
953 5104 1456 5170 manumissionem,
1514 5103 1653 5158 ultra
1680 5102 1904 5180 _s_ervi_le
1950 5117 2170 5180 n_om_en,

573 5174 884 5253 praenomen
913 5190 967 5236 et
995 5194 1243 5253 nomena
1281 5186 1510 5253 patrono
1537 5174 1914 5253 acquisiveris.
1967 5175 2172 5230 Eodem

573 5245 631 5308 id
661 5254 820 5307 modo
850 5253 1032 5314 ﬁebat,
1075 5266 1184 5321 quo
1223 5245 1474 5321 haeredes
1509 5256 1841 5321 testamento
1878 5245 1930 5300 in
1977 5261 2172 5321 nomen

572 5325 940 5395 familiamque
968 5318 1384 5395 adoptabantur.
1417 5319 1520 5388 Qui
1561 5334 1693 5395 vero
1719 5335 1746 5370 a
1786 5318 2019 5395 dominis
2059 5334 2172 5395 ma-

573 5390 1026 5463 numittebantur,
1049 5390 1140 5449 alii
1174 5392 1320 5450 cives
1355 5391 1583 5446 Romani
1609 5391 1834 5463 fiebant,
1865 5390 1955 5463 alii
1978 5390 2175 5444 dediti-

573 5469 659 5536 tii,
691 5469 779 5522 alii
798 5467 995 5522 Latini.
1013 5461 1095 5522 De
1116 5481 1222 5537 qno
1240 5474 1359 5535 post
1377 5462 1752 5537 Theophilum
1767 5461 2169 5537 institutionum

576 5533 1006 5611 paraphrastem,
1036 5533 1170 5611 vide
1204 5533 1526 5611 Politiatmm
1555 5549 1677 5606 cap.
1700 5534 1814 5611 ῥίς
1845 5533 2046 5611 Miscel.
2072 5533 2170 5611 Al.-

576 5604 800 5677 iaatu'm,
831 5625 952 5678 eap.
1002 5610 1068 5664 M
1118 5609 1242 5663 libri
1296 5624 1315 5663 ι
1377 5604 1639 5678 Parerg.;
1684 5605 2056 5678 Alexandrum
2101 5604 2170 5658 ab

574 5676 1061 5742 Alexandro’libro
1091 5695 1160 5743 tv,
1194 5695 1313 5751 cap.
1348 5680 1438 5744 l0,
1470 5676 1680 5734 Gcitial.
1702 5678 1938 5751 dierum.
1963 5676 2164 5731 Βετω..

649 5756 782 5820 Quia
816 5763 864 5808 et
900 5751 1190 5822 indulgere.
1222 5748 1294 5805 na
1338 5766 1459 5806 cum
1504 5751 1715 5806 cunctis
1776 5748 1936 5822 editis
1975 5762 2167 5803 omnes

574 5841 707 5884 mss.
753 5835 982 5894 excepto
1010 5821 1118 5877 uno
1169 5821 1300 5894 Reg.
1345 5823 1546 5894 iniquo
1572 5831 1689 5876 erat
1730 5836 1761 5875 a
1801 5821 1970 5891 prima
2005 5833 2165 5874 manu

576 5900 664 5984 qui
681 5917 697 5972 ;
727 5910 781 5959 et
808 5891 1092 5970 sic'lcgere
1121 5891 1352 5949 mallem.
1389 5891 1519 5950 Vide
1545 5910 1659 5965 seq.

2281 3157 2685 3237 dominationem
2699 3179 2736 3237 V;_
2761 3179 2892 3237 unus
2922 3166 3082 3237 igitur
3100 3167 3166 3220 sit
3205 3166 3469 3234 dominus,
3507 3170 3568 3220 sit
3593 3184 3707 3220 unus
3737 3181 3819 3237 res.

2355 3231 2421 3285 Et
2450 3234 2664 3309 incesta.
2693 3235 2819 3290 Mss.
2848 3236 2884 3290 4
2915 3231 3027 3292 rec.
3070 3245 3126 3292 et
3156 3237 3189 3292 8
3220 3231 3473 3309 impressi
3508 3240 3710 3292 incerta:
3751 3236 3820 3291 sed

2281 3304 2460 3358 minus
2491 3306 2649 3362 bene.

2351 3375 2606 3433 Incertus.
2650 3378 2725 3433 Ita
2753 3394 2943 3435 omnes
2971 3381 3180 3450 scripti,
3213 3379 3439 3450 dempto
3466 3383 3492 3436 1
3526 3381 3649 3452 Reg.
3676 3395 3821 3434 recen-

2280 3447 2438 3522 tiore,
2474 3459 2527 3522 et
2553 3466 2741 3505 omnes
2787 3451 2919 3506 editi
2956 3447 3153 3520 printer
3189 3452 3224 3506 4
3267 3447 3467 3522 quibus
3513 3465 3589 3507 est
3604 3447 3819 3507 'incestus.

2277 3517 2447 3574 Recte
2475 3521 2797 3576 'l‘homasius
2825 3517 3069 3578 defendit
3097 3517 3392 3578 lectionem
3422 3525 3653 3578 incertus.

2352 3589 2512 3664 Deus.
2552 3592 2898 3649 Constructio
2933 3594 3147 3664 phrasis
3179 3596 3420 3662 vitiosa;
3453 3597 3627 3650 dicere
3651 3593 3821 3649 debuis-

2276 3673 2360 3718 set
2395 3680 2407 3716 :
2440 3663 2675 3719 Deum...
2705 3676 2752 3718 et
2782 3663 2957 3720 amare
2981 3666 3238 3720 debemus.

2355 3735 2636 3806 Utramque
2670 3754 2938 3806 personam
2962 3739 3196 3792 sustinet.
3220 3736 3316 3793 Sic
3339 3737 3406 3792 de
3423 3737 3504 3793 Ira
3532 3754 3578 3793 c.
3599 3736 3688 3793 25:
3710 3732 3824 3789 Utra-

2275 3822 2372 3876 que
2401 3825 2619 3876 persona
2651 3810 2704 3862 in
2732 3826 2789 3863 eo
2818 3809 3142 3864 uenerabilis.
3178 3807 3438 3874 Persona,
3473 3810 3524 3864 id
3549 3819 3644 3874 est,
3666 3821 3821 3869 munitm

2275 3881 2524 3957 conditio.
2549 3880 2708 3957 saepe
2732 3880 2948 3946 Cicero,
2979 3897 3251 3957 personam
3284 3891 3474 3948 tenere,
3505 3881 3757 3942 sustinere;
3781 3889 3819 3957 c.

2272 3966 2327 4020 g.
2361 3951 2400 4005 l.
2432 3969 2468 4006 ll
2495 3953 2560 4006 de
2584 3953 2812 4007 Oratore
2833 3968 2954 4022 cap.
2981 3951 3060 4006 24
3085 3952 3246 4007 :Tres
3278 3970 3523 4020 personas
3567 3968 3682 4006 unus
3700 3951 3819 4002 susti-

2275 4039 2440 4076 neo...
2475 4041 2659 4090 meam,
2693 4025 3000 4090 adversarii,
3025 4025 3240 4088 judicis.
3275 4024 3411 4079 BDN.

2347 4093 2412 4148 Et
2450 4097 2642 4160 timere,
2678 4096 2800 4169 quia
2832 4097 2981 4150 servi.
3013 4097 3200 4169 Timor
3242 4095 3387 4166 apud
3428 4093 3704 4169 Prophetas
3737 4090 3820 4143 fere

2274 4169 2636 4222 reverentiam
2679 4165 2984 4237 maiestatis
3025 4167 3242 4232 divinae,
3275 4165 3522 4238 adeoque
3563 4165 3817 4239 religionem

2275 4239 2576 4308 significat:
2611 4255 2734 4294 cum
2764 4233 3062 4310 Apostolus
3092 4241 3344 4294 timorem
3381 4233 3500 4294 cum
3532 4233 3816 4310 Philosophis

2275 4307 2403 4364 mali
2432 4311 2743 4379 opinionem
2773 4307 2939 4378 dicat,
2977 4326 3136 4382 quam
3167 4310 3354 4382 odium
3383 4310 3677 4382 comitatur,
3699 4307 3813 4375 juxta

2277 4383 2538 4458 tragicum
2571 4383 2714 4458 illud
2741 4384 3190 4458 tyrannicumque
3222 4399 3234 4434 :
3267 4381 3481 4458 Oderint
3511 4422 3524 4445 ,
3577 4381 3689 4458 dunt
3738 4389 3816 4458 nte:

2276 4464 2442 4507 luant.
2461 4455 2575 4509 Hoc
2595 4451 3058 4510 modo'Dominum
3088 4451 3300 4519 timent,
3324 4455 3413 4524 qui
3443 4468 3555 4524 non
3577 4451 3814 4524 bonitatem

2194 4529 2247 4589 D
2274 4526 2392 4594 ejus
2420 4526 2832 4582 inestimabilem
2861 4567 2876 4590 ,
2903 4526 2998 4580 sed
3033 4525 3301 4595 justitiam
3344 4523 3811 4595 inevitabilemcmn

2281 4588 2526 4654 siderant
2557 4617 2570 4654 :
2607 4615 2711 4672 non
2741 4609 2797 4652 ut
2827 4588 3148 4672 salvatoi'em
3188 4607 3395 4672 amant,
3425 4595 3517 4650 sed
3562 4588 3814 4672 ut__judicetu

2281 4681 2334 4724 et
2363 4672 2516 4742 quasi
2554 4671 2822 4739 Vaejovem
2855 4669 3144 4739 quemdam
3180 4661 3556 4742 extimescunt.
3599 4661 3813 4742 Timorem

2280 4732 2460 4797 autem
2489 4732 2774 4797 idem'cum
2794 4732 3055 4812 religione
3070 4738 3214 4812 apud
3237 4738 3555 4812 PrOphetam
3580 4732 3814 4812 etSapieu-

2282 4823 2388 4868 tem
2415 4830 2558 4880 esse,
2594 4824 2820 4869 testatur
2841 4804 3028 4868 Graeca
3051 4804 3364 4866 translatio}
3383 4804 3719 4882 edaéﬁsm,_it{
3735 4805 3810 4882 ςειγ

2280 4870 2596 4955 religionem
2648 4885 2749 4958 (sic
2797 4883 3220 4958 enim_Te_rtull.
3291 4877 3673 4958 interpretatur)
3710 4870 3814 4958 idem

2279 4953 2420 5025 quod
2447 4965 2530 5012 est
2553 4953 2839 5026 sapientia,
2862 4955 3012 5010 dicit.
3058 4954 3180 5009 Pari
3213 4953 3374 5008 modo
3409 4957 3664 5026 exponunt
3688 4953 3810 5026 etiam

2279 5014 2558 5083 oraculum
2587 5014 2999 5100 P'ropltetieun),
3021 5033 3224 5100 πνεῦμα
3250 5014 3491 5100 γνὼᾳςωέ
3509 5026 3584 5077 καί
3608 5014 3814 5100 εὐσεϐίέῖίί

2279 5101 2525 5172 ἐμπλήσει
2577 5094 2748 5156 αὐτὼ.
2808 5099 2898 5172 Ex
2948 5098 3049 5172 his
3082 5094 3269 5172 ἰπὶ-ἰδ’
3290 5098 3566 5172 colligere
3589 5101 3660 5172 es!
3683 5128 3696 5152 ο

2278 5160 2676 5242 signiﬁcatione
2716 5171 2969 5241 utrinque
3016 5169 3240 5242 timoris_
3266 5183 3368 5222 vox
3407 5160 3689 5242 accipienda
3726 5160 3807 5242 sit;

2279 5237 2380 5299 nec
2429 5245 2545 5298 sine
2577 5237 3167 5312 Scripturte'exemplo
3219 5239 3550 5296 Lactantium
3592 5237 3808 5312 tim-oret?!

2278 5295 2381 5371 hoc
2411 5295 2865 5384 és'ifréngiiiheni
2891 5295 3014 5368 cum
3039 5295 3454 5384 stipientiatatn
3478 5317 3616 5384 arcto
3641 5295 3809 5384 vinculi:

2276 5361 2467 5456 Setinis
2849 5361 2885 5438 va
2894 5361 3378 5456 titius
3390 5361 3456 5435 all
3465 5378 3622 5456 udere.
3632 5373 3688 5425 ad

2275 5446 2502 5514 Malaclt.
2539 5475 2558 5512 ι
2599 5476 2611 5510 :
2650 5457 2819 5511 Filius
2847 5458 3064 5510 honorat
3094 5454 3306 5508 Patrem
3334 5462 3380 5506 et
3409 5467 3568 5506 servus
3593 5446 3805 5514 dominum

2274 5509 2868 5600 iuit-minSi—ergopat‘er
2890 5509 2988 5600 ego
3017 5543 3152 5600 sum,
3187 5525 3273 5578 ubi
3301 5533 3372 5578 est
3417 5525 3571 5600 [tortor
3600 5509 3806 5600 {tltlfilf‘

2272 5602 2317 5656 si
2343 5601 2599 5656 Dominus
2619 5589 2872 5673 Ego'sum,
2900 5589 2984 5652 ubi
3010 5607 3081 5654 est
3110 5589 3263 5651 timor
3281 5589 3698 5673 riteus?Qu0'lQ§O

2273 5655 2362 5728 cul
2379 5673 2541 5728 dubio
2557 5655 2766 5728 timoris
2785 5655 2982 5726 noinen
3000 5685 3098 5740 pro
3122 5655 3803 5740 veneratione'accil’ieml‘fg'

2272 5755 2376 5812 est,
2405 5754 2460 5799 et
2487 5745 2868 5808 sollicitudine,
2901 5758 2967 5798 ne
3000 5731 3043 5796 is
3083 5739 3390 5796 offendatur
3419 5752 3508 5814 per
3533 5731 3801 5814 pugili?!

2273 5803 2487 5870 summo
2516 5816 2696 5871 studio
2723 5803 2954 5870 colimus
2981 5823 3036 5870 et
3061 5825 3340 5878 amamus;
3371 5803 3432 5866 et'
3452 5807 3500 5866 id
3530 5803 3694 5876 ipsius.
3719 5803 3802 5846 ¹¹⁰¹¹

2271 5887 2444 5944 nostri
2467 5902 2648 5944 causa.
2679 5887 3005 5944 Bsruuztus.
