4038 6358
222 362 313 420 457

1056 351 1267 410 LIBER
1304 348 1397 411 Ν.
1438 350 1528 410 DE
1564 345 1754 408 VERA
1794 342 2166 407 SAPIENTIA
2203 345 2294 405 ET
2332 342 2562 405 RELIG.

3380 337 3487 402 458

220 486 290 536 est
314 470 588 545 religionis.
620 469 723 530 Sed
750 470 1016 543 sapientia
1044 471 1323 542 princedit,
1368 472 1558 543 religio
1586 469 1769 542 sequi-
1799 474 1852 533 Α
1951 465 2107 537 Quod
2137 467 2182 523 si
2210 468 2390 525 nullus
2419 482 2641 535 eorum,
2684 466 2775 538 qui
2820 463 3103 533 coluntur,
3148 464 3413 522 formasse
3450 481 3484 522 a

219 579 320 627 tur:
348 569 463 640 quia
492 568 635 639 prius
663 575 769 635 est,
797 567 966 623 Deum
994 567 1157 636 scire,
1181 580 1543 639 consequens,
1569 565 1772 623 colere.

216 660 281 717 Ita
302 661 353 716 in
367 657 566 717 duobus
584 658 890 716 nominibus
915 673 1021 715 una
1048 658 1132 715 vis
1157 668 1259 726 est,
1288 660 1535 731 quamvis
1557 657 1774 714 diversa

217 768 321 812 esse
342 753 594 809 videatur.
622 752 868 809 Alterum
899 752 1043 810 enim
1075 754 1311 824 positum
1360 760 1445 809 est
1485 754 1539 808 in
1587 767 1773 819 sensu,

214 848 415 906 alterum
441 846 493 902 in
519 855 661 903 actu.
688 845 795 903 Sed
824 854 1006 904 tamen
1031 846 1233 904 similia
1259 854 1387 904 sunt
1407 846 1619 903 duobus
1644 845 1776 902 rivis

213 961 266 1001 ex
295 957 391 999 uno
417 941 562 998 fonte
592 941 958 1000 manantibus.
1013 941 1160 999 Fons
1188 950 1370 999 autem
1411 941 1692 1012 sapientiae
1720 951 1776 997 et

213 1037 479 1111 religionis,
510 1037 652 1095 Deus
679 1049 800 1093 est:
843 1052 873 1092 a
912 1051 1020 1109 quo
1059 1036 1115 1093 hi
1138 1036 1249 1093 duo
1272 1036 1373 1093 rivi
1412 1036 1457 1092 si
1487 1036 1774 1093 aberrave-

211 1131 321 1197 rint,
351 1138 594 1188 arescant
621 1143 845 1187 necesse
871 1140 990 1197 est;
1036 1145 1195 1203 quem
1240 1130 1335 1202 qui
1364 1129 1634 1197 nesciunt,
1673 1142 1773 1186 nec

209 1222 448 1295 sapientes
472 1238 593 1281 esse
618 1233 863 1295 possunt,
896 1238 996 1280 nec
1023 1224 1281 1296 religiosi.

267 1317 345 1373 Sic
369 1315 445 1383 fit,
475 1325 531 1371 ut
563 1316 898 1387 philosophi,
942 1326 998 1373 et
1038 1317 1130 1389 qui
1157 1317 1292 1374 deos
1323 1317 1530 1386 colunt,
1563 1316 1770 1375 similes

206 1405 296 1466 sint
317 1417 402 1464 aut
426 1407 546 1465 filiis
572 1407 855 1477 abdicatis,
883 1419 977 1466 aut
1011 1411 1188 1466 servis
1215 1408 1455 1481 fugitivis
1480 1427 1497 1477 ;
1520 1409 1645 1482 quia
1674 1425 1771 1465 nc-

205 1515 293 1571 quc
318 1500 385 1555 illi
412 1509 616 1570 patrem
642 1508 914 1572 quaerunt,
943 1517 1119 1574 neque
1152 1501 1206 1558 hi
1234 1501 1515 1563 dominum
1543 1520 1557 1557 :
1602 1513 1657 1559 et
1697 1504 1771 1559 si-

204 1600 279 1648 cut
299 1592 515 1649 abdicati
555 1593 927 1651 luereditatem
955 1595 1125 1665 patris
1156 1611 1263 1651 non
1294 1605 1678 1667 assequuntur,
1715 1606 1771 1653 et

201 1685 386 1757 fugitivi
411 1685 823 1757 impunitatem:
849 1687 925 1742 ita
952 1702 1129 1759 neque
1156 1686 1463 1758 philosophi
1490 1688 1771 1743 immorta-

200 1776 374 1834 lilatem
397 1778 680 1849 accipient,
704 1794 824 1850 quae
866 1788 952 1835 est
994 1777 1147 1851 regni
1173 1779 1411 1836 ctelestis
1455 1778 1767 1848 baereditas,

197 1867 241 1924 id
261 1877 335 1926 est
372 1885 642 1926 summum
666 1871 892 1938 bonum,
922 1871 1066 1943 quod
1097 1871 1173 1927 illi
1218 1874 1452 1927 maxime
1496 1881 1767 1941 quaerunt,
1798 1864 1847 1925 B

195 1977 343 2033 neque
365 1964 602 2020 cultores
622 1964 847 2023 deorum
871 1980 1083 2036 ptenam
1110 1967 1452 2038 sempiterna:
1480 1967 1671 2024 mortis
1692 1966 1770 2023 ef-

194 2053 386 2128 fugient,
414 2073 533 2129 quze
569 2071 653 2114 est
678 2060 1076 2115 animadversio
1112 2060 1225 2116 veri
1253 2058 1459 2115 domini
1500 2058 1766 2117 adversus

192 2145 411 2218 fugitivos
436 2165 551 2207 suae
579 2150 879 2222 majestatis
906 2168 971 2207 ac
1000 2153 1256 2208 nominis.
1283 2153 1453 2209 Deum
1482 2169 1612 2209 vero
1642 2168 1766 2211 esse

191 2250 390 2312 patrem,
448 2243 817 2315 eamdemque
866 2245 1163 2309 dominum,
1217 2246 1434 2316 utrique
1478 2246 1764 2315 ignorave-

191 2344 308 2401 runt,
331 2343 429 2391 tam
458 2337 704 2393 cultores
733 2336 982 2405 deorum,
1015 2352 1176 2408 quam
1199 2338 1296 2408 ipsi
1328 2337 1606 2409 sapientia:
1639 2353 1767 2409 pro-

189 2424 395 2484 fessores
412 2446 425 2483 :
442 2429 570 2500 quia
602 2436 691 2484 aut
711 2428 846 2485 nihil
866 2429 1088 2485 omnino
1106 2428 1392 2485 colendum
1418 2439 1761 2499 putaverunt,

186 2529 262 2576 aut
285 2520 563 2593 religiones
592 2521 756 2579 falsas
783 2523 1241 2596 approbaveruut,
1270 2531 1388 2592 aut,
1419 2523 1633 2580 etiamsi
1654 2523 1763 2579 vim

188 2623 593 2690 potestatemque
612 2618 811 2673 summi
834 2616 929 2673 Dei
955 2616 1363 2685 intellexerunt,
1397 2625 1457 2672 ut
1482 2616 1658 2682 Plato,
1672 2617 1764 2688 qui

186 2710 247 2764 ait
269 2726 418 2767 unum
448 2727 575 2769 esse
606 2711 987 2768 fabricatoretn
1013 2710 1197 2767 mundi
1221 2712 1416 2779 Deum,
1447 2718 1505 2768 et
1526 2710 1598 2767 Μ.
1627 2711 1763 2767 Tul-

185 2801 291 2873 lius,
316 2804 398 2876 qui
421 2804 624 2862 fatetur
661 2804 934 2861 hominem
985 2805 1243 2878 praeclara
1293 2804 1527 2876 quadam
1572 2803 1763 2861 condi-

186 2896 308 2955 tione
323 2913 353 2954 a
372 2914 587 2956 summo
621 2900 731 2957 Deo
756 2914 876 2957 esse
900 2908 1237 2971 generatum;
1259 2909 1437 2956 tamen
1455 2900 1504 2956 ei
1523 2899 1763 2957 debitum

184 2990 354 3047 cultum
376 3002 649 3066 tamquam
676 3008 889 3051 summo
920 2994 1055 3065 patri
1085 2992 1593 3061 non'reddiderunt,
1621 2994 1766 3066 quod

184 3092 283 3139 erat
307 3100 643 3159 consequens
667 3101 731 3142 ac
759 3087 1147 3144 necessarium.
1185 3087 1326 3143 Deos
1366 3096 1547 3143 autem
1590 3102 1767 3159 neque

186 3184 360 3245 patres,
391 3194 569 3252 neque
592 3177 843 3236 dominos
869 3194 992 3235 esse
1023 3193 1200 3250 posse,
1254 3194 1361 3235 non
1392 3189 1596 3235 tantum
1626 3179 1768 3235 mul-

1879 560 2143 634 principio
2184 569 2345 633 atque
2371 560 2667 617 instituisse
2705 559 2981 616 hominem
3011 558 3268 626 traditur;
3302 558 3483 615 nullus

1878 655 2043 730 igitur
2077 674 2149 715 ex
2186 658 2271 716 bis
2294 667 2449 731 pater
2476 658 2711 715 hominis
2740 657 3037 730 nuncupari
3065 664 3279 728 potest,
3310 656 3384 713 ita
3415 671 3485 712 ne

1878 751 2023 809 Deus
2050 752 2286 824 quidem.
2318 753 2462 825 Ergo
2489 752 2569 809 fas
2607 767 2716 808 non
2744 762 2829 809 est
2856 750 3106 808 venerari
3152 764 3248 807 eos
3286 766 3317 804 a
3361 750 3485 821 qui-

1876 843 1978 901 bus
2009 861 2119 903 non
2149 848 2223 903 sit
2251 846 2415 904 homo
2461 856 2786 919 generatus;
2828 845 2951 919 quia
2996 860 3173 917 neque
3225 860 3257 899 a
3302 843 3484 900 multis

1874 940 2121 1008 generari
2150 948 2347 1010 potest.
2380 938 2535 997 Unus
2576 938 2737 1011 igitur
2764 953 2828 994 ac
2853 938 3004 995 solus
3025 937 3134 995 coli
3169 937 3352 1007 debet,
3384 937 3482 1008 qui

1873 1028 2091 1098 Jovem,
2115 1032 2206 1102 qui
2235 1031 2548 1099 Saturnum,
2577 1030 2671 1104 qui
2698 1031 2912 1089 Caelum
2941 1031 3140 1102 ipsum,
3171 1040 3481 1103 terramque

1871 1122 2181 1179 antecessit.
2213 1123 2266 1180 Is
2291 1125 2436 1180 enim
2467 1139 2693 1182 necesse
2721 1134 2805 1181 est
2835 1123 3109 1181 hominem
3142 1123 3478 1195 ﬁguraverit,

1872 1216 1962 1286 qui
1989 1224 2115 1271 ante
2142 1217 2415 1274 hominem
2440 1218 2640 1275 caelum
2686 1227 2996 1290 terramque
3040 1218 3288 1288 perfecit.
3319 1217 3481 1275 Solus

1872 1316 2027 1377 pater
2051 1310 2327 1366 vocandus
2355 1322 2457 1380 εει,
2487 1312 2576 1383 qui
2609 1312 2841 1381 creavit;
2875 1312 3025 1368 solus
3056 1311 3309 1367 dominus
3339 1328 3477 1367 nun-

1872 1403 2173 1473 cupandus,
2209 1405 2301 1476 qui
2331 1405 2498 1478 regit,
2528 1408 2617 1478 qui
2651 1407 2812 1463 habet
2858 1406 2983 1462 vitae
3010 1422 3073 1463 ac
3117 1408 3267 1464 necis
3294 1422 3479 1464 veram

1871 1501 1926 1548 et
1953 1504 2266 1565 perpetuam
2296 1507 2656 1569 potestatem;
2689 1514 2848 1569 quem
2876 1500 2967 1570 qui
3013 1513 3120 1554 non
3159 1498 3345 1554 adorat
3367 1543 3381 1564 ,
3427 1508 3482 1555 ct

1872 1583 2134 1655 insipiens
2160 1603 2349 1644 servus
2375 1600 2479 1655 est,
2508 1591 2597 1660 qui
2639 1591 2918 1646 dominum
2955 1606 3110 1647 suum
3161 1600 3253 1647 aut
3292 1592 3478 1663 fugiat,

1870 1689 1964 1735 aut
1993 1684 2219 1749 nesciat,
2243 1692 2300 1739 et
2322 1684 2517 1754 impius
2542 1685 2701 1752 illius,
2727 1687 2816 1757 qui
2848 1701 3003 1741 suum
3032 1701 3215 1741 verum
3246 1694 3476 1756 patrem,

1871 1773 1961 1829 vel
1998 1773 2193 1842 oderit,
2226 1777 2307 1831 vel
2339 1779 2572 1848 ignoret.

2509 1911 2737 1970 CAPUT
2782 1914 2841 1969 ν.

1910 2021 2135 2080 Orneula
2165 2029 2529 2098 prophetarum
2557 2038 2675 2082 sunt
2700 2029 3056 2100 inspicienda;
3082 2039 3128 2085 et
3156 2030 3218 2085 de
3240 2040 3439 2102 tempo-

2111 2118 2248 2172 ribus
2277 2135 2474 2187 eorum,
2500 2130 2651 2190 atque
2673 2122 2906 2185 iudicum
2932 2132 2979 2177 et
3006 2138 3201 2194 regunt.

1940 2253 2129 2322 Nunc,
2178 2257 2432 2327 quoniam
2475 2257 2635 2314 docui
2681 2260 3000 2331 sapientiam
3047 2270 3103 2316 et
3156 2261 3474 2334 religionem

1871 2360 1977 2402 non
2003 2362 2161 2416 posse
2186 2348 2389 2418 diduci,
2415 2362 2663 2420 superest
2683 2361 2740 2407 ut
2759 2353 2827 2409 de
2849 2355 2961 2424 ipsa
2990 2354 3257 2427 religione
3277 2372 3342 2413 ac
3385 2373 3477 2412 sa-

1870 2436 2071 2507 pientia
2100 2438 2454 2496 disseramus.
2486 2444 2674 2498 Sentio
2698 2444 2939 2514 quidem,
2964 2461 3125 2517 quam
3150 2447 3222 2502 sit
3245 2447 3480 2506 difﬁcilis

1868 2526 1938 2585 de
1964 2531 2127 2588 rebus
2147 2531 2456 2589 coelestibus
2479 2534 2775 2606 disputatio
2801 2554 2814 2592 :
2841 2537 2938 2594 sed
2963 2546 3141 2594 tamen
3169 2540 3480 2597 audendum

1869 2631 1984 2691 est,
2018 2633 2077 2679 ut
2120 2624 2383 2681 illustrata
2415 2626 2617 2682 veritas
2659 2637 2867 2698 pateat,
2901 2630 3165 2701 multique
3194 2633 3265 2689 ab
3292 2648 3483 2691 errore

1868 2724 2030 2787 atque
2056 2716 2278 2773 interitu
2310 2717 2632 2784 liberentur,
2657 2722 2748 2792 qui
2775 2736 2892 2776 eam
2919 2722 3023 2779 sub
3048 2723 3315 2782 velamine
3339 2728 3479 2783 stul-

1868 2807 2005 2863 tiliae
2051 2808 2309 2866 latentem
2339 2823 2699 2882 aspernantur
2737 2829 2800 2870 ac
2842 2827 3123 2886 respuunt.
3178 2815 3286 2875 Sed
3333 2821 3482 2891 prius

1869 2916 2029 2973 quam
2060 2903 2311 2973 incipiam
2339 2903 2409 2960 de
2449 2906 2563 2961 Deo
2588 2916 2640 2962 et
2678 2908 2934 2978 operibus
2960 2910 3080 2981 ejus
3109 2912 3312 2981 dicere,
3345 2916 3481 2971 mihi

1870 3010 2040 3067 pauca
2068 2995 2137 3051 de
2165 2998 2447 3068 prophetis
2476 3008 2604 3055 ante
2634 2999 2860 3056 dicenda
2892 3011 3038 3071 sunt,
3064 3019 3294 3074 quorum
3328 3009 3484 3063 testi-

1870 3090 2072 3146 moniis
2095 3106 2237 3146 nunc
2254 3092 2343 3146 arti
2375 3107 2601 3148 necesse
2626 3103 2736 3162 est;
2772 3095 2915 3165 quod
2944 3096 2996 3150 iu
3030 3097 3301 3166 prioribus
3329 3100 3485 3157 libris

1873 3198 1941 3239 ne
1976 3182 2243 3251 facerem,
2286 3186 2603 3255 temperavi.
2642 3186 2786 3243 Ante
2821 3190 3035 3255 omnia,
3068 3191 3158 3261 qui
3196 3195 3481 3250 veritatem

186 3272 354 3340 titudo,
369 3283 427 3329 ut
443 3289 611 3346 supra
638 3274 850 3330 ostendi
876 3273 1012 3348 (scil.
1045 3291 1162 3345 cap.
1186 3272 1458 3345 prwced.),
1484 3274 1579 3330 sed
1604 3275 1767 3330 etiam
1794 3259 1839 3322 Ο
1874 3276 2054 3333 studet
2085 3276 2587 3349 comprehendere,
2631 3294 2738 3335 non
2767 3280 2932 3336 modo
2962 3259 3327 3355 iutclligendis
3358 3303 3484 3357 pro-

186 3370 302 3425 ratio
329 3369 600 3427 declarat:
630 3371 755 3443 quia
775 3386 949 3441 neque
968 3370 1150 3426 fictura
1174 3383 1297 3425 esse
1318 3384 1347 3422 a
1370 3369 1473 3424 diis
1492 3368 1762 3425 hominem

187 3463 410 3532 traditur,
439 3480 621 3537 neque
648 3463 780 3521 deos
808 3464 957 3534 ipsos
1004 3462 1328 3520 antecedere
1351 3462 1616 3533 originem
1662 3461 1765 3517 ho.

186 3555 325 3613 minis
352 3558 659 3624 invenitur;
701 3556 964 3627 siquidem
1011 3555 1179 3612 fuisse
1219 3556 1270 3611 in
1310 3564 1454 3611 terra
1495 3554 1764 3621 homines,

187 3639 444 3724 antequam
485 3652 785 3718 Vulcanus,
820 3659 876 3707 et
902 3650 1084 3716 Liber,
1114 3658 1168 3706 et
1204 3649 1420 3720 Apollo,
1449 3658 1502 3705 et
1530 3648 1645 3720 ipse
1674 3649 1770 3707 Ju-

187 3747 305 3815 piter
330 3757 702 3814 nascerentur,
732 3753 975 3816 apparet.
1008 3743 1115 3800 Sed
1156 3758 1333 3814 neque
1359 3741 1594 3799 Saturno
1622 3741 1772 3799 ﬁctio

189 3839 434 3911 hominis,
489 3855 675 3914 neque
730 3837 883 3895 Caelo
934 3838 1070 3911 patri
1122 3837 1240 3909 ejus
1301 3837 1566 3909 assignari
1610 3837 1771 3894 solet.

1873 3369 2157 3442 phetarum
2215 3371 2436 3428 vocibus
2506 3372 2746 3428 animum
2802 3373 2967 3431 debet
3026 3377 3337 3448 intendere,
3386 3383 3483 3438 sed

1876 3465 2037 3522 etiam
2071 3475 2337 3534 tempora,
2370 3481 2469 3537 per
2495 3482 2615 3538 qua:
2644 3468 2874 3538 quisque
2902 3468 3118 3526 illorum
3147 3472 3329 3536 fuerit,
3362 3474 3486 3531 dili-

1875 3557 2193 3630 gentissime
2219 3557 2528 3629 inquirere;
2552 3566 2612 3613 ut
2630 3560 2764 3613 sciat
2792 3569 2848 3614 et
2873 3576 2993 3631 quae
3013 3560 3190 3618 futura
3221 3566 3487 3635 praedixe-

1879 3651 2007 3716 rint,
2032 3658 2089 3705 et
2118 3659 2241 3720 post
2270 3664 2409 3720 quos
2435 3666 2609 3706 annos
2639 3650 2893 3720 praedicta
2919 3653 3188 3723 completa
3215 3657 3343 3713 sint.
3371 3658 3485 3717 Nec

1879 3743 2169 3800 difficultas
2211 3745 2266 3799 in
2306 3745 2391 3801 bis
2428 3745 2748 3816 colligendis
2777 3746 2919 3802 inest
2963 3749 3105 3814 ulla;
3143 3754 3324 3808 testati
3355 3766 3484 3811 sunt

1879 3839 2022 3895 enim
2045 3840 2145 3895 sub
2162 3853 2270 3910 quo
2282 3838 2507 3910 quisque
2523 3853 2649 3910 rege
2675 3837 2839 3894 divini
2865 3838 3269 3910 Spiritusfuerit
3294 3859 3483 3916 passus

1470 3954 1834 4013 VARIORUM
1871 3953 2104 4012 NOTE.

249 4076 478 4145 Quamvis
507 4076 715 4131 diversa
744 4088 851 4129 esse
880 4071 1116 4128 videatur
1173 4071 1249 4128 Ita
1280 4073 1520 4145 potiores
1546 4085 1678 4145 mss.
1712 4079 1769 4145 et

189 4143 512 4220 quamplures
533 4147 686 4204 editi.
714 4145 912 4215 Scripti
950 4146 1281 4201 recentiores
1306 4160 1427 4201 cum
1461 4144 1494 4199 5
1534 4143 1766 4215 vulgatis

199 4221 694 4356 v‘gilli'ilsuzbdicatis,
723 4297 811 4343 aut
838 4287 996 4343 servis
1036 4287 1286 4358 fugitivis.
1320 4286 1437 4343 Mos
1463 4295 1580 4343 erat
1607 4285 1763 4358 Grie-

190 4377 379 4428 corum,
410 4372 470 4419 ut
516 4361 679 4418 liberi
724 4359 819 4431 qui
860 4356 1123 4415 voluntati
1156 4369 1395 4430 paternae
1425 4373 1488 4431 ac
1519 4356 1763 4431 honestis

193 4435 413 4490 moribus
436 4434 705 4492 tenaciter
728 4428 1114 4502 repugnarent,
1154 4428 1184 4484 ἐι
1216 4430 1526 4502 parentibus
1548 4428 1759 4485 abdica~

1880 4071 2137 4148 hominem
2158 4070 2429 4148 praeclara.
2468 4067 2662 4127 Cicero
2690 4070 2757 4126 dc
2792 4070 3024 4148 Legibus
3053 4071 3146 4128 lib.
3182 4091 3195 4128 ι
3221 4117 3235 4141 ,
3266 4091 3383 4148 cap.
3426 4079 3479 4133 7.

1875 4143 2085 4198 Animal
2108 4142 2203 4196 hoc
2234 4141 2520 4214 providum,
2565 4159 2748 4214 sagax,
2775 4141 3065 4212 multiplex,
3115 4141 3347 4211 acutum:
3371 4168 3480 4205 mc—

1874 4229 2006 4282 mor,
2042 4214 2250 4284 plenum
2279 4213 2496 4268 rationis
2529 4221 2576 4268 et
2610 4213 2838 4277 Consilii,
2871 4231 3020 4282 quem
3044 4230 3282 4273 vocamus
3308 4220 3480 4276 fronti-

1873 4302 2008 4353 nem,
2044 4284 2297 4356 praeclara
2333 4284 2558 4352 quadam
2595 4285 2891 4340 conditione
2910 4300 3206 4356 generatum
3237 4300 3311 4344 est
3333 4308 3366 4345 a
3392 4309 3482 4346 su-

1872 4353 2051 4428 premo
2079 4355 2209 4411 Deo.
2238 4353 2409 4428 VCELL.

1948 4429 2050 4497 Qui
2077 4427 2288 4482 creavit.
2319 4426 2376 4481 ld
2398 4435 2503 4491 est,
2527 4426 2732 4496 genuit,
2761 4429 3063 4496 generavit,
3092 4442 3149 4484 ut
3174 4430 3310 4487 infra
3341 4450 3389 4489 c.
3421 4436 3476 4491 8.

193 4515 380 4590 rentur:
429 4507 658 4590 probata
699 4498 1117 4590 apud-iudicem
1172 4498 1760 4590 abdieat‘ionis_.catt._sa:
1790 4528 1844 4590 D
1869 4498 1961 4557 Sic
2004 4498 2288 4564 Phaedrus,
2329 4498 2424 4554 lib.
2469 4514 2508 4565 ι,
2557 4498 2664 4553 fab.
2709 4499 2764 4565 6,
2797 4499 2915 4565 fin.,
2948 4500 3234 4590 S'iLcrearit
3274 4504 3477 4562 liberos.

194 4578 331 4648 Apud
355 4571 658 4634 Lucianum
689 4571 747 4631 et
760 4571 1151 4648 Quintilianum
1177 4573 1242 4648 in
1275 4571 1764 4628 Declamationibus

194 4643 421 4720 leguntur
443 4645 807 4720 abdicationis
829 4661 1028 4701 causa}.
1072 4643 1366 4720 Abdicatus
1399 4652 1578 4699 autem
1608 4657 1762 4698 care-

194 4715 275 4774 bat
292 4722 559 4777 alimentis
581 4728 638 4774 et
665 4717 811 4774 omni
835 4733 937 4787 ope
953 4732 982 4771 a
1001 4724 1151 4787 patre
1173 4715 1373 4787 invita,
1397 4724 1452 4770 et
1469 4724 1592 4785 post
1617 4730 1765 4787 mor-

196 4798 290 4846 tem
318 4792 665 4848 successione
709 4791 762 4844 in
816 4783 1014 4844 bo'nisC
1044 4787 1120 4842 De
1166 4783 1507 4842 abdicatione
1561 4783 1767 4841 mentio

195 4863 320 4932 apud
352 4864 701 4919 Aristotelem
724 4862 776 4915 in
807 4859 914 4915 fine
939 4859 1115 4915 octavi
1146 4858 1387 4932 Ethicor.
1438 4857 1637 4932 Senec.
1670 4855 1765 4911 lib.

195 4928 595 4991 tuControvers.
614 4933 711 4989 Hic
730 4947 848 4987 mos
869 4947 974 4985 non
995 4938 1080 4986 est
1093 4929 1387 4997 permissus
1407 4928 1472 4983 ad
1496 4928 1770 4983 Romanos

200 5008 431 5071 transire,
455 5017 518 5062 ut
548 5008 600 5061 in
633 5006 738 5075 leg.
784 5003 1071 5075 Abdicatio,
1094 5000 1559 5075 Cod.de_patern.
1590 5007 1772 5075 potes-

199 5085 314 5143 tate,
351 5069 513 5148 qu'am
562 5069 808 5148 declarat
849 5082 905 5148 et
948 5069 1466 5148 restituit_A|ciatus
1509 5069 1770 5134 secundo,

199 5141 562 5218 dispunctione
591 5163 712 5218 cap.
741 5145 834 5202 28.
867 5146 1053 5218 lsazus.
1093 5141 1559 5218 eungitivorum
1586 5155 1773 5198 servo-

200 5215 305 5274 rum
333 5235 486 5291 pmna
517 5219 621 5291 fuit
659 5215 832 5289 pugna
881 5233 1004 5272 cum
1034 5215 1242 5291 bestiis.
1284 5215 1458 5291 gujus
1486 5215 1775 5291 rei_exem-

204 5285 346 5358 plum'
378 5301 462 5348 est
504 5285 797 5348 Androdus
833 5303 1021 5344 servus
1078 5285 1219 5356 apud
1275 5285 1505 5358 Gellium
1560 5285 1655 5358 lib.
1716 5300 1775 5349 v,

202 5357 307 5432 cap.
337 5364 425 5418 14.
459 5361 798 5432 Quamquam
841 5360 1183 5432 stigmatihus
1213 5366 1426 5413 notatos
1475 5357 1702 5428 legimus
1747 5370 1775 5408 a

203 5429 418 5489 dominis
438 5448 535 5491 eos
563 5429 1119 5501 clementiore’pmna.
1154 5429 1476 5501 Beriunsws.

268 5502 546 5577 Accipient.
576 5503 666 5561 Sic
684 5503 900 5574 reposui
923 5496 989 5577 ex
1015 5500 1362 5577 cuuctisfere
1388 5514 1517 5577 ms_s.
1553 5510 1606 5577 et
1643 5496 1775 5577 edit.

204 5568 397 5630 Cellarf
417 5585 474 5632 et
508 5576 564 5630 iu
593 5568 765 5632 altero
811 5574 1054 5630 membro
1099 5572 1361 5643 sequitur,
1411 5570 1671 5643 cﬂ'ugient.
1724 5568 1779 5623 In

205 5643 1067 5724 διξιξίς·θιιυιιοιρεεαςςῐρίωεςς
1273 5715 1284 5724 .
1698 5711 1749 5724 ..

273 5711 518 5775 Platon"
552 5730 596 5773 et
631 5718 709 5772 Μ.
741 5711 965 5772 Tullius.
1000 5715 1098 5772 Ille
1127 5715 1395 5786 praecipue
1426 5715 1479 5769 in
1501 5713 1668 5779 'l'im.,
1698 5711 1784 5767 hic

207 5801 326 5861 vero
356 5791 408 5844 iu
436 5807 453 5844 ι
482 5790 553 5844 de
589 5789 777 5861 Legib.
815 5787 950 5861 Vide
991 5797 1046 5843 et
1074 5787 1361 5861 Eusebium
1390 5786 1459 5841 de
1488 5786 1780 5861 Prmparat.

211 5858 453 5935 Evangel.
484 5861 580 5918 lib.
608 5858 815 5931 u,'cap.
854 5860 936 5915 i5.
969 5889 1041 5900 —
1086 5858 1165 5916 Μ.
1208 5858 1434 5929 Tullius,
1478 5858 1564 5929 qui
1591 5858 1783 5931 fatetur

695 5956 967 6018 PATBOL.
1015 5951 1123 6016 Vl.

2980 4572 3114 4627 Bon.

1947 4641 2152 4715 Fictum
2181 4655 2374 4715 esse_a_
2411 4639 2512 4695 diis
2561 4640 2837 4715 hominem.
2876 4641 3003 4697 Mss.
3053 4645 3084 4697 7
3118 4660 3227 4700 rcc.
3270 4646 3333 4701 ab
3375 4648 3481 4715 iis;

1868 4713 2187 4786 Regio-Put.
2216 4720 2272 4768 et
2300 4712 2332 4766 8
2363 4712 2609 4782 impressi
2636 4712 2818 4767 abhis.

1946 4806 2047 4882 Qui
2077 4806 2224 4860 habet
2246 4806 2370 4882 vita:
2397 4820 2459 4859 ac
2496 4804 2660 4867 necis,
2706 4815 2812 4861 etc.
2845 4806 3050 4882 Alludit
3099 4809 3164 4863 ad
3186 4811 3479 4882 antiquam

1870 4879 2211 4934 dominorum
2244 4876 2298 4948 in
2326 4891 2513 4932 servos
2532 4886 2875 4945 potestatem,
2908 4879 3101 4948 quibus
3147 4881 3268 4935 vitze
3309 4876 3484 4939 necis-

1872 4967 1977 5019 que
2008 4947 2371 5020 potestasfuit
2413 4966 2426 5001 :
2458 4963 2579 5018 qua:
2606 4958 2787 5018 postea
2817 4947 2953 5019 Imp.
2998 4952 3254 5005 Antonini
3282 4956 3481 5010 consti-

1875 5019 2082 5096 tutione
2112 5019 2382 5091 prohibita
2415 5021 2542 5085 fuit,
2573 5020 2786 5096 uesinc
2821 5035 2980 5096 causa
3029 5021 3237 5092 legibus
3262 5028 3476 5096 cognita

1873 5093 1927 5150 in
1958 5090 2145 5148 servos
2174 5105 2302 5146 suos
2330 5104 2490 5160 supra
2531 5090 2748 5145 modmu
2782 5090 3161 5157 saevirent;'ut
3188 5106 3268 5149 cst
3300 5090 3356 5149 iu
3384 5098 3475 5153 ln-

1874 5166 1987 5221 stit.
2017 5165 2084 5219 de
2111 5163 2192 5217 his
2218 5162 2308 5233 qui
2336 5173 2463 5216 sunt
2485 5163 2565 5217 sui
2586 5161 2668 5218 vel
2691 5161 2851 5217 alieni
2873 5162 3030 5231 juris.
3060 5163 3153 5219 lib.
3183 5181 3221 5219 ι.
3249 5168 3385 5222 Cod.
3410 5170 3480 5226 de

1876 5234 2092 5292 emend.
2122 5249 2267 5290 serv.
2292 5235 2362 5288 At
2389 5233 2529 5288 Deus
2551 5249 2655 5286 non
2686 5233 2845 5287 modo
2869 5234 3015 5289 necis
3044 5246 3359 5303 potestatem
3385 5241 3480 5295 ha-

1877 5309 2000 5373 bet,
2041 5305 2136 5361 sed
2165 5305 2327 5360 etiam
2370 5315 2490 5373 post
2534 5320 2757 5367 necem,
2794 5313 2850 5358 ttt
2877 5315 2961 5359 est
2986 5306 3124 5373 apud
3156 5306 3353 5365 Lucam
3392 5328 3483 5366 ως

1880 5379 1987 5451 pite
2012 5393 2108 5443 xu,
2136 5375 2458 5445 conjiciendi
2492 5376 2543 5430 in
2573 5376 2898 5446 gehennam.
2932 5376 3260 5434 limum-nus.

1956 5470 2161 5525 Diduci.
2193 5468 2268 5522 ita
2300 5478 2484 5524 noster
2511 5467 2577 5523 de
2606 5467 2771 5538 Opif.,
2803 5484 2853 5524 c.
2886 5468 2957 5523 9:
2990 5469 3161 5537 Quum
3186 5474 3319 5528 acies
3348 5479 3485 5533 oculi

1880 5544 2140 5610 utriusque
2161 5540 2449 5612 diducitur.
2479 5540 2682 5612 Seneca
2702 5554 2799 5612 ep.
2826 5540 2929 5595 M5
2953 5557 2973 5612 εί
2990 5542 3241 5612 Separati
3263 5564 3372 5601 esse
3391 5549 3482 5603 de-

1883 5615 2016 5668 bent.
2048 5609 2134 5666 Ita
2178 5612 2308 5666 alter
2335 5611 2398 5682 ab
2439 5611 2601 5665 altera
2630 5609 2773 5666 debet
2813 5628 2920 5666 esse
2945 5609 3198 5682 diductus
3223 5659 3237 5682 ,
3283 5629 3338 5671 ut
3383 5619 3489 5674 duo

1882 5686 2005 5759 sint.
2031 5684 2174 5739 idem
2205 5684 2273 5737 de
2301 5681 2420 5759 Vita
2453 5682 2648 5759 B_eat_a,
2682 5697 2803 5755 cap.
2839 5684 2870 5739 6
2900 5700 2912 5736 :
2949 5681 3153 5757 Negant
3181 5681 3486 5759 valuplatcm

1884 5774 1916 5811 a
1944 5757 2128 5811 virtute
2157 5769 2305 5825 posse
2332 5752 2532 5809 diduci.
2565 5753 2700 5811 Bon.

1961 5850 2069 5909 Sub
2101 5848 2352 5906 velamine
2382 5848 2632 5906 stultitiae.
2655 5848 2840 5920 lsmus,
2873 5850 2965 5906 sub
2993 5854 3240 5908 velamine
3255 5854 3497 5925 justitiw,

2913 5942 2990 6009 15
