4038 6358
237 283 339 344 469

1094 284 1300 346 LIBER
1337 287 1427 349 IV.
1471 289 1560 349 DE
1607 293 1791 354 VERA
1835 299 2200 359 SAPIENTIA
2238 299 2327 357 ET
2359 298 2587 360 RELIG.

3444 313 3551 370 470

242 416 445 496 omnem
468 405 912 496 creaturamrego
951 403 1007 458 in
1034 403 1176 460 caelis
1201 406 1300 479 feci
1326 416 1384 461 ut
1409 409 1630 465 oriretur
1673 413 1843 470 lumen
1873 431 1921 493 Α
1950 418 2092 489 cipio
2119 417 2454 488 processisse
2483 419 2898 490 dispositionem
2928 427 3130 482 summi
3158 426 3288 496 Dei,
3325 437 3385 484 ut
3409 442 3553 488 esset

240 494 557 564 indeﬁciens,
587 503 633 550 et
654 494 839 551 nebula
863 496 966 551 texi
993 513 1195 552 omnem
1223 508 1430 555 terram.
1474 499 1585 574 Ego
1623 505 1678 558 in
1720 505 1840 562 altis

237 587 486 656 habitari,
517 595 565 642 et
612 590 825 645 thronus
856 605 999 646 meus
1028 592 1081 646 in
1113 593 1352 648 columna
1402 595 1567 650 nubis.
1602 597 1838 657 Joannes

236 695 452 754 quoque
472 681 544 736 ita
567 681 787 738 tradidit
813 682 950 756 (cap.
987 685 1025 756 ι)
1056 684 1160 740 :ln
1190 688 1442 758 principio
1466 700 1572 744 erat
1593 689 1836 761 Verbum,

233 786 281 831 et
315 775 535 830 Verbum
559 783 669 830 erat
697 779 840 848 apud
861 777 1048 848 Deum,
1079 789 1128 835 et
1146 779 1286 838 Deus
1315 792 1423 838 erat
1453 783 1693 841 Verbum.
1722 785 1838 842 Hoc

230 869 331 942 fuit
353 869 410 925 in
439 871 697 943 principio
727 871 869 942 apud
911 871 1098 928 Deum.
1133 873 1321 932 Omnia
1362 894 1453 949 per
1490 878 1659 950 ipsum
1699 882 1838 952 facta

224 973 369 1035 sunt,
391 973 440 1021 et
464 965 574 1022 sine
599 965 715 1038 ipso
740 971 936 1039 factum
963 978 1035 1024 est
1062 969 1210 1025 nihil.

846 1081 1076 1141 CAPUT
1115 1083 1211 1140 1X.

817 1175 900 1232 De
934 1175 1097 1233 Verbo
1128 1177 1244 1235 Dei.

301 1283 414 1340 Sed
440 1285 636 1341 melius
665 1285 835 1344 αι’ωοὶ
864 1290 1002 1364 λόγον
1029 1291 1236 1360 dicunt,
1268 1307 1429 1365 quam
1459 1309 1557 1351 nos
1587 1295 1834 1364 verbum,

220 1376 346 1433 sive
371 1392 685 1434 sermonem
710 1398 724 1446 ;
769 1381 912 1454 λόγος
938 1384 1080 1438 enim
1109 1394 1164 1441 et
1194 1400 1504 1444 sermonem
1547 1389 1834 1461 signiﬁcat,

220 1477 281 1526 et
317 1471 615 1538 rationem,
648 1473 771 1543 quia
814 1475 904 1530 ille
931 1486 1036 1544 est,
1065 1488 1119 1533 et
1147 1494 1252 1535 vox
1273 1523 1287 1546 ,
1317 1490 1372 1537 et
1416 1483 1682 1554 sapientia
1718 1485 1832 1542 Dei.

219 1561 386 1620 Hunc
408 1579 724 1622 sermonem
745 1565 983 1623 divinum
1008 1586 1076 1626 ne
1101 1571 1409 1645 phiIOSOphi
1433 1575 1649 1645 quidem
1680 1578 1834 1647 igno-

219 1666 510 1712 raverunt.
530 1657 806 1728 Siquidem
831 1659 980 1717 Zeno
1002 1679 1185 1720 rerum
1216 1675 1421 1722 naturae
1449 1668 1834 1738 dispositorem

215 1757 395 1819 atque
443 1749 694 1820 opiﬁcem
740 1752 1114 1811 universitatis
1153 1757 1296 1832 λόγον
1346 1759 1644 1828 praedicat,
1675 1776 1834 1824 quem

1946 526 2214 578 necesse,
2291 514 2760 584 appropinquante
2834 520 3021 574 smculi
3099 520 3372 588 termino,
3461 524 3552 580 Dei

1943 605 2139 660 Filium
2169 604 2503 662 descendere
2530 607 2582 662 in
2639 619 2836 666 terram
2865 654 2880 676 ,
2926 621 2986 667 ut
3029 611 3389 671 constitueret
3439 615 3552 672 Deo

1945 701 2228 770 templum,
2260 701 2587 772 doceretque
2607 703 2870 773 justitiam
2903 724 2916 763 :
2944 717 3323 766 verumtamen
3346 725 3458 767 non
3489 712 3544 769 in

1944 793 2147 849 virtute
2190 794 2384 865 Angeli
2413 836 2427 859 ,
2473 804 2564 849 ant
2596 806 2864 866 potestate
2891 801 3100 856 caelesti
3121 843 3136 868 ,
3169 803 3265 858 sed
3294 803 3348 858 in
3379 804 3548 875 ﬁgura

1945 886 2202 955 hominis,
2231 895 2286 943 et
2320 887 2633 945 conditione
2663 891 2920 959 mortali,
2953 902 3010 948 ut
3056 909 3180 950 cum
3221 898 3538 968 magisterio

1943 979 2163 1037 functus
2217 980 2442 1047 fuisset,
2495 982 2797 1041 traderetur
2850 987 2903 1042 in
2959 1003 3149 1045 manus
3204 991 3540 1061 impiorum,

1943 1084 2288 1144 mortemque
2335 1076 2669 1146 susciperet,
2717 1086 2776 1133 ut
2818 1094 2879 1134 ea
2923 1095 3138 1152 quoque
3165 1097 3262 1152 per
3285 1083 3539 1142 virtutem

1941 1166 2184 1233 domita,
2244 1177 2583 1239 resurgeret,
2643 1178 2699 1226 et
2746 1171 2993 1240 homini,
3045 1189 3205 1244 quem
3246 1176 3538 1245 induerat,

1941 1276 2104 1331 quem
2129 1261 2373 1330 gerebat,
2403 1271 2456 1317 et
2481 1277 2635 1332 spem
2664 1263 2944 1320 vincendte
2983 1268 3175 1322 mortis
3203 1267 3447 1336 all‘erret,
3479 1278 3535 1326 et

1943 1355 2010 1410 ad
2071 1355 2293 1424 praemia
2350 1355 2774 1413 immortalitatis
2820 1357 3148 1415 admitteret.
3204 1361 3352 1416 llanc
3403 1377 3535 1434 ergo

1943 1447 2359 1518 dispositionem
2390 1464 2457 1504 ne
2485 1449 2604 1518 quis
2637 1449 2885 1520 ignoret,
2933 1452 3248 1508 docebimus
3280 1454 3535 1523 praedicta

1945 1555 2068 1596 esse
2093 1541 2299 1606 omnia,
2333 1556 2451 1611 quae
2478 1541 2530 1596 in
2570 1539 2788 1598 Christo
2812 1543 3058 1600 videmus
3098 1560 3219 1601 esse
3244 1546 3536 1618 completa.

1943 1631 2113 1690 Nemo
2153 1634 2547 1689 asseverationi
2596 1644 2794 1690 nostrae
2843 1636 3001 1691 ﬁdem
3043 1638 3386 1706 commodet;
3435 1640 3544 1697 nisi

1945 1729 2262 1794 ostendero,
2293 1728 2594 1799 Prophetas
2641 1740 2767 1786 ante
2818 1731 3042 1790 multam
3092 1742 3394 1803 temporum
3450 1749 3544 1790 se-

216 1851 275 1898 et
307 1842 482 1898 latum
502 1886 518 1911 ,
549 1853 604 1900 et
648 1847 1025 1904 necessitatem
1056 1823 1268 1917 rerum,
1299 1823 1360 1908 et
1381 1853 1578 1922 Deum,
1619 1823 1673 1910 et
1699 1823 1835 1912 ani-
1866 1851 1915 1912 B
1945 1828 2082 1883 “em
2119 1825 2446 1922 "ww-ﬁse
2467 1867 2481 1892 ’
2517 1823 2634 1879 fore
2685 1825 2972 1922 aliqu???“
2994 1835 3078 1922 ,ω
3132 1827 3273 1882 “lius
3315 1827 3418 1922 Dei
3442 1842 3538 1884 ηδ’

220 1950 378 1992 mum
409 1935 560 1993 Jovis
590 1951 904 2011 nuncupat:
936 1957 997 1999 ea
1029 1943 1236 2004 scilicet
1280 1947 1696 2014 consuetudine,
1727 1965 1833 2019 qua

214 2031 413 2088 solent
461 2031 653 2090 Jovem
700 2049 798 2105 pro
828 2037 939 2092 Deo
985 2037 1254 2110 accipere.
1287 2039 1395 2095 Sed
1454 2042 1586 2097 nihil
1617 2044 1836 2098 obstant

217 2126 419 2191 verba,
464 2141 587 2183 cum
636 2130 906 2186 sententia
955 2143 1216 2204 congruat
1262 2135 1498 2190 veritati.
1549 2136 1646 2192 Est
1689 2139 1835 2194 enim

216 2220 456 2290 spiritus
487 2221 620 2290 Dei,
671 2239 830 2294 quem
878 2225 969 2282 ille
1019 2227 1259 2282 animum
1307 2228 1454 2287 Jovis
1505 2232 1830 2288 nominavit.

215 2318 365 2374 Nam
398 2317 782 2390 Trismegistus
825 2320 1099 2394 (Trismeg.
1135 2322 1384 2380 Pimand.
1429 2342 1546 2396 cap.
1577 2326 1720 2381 Λυσι.
1751 2327 1833 2399 4),

215 2413 317 2484 qui
360 2411 646 2469 veritatem
695 2429 834 2485 pene
860 2415 1166 2471 universam
1207 2419 1394 2474 nescio
1438 2419 1709 2490 qnomodo
1754 2420 1837 2475 in-

215 2505 555 2576 vestigavit,
583 2507 838 2564 virtutem
868 2508 1318 2581 majestatemque
1363 2511 1513 2567 verbi
1543 2526 1689 2582 saepe
1731 2513 1831 2570 de-

216 2597 491 2668 scripsit,
541 2598 682 2654 sicut
727 2599 968 2655 declarat
1006 2603 1258 2672 superius
1306 2603 1438 2658 illud
1483 2606 1834 2676 exemplum,

219 2705 343 2762 quo
403 2689 602 2746 fatetur
647 2705 770 2747 esse
804 2691 1132 2750 lneﬂabilem
1163 2697 1451 2766 quemdam
1475 2707 1839 2770 sanctumque

217 2799 569 2852 sermonem,
595 2785 750 2855 cujus
776 2789 1052 2843 enarratio
1079 2788 1298 2845 modum
1327 2789 1561 2846 hominis
1583 2792 1832 2848 excedat.

218 2878 360 2934 Dixi
395 2878 467 2934 de
487 2878 773 2935 nativitate
801 2881 972 2950 prima
1000 2882 1260 2952 breviter,
1305 2892 1363 2939 ut
1391 2886 1561 2954 potui.
1591 2884 1746 2942 Nunc
1771 2885 1839 2941 de

220 2970 482 3028 secunda
509 3011 524 3037 ,
573 2972 826 3043 quoniam
873 2974 1249 3030 controversia
1279 2985 1362 3032 est
1391 2978 1444 3033 in
1474 2993 1536 3034 ea
1563 2979 1796 3034 maxima
1821 3022 1836 3047 ,

215 3062 399 3119 latius
431 3062 810 3120 disserendum
842 3074 959 3133 est;
991 3075 1051 3123 ut
1080 3069 1362 3125 veritatem
1395 3070 1535 3126 scire
1575 3071 1840 3142 cupienti-

219 3155 331 3213 bus
374 3155 556 3213 lumen
589 3157 958 3230 intelligentias
987 3159 1360 3232 prmleramus.

884 3273 1112 3333 CAPUT
1152 3277 1220 3332 Χ.

219 3367 305 3426 De
354 3365 490 3424 Jesu
540 3365 800 3437 adventu;
849 3368 911 3424 de
956 3367 1262 3426 Judwarum
1309 3372 1509 3427 casibus
1556 3387 1618 3428 ac
1661 3388 1840 3429 eorum

415 3460 663 3531 regimine
703 3477 862 3533 usque
897 3463 968 3518 ad
998 3461 1302 3519 Passionem
1329 3464 1669 3520 ﬂaminicam.

295 3572 364 3628 In
396 3572 589 3646 primis
617 3573 779 3645 igitur
809 3576 948 3634 scire
977 3575 1224 3635 homines
1255 3585 1502 3650 oportet,
1546 3579 1624 3636 sic
1646 3593 1675 3635 a
1700 3577 1847 3650 prin-

1945 1925 2160 1976 ceretur
2188 1917 2328 1972 sicut
2359 1915 2522 1971 homo
2543 1959 2556 1983 ,
2607 1925 2662 1973 ct
2688 1916 2955 1973 mirabilia
2988 1917 3213 1986 faceret,
3251 1926 3306 1974 et
3334 1919 3541 1976 cultum

1941 2013 2038 2069 Dei
2070 2027 2168 2082 per
2201 2020 2370 2068 totam
2412 2018 2615 2067 terram
2644 2012 2975 2079 seminaret,
3004 2021 3059 2068 et
3103 2022 3378 2084 postremo
3411 2015 3547 2084 pati-

1946 2105 2075 2160 bulo
2109 2103 2366 2176 ﬁgeretur
2389 2145 2402 2169 ,
2426 2113 2479 2159 et
2512 2104 2669 2160 tertia
2697 2105 2788 2160 die
2828 2111 3160 2176 resurgeret.
3193 2105 3324 2175 Quae
3368 2108 3552 2164 omnia

1940 2213 2068 2254 cum
2114 2197 2414 2269 probavero
2462 2210 2650 2252 eorum
2702 2197 2941 2267 ipsorum
2999 2196 3216 2264 litteris,
3246 2199 3340 2270 qui
3373 2199 3546 2256 Deum

1943 2306 2102 2347 suum
2155 2289 2369 2345 mortali
2415 2304 2644 2360 corpore
2694 2298 2935 2345 utentem
2989 2289 3368 2361 violaverunt,
3422 2291 3552 2363 quid

1941 2393 2086 2448 aliud
2116 2391 2382 2456 obstabit,
2423 2391 2716 2462 quominus
2761 2405 2945 2446 veram
2973 2390 3294 2460 sapientiam
3346 2390 3552 2446 clarum

1945 2488 2020 2545 sit
2061 2488 2113 2543 in
2147 2487 2248 2542 hac
2295 2485 2411 2541 sola
2451 2485 2734 2557 Religione
2774 2485 3014 2540 versari?
3044 2484 3199 2544 Nunc
3224 2499 3255 2541 a
3283 2483 3554 2557 principio

1945 2578 2110 2636 totius
2137 2577 2465 2634 sacramenti
2493 2577 2644 2649 origo
2671 2575 2945 2632 narranda
2976 2584 3078 2632 est.

2015 2735 2247 2807 Majores
2288 2734 2492 2801 nostri,
2522 2734 2611 2804 qui
2658 2743 2816 2791 erant
2845 2735 3114 2806 principes
3161 2733 3513 2792 Hebrmorum
3543 2779 3558 2803 ,

1944 2845 2067 2886 cum
2095 2828 2386 2886 sterilitate
2429 2837 2596 2900 atque
2621 2828 2802 2898 inopia
2838 2830 3185 2896 laborarent,
3233 2828 3564 2884 transierunt

1943 2924 1996 2980 in
2026 2923 2316 2996 [Egyptum
2358 2922 2435 2979 rei
2476 2921 2841 2978 frumentariae
2885 2921 3091 2992 gratia,
3136 2920 3318 2993 ibique
3361 2919 3562 2977 diutius

1943 3028 2384 3080 commorantes,
2439 3013 2763 3070 intolerabili
2821 3013 3096 3070 servitutis
3151 3013 3282 3084 jugo
3353 3026 3562 3082 preme-

1946 3111 2162 3166 bantur.
2193 3108 2332 3164 Tum
2363 3107 2621 3162 misertus
2673 3121 2862 3161 eorum
2912 3107 3052 3160 Deus
3095 3104 3280 3160 eduxit
3323 3117 3454 3168 eos,
3499 3119 3565 3160 ac

1949 3201 2200 3258 liberavit
2219 3201 2285 3257 de
2316 3215 2475 3256 manu
2499 3204 2642 3271 regis
2663 3198 3048 3273 Egyptiorum
3070 3208 3192 3268 post
3218 3211 3391 3252 annos
3431 3210 3565 3268 qua-

1947 3293 2264 3365 dringentos
2291 3301 2346 3348 et
2378 3293 2614 3362 triginta,
2648 3291 2783 3347 duce
2807 3290 3024 3361 Moyse,
3057 3303 3154 3360 per
3184 3303 3342 3360 quem
3374 3295 3562 3358 postea

1948 3387 2056 3443 illis
2101 3387 2189 3441 lex
2217 3401 2247 3441 a
2281 3386 2391 3440 Deo
2421 3386 2541 3440 data
2597 3393 2678 3440 est
2711 3402 2724 3436 :
2756 3383 2808 3437 in
2853 3398 2956 3453 qua
2987 3380 3272 3437 ednctione
3320 3379 3563 3435 ostendit

1949 3483 2202 3539 virtutem
2247 3496 2358 3536 suae
2387 3479 2688 3552 majestatis
2723 3480 2885 3536 Deus.
2919 3478 3157 3549 Trajecit
3203 3475 3348 3532 enim
3394 3489 3562 3546 popu-

1953 3577 2066 3633 lum
2119 3574 2300 3632 medio
2359 3573 2492 3632 Mari
2554 3572 2774 3638 Rubro,
2841 3571 3182 3646 praecedente
3223 3567 3456 3639 angelo,
3506 3574 3562 3622 et

1606 3737 1966 3798 VARIORUM
2002 3736 2233 3794 ΝΟΤᾸΞ.

223 3891 357 3933 rum
395 3875 520 3932 loca
549 3889 780 3947 operose
808 3875 1026 3948 collegit
1045 3874 1318 3932 Pamelius
1340 3875 1405 3931 ad
1429 3875 1688 3948 Cyprian.
1720 3876 1755 3930 I.
1784 3891 1843 3941 ιι,

224 3950 293 4004 ad
327 3948 554 4016 Quirin.
607 3949 847 4013 ineunte,
883 3958 937 4003 ut
971 3948 1225 4020 probaret
1245 3949 1310 4004 ad
1343 3949 1511 4020 libros
1542 3948 1846 4002 Chronicos

227 4023 543 4090 pertinere,
598 4028 815 4075 notatus
848 4021 974 4078 inde
1002 4021 1068 4075 ab
1099 4019 1400 4075 Goulartio.
1435 4019 1692 4075 Veterum
1729 4019 1844 4074 loca

227 4092 688 4149 Ecclesiasticum
721 4093 996 4148 Salomoni
1031 4093 1378 4147 tribuentium
1409 4092 1611 4161 colligit
1633 4106 1847 4161 quoque

227 4161 496 4220 Serarins
528 4161 592 4217 ad
617 4164 673 4218 S.
708 4163 965 4219 Bonil'acii
992 4164 1166 4231 Epist.
1201 4179 1238 4218 ι.
1267 4163 1398 4220 ΒυΝ.

305 4233 579 4288 Tradidit.
610 4235 735 4289 MSS.
761 4237 794 4288 8
815 4246 868 4290 et
898 4237 931 4289 4
954 4236 1064 4298 cd.,
1088 4236 1266 4289 trudit.

305 4305 482 4362 Zeno.
515 4305 641 4361 l-lzec
672 4309 782 4361 fere
804 4307 945 4376 apud
970 4306 1244 4362 Laertium
1274 4315 1329 4361 et
1358 4306 1500 4376 apud
1528 4305 1847 4362 Ciceronem

233 4380 291 4435 in
325 4378 474 4432 libro
506 4393 522 4430 ι
550 4377 617 4431 de
644 4378 840 4434 Natura
864 4379 1090 4434 deorum
1126 4377 1431 4432 traduntur.

313 4449 489 4515 Quem
518 4459 564 4502 et
595 4451 778 4516 fatum.
812 4450 943 4504 Item
993 4450 1172 4504 Laert.
1207 4451 1302 4515 ait,
1351 4448 1437 4504 "Eu
1486 4471 1539 4505 τε
1570 4444 1694 4504 εἶναι
1718 4450 1846 4514 θεὸν,

235 4527 490 4597 γρῆυ,
523 4525 608 4575 καὶ
637 4523 970 4597 εἱμαρμέιιην,
1001 4525 1084 4576 καὶ
1109 4525 1233 4586 Atla;
1278 4521 1506 4588 aliisque
1536 4521 1718 4597 multis
1758 4536 1854 4590 ap-

234 4591 1046 4681 pellarimnuncnpaiionibns:
1102 4602 1233 4681 Zﬁuu
1255 4634 1270 4658 ,
1321 4607 1552 4681 nempe,
1585 4591 1808 4681 ,Ἀρηγῷ
1837 4632 1850 4656 ,

259 4661 756 4738 Ηραν,ί”υφαιστον,
800 4664 1086 4738 ῌρσειδῶνα
1106 4705 1122 4731 ,
1154 4661 1463 4738 Δήμητρανί
1495 4663 1600 4719 Sed
1645 4663 1855 4738 Aristo-

239 4735 388 4793 teles
440 4737 493 4789 in
532 4735 680 4789 libro
709 4737 776 4790 de
804 4736 1035 4801 Mundo,
1070 4735 1408 4791 circa'linem
1443 4735 1575 4799 fere,
1607 4736 1758 4803 plura
1789 4750 1855 4790 ex

245 4806 515 4878 Orphicis
545 4820 825 4862 enumerat
850 4808 1091 4876 ejusdem
1129 4809 1221 4862 Dei
1251 4807 1491 4860 nomina.
1525 4807 1731 4862 BETUL.

329 4879 452 4944 Quo
489 4879 697 4949 fatetur.
743 4879 881 4933 Edili
912 4881 965 4946 7,
998 4881 1050 4933 in
1095 4895 1213 4948 quo.
1266 4878 1710 4947 Prmpositionem
1765 4891 1858 4932 ex-

248 4952 456 5025 punxi,
481 4967 608 5025 qua:
624 4951 788 5025 abest
815 4966 844 5005 a
875 4950 1657 5025 cmteris‘editisomnibusque
1683 4962 1819 5025 mss.

325 5028 373 5077 A
406 5023 664 5092 prittripio
717 5024 1036 5087 processisse.
1091 5022 1217 5078 Mss.
1277 5021 1309 5076 6
1363 5037 1471 5078 rec.
1528 5033 1584 5077 et
1633 5021 1764 5076 edit.
1805 5021 1857 5085 7,

250 5110 604 5169 prtefesstsse.

335 5165 411 5222 Ut
439 5183 555 5220 cum
602 5166 914 5237 magisterio.
945 5164 1092 5222 Idem
1143 5165 1276 5219 infra
1317 5179 1434 5234 cap.
1469 5163 1556 5232 16,
1607 5180 1706 5234 quo
1751 5178 1862 5218 ma-

253 5238 472 5312 gisterio
498 5237 682 5312 (ιονυεὶ
713 5240 963 5312 legatione
991 5241 1310 5312 perfunctus.

336 5310 406 5365 Et
438 5310 662 5373 homini,
708 5307 855 5370 quem
917 5311 1177 5366 induerat.
1249 5307 1556 5364 Familiaris
1619 5307 1866 5362 Patribus

257 5381 471 5439 locutio
503 5423 518 5444 ,
579 5390 637 5436 ut
685 5382 869 5438 dicant
900 5381 1136 5436 Verbum
1170 5381 1409 5436 divinum
1466 5380 1828 5448 asmtmpsisse
1850 5418 1864 5442 .

254 5455 349 5510 vel
381 5452 626 5508 induisse
653 5452 951 5508 hominem.
985 5451 1078 5507 Sic
1104 5450 1408 5524 Cyprianus
1435 5451 1487 5524 in
1522 5451 1627 5524 line
1650 5450 1772 5504 libri
1799 5449 1869 5504 de

256 5525 541 5582 [dolorum
564 5534 803 5580 vanitate
827 5542 842 5590 ;
877 5521 1208 5595 Augustinus
1233 5527 1284 5578 in
1313 5521 1502 5595 lih.ddc
1526 5521 1656 5595 Fide
1678 5532 1867 5576 contra

259 5597 506 5653 Manich.
541 5595 694 5650 initio
739 5612 859 5665 cap.
885 5593 981 5660 26ζ
1011 5596 1204 5663 llilar.,
1237 5611 1269 5650 ι
1299 5596 1368 5650 de
1398 5593 1700 5658 Trinitate,
1727 5595 1870 5665 circa

260 5669 443 5730 med.;
476 5668 620 5738 quod
667 5668 738 5722 ita
788 5664 1192 5737 intelligendum
1240 5678 1344 5732 est,
1397 5675 1456 5721 ut
1505 5666 1748 5721 dicamus
1776 5664 1871 5719 ho-

260 5743 473 5796 minem
504 5750 862 5809 assumptum,
897 5741 1023 5808 quia
1049 5739 1167 5808 ejus
1213 5748 1401 5794 natura
1438 5745 1524 5809 est
1553 5745 1829 5809 assumpta
1853 5775 1866 5800 ,

261 5824 324 5869 et
351 5809 476 5883 quia
526 5804 826 5881 assumptio
851 5804 1142 5868 terminata
1186 5817 1272 5868 est
1319 5809 1384 5867 ad
1437 5807 1560 5874 hoc.
1615 5804 1869 5864 utFilins

1953 3874 2049 3930 Dei
2092 3874 2163 3928 sit
2212 3873 2394 3928 homo.
2431 3871 2566 3928 Vide
2592 3871 2649 3929 S.
2692 3871 2956 3928 Thomam
2981 3870 3036 3926 in
3065 3885 3120 3927 ιιι
3150 3886 3207 3944 p.
3248 3875 3553 3944 quaestum

1952 3955 2057 4001 art.
2093 3948 2148 4002 3.
2179 3944 2362 4002 lsmus.
2391 3974 2462 3985 —
2493 3944 2742 4011 Homini,
2787 3959 2934 4013 quem
2991 3940 3249 3998 induci-at.
3272 3940 3278 3941 “
3302 3940 3555 4002 Homini.

1955 4018 2008 4072 id
2037 4027 2140 4084 est,
2186 4018 2427 4072 humana:
2455 4027 2654 4070 natura:
2677 4058 2691 4082 ,
2744 4032 2896 4086 quam
2942 4016 3214 4082 induerat;
3244 4021 3556 4086 concretum

1951 4104 2052 4160 pro
2077 4091 2370 4143 abstracto.
2406 4090 2563 4158 Smpe
2595 4088 2670 4160 ita
2720 4083 3047 4159 Cyprianus,
3097 4103 3146 4142 c.
3197 4103 3250 4156 g.
3306 4083 3553 4160 de_ldol.

1956 4156 2136 4214 Vanit.
2173 4161 2281 4215 ﬁne
2313 4178 2325 4213 :
2359 4160 2458 4226 Qui
2485 4156 2738 4213 mediator
2765 4156 2984 4213 duorum
3016 4161 3274 4213 hominem
3298 4156 3486 4210 induit.
3520 4195 3556 4209 ..

1957 4243 2010 4286 ut
2035 4232 2290 4286 hominem
2311 4273 2326 4299 ,
2377 4249 2524 4300 quem
2552 4231 2754 4296 dilexit,
2784 4247 2932 4297 quem
2955 4232 3124 4284 induit
3149 4271 3160 4283 .
3185 4270 3201 4300 ,ν
3223 4269 3235 4282 .
3267 4231 3335 4281 ad
3363 4236 3561 4298 patrem

1957 4305 2121 4358 uictor
2150 4305 2450 4374 imponeret.
2485 4303 2756 4359 Arnobius
2791 4303 2829 4374 l.
2861 4319 2897 4367 ι,
2941 4317 2994 4374 p.
3026 4302 3096 4356 58
3130 4319 3142 4354 :
3177 4299 3395 4374 Homo,
3413 4314 3562 4374 quem

1960 4367 2233 4442 induerat,
2252 4386 2298 4430 et
2323 4392 2497 4429 secum
2527 4377 2636 4440 ipse
2661 4373 2918 4443 portabat.
2945 4367 3018 4428 ita
3043 4387 3256 4442 quoque
3281 4371 3336 4443 in
3351 4367 3562 4443 Crmcis

1877 4429 1932 4490 Ῑ)
1959 4429 2222 4510 Ιιριιωιιμξ
2247 4429 2507 4517 Origenes
2527 4429 2582 4501 et
2606 4429 2930 4517 Ailtanasins
2953 4462 2968 4509 ;
2995 4446 3045 4500 in
3063 4429 3272 4500 Latinis
3299 4441 3554 4505 Hilarius,

1958 4521 1998 4574 A
2011 4519 2299 4585 mbrosins,
2331 4516 2683 4588 Augustinus.
2712 4516 2991 4572 BUNEMAN.

2031 4589 2360 4651 Temporum.
2392 4585 2657 4645 fBonon.
2689 4589 2857 4658 antiq.
2887 4600 2942 4643 et
2971 4587 2998 4642 1
3025 4585 3202 4651 Colb.,
3229 4599 3503 4638 annorum.

2033 4681 2298 4736 Patibulo.
2345 4681 2598 4738 Solemne
2648 4680 2960 4742 Lactantio,
2997 4679 3364 4749 Hieronymo,
3405 4673 3558 4749 aliis,

1961 4771 2164 4809 crucem
2193 4769 2387 4808 voeare
2431 4753 2738 4826 patibulum.
2772 4752 2950 4826 ⁸βοιιῐ.
3010 4745 3242 4826 Epit.__c.
3269 4749 3358 4814 47,
3389 4762 3437 4799 c.

1961 4825 2220 4882 Prudent.
2278 4826 2398 4880 Peri
2431 4818 2711 4894 'Stephan.
2768 4823 2832 4877 il.
2866 4825 2952 4884 10,
3007 4818 3070 4892 [ιζ
3114 4821 3210 4894 641
3247 4837 3259 4870 :
3291 4834 3417 4872 crus;
3471 4818 3563 4872 illa

1963 4909 2139 4953 nostra
2171 4907 2264 4965 est,
2293 4914 2386 4952 nos
2408 4892 2705 4967 patibulum
2737 4895 3114 4950 adscendimus.
3150 4892 3431 4947 Buueuau.

2039 4991 2282 5064 Majores
2315 4989 2496 5045 nostri.
2531 4988 2888 5064 APatriarcha)
2947 4986 3174 5064 scilicet.
3221 5014 3291 5024 -——
3332 4981 3563 5064 blajores

1967 5055 2147 5120 nostri.
2182 5063 2316 5130 Quia
2355 5079 2448 5116 nos
2490 5061 2551 5116 ab
2583 5061 2784 5116 Clu-isto
2811 5059 3091 5130 convocati
3120 5072 3186 5112 ex
3231 5055 3464 5130 gentibus
3508 5055 3564 5108 in

1966 5123 2228 5205 illorum
2247 5131 2598 5205 Judmormu)
2653 5133 2854 5205 locum‘
2871 5123 3249 5205 successimus,—
3265 5123 3562 5182 secundum

1968 5208 2004 5262 Ι.
2039 5223 2112 5274 tv,
2155 5200 2271 5276 cap.
2296 5206 2382 5269 11,
2409 5200 2637 5268 ιιιιάθ,’1.
2671 5221 2724 5268 ν,
2754 5219 2802 5259 c.
2830 5200 2898 5276 22
2931 5219 2942 5256 :
2983 5201 3212 5276 Quorum
3245 5215 3337 5253 nos
3358 5212 3562 5252 succa-

1969 5271 2106 5334 sores
2134 5287 2180 5332 et
2221 5271 2415 5347 posteri
2446 5292 2620 5330 sumus
2640 5291 2659 5339 ;
2687 5283 2739 5330 et
2766 5274 2896 5346 epit.
2931 5289 2980 5327 c.
3009 5273 3096 5327 48.
3130 5271 3415 5328 Buusum.

2048 5373 2107 5427 ln
2123 5371 2434 5444 ngyptum.
2464 5368 2596 5444 Vide
2621 5369 2817 5425 Cenes.
2852 5382 2980 5424 mi.
3023 5361 3460 5444 Homerushlliad.
3491 5376 3563 5444 vi.

1970 5436 2282 5517 Egyptu'm'
2314 5455 2510 5517 terram
2573 5440 2807 5517 feracem
2861 5437 3230 5517 vocat;_hacc
3279 5436 3563 5493 Strabonis

1972 5509 2214 5584 tempore
2254 5514 2550 5570 vocabatur
2593 5511 3045 5584 publicumorbis
3075 5509 3354 5565 horreum.

2047 5583 2310 5644 Misertus.
2346 5586 2517 5641 Exod.
2550 5603 2564 5639 ι
2593 5593 2648 5639 et
2669 5600 2746 5650 tu,
2777 5583 2932 5638 Esdr.
2964 5598 3000 5636 ιι
3028 5591 3080 5637 et
3102 5597 3178 5636 ιχ.

2046 5659 2174 5714 Post
2219 5675 2380 5713 annos
2429 5647 2826 5727 quadringentos
2863 5665 2911 5710 et
2966 5654 3197 5727 triginta.
3256 5651 3332 5707 Ita
3386 5647 3565 5727 ferunt

1973 5746 2104 5815 rnss.
2176 5731 2392 5813 codices
2442 5721 2716 5800 optimi}!
2776 5727 2937 5811 Dom,
2983 5721 3053 5781 2⁷
3085 5726 3217 5849 Reg).
3260 5721 3566 5783 veterrimi,

1975 5812 2211 5849 umnam;
2238 5802 2272 5849 Β
2298 5801 2390 5849 alii
2417 5801 2575 5849 R91”
2609 5799 2644 5849 9
2673 5797 2939 5849 Vaticani.
2963 5797 3125 5849 Tax“
3217 5809 3329 5849 εει..
3366 5791 3399 5847 6
3443 5787 3566 5845 Col-

1975 5787 2211 5872 itetnque
2238 5802 2272 5858 ὅ
2298 5800 2390 5858 alii
2417 5787 2576 5871 Rég.,
2609 5799 2644 5856 9
2673 5787 2940 5865 Vaticani;
2963 5797 3125 5864 Tax.,
3166 5787 3329 5862 Ῥειι..
3366 5791 3399 5847 6
3443 5787 3569 5845 Col~
