4038 6358
199 273 301 332 475

1037 275 1248 337 LIBER
1284 279 1376 337 IV.
1419 279 1507 337 DE
1545 278 1737 337 VERA
1771 279 2138 340 SAPIENTIA
2176 282 2264 341 ET
2302 283 2532 343 RELIG.

3391 282 3498 344 478

200 394 451 465 quoniam
521 394 774 468 princeps
840 395 1108 453 examinis
1157 411 1345 453 eorum
1395 393 1565 453 Judas
1632 404 1787 463 erat,
1816 395 2329 469 Ajugabat,donec
2346 414 2533 457 rursus
2550 400 3501 475 poenitentiapopulimitigatuslibeo

199 484 371 543 Judzei
418 496 545 543 sunt
589 488 880 559 appellati,
935 496 990 545 et
1034 498 1215 555 terra,
1261 503 1423 560 quam
1477 487 1787 556 incoluere,

197 579 402 637 Iudaea.
437 582 501 637 Et
528 582 703 653 primo
752 583 993 657 quidem?
1018 599 1127 640 non
1159 584 1404 641 dominio
1433 600 1620 657 regum
1664 585 1791 641 sub-

194 675 321 747 jecti
375 674 594 731 luerunt
628 693 643 732 :
682 678 778 734 sed
825 678 1028 750 populo
1077 694 1142 735 ac
1192 679 1295 751 legi
1348 678 1533 736 civiles
1569 678 1790 736 Judices

196 767 594 841 praasidebant;
645 786 753 826 non
782 779 961 827 tamen
984 771 1038 827 in
1061 786 1261 827 annum
1289 771 1568 828 constituti
1619 778 1747 826 sunt
1771 813 1787 839 ,

194 862 336 919 sicut
366 863 578 919 romani
603 865 879 930 consules,
929 865 1027 922 sed
1076 874 1336 937 perpetua
1386 863 1786 937 iurisdictione,

193 956 430 1013 subnixi.
477 957 614 1013 Tum
672 958 886 1016 sublato
938 958 1184 1016 Judicum
1238 959 1497 1026 nomine,
1548 966 1789 1030 potestas

192 1048 392 1120 regalis
421 1049 636 1106 inducta
663 1061 766 1107 est.
793 1050 993 1108 Verum
1016 1052 1298 1109 Judicibus
1325 1052 1570 1124 regimen
1596 1066 1787 1107 eorum

192 1142 538 1210 tenentibus,
594 1159 788 1215 pravas
849 1145 1142 1217 religiones
1198 1160 1345 1218 saepe
1399 1152 1784 1217 susceperant;

190 1244 359 1309 atque
384 1236 622 1295 oli‘ensus
643 1239 711 1295 ab
734 1239 816 1295 his
843 1239 1005 1307 Deus,
1028 1240 1191 1297 toties
1208 1254 1305 1297 eos
1325 1239 1643 1312 alienigenis
1657 1238 1787 1295 sub.

1894 499 2042 547 raret
2056 505 2152 547 eos
2168 493 2447 549 servitute.
2465 494 2599 550 Item
2621 496 2721 553 sub
2736 494 2953 567 regibus
2968 494 3319 553 ﬁnitimorum
3342 496 3500 554 bellis

1894 583 1966 639 ob
2018 583 2213 640 delicta
2261 586 2459 653 vexati,
2503 598 2775 657 postremo
2817 588 2983 660 capti,
3027 588 3349 661 abductique
3398 588 3502 645 Ba-

1892 678 2181 750 bylonem,
2213 693 2400 748 poenas
2445 680 2734 751 impietatis
2784 696 2899 738 sua:
2949 684 3103 755 gravi
3148 683 3370 739 servitio
3394 697 3502 756 pe-

1894 769 2226 841 penderunt;
2245 771 2419 829 donec
2434 770 2605 845 Cyrus
2634 774 2843 831 veniret
2865 776 2917 831 in
2941 790 3184 848 regnum,
3206 776 3297 848 qui
3318 776 3501 834 statim

1892 863 2111 921 Iudaeos
2135 865 2370 922 restituit
2386 866 2586 923 edicto.
2611 868 2819 925 Exinde
2844 869 3168 927 Tetrarchas
3194 871 3503 929 habuerunt

1894 972 2065 1030 usque
2111 957 2178 1014 ad
2219 958 2523 1027 Herodem,
2561 962 2650 1033 qui
2710 961 2809 1018 fuit
2867 963 2967 1019 sub
3020 964 3248 1034 imperio
3297 963 3504 1022 Tiberii

1890 1050 2152 1120 Caesaris;
2203 1052 2358 1124 cujus
2414 1067 2557 1109 anno
2576 1054 2766 1125 quinto
2792 1054 3023 1122 decimo,
3055 1055 3110 1111 id
3138 1064 3260 1123 est,
3292 1055 3502 1114 duobus

1892 1144 2137 1203 Geminis
2188 1143 2552 1212 Consulibus,
2609 1157 2736 1202 ante
2783 1147 2927 1203 diem
2994 1148 3256 1205 decimam
3314 1148 3503 1205 calen-

1892 1236 2081 1293 darum
2133 1237 2383 1310 aprilium
2450 1236 2623 1295 Judaei
2678 1237 2955 1297 Christum
3003 1241 3151 1298 cruci
3192 1240 3501 1299 alﬁxerunt.

1554 1379 1914 1439 VARIORUM
1948 1379 2178 1438 NOTAE.

187 1514 495 1592 a_h_lleber,
528 1518 620 1590 qui
648 1533 922 1592 pronepos
950 1519 1049 1577 l‘uit
1077 1519 1228 1588 Noae,
1256 1534 1353 1592 per
1376 1520 1550 1592 Sem:
1583 1520 1629 1576 is
1658 1518 1801 1574 ﬁlius

190 1588 343 1664 Scia:
367 1629 383 1664 ε
434 1597 491 1644 et
538 1588 707 1664 uepr
736 1588 1049 1664 Arphaxadi
1071 1633 1087 1659 ,
1114 1592 1183 1648 de
1207 1588 1315 1664 quo
1342 1594 1459 1660 lege
1485 1590 1685 1648 Cenes.
1718 1606 1796 1656 ις

187 1658 500 1735 Josephum
548 1658 645 1735 lib.
692 1678 728 1730 ι,
757 1658 911 1735 "cap.
936 1664 1037 1735 ιι,
1070 1658 1795 1735 Ᾱιιιὶαίιιίι.;111ειόιιγιιιιιηι

1975 1516 2139 1588 Cujus
2159 1534 2295 1573 anno
2340 1519 2517 1591 quinto
2538 1519 2754 1586 decimo,
2785 1529 2891 1577 etc.
2926 1519 3233 1577 Nascuntur
3262 1520 3351 1578 hic
3378 1519 3502 1579 dua:

1902 1605 2057 1646 novae
2085 1590 2673 1664 quastiones.__Nempe
2696 1607 2802 1663 quo
2839 1608 2981 1648 anno
3008 1593 3257 1649 Christus
3286 1594 3355 1649 sit
3378 1607 3502 1664 pas-

1902 1676 1995 1717 sus
2017 1703 2029 1725 ,
2063 1660 2118 1735 et
2144 1676 2254 1735 quo
2282 1662 2389 1735 die.
2423 1660 2688 1735 Utrinq’ue
2713 1660 2992 1735 'allegatur
3022 1664 3286 1720 Lactantii
3312 1660 3503 1721 aucto-

188 1732 241 1806 in
305 1728 721 1802 quaestionibus
753 1728 1032 1791 Hebraicis
1102 1736 1157 1791 in
1215 1734 1449 1802 Cenes.;
1508 1728 1792 1804 Augustin.
1827 1728 1876 1788 B
1903 1735 2055 1788 ritas.
2093 1728 2292 1788 Paulus
2321 1734 2390 1788 de
2408 1728 2794 1806 iMiddelhurgo
2824 1728 2879 1790 in
2909 1736 3082 1791 altera
3108 1751 3223 1791 suae
3252 1735 3500 1791 Paulinae

187 1802 285 1858 lib.
324 1818 437 1871 xvi,
466 1818 585 1876 cap.
611 1806 698 1860 11.
718 1805 892 1874 Quem
916 1822 1045 1862 vero
1066 1806 1260 1862 Judam
1282 1808 1472 1863 ducem
1499 1802 1621 1876 post
1635 1805 1799 1860 Mosis

188 1883 445 1944 tempora
475 1875 784 1933 Lactantius
826 1877 915 1933 hic
961 1877 1218 1944 somniet,
1265 1895 1370 1933 non
1400 1875 1594 1933 video:
1624 1877 1726 1932 nisi
1753 1877 1799 1931 is

187 1945 282 2011 sit,
320 1947 435 2020 qui,
463 1956 521 2020 ut
544 1959 625 2003 est
646 1949 709 2020 in
731 1950 908 2020 capite
955 1951 1129 2020 primo
1160 1949 1283 2005 Jud.
1314 1993 1328 2016 ,
1389 1950 1540 2019 jussu
1586 1948 1800 2004 Domini

188 2031 216 2071 a
248 2017 467 2088 populo
492 2017 600 2073 dux
627 2017 930 2077 declaratus
957 2017 1062 2076 luit
1102 2021 1366 2077 adversus
1390 2017 1759 2077 Chananzeum
1782 2060 1798 2085 ,

188 2103 303 2158 quo
346 2104 517 2164 casso,
548 2090 887 2164 Hierusalem
932 2092 1181 2147 incendio
1210 2093 1531 2164 absumpsit.
1560 2093 1689 2155 Hic,
1718 2094 1802 2148 in-

188 2174 385 2235 quani,
417 2160 633 2235 Judasa
662 2162 984 2235 quibusdam
1011 2164 1177 2220 veluti
1202 2160 1441 2220 interrex
1475 2166 1617 2221 inter
1632 2163 1801 2219 duces

191 2232 488 2305 etjudices
519 2232 733 2290 habitus
762 2235 882 2291 fuit.
926 2236 1087 2305 Atqui
1135 2236 1441 2291 communis
1487 2251 1594 2290 non
1640 2236 1802 2291 modo

193 2302 502 2359 Bibliorum
530 2347 547 2377 ,
594 2306 691 2362 sed
717 2308 881 2362 etiam
936 2302 1262 2377 scriptorum
1309 2306 1803 2363 ecclesiastieorum

191 2389 505 2431 consensus
531 2375 715 2445 habet,
744 2377 986 2434 Judaeam
1012 2375 1068 2433 et
1096 2379 1294 2434 tribum
1337 2378 1475 2435 Juda
1501 2420 1516 2444 ,
1559 2395 1624 2434 ex
1662 2378 1803 2434 iuda

194 2447 425 2520 lsraﬁelis
455 2448 588 2520 lilio,
621 2447 947 2520 familiteque
972 2449 1213 2504 Iudaica:
1253 2450 1567 2506 Patriarcha
1595 2459 1649 2507 et
1679 2465 1804 2520 pro-

191 2519 455 2645 Eenitore
478 2519 651 2575 dictas
681 2537 836 2588 esse,
864 2519 957 2591 qui
985 2523 1121 2591 patri
1145 2537 1244 2577 suo
1276 2522 1481 2579 Jacobo
1509 2538 1579 2579 ex
1612 2519 1803 2577 ancilla

236 2591 286 2645 ia
321 2591 380 2644 in
410 2590 796 2645 Mesouotamia
847 2603 1044 2645 natus.
1088 2596 1531 2645 constantiomne
1581 2594 1803 2645 .lnsenhi

236 2591 286 2666 ia
321 2591 380 2644 in
410 2590 796 2666 Mesopotamia
847 2590 1044 2666 natus,
1088 2596 1531 2666 constantiorque
1581 2594 1805 2665 Josephi

192 2663 479 2717 adversus
543 2664 879 2734 iniquitatem
935 2664 1163 2721 fratrum
1216 2663 1473 2722 defensor
1525 2666 1626 2720 fuit
1672 2663 1804 2721 {ex

193 2734 358 2808 cujus
411 2734 553 2808 linea
612 2744 671 2808 et
722 2735 891 2806 prolis
943 2736 1085 2808 serie
1123 2753 1374 2808 regnum
1439 2738 1803 2793 lsraelitarum

193 2804 410 2860 diutius
466 2804 683 2870 ﬂoruit,
725 2804 780 2863 et
835 2822 998 2863 verus
1032 2804 1343 2863 Judieorum
1399 2825 1514 2875 rex,
1556 2808 1805 2864 Christus

194 2877 467 2943 scilicet,
532 2887 693 2934 natus
768 2888 872 2933 est.
932 2881 1001 2933 At
1068 2880 1372 2935 Judteorum
1434 2896 1630 2935 nomen
1698 2896 1803 2937 non

194 2947 520 3023 habuerunt
562 2948 774 3023 Hebrtei
804 2951 904 3004 nisi
938 2960 1061 3020 post
1089 2950 1456 3017 Salomonem,
1490 2962 1614 3007 ante
1645 2967 1804 3023 quem

195 3020 229 3093 ii
289 3020 641 3093 vocabantur
695 3019 987 3087 Israelitaé,
1048 3023 1135 3076 vel
1189 3023 1287 3093 ﬁlii
1340 3022 1529 3078 Israel.
1570 3019 1806 3079 -Ἠα-

194 3090 347 3147 brari.
398 3090 555 3167 quod
624 3107 842 3167 nomen
880 3090 1197 3167 deducitur:
1220 3095 1302 3149 vel
1342 3097 1409 3149 ah
1456 3096 1633 3150 Heber
1679 3110 1804 3167 pro-

196 3172 409 3235 nepote
432 3162 586 3227 Nom,
617 3164 705 3219 vel
736 3164 914 3235 potius
937 3165 1005 3220 ab
1028 3164 1342 3221 Abrahamo
1369 3183 1528 3234 quem
1557 3162 1810 3222 dixerunt

199 3234 526 3306 Hebraeum,
574 3234 627 3289 id
678 3234 762 3291 est
813 3244 962 3290 trans
997 3235 1194 3291 ﬂumen
1257 3237 1627 3302 habitantem,
1686 3238 1810 3306 quia

195 3305 486 3361 Abraham
516 3321 581 3360 ex
613 3308 863 3363 orientali
895 3307 1183 3375 Euphratis
1212 3308 1323 3377 ripa
1350 3313 1400 3363 in
1421 3305 1807 3365 occidentalem

193 3392 326 3434 sese
370 3377 685 3452 contulerat
736 3381 890 3448 jussu
940 3381 1176 3452 supremi
1208 3380 1492 3452 Numinis.
1536 3383 1613 3437 Ex
1645 3382 1810 3452 priori

196 3448 498 3575 mansitque
539 3462 640 3505 sua
683 3465 879 3507 nomen
936 3450 1149 3505 Hebraei
1202 3451 1388 3508 habuit
1435 3448 1658 3509 sanctus
1704 3453 1809 3508 Pa-

199 3529 374 3575 trtarc
422 3537 477 3573 ει.

199 3529 477 3576 triarcba.

269 3614 580 3690 Examinis.
614 3614 757 3671 Nihil
800 3629 997 3690 _muto;
1032 3635 1244 3673 examen
1302 3618 1389 3673 hic
1445 3619 1660 3688 ponitur
1715 3635 1811 3690 pro

197 3687 733 3758 exercitu,_grege.
798 3688 985 3744 Horat.
1036 3706 1052 3744 ι
1115 3690 1283 3758 Epist.
1344 3687 1615 3745 19.1mm
1683 3687 1813 3758 regit

196 3774 450 3831 qameu.
494 3756 770 3831 Clare'hic
802 3760 1041 3831 imitatur
1082 3756 1309 3815 Tertull.
1347 3762 1577 3831 Apolng.
1612 3778 1659 3818 c.
1694 3756 1764 3819 39
1791 3780 1811 3819 :

202 3830 469 3956 Nondum
505 3830 749 3885 Judaeum
784 3831 849 3884 ab
876 3830 1110 3904 {Egyplo
1140 3833 1381 3888 Examcn
1402 3830 1696 3889 Palaestina
1725 3852 1813 3890 su-

202 3918 426 3956 scenera
458 3939 472 3954 .

200 3918 472 3974 πορεῖαι.

268 3996 465 4069 Judaei
502 4008 621 4051 sunt
664 3997 936 4066 appellati.
963 3997 1233 4068 .losephus
1263 4014 1292 4054 a
1324 4007 1566 4069 tempore
1610 3999 1814 4055 reditus

198 4084 230 4123 e
257 4068 587 4137 captivitate
618 4070 941 4137 Babylonica
988 4070 1111 4124 illos
1154 4070 1371 4125 Juda‘os
1399 4068 1617 4125 vocatos
1647 4072 1813 4127 fuisse

200 4148 451 4195 testatur
484 4139 577 4194 lib.
622 4156 696 4204 ιιι,
732 4139 786 4196 5.
821 4141 1456 4197 Damnatus—Primis
1501 4144 1644 4197 enim
1680 4154 1815 4198 tem-

202 4212 473 4284 poribus,
489 4212 572 4284 vel
596 4211 829 4275 llebrtci,
860 4214 939 4266 vel
969 4213 1247 4276 lsraelilte,
1272 4214 1356 4269 vel
1382 4215 1608 4284 populus
1625 4212 1812 4282 Israel,

203 4294 262 4337 ut
284 4283 413 4355 jam
442 4283 681 4338 diximus
699 4325 713 4350 ,
737 4285 1281 4355 cognominabantur.

275 4375 353 4430 In
386 4392 603 4431 annum.
638 4377 709 4431 Ita
742 4392 932 4431 omnes
955 4391 1086 4430 mss.
1107 4386 1159 4431 et
1187 4377 1366 4433 cuncti
1399 4375 1513 4432 fere
1542 4377 1811 4447 impressi.

201 4447 507 4504 Nonnullis
533 4449 693 4503 editis
724 4458 807 4503 est
833 4449 886 4501 in
911 4464 1159 4503 annuum.

1901 1814 2074 1874 parte,
2101 1818 2220 1891 quia:
2262 1815 2344 1891 est
2389 1805 2456 1860 de
2492 1805 3224 1891 passionenDuminieaJ_c_ap;
3256 1807 3342 1891 i0.
3370 1807 3501 1891 Ejus

1903 1890 2134 1946 namque
2158 1876 2381 1930 Paulina
2407 1921 2420 1943 ,
2455 1892 2575 1947 qua:
2602 1878 2805 1949 prodiit
2832 1893 2974 1933 anno
3006 1876 3179 1946 1513,
3199 1877 3339 1934 forte
3371 1876 3499 1949 nixa

1901 1959 2019 2001 erat
2063 1949 2295 2017 quadam
2343 1950 2516 2003 minus
2556 1948 2766 2005 sincera
2817 1948 3081 2005 Lactantii
3115 1949 3390 2017 editione;
3424 1948 3501 2005 ibi

1902 2018 2102 2073 Paulus
2135 2020 2236 2074 iste
2263 2019 2441 2085 docet,
2476 2020 2811 2077 Lactantium
2846 2023 2896 2075 in
2926 2021 3030 2076 hoc
3053 2020 3375 2076 Tertulliani
3413 2036 3501 2078 se—

1901 2100 2084 2145 cutum
2138 2105 2269 2163 esse
2315 2093 2733 2162 auctoritatem,
2788 2092 3023 2163 Juliique
3061 2092 3335 2158 Africani,
3391 2094 3495 2148 Ec-

1903 2163 2086 2216 clesia:
2117 2162 2358 2217 doctoris
2398 2163 2779 2227 celeberrimi;
2812 2173 2867 2219 et
2898 2162 3020 2219 cum
3055 2164 3137 2219 his
3191 2163 3501 2221 consentire

1903 2232 2153 2287 Orosium
2188 2234 2519 2307 historicum.
2543 2234 2842 2307 Eusebius,
2872 2235 3013 2290 Beda
3056 2244 3111 2290 et
3140 2235 3371 2307 quidam,
3406 2235 3499 2307 alii

1906 2308 2229 2377 passionem
2275 2305 2483 2360 Domini
2541 2306 2592 2360 in
2640 2307 2909 2361 decimum
2963 2305 3214 2361 octavum
3278 2305 3500 2377 Tyberii

1904 2391 2104 2431 annum
2155 2375 2405 2444 rejiciunt
2435 2394 2449 2429 :
2478 2378 2571 2431 sed
2602 2378 2680 2431 illi
2706 2379 3027 2433 auctoritate
3055 2377 3214 2433 Lucze
3242 2375 3373 2442 nixi,
3407 2392 3502 2432 ve-

1907 2448 2049 2501 riora
2099 2447 2319 2504 tradere
2349 2447 2619 2503 videntur.
2652 2447 2786 2504 Nam
2837 2464 2956 2519 cap.
2985 2465 3064 2514 ιιι,
3108 2449 3249 2517 apud
3297 2448 3500 2504 Lucam

1906 2518 2136 2588 legimus
2180 2529 2483 2591 temporum
2530 2520 2796 2591 rationem
2852 2520 3265 2591 diligentissime
3307 2519 3499 2591 obser-

1906 2602 2122 2663 vatam:
2154 2589 2304 2663 A_uno
2328 2634 2343 2656 ,
2376 2590 2596 2663 scribit,
2647 2589 3044 2663 decimoquiuto
3065 2591 3266 2663 imperii
3292 2590 3501 2663 Tyberii

1907 2660 2146 2728 Cesaris,
2174 2661 2360 2717 Pontio
2383 2662 2553 2716 Pilato
2579 2664 2797 2730 preside
2820 2660 3043 2730 ludicre,
3074 2660 3356 2717 Tetrarclui
3380 2678 3499 2717 vero

1910 2731 2141 2807 Calilwa:
2167 2732 2395 2807 H_erode,
2427 2733 2676 2807 Philippo
2702 2744 2872 2789 autem
2893 2739 3054 2807 fratre
3079 2735 3193 2801 eius
3222 2732 3502 2807 Tetrarcha

1910 2803 2103 2877 [larem
2123 2815 2171 2860 et
2194 2803 2584 2877 Trachonitidis
2610 2803 2833 2877 regionis
2857 2848 2873 2871 ,
2893 2803 2902 2807 ⁷
2923 2815 2969 2861 el
2995 2804 3223 2877 Lysania
3251 2806 3500 2877 Abylenes

1908 2875 2215 2944 Telrarcha,
2244 2877 2335 2931 sub
2370 2875 2705 2947 Ponti/icibus
2732 2878 2882 2931 Anna
2937 2888 2983 2932 et
3031 2875 3251 2946 Caiplta,
3306 2875 3501 2947 factum

1910 2959 1983 3001 est
2033 2949 2239 3003 verbum
2285 2948 2494 3002 Domini
2520 2966 2675 3019 super
2719 2948 2974 3003 Joannem
3001 2948 3271 3004 Zacharia:
3297 2949 3496 3018 ﬁlium,

1910 3028 2016 3074 etc.
2047 3019 2272 3091 Constat
2302 3030 2503 3085 autem,
2536 3022 2707 3076 tribus
2726 3022 2887 3075 annis
2914 3030 2968 3075 et
2994 3022 3197 3091 aliqum
3224 3020 3500 3075 mensibus

1911 3092 2155 3163 amplius
2184 3089 2459 3147 Christum
2523 3104 2643 3163 post
2694 3092 3015 3162 baptismum
3082 3089 3205 3147 esse
3257 3106 3497 3161 passum.

1914 3162 1971 3216 In
2004 3179 2095 3217 vni
2130 3162 2487 3234 Calendarum
2531 3164 2791 3234 Aprilium
2844 3164 3107 3233 passionis
3138 3162 3302 3234 diem
3345 3172 3500 3217 retu-

1916 3234 2093 3308 lerunt
2146 3233 2512 3308 Tertullianus
2538 3275 2554 3301 ,
2580 3233 3022 3308 'Chrysostomus
3045 3279 3060 3303 ,
3105 3233 3495 3305 Hieronymus,

1913 3304 2168 3376 Cyrillus,
2203 3304 2557 3374 Augustinus,
2587 3317 2642 3362 et
2665 3304 2824 3361 Beda.

1988 3376 2198 3432 Duobus
2243 3377 2470 3433 Geminis
2515 3376 2660 3434 Cass.
2713 3377 3072 3433 Tertullianus
3125 3375 3221 3431 lib.
3278 3375 3492 3431 advers.

1913 3448 2166 3513 Judaaos,
2236 3464 2357 3519 cap.
2418 3451 2451 3504 8
2505 3468 2516 3502 :
2579 3449 2759 3503 Passio
2812 3449 2966 3518 hujus
3018 3447 3305 3503 extermiuii
3363 3448 3501 3519 inira

1915 3530 2143 3592 tempora
2192 3516 2515 3592 septuaginta
2563 3516 2935 3592 hebdomadam
2977 3525 3238 3592 perfgcta,
3274 3516 3500 3592 _subTi-

1916 3588 2054 3645 berio
2071 3588 2291 3654 Cwsare,
2309 3588 2452 3647 Cass.
2477 3591 2714 3646 Rubellio
2741 3588 2981 3654 Gemino,
3004 3588 3233 3646 el'Fusio
3260 3588 3497 3655 Gemino,

1915 3678 2085 3717 mense
2106 3663 2320 3729 Martio,
2342 3665 2649 3732 temporibus
2678 3662 2912 3730 Pascliaz,
2932 3664 3029 3736 die
3051 3678 3143 3717 vm
3174 3661 3301 3736 al.
3325 3660 3499 3736 April.

1995 3736 2124 3788 Ante
2145 3737 2308 3789 diem.
2330 3777 2344 3791 .
2370 3776 2382 3788 .
2410 3776 2422 3788 .
2446 3775 2460 3788 .
2493 3736 2643 3789 Cruci
2671 3736 2970 3806 (if/iaseruul.
3010 3734 3100 3790 Sic
3128 3732 3343 3806 quidem
3400 3732 3500 3806 haé

1919 3807 2046 3862 hent
2072 3822 2201 3861 mss.
2235 3808 2424 3876 optimi
2468 3816 2522 3861 et
2561 3803 2908 3869 vetustiores,
2958 3805 2991 3861 9
3022 3806 3176 3874 Reg,
3223 3803 3256 3858 8
3297 3803 3496 3876 Viatic.,

1917 3879 2148 3942 Bonum,
2205 3874 2350 3941 ειη..
2406 3880 2617 3941 Maron,
2674 3877 2833 3944 Tax.,
2890 3878 3047 3942 Pen.,
3094 3877 3279 3941 Cauc.,
3335 3874 3497 3941 Nav.,

1921 3950 2083 4012 Υἱοὶ..
2116 3951 2269 4016 Juu.,
2320 3950 2481 4016 Ultr.,
2535 3949 2789 4013 Tornes.,
2840 3948 2877 4003 2
2927 3948 3117 4009 Brun.,
3163 3946 3499 4017 Cantabrig.,

1920 4021 2039 4075 Em.
2072 4038 2099 4074 a
2124 4022 2358 4077 secunda
2381 4032 2435 4077 et
2455 4020 2672 4092 quidem
2701 4020 2889 4076 eadem
2907 4036 3091 4092 manu,
3122 4018 3442 4092 64Colbert.,
3470 4020 3496 4074 1

1919 4091 2240 4157 Βιιιῢηιι.,“⁴2
2269 4089 2531 4153 Claroni.,
2563 4092 2689 4147 edd.
2733 4092 2892 4148 Hom.
2945 4091 3109 4156 1468,
3144 4090 3306 4154 1470,
3348 4089 3498 4144 Crat.

1919 4166 1969 4219 in
2005 4180 2200 4234 marg,
2231 4165 2433 4229 Betul.,
2462 4164 2598 4219 ls;ni.
2630 4163 2882 4218 Nonnulli
2907 4177 3038 4217 mss.
3071 4173 3126 4234 et
3151 4162 3278 4216 editi
3319 4161 3504 4234 legunt

1917 4237 2050 4289 Aule
2085 4232 2216 4291 diem
2248 4236 2517 4301 septimum
2545 4234 2672 4289 Kal.
2702 4235 2869 4306 April.
2900 4234 3049 4289 Hune
3104 4232 3367 4287 Lactantii
3422 4233 3501 4306 lo-

1916 4322 2040 4361 cum
2086 4309 2242 4378 longa
2297 4317 2352 4362 et
2396 4304 2757 4378 pulcherrima
2810 4306 3172 4378 disputatione
3228 4304 3503 4378 enarravit

1917 4373 2204 4434 Marcellus
2230 4373 2581 4433 Franeolinus
2610 4378 2661 4432 in
2695 4373 2930 4432 Tractai.
2974 4377 3039 4430 de
3064 4376 3253 4445 Temp.
3306 4373 3497 4429 Horar.

1918 4449 2238 4505 Canoniear.
2291 4465 2409 4520 cap.
2459 4451 2530 4506 75
2573 4459 2628 4504 et
2677 4449 2768 4514 71,
2814 4464 2974 4519 quem
2999 4444 3321 4520 compendio
3346 4444 3503 4502 rele—

277 4502 777 4591 Poleslasregalis.
830 4519 945 4574 Non
986 4502 1811 4591 reontinuoanamrhierarehia
1836 4502 1890 4562 D
1919 4502 2255 4577 remum—Per
2283 4502 2407 4587 illa,
2452 4502 2777 4591 Antevdiern
2816 4502 3063 4575 decimam
3103 4502 3498 4591 Kalendarum,

204 4593 531 4647 interceSsit
557 4590 940 4646 80’anuurnm.
978 4590 1094 4645 Heli
1128 4592 1269 4646 enim
1296 4590 1582 4658 Sacerdos,
1614 4600 1669 4646 et
1716 4592 1815 4647 Sa-

203 4664 358 4719 muel
422 4663 539 4730 ejus
587 4677 907 4729 successor,
954 4671 1179 4733 uterque
1204 4662 1277 4717 40
1301 4662 1456 4717 annis
1508 4663 1813 4718 Israeliticae

203 4735 398 4806 gentis
422 4735 705 4806 imperium
736 4736 928 4788 tenuit.
956 4733 1243 4788 Historiam
1268 4733 1536 4789 Samuelis
1554 4750 1654 4789 nos
1679 4736 1815 4791 liber

208 4804 371 4877 prior
404 4805 586 4877 docet.
618 4804 884 4860 Caeterum
914 4806 982 4860 de
1009 4806 1374 4860 horumannis
1392 4806 1697 4876 Scriptores
1728 4808 1813 4861 in-

206 4876 294 4934 ter
322 4893 389 4933 se
419 4876 692 4931 dill‘erunt.

284 4950 662 5017 Susceperunt.
696 4948 798 5003 Ms.
826 4948 851 5002 1
880 4947 1089 5003 Bonon.
1127 4948 1398 5019 antiquior
1423 4990 1437 5014 ,
1460 4960 1813 5019 susceperunt.

285 5020 644 5090 Subjugabat.
665 5020 765 5075 Per
779 5019 1301 5085 servitutcs.Judic.,
1326 5036 1399 5084 Ill,
1424 5036 1587 5086 tv,vl,
1611 5037 1660 5083 x,
1689 5037 1808 5076 χιιι.

289 5090 503 5147 Exinde
532 5090 840 5146 Tetrarclms
866 5091 1173 5156 habuerunt,
1226 5101 1331 5147 etc.
1374 5092 1504 5147 Post
1544 5092 1810 5157 reditum,

209 5165 328 5221 imo
362 5167 419 5219 in
449 5165 567 5227 ipso
601 5163 802 5227 reditu,
853 5177 942 5217 res
984 5162 1293 5218 Judreorum
1340 5164 1407 5218 ad
1450 5163 1811 5218 hierarrbiam

211 5236 447 5293 redacta
467 5234 586 5300 fuit,
607 5234 945 5289 Zorohabele
964 5245 1208 5302 auctore,
1228 5235 1423 5289 deinde
1439 5235 1561 5306 aliis
1579 5250 1813 5306 sequen-

209 5307 386 5373 tibus,
423 5308 492 5361 de
531 5308 724 5377 quibus
755 5306 876 5362 vide
921 5306 1116 5360 Euseb.
1160 5318 1211 5360 et
1240 5307 1461 5361 Bedam.
1485 5305 1813 5362 Tetrarchim

210 5387 533 5450 ceperunt,
592 5387 871 5448 postquam
920 5393 1007 5433 res
1054 5377 1293 5450 Judaicze
1340 5379 1392 5432 in
1440 5379 1813 5433 Romanorum

212 5449 550 5523 potestatem
584 5458 1028 5523 venerunt_:_non
1065 5449 1295 5523 quidem
1321 5451 1500 5504 statim
1531 5450 1597 5523 ab
1624 5449 1811 5515 initio;

214 5518 350 5579 nam
398 5520 612 5576 Hircani
646 5518 947 5591 hierarcbia
978 5518 1325 5590 degeneravit
1367 5523 1418 5575 in
1454 5522 1637 5576 nescio
1667 5522 1813 5591 quod

212 5609 457 5665 regnum
484 5591 734 5665 Hergdis.
763 5589 929 5665 Cujus
958 5589 1233 5665 minuendi
1263 5608 1424 5665 causa
1457 5589 1815 5665 quatuor'He-

213 5663 379 5721 redis
436 5664 529 5719 lilii
581 5663 892 5720 Tetrarclue
946 5664 1227 5719 constituti
1270 5663 1488 5719 luerunt
1529 5664 1813 5720 :llerodes

213 5738 483 5793 nimirum
508 5778 522 5802 ,
554 5737 855 5806 Antipater,
889 5735 1077 5807 Lysias
1106 5744 1160 5790 et
1201 5735 1495 5807 Philippus.
1530 5736 1597 5791 Et
1641 5734 1689 5792 id
1719 5737 1811 5793 be-

216 5809 426 5866 nelicio
454 5808 679 5879 Augusti
706 5806 953 5865 Caesaris.
984 5806 1305 5864 lieruwms.

1920 4593 2227 4648 Lactantius
2278 4593 2526 4648 intelligit
2579 4606 2684 4646 non
2730 4590 2874 4646 diem
2921 4591 3259 4647 undecimum
3305 4588 3502 4644 Kalen-

1916 4665 2138 4729 darum,
2180 4674 2237 4718 ut
2264 4663 2414 4718 Paul.
2458 4660 2808 4729 Middelburg.
2845 4664 3034 4731 quinto
3059 4661 3267 4716 Paulin.
3292 4675 3414 4730 pag.
3442 4660 3499 4725 2,

1917 4749 2036 4804 cap.
2069 4736 2123 4797 4,
2153 4745 2207 4790 et
2228 4735 2550 4790 Thomasius
2580 4737 2633 4789 in
2657 4734 2808 4790 Notis
2836 4735 2901 4788 ad
2928 4736 3067 4788 hunc
3092 4741 3365 4804 auctorem
3400 4746 3501 4804 pu-

1920 4801 2197 4872 taverunt,
2228 4807 2323 4861 sed
2378 4807 2519 4862 diem
2574 4807 2744 4872 ipsam
2791 4805 3037 4859 decimam
3076 4814 3193 4859 ante
3231 4801 3502 4856 Kalendas

1919 4877 2142 4947 Aprilis,
2202 4879 2254 4932 in
2312 4894 2415 4948 qua
2460 4879 2734 4933 locutione
2781 4876 3101 4948 eomputatig
3131 4873 3503 4948 intelliguntur

1919 4945 2131 5017 utrique
2161 4950 2276 5005 dies
2308 4945 2559 5013 extremi,
2595 4949 2646 5005 id
2686 4957 2767 5004 est
2803 4945 2920 5003 dies
2955 4948 3044 5018 qui
3073 4945 3418 5018 describitur,
3449 4954 3504 4999 et

1918 5016 2432 5089 ipse’Kalendarum
2462 5021 2616 5087 dies,
2667 5030 2724 5075 ut
2762 5031 2909 5074 recte
2964 5016 3084 5072 cum
3127 5017 3338 5071 Alciato
3386 5016 3503 5089 ipse

1917 5087 2151 5148 Marcell.
2205 5102 2355 5147 notat
2391 5092 2444 5146 d.
2493 5106 2611 5161 cap.
2643 5092 2732 5158 75,
2776 5106 2923 5145 num.
2955 5089 3044 5150 18,
3092 5087 3503 5161 ιήρῖιιιειιθγοιῇε-

1916 5167 2094 5219 ctione
2136 5164 2204 5220 de
2239 5164 2267 5236 §
2315 5165 2461 5236 Aule_
2489 5160 2621 5218 diem
2679 5163 2731 5236 in
2765 5160 3181 5236 l8g.AAltnlCtll_lts
3232 5160 3499 5236 amittitur.

1918 5236 1980 5290 D.
2017 5236 2084 5291 de
2112 5231 2263 5291 verb:
2296 5232 2479 5302 signif.
2522 5243 2576 5289 et
2626 5231 2835 5289 eodem
2877 5231 2905 5304 §
2953 5232 3168 5304 egregie
3208 5231 3500 5304 explicato.

1919 5307 2013 5362 His
2045 5307 2208 5378 igitur
2247 5306 2427 5361 verbis
2456 5305 2782 5378 Lactantius
2824 5302 3060 5378 putavit,
3093 5302 3367 5378 Christum
3397 5302 3504 5378 Do-

1918 5372 2123 5433 minum
2175 5392 2390 5448 passum
2447 5376 2614 5431 fuisse
2665 5372 3256 5448 diegvigesimaterlia
3303 5372 3507 5448 mensis

1919 5448 2114 5504 Martii.
2149 5445 2293 5505 Idem
2333 5448 2501 5503 sensit
2525 5446 2854 5516 TheOphilus
2902 5446 3250 5501 Caesariensis
3301 5445 3509 5516 vicinus

1922 5520 2307 5590 Apostolorum
2354 5515 2693 5590 temporibus
2727 5519 2778 5571 in
2831 5518 3002 5590 Epist.
3027 5516 3281 5588 Synodic.
3313 5517 3381 5590 de
3402 5515 3507 5590 Pa-

1920 5587 2127 5655 sc'hate,
2197 5606 2319 5661 qua:
2374 5587 2634 5659 impressa
2675 5589 2873 5660 legitur
2930 5587 3079 5643 inter
3123 5591 3296 5656 Opera
3343 5587 3511 5661 Beda:

1923 5674 2053 5718 tom.
2081 5679 2140 5730 ιι,
2175 5659 2228 5716 in
2265 5665 2391 5718 line.
2419 5662 2565 5718 Idem
2588 5678 2802 5732 quoque
2832 5662 3002 5717 sensit
3042 5661 3306 5732 Eusebius
3332 5659 3513 5714 Caesa-

1921 5735 2115 5790 riensis
2148 5735 2198 5789 in
2229 5734 2526 5790 omnimod.
2562 5730 2792 5789 Historia
2841 5732 3050 5788 Canon.
3080 5730 3470 5787 Chronicorum
3492 5769 3509 5792 ,

1922 5806 2077 5876 cujus
2120 5815 2268 5862 extat
2309 5808 2663 5878 fragmentum
2695 5805 2835 5877 apud
2876 5805 3224 5862 Anastasinm
3252 5801 3508 5858 Antioch.
