4038 6358
187 355 292 412 477

1088 348 1292 408 LIBER
1333 346 1421 408 IV.
1464 347 1552 406 DE
1585 346 1772 405 VERA
1807 341 2169 404 SAI’IENTIA
2209 343 2300 404 ET
2340 343 2570 404 RELIG.
3392 345 3496 400 478

185 487 363 528 casum
401 470 770 542 clariﬁcabitur
809 485 993 526 nomen
1035 484 1203 524 meum
1247 469 1388 542 apud
1427 477 1620 542 gentes.
1654 467 1786 524 Item
1817 469 1870 532 Α
1895 464 2218 537 pidaverunt,
2249 475 2295 523 et
2321 469 2460 539 capti
2499 475 2637 536 sunt,
2669 466 2911 539 quoniam
2942 465 3143 520 verbum
3181 461 3391 519 Domini
3414 479 3499 519 re-

185 562 360 620 David
387 565 439 619 in
462 563 666 634 psalmo
696 579 802 618 xm
827 580 841 618 :
873 560 1164 618 Constitues
1190 577 1269 616 me
1289 561 1343 616 in
1363 570 1518 632 caput
1535 562 1757 632 gentium
1774 575 1794 615 :

182 657 436 729 papulas,
453 673 601 727 quan
620 673 724 711 non
741 656 978 728 cognovi,
1003 657 1183 711 serviet
1205 655 1350 710 mihi.
1374 655 1562 710 Esaias
1581 667 1794 726 quoque

180 751 264 806 sic
306 751 548 823 loquitur
594 750 735 822 (scil.
778 750 874 806 ult.
915 748 1098 821 cap.):
1139 749 1298 806 Venio
1336 750 1577 822 colligere
1621 766 1794 806 omnes

179 854 379 917 gentes,
413 855 461 899 et
509 843 746 916 linguas,
794 854 842 899 et
888 845 1107 911 venient,
1152 853 1200 898 et
1242 842 1479 898 videbunt
1509 844 1794 898 claritatem

181 955 353 993 meam
377 979 392 1005 ,
421 948 468 993 st
496 939 752 992 dimittam
778 954 931 1008 super
958 955 1043 993 eos
1072 939 1298 1009 signum,
1329 947 1376 992 et
1404 939 1598 993 mittam
1627 955 1690 993 ea:
1713 940 1792 996 liis

183 1045 517 1092 conservatos
551 1037 605 1089 in
630 1044 801 1106 gentes
829 1049 942 1106 quin
973 1034 1122 1106 longe
1161 1044 1302 1101 sunt,
1331 1051 1444 1105 qua:
1469 1051 1570 1090 non
1610 1036 1790 1090 audie-

179 1137 304 1183 runt
336 1128 558 1199 gloriam
586 1143 770 1195 meam,
810 1136 856 1182 et
889 1126 1196 1181 nuntiabunt
1224 1129 1507 1183 claritatem
1538 1145 1702 1183 meam
1733 1129 1787 1184 in

181 1231 381 1294 gentes.
430 1220 632 1276 Volens
685 1221 846 1291 igitur
906 1221 1048 1276 Deus
1092 1230 1413 1276 metatorem
1475 1222 1659 1293 templi
1708 1222 1791 1278 sui

182 1314 401 1369 mittere
427 1314 482 1368 iu
511 1323 707 1369 terram
737 1312 950 1386 (Ezech.
988 1330 1095 1382 xu,
1125 1316 1287 1384 Apoc.
1321 1314 1435 1386 χι),
1467 1316 1637 1371 noluit
1666 1331 1788 1372 eum

184 1409 234 1465 in
281 1417 555 1478 potestate
583 1419 637 1465 et
673 1408 920 1465 claritate
946 1409 1151 1466 caelesti
1195 1411 1432 1475 mittere,
1464 1420 1519 1465 ut
1547 1411 1790 1482 ingratus

182 1503 235 1559 in
270 1504 448 1560 Deum
483 1503 710 1575 populus
750 1505 803 1559 in
830 1520 1070 1561 errorem
1104 1505 1395 1561 maximum
1426 1506 1788 1573 induceretur,

180 1611 242 1652 ac
269 1611 465 1666 pinnas
505 1611 604 1667 pro
634 1596 956 1653 facinoribus
984 1598 1096 1652 suis
1130 1598 1339 1665 lueret,
1374 1599 1464 1667 qui
1509 1598 1789 1655 dominum

181 1707 244 1748 ac
275 1692 450 1746 Deum
477 1705 632 1747 suum
663 1706 769 1746 non
799 1691 1130 1762 recepisset;
1163 1691 1308 1763 quod
1341 1692 1470 1748 olim
1512 1695 1790 1764 prephetze

181 1784 516 1851 eecinerant,
543 1785 620 1841 sic
645 1799 768 1841 esse
788 1785 1072 1842 facturum.
1102 1786 1288 1842 Esaias
1314 1788 1480 1855 enim,
1505 1802 1662 1858 quem
1690 1786 1790 1858 ipsi

1900 561 2254 631 probaverunt.
2301 562 2443 633 Ergo
2471 562 2555 632 (ut
2583 577 2854 632 coeperam
2887 559 3092 632 dicere)
3131 575 3251 616 cum
3279 557 3500 615 Statuis-

1893 661 1976 708 set
2009 653 2150 709 Deus
2187 653 2461 711 doctorem
2493 655 2706 711 virtutis
2755 655 2971 710 mittere
3001 653 3067 709 ad
3106 654 3378 721 homines,
3409 667 3498 708 re-

1895 747 2041 803 nasci
2086 762 2212 802 eum
2243 747 2420 803 denuo
2447 749 2501 804 in
2540 763 2702 804 carne
2731 747 3009 819 przecepit,
3043 754 3096 802 et
3144 745 3246 816 ipsi
3294 743 3496 800 homini

1894 840 2126 897 similem
2160 842 2298 910 ﬂeri,
2331 842 2418 898 cui
2462 843 2592 909 dux,
2637 850 2692 898 et
2729 857 2934 908 comes,
2979 850 3032 897 et
3072 842 3327 912 magister
3355 849 3499 896 esset

1892 930 2129 988 futurus.
2161 934 2267 989 Sed
2297 945 2476 990 tamen
2508 935 2761 1006 quoniam
2786 934 3024 990 clemens
3046 942 3128 989 est
3156 941 3210 989 et
3230 934 3350 1004 pius
3374 947 3499 1004 erga

1893 1041 2020 1082 suos
2047 1026 2212 1094 Deus,
2245 1027 2310 1082 ad
2343 1043 2437 1083 eos
2484 1029 2632 1098 ipsos
2658 1042 2781 1083 eum
2828 1027 2994 1094 misit,
3017 1041 3155 1098 quos
3184 1025 3396 1093 oderat,
3432 1039 3500 1081 ne

1893 1121 2002 1176 illis
2039 1121 2093 1176 in
2129 1130 2444 1194 perpetuum
2479 1124 2666 1178 salutis
2700 1124 2839 1177 viam
2872 1122 3188 1188 clauderet;
3221 1120 3315 1175 sed
3346 1119 3502 1176 daret

1893 1211 1977 1268 bis
2009 1213 2231 1270 liberam
2279 1215 2583 1270 facultatem
2634 1213 2896 1285 sequendi
2942 1214 3132 1280 Deum,
3168 1221 3226 1267 ut
3269 1221 3324 1268 et
3365 1225 3504 1281 prae-

1892 1307 2058 1362 mium
2105 1309 2227 1363 vitte
2276 1307 2725 1380 adipiscerentur,
2769 1308 2813 1363 si
2857 1307 3028 1363 secuti
3072 1305 3322 1370 fuissent,
3355 1303 3500 1376 quod

1892 1401 2107 1473 plurimi
2136 1418 2321 1458 eorum
2357 1402 2558 1458 faciunt
2583 1447 2596 1468 ,
2629 1413 2788 1474 atque
2831 1400 3098 1465 fecerunt,
3132 1408 3186 1455 et
3215 1401 3372 1469 culpa
3405 1412 3501 1453 sua

1895 1497 1948 1552 in
1983 1513 2196 1568 poenam
2244 1498 2432 1553 mortis
2464 1499 2824 1563 incurrerent,
2857 1497 2900 1550 si
2932 1511 3114 1566 regem
3144 1509 3299 1547 suum
3328 1507 3494 1562 repu-

1894 1588 2153 1646 diassent.
2181 1589 2336 1661 Apud
2369 1591 2490 1646 illos
2517 1591 2695 1662 igitur,
2720 1598 2775 1645 et
2801 1606 2866 1644 ex
2889 1603 3076 1643 eorum
3104 1587 3313 1642 semine
3344 1600 3502 1654 rege-

1894 1684 2072 1739 nerari
2101 1699 2222 1739 eum
2247 1678 2445 1755 jussit,
2478 1701 2565 1752 ne,
2607 1687 2651 1740 si
2699 1683 2888 1739 fuisset
2938 1683 3238 1752 alienigena
3259 1725 3271 1747 ,
3301 1680 3500 1751 justam

1893 1789 2121 1851 possent
2145 1780 2553 1836 excusationem
2580 1779 2647 1834 de
2673 1779 2791 1849 lege
2817 1776 3176 1849 praetendere,
3210 1773 3348 1844 quod
3375 1787 3499 1828 eum

177 1877 356 1934 Judzi
401 1893 552 1933 serra
579 1877 886 1934 confectum
918 1879 1297 1936 crudelissime
1338 1888 1684 1944 necaverunt,
1719 1879 1791 1935 ita
1823 1891 1870 1952 Β
1899 1889 2005 1928 non
2039 1875 2436 1946 suscepissent;
2469 1873 2651 1939 simul,
2683 1882 2741 1927 ut
2771 1872 2914 1926 nulla
2945 1871 3166 1926 omnino
3195 1883 3328 1940 gens
3358 1874 3504 1922 esset

177 1973 310 2029 dicit
335 1971 478 2045 (cap.
512 1972 568 2043 1)
595 1991 608 2026 :
642 1973 777 2027 Audi
815 1974 997 2027 calum
1019 2015 1034 2040 ,
1065 1983 1110 2027 et
1141 1973 1346 2043 percipe
1383 1973 1589 2026 auribus
1632 1980 1787 2041 terra,

175 2067 424 2139 quoniam
442 2066 694 2121 Dominus
717 2068 914 2122 locutus
932 2076 1005 2122 est
1028 2084 1047 2122 :
1075 2067 1239 2122 Filios
1267 2068 1437 2138 genui,
1464 2076 1510 2122 et
1537 2068 1790 2136 exaltari;

172 2162 276 2231 ipsi
332 2168 502 2214 autem
552 2171 851 2228 spreverunt
901 2177 998 2215 me.
1054 2161 1268 2231 Agnovit
1315 2160 1403 2215 bos
1450 2177 1787 2231 possessorem

173 2271 351 2319 suum,
397 2263 445 2308 et
487 2254 663 2309 asinus
704 2255 1008 2326 prasepium
1047 2255 1242 2308 domini
1272 2254 1391 2319 sui;
1419 2251 1588 2307 Israel
1615 2263 1784 2308 autent

171 2365 256 2403 me
281 2365 387 2403 non
417 2349 672 2420 cognovit,
699 2357 746 2403 et
775 2349 996 2419 populus
1018 2363 1158 2404 meus
1181 2364 1260 2402 ine
1280 2363 1382 2401 non
1408 2347 1674 2403 intellexit.

247 2443 552 2498 Hieremias
583 2457 798 2513 quoque
829 2443 1075 2498 similiter
1111 2443 1185 2496 ait
1229 2441 1368 2511 (cap.
1407 2439 1504 2510 8):
1535 2439 1778 2512 Cognovit

172 2545 386 2606 tempus
415 2552 561 2590 suum
588 2545 756 2589 turtur
782 2545 828 2590 et
853 2535 1092 2601 hirundo,
1120 2544 1166 2589 et
1190 2535 1324 2589 ruris
1352 2550 1581 2605 passeres
1611 2543 1779 2589 custo-

172 2630 384 2682 dierunt
411 2638 640 2700 tempora
663 2630 900 2684 introitus
926 2630 1043 2683 sui:
1073 2629 1293 2698 papulas
1318 2638 1488 2681 autent
1513 2643 1653 2682 meus
1679 2643 1779 2683 non

169 2725 412 2794 cognovit
451 2723 705 2793 judicium
737 2721 964 2776 Domini.
1003 2721 1270 2789 Quomodo
1311 2721 1498 2788 dicitis,
1529 2720 1780 2790 sapientes

167 2833 374 2884 sumus,
400 2828 447 2871 et
473 2817 556 2871 lea:
579 2816 782 2871 Domini
813 2817 1072 2871 nobiscum
1100 2826 1170 2870 est
1194 2817 1218 2870 ?
1246 2815 1516 2871 Incassum
1543 2817 1682 2888 facta
1703 2830 1778 2874 est

168 2918 479 2974 metatura;
508 2909 628 2980 falsi
655 2909 856 2978 scribw,
886 2921 933 2964 et
960 2908 1163 2980 confusi
1191 2918 1308 2963 sunt
1333 2923 1347 2975 ;
1387 2910 1642 2980 sapientes
1672 2921 1779 2967 tie-

1897 1970 1949 2023 in
1981 1975 2143 2035 terra,
2173 1968 2258 2024 cui
2287 1983 2412 2038 Spes
2437 1966 2854 2023 immortalitatis
2888 1973 3195 2036 negaretur.

2503 2081 2733 2140 CAPUT
2772 2079 2888 2136 XII.

1893 2175 1974 2232 De
2009 2174 2136 2231 Jesu
2174 2185 2288 2230 ortu
2325 2191 2387 2228 ex
2421 2172 2630 2246 Virgine
2653 2215 2666 2242 ,
2711 2175 2773 2228 de
2819 2175 2928 2246 ejus
2985 2171 3137 2239 Vita,
3197 2169 3368 2226 Morte
3391 2212 3405 2235 ,
3457 2177 3505 2224 et

1968 2268 2388 2334 Resurrectione;
2427 2276 2577 2338 atque
2625 2267 2688 2326 de
2731 2267 2794 2321 iis
2833 2264 2983 2322 rebus
3027 2263 3317 2319 testimonia
3356 2260 3498 2315 Pro-

1965 2362 2253 2432 phetarunt.

1959 2454 2300 2514 Descendens
2327 2454 2507 2527 itaque
2535 2454 2602 2511 de
2623 2453 2764 2510 coelo
2787 2461 3006 2509 sanctus
3032 2451 3124 2506 ille
3143 2449 3376 2522 Spiritus
3400 2447 3497 2506 Dei

1881 2560 2121 2604 sanctam
2151 2547 2451 2619 Virginem.
2482 2547 2638 2615 cujus
2664 2555 2818 2602 utero
2843 2562 2902 2601 se
2933 2546 3269 2608 insinuaret,
3301 2541 3485 2611 elegit.

1887 2642 1957 2696 At
1982 2640 2069 2695 illa
2099 2639 2285 2694 divino
2313 2639 2516 2711 Spiritu
2539 2638 2732 2694 haule
2760 2638 2965 2708 repleta
2993 2635 3275 2704 concepit,
3305 2640 3359 2687 et
3385 2632 3504 2686 sine

1887 2732 2000 2788 ullo
2033 2741 2238 2788 attactu
2268 2731 2368 2786 viri
2413 2741 2638 2802 repente
2680 2730 2958 2801 virginalis
3001 2739 3186 2784 uterus
3228 2725 3500 2782 intumuit.

1881 2824 2036 2893 Quod
2075 2828 2120 2884 si
2164 2825 2420 2880 animalia
2468 2824 2718 2894 quaedam
2752 2833 2916 2878 vento
2949 2831 3003 2878 et
3033 2837 3163 2877 aura
3207 2823 3498 2888 concipere

1883 2919 2065 2974 solere
2109 2919 2364 2976 omnibus
2421 2927 2606 2974 notum
2658 2926 2772 2985 est,
2825 2933 2924 2974 cur
2971 2917 3254 2989 quisquam
3307 2914 3500 2970 mirum

1545 3051 1902 3113 VARIORUM
1941 3057 2171 3114 NOT/E.

244 3189 652 3258 Clariﬁcabitur.
680 3189 869 3244 Grmce
898 3189 1241 3256 clariﬁcatum
1273 3198 1384 3252 est;
1414 3197 1468 3241 et
1499 3188 1568 3243 ita
1601 3190 1795 3260 legitur
1821 3193 1866 3256 C

166 3264 317 3336 apud
349 3262 761 3328 Tertullianum,
793 3272 846 3316 et
875 3262 1016 3332 apud
1047 3261 1370 3331 Cyprianum
1404 3260 1666 3317 adversus
1695 3263 1791 3318 Ju-

167 3338 352 3393 datos.

242 3409 379 3474 Qua:
405 3407 559 3476 longe
586 3416 724 3462 sunt.
763 3403 1017 3476 'i'ertull_..
1060 3419 1090 3457 v
1121 3402 1245 3459 adv.
1276 3403 1470 3476 Mare.:
1505 3403 1605 3469 Qui
1637 3408 1790 3461 eratis

166 3482 351 3549 longe,
401 3474 527 3550 [acti
571 3479 690 3532 estis
737 3493 916 3546 prope.
955 3474 1118 3546 Cypr.
1163 3491 1177 3529 l
1224 3475 1290 3530 ad
1332 3475 1569 3544 Quirin.,
1598 3490 1647 3530 c.
1676 3477 1785 3550 ﬂii:

167 3549 409 3607 Extollet
440 3551 645 3621 signum
673 3550 725 3603 in
755 3558 947 3618 gentes,
981 3562 1096 3621 qua:
1140 3554 1290 3616 longe
1338 3557 1494 3611 sunt;
1526 3557 1587 3621 et
1627 3549 1788 3621 paulo

166 3634 306 3678 ante
340 3625 394 3675 iu
429 3619 532 3676 hoc
559 3623 672 3689 ipso
704 3622 842 3680 loco,
872 3634 986 3689 qua:
1009 3620 1158 3688 longe
1187 3628 1338 3681 sunt;
1363 3628 1418 3672 et
1445 3635 1494 3672 c.
1526 3619 1616 3672 Ἠ.
1651 3619 1784 3676 Ben.

234 3695 337 3749 Sic
367 3709 477 3748 esse
502 3693 780 3761 facturum.
812 3689 937 3744 Mss.
973 3690 1005 3744 9
1037 3705 1147 3761 rec.
1182 3691 1256 3744 sic
1287 3706 1394 3744 esse
1425 3691 1676 3760 futurum.

235 3766 411 3822 Serra
437 3760 752 3829 consectum,
784 3771 893 3816 etc.
929 3763 1105 3830 Atque
1138 3760 1240 3816 hoc
1269 3769 1352 3815 est
1390 3777 1553 3815 unum
1586 3761 1655 3816 de
1685 3777 1778 3818 ex.

163 3838 391 3907 quisitis
420 3836 716 3905 suppliciis,
753 3849 872 3907 qua:
911 3848 1074 3907 supra
1116 3834 1361 3907 Lactant.
1405 3834 1558 3907 dixit,
1589 3836 1786 3907 quibus

163 3904 459 3980 prnpbetre
485 3904 1020 3980 Stmtexgrnilicati.
1043 3904 1296 3980 Sic_.lebu
1319 3906 1384 3980 ab
1408 3904 1500 3980 Eia
1524 3905 1788 3962 occiditur

161 3976 270 4052 (ill
309 3979 468 4052 Βεεη
503 3979 667 4052 xw);
714 3977 899 4031 Esaias
947 3991 1101 4052 serra
1138 3977 1311 4052 lignea
1347 3977 1398 4052 i_n
1431 3976 1564 4052 duas
1591 3987 1785 4052 partes

162 4048 442 4107 Scinditur
472 4052 572 4104 sub
615 4051 880 4109 Manassc,
915 4049 1005 4116 qui
1053 4048 1314 4118 plurimos
1359 4049 1627 4102 interiecit
1657 4065 1783 4118 pro-

161 4125 402 4194 phetas;
438 4121 821 4194 Hieremiasin
854 4118 1137 4194 rEgyptoa
1168 4119 1335 4194 plebe
1368 4120 1638 4194 lapidibus
1686 4121 1784 4174 ad-

161 4191 403 4250 obrutus
423 4193 646 4258 interiit,
671 4192 757 4247 vel
787 4192 868 4263 (ut
897 4191 1112 4263 plurimi
1139 4191 1344 4258 volunt)
1364 4191 1418 4245 in
1441 4191 1612 4263 laeum
1644 4207 1784 4248 mer-

162 4282 298 4329 sus;
333 4265 584 4319 Ezechiel
616 4280 645 4318 a
688 4261 825 4318 (luce
869 4263 1046 4332 populi
1078 4262 1132 4317 in
1176 4264 1450 4333 Babylone
1491 4261 1583 4316 fuit
1616 4263 1784 4318 inter-

161 4339 389 4399 iectus;
436 4336 644 4390 Naboth
694 4335 963 4406 lapidibus
991 4335 1451 4407 obrutusinteriit
1485 4333 1576 4407 (Ill
1620 4334 1777 4404 Reg.,

161 4412 286 4478 xxi)
309 4425 323 4473 ;
352 4409 520 4464 Amos
542 4407 610 4461 ab
635 4409 869 4462 Amasis:
891 4406 1193 4478 sacerdotis
1221 4405 1332 4459 lilio
1355 4405 1507 4460 clavo
1537 4407 1781 4473 occisus;

161 4477 429 4535 Muclucas
449 4495 480 4532 a
506 4479 687 4535 Joram
721 4479 834 4532 lilio
866 4477 1009 4545 regis
1032 4477 1217 4532 Achab
1249 4478 1612 4545 praecipitatus
1638 4496 1651 4540 ;
1681 4477 1779 4533 Za-

161 4552 389 4608 charias
435 4551 574 4605 inter
621 4567 766 4605 aram
810 4560 862 4604 et
908 4551 1164 4618 templum
1213 4548 1428 4602 occisus
1468 4566 1496 4602 a
1527 4564 1652 4618 rege
1683 4550 1774 4605 loa

167 4623 367 4694 (Luc,
424 4638 515 4684 χι.
567 4621 632 4685 2;
694 4621 844 4694 Rara,
905 4619 1095 4691 xxw).
1160 4621 1236 4676 De
1291 4620 1466 4676 Esaia:
1517 4622 1780 4690 supplicio

163 4693 349 4765 neque
404 4694 457 4749 in
508 4693 1017 4765 sacrisBibliorum
1070 4694 1436 4765 monumentis
1485 4693 1774 4765 quidquam

163 4764 269 4829 est,
307 4781 485 4833 neque
513 4765 652 4834 apud
683 4764 1001 4833 Josephum,
1035 4765 1123 4833 qui
1154 4764 1244 4818 lib.
1281 4779 1351 4828 tv,
1383 4779 1432 4818 c.
1467 4765 1548 4827 iU,
1581 4764 1648 4818 de
1670 4764 1778 4818 Ma-

163 4839 347 4892 nassis
381 4837 670 4908 tyrannide
710 4838 966 4908 scripsit:
998 4836 1065 4908 in;
1086 4835 1270 4889 Bibliis
1299 4850 1443 4908 vero,
1469 4835 1536 4908 de
1565 4834 1668 4889 hoc
1699 4837 1776 4890 le-

160 4911 345 4978 gimus
377 4906 444 4964 IV
477 4909 632 4979 Reg,
665 4924 774 4966 XXI,
817 4909 883 4971 2;
915 4906 1117 4979 Parui”
1163 4923 1358 4962 χχχιιι.
1408 4907 1472 4960 Et
1507 4907 1630 4962 licet
1660 4908 1774 4963 hinc

162 4977 308 5035 inter
350 4977 658 5051 apocrypha
712 4979 1040 5051 Esaiansint,
1073 4977 1337 5051 Origenes
1385 4987 1563 5036 tamen
1611 4979 1768 5051 (idem

161 5062 355 5107 censet
387 5049 838 5106 esse‘habendam
871 5049 1040 5104 Paulo
1061 5092 1075 5114 ,
1105 5052 1194 5120 qui
1230 5049 1361 5104 iieb.
1397 5064 1432 5104 ιι
1463 5050 1574 5105 ait:
1606 5050 1768 5120 Lapi-

161 5124 275 5178 dati
304 5134 448 5188 sunt,
471 5123 672 5178 dissecti
702 5134 854 5186 stml,‘
884 5121 986 5175 hoc
1026 5124 1292 5189 posterius
1323 5121 1390 5174 de
1422 5121 1574 5176 Esaia
1615 5123 1772 5176 intel-

161 5195 445 5265 ligendum
475 5210 614 5250 esse.
651 5193 892 5248 Meminit
921 5192 1080 5261 hujus
1111 5194 1367 5265 sectionis
1389 5204 1613 5262 uterque
1644 5194 1768 5248 Tai-

160 5263 318 5332 niud,
336 5277 390 5320 et
420 5267 560 5338 inter
577 5266 868 5338 scriptorcs
886 5265 1285 5338 ecclesiasticos
1306 5263 1550 5338 lustinus
1569 5265 1772 5338 Martyr

162 5338 306 5392 Dial.
327 5353 450 5392 cum
470 5337 758 5408 Tryplione
777 5353 790 5400 ;
809 5336 1028 5408 Origen.
1053 5336 1246 5390 llomil.
1271 5336 1372 5390 Ide
1396 5335 1540 5408 Psal.
1564 5335 1766 5404 xxxvii,

160 5412 297 5463 item
332 5409 489 5463 Hom.
514 5407 610 5464 lin
640 5409 886 5472 Esaiam;
915 5407 1147 5470 Tertul.,
1178 5407 1228 5461 in
1260 5409 1350 5465 lib.
1377 5407 1443 5462 de
1471 5407 1766 5476 Patientia;

163 5481 482 5548 Chrysost.,
515 5482 566 5535 in
595 5495 643 5535 c.
670 5479 853 5535 Matth.
872 5479 1201 5542 x1x,iiomil.
1235 5479 1326 5536 55.
1369 5479 1610 5534 Meminit
1637 5481 1767 5536 item

159 5551 487 5622 ilieronym.
517 5552 567 5606 in
594 5567 642 5606 c.
669 5567 774 5606 Lvu
800 5551 990 5615 Esaiae,
1020 5552 1268 5605 Ambros.
1293 5551 1364 5605 de
1389 5550 1554 5607 Jacob
1581 5561 1635 5607 et
1651 5553 1768 5607 Vita

158 5624 346 5683 beata,
383 5626 474 5676 lib.
508 5639 566 5685 ιι,
601 5623 651 5676 iu
687 5623 827 5677 Psol.
865 5637 1050 5682 cxvut,
1083 5637 1245 5676 serm.
1289 5624 1344 5687 5,
1377 5623 1500 5676 item
1534 5625 1584 5678 in
1615 5639 1663 5678 c.
1699 5641 1767 5680 xx

158 5694 361 5757 Luem;
389 5694 620 5754 llilarius
645 5695 771 5749 item
800 5706 984 5749 contra
1015 5695 1383 5764 Constantium
1406 5697 1628 5764 August.
1659 5695 1768 5751 Nec

157 5767 373 5819 obticet
408 5765 675 5834 Epiplian.
705 5766 756 5820 in
785 5767 903 5835 ejus
933 5765 1072 5820 Vita.
1108 5763 1426 5820 Interfectus
1455 5776 1632 5821 autem
1659 5777 1763 5831 est,

156 5839 203 5912 si
257 5836 494 5912 Eusebio
539 5837 831 5912 credimus,
879 5835 1097 5912 plymp.
1143 5853 1272 5906 xm,
1321 5847 1580 5908 regnante
1627 5840 1764 5912 apud

158 5908 334 5972 Rom.
363 5907 528 5970 Numa
560 5909 844 5984 Pompilio.
876 5908 1075 5966 BETUL.
1392 5907 1397 5908 “
1580 5946 1582 5948 τ

1806 4587 1857 4647 D

1973 3193 2246 3266 Incassum
2278 3195 2417 3263 facta
2445 3205 2520 3250 est
2550 3203 2822 3259 metatura,
2855 3195 2976 3266 falsi
3001 3194 3200 3258 scribto,
3229 3201 3275 3248 et
3303 3195 3504 3265 confusi

1897 3275 2036 3320 sunt.
2071 3265 2162 3321 Sic
2196 3266 2392 3320 habent
2423 3267 2782 3336 antiquissimi
2813 3276 2868 3320 et
2897 3267 3084 3333 optimi
3129 3267 3326 3336 quique
3368 3281 3499 3320 mss.

1896 3338 1928 3392 6
1958 3337 2116 3407 Reg.,
2166 3338 2200 3390 9.
2245 3339 2479 3405 Bonam,
2514 3339 2548 3391 2
2591 3338 2828 3391 Claram.
2862 3339 3058 3406 aliique
3087 3352 3208 3392 cum
3251 3339 3502 3390 otnuibus

1894 3408 2192 3477 impressis,
2227 3419 2425 3480 prtrter
2473 3410 2600 3463 edit.
2633 3409 2790 3462 Rom.
2828 3409 2968 3462 M70
3014 3419 3067 3462 et
3100 3410 3165 3461 12
3210 3423 3341 3461 mss.
3387 3423 3497 3462 rec.

1893 3483 2090 3552 quibus
2122 3491 2224 3542 est,
2254 3491 2507 3534 metatura
2541 3482 2676 3548 falsa
2700 3495 2718 3534 :
2742 3481 2923 3534 scriba:
2963 3481 3166 3548 confusi
3208 3490 3347 3533 sunt.
3381 3481 3435 3534 In
3473 3483 3492 3534 i

1891 3551 2157 3617 Colbcrlq
2190 3561 2444 3605 metatura
2483 3552 2617 3620 falsa
2647 3553 2825 3606 scribas
2867 3561 2914 3606 et
2958 3554 3160 3622 confusi
3186 3561 3342 3616 sunt;
3372 3553 3499 3605 item

1893 3623 1946 3676 in
1995 3624 2126 3678 edit.
2161 3624 2383 3690 (Iollan,
2415 3624 2596 3678 deleto
2650 3633 2716 3677 et.
2760 3623 2815 3677 In
2869 3623 3183 3692 Regio-Plit.
3218 3631 3300 3676 est
3339 3634 3394 3675 ut
3446 3623 3498 3675 in

1891 3702 2060 3761 textu,
2095 3705 2363 3762 expuucta
2411 3697 2605 3763 copula
2653 3706 2720 3748 et.
2767 3695 2923 3764 Apud
2965 3710 3063 3748 Lxx
3114 3704 3169 3749 et
3209 3694 3349 3762 apud
3395 3694 3501 3764 Cy-

1891 3767 2159 3838 prianum,
2194 3776 2443 3820 metatura
2474 3768 2609 3837 falsa
2635 3766 2834 3827 scribis,
2861 3777 2904 3819 et
2930 3767 3133 3838 confusi
3163 3776 3300 3838 sunt.
3343 3765 3496 3838 Apud

1890 3837 2301 3907 Hieronymum,
2342 3836 2672 3891 Mendacium
2700 3848 2938 3907 aperntus
2967 3836 3038 3890 est
3076 3836 3238 3907 stylus
3279 3837 3502 3889 mendax

1887 3909 2191 3963 scribarum.
2236 3910 2451 3981 Confusi
2497 3921 2615 3963 sunt
2663 3911 2934 3982 sapientes,
2965 3908 3223 3976 perterriti
3266 3917 3313 3961 et
3357 3910 3498 3976 capti

1887 3991 2027 4034 sunt.

1959 4051 2190 4107 Clemens
2217 4061 2290 4106 est
2329 4061 2374 4106 et
2403 4053 2517 4122 pius
2545 4069 2665 4123 erga
2692 4069 2809 4106 suos
2837 4050 2998 4105 Deus.
3043 4050 3221 4105 Pietas
3267 4049 3351 4104 hic
3395 4049 3497 4123 loci

1885 4123 2151 4190 signiticet
2184 4123 2276 4178 Dei
2322 4122 2771 4178 misericordiam.
2808 4125 3115 4177 Antoninus
3143 4131 3364 4176 vocatus
3397 4122 3499 4176 l‘uit

1885 4197 2024 4264 pius,
2068 4196 2212 4266 quod
2256 4203 2402 4250 esset
2445 4195 2916 4250 clementissimus.
2960 4195 3188 4263 August.
3221 4193 3289 4247 de
3333 4194 3496 4266 Civil».

1886 4265 2002 4328 Dei,
2038 4264 2127 4320 lib.
2156 4284 2210 4327 χ.
2239 4282 2288 4320 c.
2322 4267 2343 4320 1
2369 4285 2380 4320 :
2414 4265 2559 4319 More
2583 4278 2752 4320 autem
2777 4267 2912 4338 vulgi
2937 4266 3031 4319 hoc
3059 4281 3240 4317 nomen
3273 4264 3495 4334 (pietas)

1885 4338 2038 4391 etiam
2081 4339 2135 4391 in
2183 4339 2418 4404 operibus
2461 4338 2825 4393 misericordia:
2855 4341 3246 4408 frequentatur:
3291 4351 3497 4408 exigua

1884 4408 2125 4479 loquendi
2148 4410 2511 4463 consuetudine
2544 4412 2736 4480 factum
2767 4407 2861 4471 est,
2891 4420 2942 4462 ut
2967 4418 3013 4462 et
3036 4407 3176 4461 Deus
3211 4409 3316 4476 ipse
3345 4407 3493 4459 dira-

1884 4489 1967 4533 tur
1989 4482 2123 4548 pius,
2152 4489 2256 4535 etc.
2291 4481 2532 4534 "suum.

1958 4552 2099 4618 Quos
2134 4553 2332 4606 oderat.
2366 4552 2500 4606 Vide
2533 4551 2766 4621 Epistol.
2798 4551 2948 4606 Pauli
2981 4551 3047 4605 ad
3082 4550 3265 4613 Rom,
3294 4563 3344 4604 c.
3367 4564 3422 4603 ν.

1964 4625 2358 4693 liepudiassent.
2393 4622 2523 4678 Mss.
2571 4627 2594 4678 1
2633 4623 2842 4678 Bouon.
2886 4624 3054 4692 antiq.
3103 4632 3154 4677 et
3204 4621 3328 4675 cdd.
3360 4635 3494 4693 qua-
3558 4633 3566 4639 ·

1888 4702 2008 4748 tuor
2039 4691 2151 4749 rec.
2195 4711 2256 4748 ac
2285 4696 2448 4750 etiam
2477 4695 2836 4750 'l‘homasiana
2864 4691 3068 4749 addunt
3092 4735 3106 4758 ,
3139 4693 3275 4760 quod
3301 4691 3490 4745 sciebat

1885 4781 1993 4838 esse
2022 4769 2270 4838 facturos.
2301 4767 2426 4820 ii:ec
2460 4778 2514 4820 ut
2542 4769 2808 4835 glossema
2842 4782 2869 4819 a
2904 4765 3360 4838 caeterisabsunt.

1958 4834 2297 4892 Descendens.
2345 4834 2562 4894 Scilicet
2600 4838 2689 4893 ubi
2714 4839 2862 4893 venit
2902 4837 3178 4908 plenitudo
3207 4834 3489 4906 temporis.

1882 4909 1964 4963 Ad
1997 4909 2173 4965 Galat.
2209 4925 2327 4980 cap.
2366 4926 2444 4964 Iv.

1955 4980 2103 5046 Quod
2145 4983 2189 5036 si
2227 4979 2474 5036 animalia
2513 4983 2745 5052 quredam
2771 4991 2915 5036 vento
2960 4990 3005 5034 et
3045 4996 3175 5034 aura
3219 4979 3490 5046 concipere

1878 5053 2044 5106 solere
2064 5095 2077 5115 ,
2108 5061 2214 5108 etc.
2257 5054 2382 5108 Mss.
2425 5055 2460 5107 2
2503 5056 2633 5124 lteg.
2661 5064 2713 5109 et
2741 5055 2773 5109 6
2801 5054 2929 5108 editi
2958 5068 3066 5124 rec.
3099 5053 3281 5121 legunt
3312 5066 3492 5124 aura;

1878 5126 2092 5190 cmteri,
2135 5133 2180 5176 et
2220 5141 2367 5178 auris.
2413 5126 2505 5179 Est
2534 5120 2748 5194 «pioque
2773 5123 3082 5194 conjunctio
3109 5120 3328 5190 et’apud
3363 5120 3486 5194 Xir-

1877 5197 2082 5265 gilium.
2129 5197 2306 5266 Equos
2346 5207 2511 5251 vento
2556 5191 2793 5251 Favonio
2825 5191 3112 5265 concipere
3141 5195 3330 5250 scribit
3362 5191 3487 5247 Vir-

1873 5266 2035 5338 gilius
2063 5267 2153 5322 lib.
2186 5283 2242 5322 ιιι
2269 5268 2543 5338 Georgie.,
2576 5284 2625 5323 ν.
2655 5269 2797 5323 272:

2590 5383 2652 5434 Et
2675 5397 2808 5447 saepe
2828 5385 2938 5435 sine
2964 5385 3078 5435 ullis

1998 5443 2261 5509 Conjugiis,
2289 5453 2437 5497 vento
2459 5447 2696 5510 gravidm,
2718 5443 2945 5500 mirabile
2966 5451 3116 5499 dictu.

1880 5548 2050 5626 Varro
2079 5552 2171 5626 lib.
2195 5551 2363 5626 deﬂe
2387 5553 2584 5626 rustica
2611 5569 2682 5617 ιι,
2712 5568 2830 5624 cap.
2859 5556 2919 5609 ις
2954 5553 3016 5608 In
3046 5559 3258 5626 fictura,
3290 5554 3484 5623 inquit,

1878 5639 1957 5695 res
1985 5624 2300 5676 incredibilis
2327 5634 2399 5676 est
2429 5625 2479 5677 in
2519 5623 2805 5693 Hispania,
2843 5627 2930 5680 sed
2959 5639 3028 5681 est
3046 5623 3210 5681 'vera:
3253 5627 3390 5695 quod
3432 5628 3486 5679 in

1878 5692 2148 5769 [iusittntia
2177 5695 2246 5747 ad
2279 5695 2537 5769 Oceanum
2559 5737 2574 5760 ,
2609 5697 2659 5751 in
2693 5714 2751 5751 ea
2782 5692 2987 5769 regione
3018 5701 3102 5753 ubi
3135 5708 3204 5752 est
3235 5692 3482 5768 oppidum

1881 5764 2150 5840 Olysippo,
2183 5778 2350 5819 monte
2376 5765 2564 5837 Tagro,
2597 5764 2888 5840 qumdmn'e
2919 5781 3064 5825 vento
3095 5783 3228 5823 certo
3258 5764 3483 5825 tempore

1876 5837 2168 5909 concipiunt
2193 5854 2366 5909 equm;
2395 5849 2450 5892 ut
2478 5839 2558 5893 hic
2583 5837 2792 5910 gallinis
2815 5859 3010 5911 quoque
3036 5845 3196 5897 solent
3217 5884 3229 5908 ,
3259 5857 3477 5906 quarum

1875 5923 1968 5964 ova
2000 5911 2322 5981 hippenemia
2354 5912 2651 5982 appellant,
2682 5922 2789 5972 etc.
2822 5913 3063 5970 Meminit
3095 5912 3231 5968 Plin.
3271 5914 3363 5968 lib.
3398 5927 3476 5977 tv,
