  <div class='ocr_page' id='page_1' title='image "/cluster/home/n/w/nwhite01/storage/ocr_20150623/6/hvd.32044015471238/245.png"; bbox 0 0 4038 6358; ppageno 0'>
   <div class='ocr_carea' id='block_1_1' title="bbox 548 284 657 344">
    <p class='ocr_par' dir='ltr' id='par_1_1' title="bbox 548 284 657 344">
     <span class='ocr_line' id='line_1_1' title="bbox 548 284 657 344; baseline 0 -1"><span class='ocrx_word' id='word_1_1' title='bbox 548 284 657 344; x_wconf 72' lang='grc'><strong>479</strong></span> 
     </span>
    </p>
   </div>
   <div class='ocr_carea' id='block_1_2' title="bbox 1645 282 2772 346">
    <p class='ocr_par' dir='ltr' id='par_1_2' title="bbox 1645 282 2772 346">
     <span class='ocr_line' id='line_1_2' title="bbox 1645 282 2772 346; baseline 0.002 -2"><span class='ocrx_word' id='word_1_2' title='bbox 1645 286 1835 345; x_wconf 78' lang='lat' dir='ltr'><strong>FIRM.</strong></span> <span class='ocrx_word' id='word_1_3' title='bbox 1874 283 2246 344; x_wconf 77' lang='lat' dir='ltr'><strong>LAC&#39;I‘AN&#39;I‘II</strong></span> <span class='ocrx_word' id='word_1_4' title='bbox 2284 282 2487 342; x_wconf 73' lang='lat' dir='ltr'><strong>DlV&#39;IN.</strong></span> <span class='ocrx_word' id='word_1_5' title='bbox 2530 286 2772 346; x_wconf 85' lang='lat' dir='ltr'><strong>INSTI&#39;I‘.</strong></span> 
     </span>
    </p>
   </div>
   <div class='ocr_carea' id='block_1_3' title="bbox 3702 287 3787 351">
    <p class='ocr_par' dir='ltr' id='par_1_3' title="bbox 3702 287 3787 351">
     <span class='ocr_line' id='line_1_3' title="bbox 3702 287 3787 351; baseline -0.035 0"><span class='ocrx_word' id='word_1_6' title='bbox 3702 287 3787 351; x_wconf 72' lang='grc'><strong>180</strong></span> 
     </span>
    </p>
   </div>
   <div class='ocr_carea' id='block_1_4' title="bbox 549 401 3790 478">
    <p class='ocr_par' dir='ltr' id='par_1_4' title="bbox 549 401 3790 478">
     <span class='ocr_line' id='line_1_4' title="bbox 549 401 3790 478; baseline 0.003 -18"><span class='ocrx_word' id='word_1_7' title='bbox 549 410 735 474; x_wconf 86' lang='lat' dir='ltr'><strong>putet,</strong></span> <span class='ocrx_word' id='word_1_8' title='bbox 767 417 889 460; x_wconf 89' lang='lat' dir='ltr'><strong>cum</strong></span> <span class='ocrx_word' id='word_1_9' title='bbox 917 402 1111 475; x_wconf 85' lang='lat' dir='ltr'><strong>spiritu</strong></span> <span class='ocrx_word' id='word_1_10' title='bbox 1137 401 1268 472; x_wconf 91' lang='lat' dir='ltr'><strong>Dei,</strong></span> <span class='ocrx_word' id='word_1_11' title='bbox 1295 404 1383 460; x_wconf 90' lang='lat' dir='ltr'><strong>cui</strong></span> <span class='ocrx_word' id='word_1_12' title='bbox 1411 402 1569 460; x_wconf 78' lang='lat' dir='ltr'><strong>facile</strong></span> <span class='ocrx_word' id='word_1_13' title='bbox 1595 413 1679 461; x_wconf 90' lang='lat' dir='ltr'><strong>est</strong></span> <span class='ocrx_word' id='word_1_14' title='bbox 1703 404 1960 476; x_wconf 89' lang='lat' dir='ltr'><strong>quidquid</strong></span> <span class='ocrx_word' id='word_1_15' title='bbox 1986 402 2136 472; x_wconf 91' lang='lat' dir='ltr'><strong>velit,</strong></span> <span class='ocrx_word' id='word_1_16' title='bbox 2167 412 2219 472; x_wconf 84' lang='grc' dir='ltr'><strong>Α</strong></span> <span class='ocrx_word' id='word_1_17' title='bbox 2245 410 2291 457; x_wconf 90' lang='lat' dir='ltr'><strong>et</strong></span> <span class='ocrx_word' id='word_1_18' title='bbox 2317 402 2745 461; x_wconf 77' lang='lat' dir='ltr'><strong>exacerbaverunt</strong></span> <span class='ocrx_word' id='word_1_19' title='bbox 2767 407 3008 478; x_wconf 75' lang='lat' dir='ltr'><strong>spiritum</strong></span> <span class='ocrx_word' id='word_1_20' title='bbox 3027 416 3289 476; x_wconf 89' lang='lat' dir='ltr'><strong>sanctum,</strong></span> <span class='ocrx_word' id='word_1_21' title='bbox 3312 417 3358 464; x_wconf 91' lang='lat' dir='ltr'><strong>et</strong></span> <span class='ocrx_word' id='word_1_22' title='bbox 3383 424 3632 468; x_wconf 86' lang='lat' dir='ltr'><strong>conversus</strong></span> <span class='ocrx_word' id='word_1_23' title='bbox 3654 422 3714 467; x_wconf 87' lang='lat' dir='ltr'><strong>est</strong></span> <span class='ocrx_word' id='word_1_24' title='bbox 3731 416 3790 469; x_wconf 85' lang='lat' dir='ltr'><strong>eis</strong></span> 
     </span>
    </p>
   </div>
   <div class='ocr_carea' id='block_1_5' title="bbox 549 495 2146 569">
    <p class='ocr_par' dir='ltr' id='par_1_5' title="bbox 549 495 2146 569">
     <span class='ocr_line' id='line_1_5' title="bbox 549 495 2146 569; baseline 0.001 -17"><span class='ocrx_word' id='word_1_25' title='bbox 549 504 825 569; x_wconf 74' lang='lat' dir='ltr'><strong>gravatam</strong></span> <span class='ocrx_word' id='word_1_26' title='bbox 862 511 984 553; x_wconf 90' lang='lat' dir='ltr'><strong>esse</strong></span> <span class='ocrx_word' id='word_1_27' title='bbox 1011 495 1289 569; x_wconf 77' lang='lat' dir='ltr'><strong>Virginem</strong></span> <span class='ocrx_word' id='word_1_28' title='bbox 1317 497 1590 554; x_wconf 87' lang='lat' dir='ltr'><strong>dicimus?</strong></span> <span class='ocrx_word' id='word_1_29' title='bbox 1618 497 1773 567; x_wconf 85' lang='lat' dir='ltr'><strong>Quod</strong></span> <span class='ocrx_word' id='word_1_30' title='bbox 1811 513 1941 555; x_wconf 87' lang='lat' dir='ltr'><strong>sane</strong></span> <span class='ocrx_word' id='word_1_31' title='bbox 1968 497 2146 554; x_wconf 89' lang='lat' dir='ltr'><strong>incre-</strong></span> 
     </span>
    </p>
   </div>
   <div class='ocr_carea' id='block_1_6' title="bbox 549 589 2144 663">
    <p class='ocr_par' dir='ltr' id='par_1_6' title="bbox 549 589 2144 663">
     <span class='ocr_line' id='line_1_6' title="bbox 549 589 2144 663; baseline -0.001 -14"><span class='ocrx_word' id='word_1_32' title='bbox 549 589 717 649; x_wconf 85' lang='lat' dir='ltr'><strong>dibile</strong></span> <span class='ocrx_word' id='word_1_33' title='bbox 741 598 929 663; x_wconf 82' lang='lat' dir='ltr'><strong>posset</strong></span> <span class='ocrx_word' id='word_1_34' title='bbox 953 591 1123 647; x_wconf 87' lang='lat' dir='ltr'><strong>videri</strong></span> <span class='ocrx_word' id='word_1_35' title='bbox 1140 633 1156 656; x_wconf 88' lang='lat'><strong>,</strong></span> <span class='ocrx_word' id='word_1_36' title='bbox 1184 594 1289 648; x_wconf 89' lang='lat' dir='ltr'><strong>nisi</strong></span> <span class='ocrx_word' id='word_1_37' title='bbox 1319 591 1421 648; x_wconf 89' lang='lat' dir='ltr'><strong>hoc</strong></span> <span class='ocrx_word' id='word_1_38' title='bbox 1444 591 1683 648; x_wconf 86' lang='lat' dir='ltr'><strong>futurum</strong></span> <span class='ocrx_word' id='word_1_39' title='bbox 1706 601 1831 648; x_wconf 91' lang='lat' dir='ltr'><strong>ante</strong></span> <span class='ocrx_word' id='word_1_40' title='bbox 1853 593 2017 647; x_wconf 88' lang='lat' dir='ltr'><strong>multa</strong></span> <span class='ocrx_word' id='word_1_41' title='bbox 2039 607 2144 647; x_wconf 82' lang='lat' dir='ltr'><strong>sa:-</strong></span> 
     </span>
    </p>
   </div>
   <div class='ocr_carea' id='block_1_7' title="bbox 548 682 2145 757">
    <p class='ocr_par' dir='ltr' id='par_1_7' title="bbox 548 682 2145 757">
     <span class='ocr_line' id='line_1_7' title="bbox 548 682 2145 757; baseline 0 -18"><span class='ocrx_word' id='word_1_42' title='bbox 548 682 670 739; x_wconf 90' lang='lat' dir='ltr'><strong>cula</strong></span> <span class='ocrx_word' id='word_1_43' title='bbox 701 682 984 757; x_wconf 78' lang='lat' dir='ltr'><strong>Propheta:</strong></span> <span class='ocrx_word' id='word_1_44' title='bbox 1013 685 1357 743; x_wconf 75' lang='lat' dir='ltr'><strong>cecinissent.</strong></span> <span class='ocrx_word' id='word_1_45' title='bbox 1394 686 1650 743; x_wconf 87' lang='lat' dir='ltr'><strong>Salomon</strong></span> <span class='ocrx_word' id='word_1_46' title='bbox 1681 686 1754 742; x_wconf 89' lang='lat' dir='ltr'><strong>ita</strong></span> <span class='ocrx_word' id='word_1_47' title='bbox 1785 686 1943 742; x_wconf 92' lang='lat' dir='ltr'><strong>dicit:</strong></span> <span class='ocrx_word' id='word_1_48' title='bbox 1980 685 2145 755; x_wconf 80' lang='lat' dir='ltr'><strong>Inﬁr-</strong></span> 
     </span>
    </p>
   </div>
   <div class='ocr_carea' id='block_1_8' title="bbox 547 781 2148 853">
    <p class='ocr_par' dir='ltr' id='par_1_8' title="bbox 547 781 2148 853">
     <span class='ocr_line' id='line_1_8' title="bbox 547 781 2148 853; baseline 0.002 -22"><span class='ocrx_word' id='word_1_49' title='bbox 547 786 719 834; x_wconf 86' lang='lat' dir='ltr'><strong>matus</strong></span> <span class='ocrx_word' id='word_1_50' title='bbox 761 788 836 834; x_wconf 90' lang='lat' dir='ltr'><strong>est</strong></span> <span class='ocrx_word' id='word_1_51' title='bbox 865 788 1040 835; x_wconf 90' lang='lat' dir='ltr'><strong>uterus</strong></span> <span class='ocrx_word' id='word_1_52' title='bbox 1060 781 1292 853; x_wconf 85' lang='lat' dir='ltr'><strong>virginis,</strong></span> <span class='ocrx_word' id='word_1_53' title='bbox 1340 790 1384 835; x_wconf 88' lang='lat' dir='ltr'><strong>et</strong></span> <span class='ocrx_word' id='word_1_54' title='bbox 1412 781 1608 851; x_wconf 86' lang='lat' dir='ltr'><strong>accepit</strong></span> <span class='ocrx_word' id='word_1_55' title='bbox 1627 784 1834 853; x_wconf 67' lang='lat' dir='ltr'><strong>fretum,</strong></span> <span class='ocrx_word' id='word_1_56' title='bbox 1863 791 1911 836; x_wconf 88' lang='lat' dir='ltr'><strong>et</strong></span> <span class='ocrx_word' id='word_1_57' title='bbox 1934 789 2148 853; x_wconf 83' lang='lat' dir='ltr'><strong>gravata</strong></span> 
     </span>
    </p>
   </div>
   <div class='ocr_carea' id='block_1_9' title="bbox 547 873 2147 947">
    <p class='ocr_par' dir='ltr' id='par_1_9' title="bbox 547 873 2147 947">
     <span class='ocr_line' id='line_1_9' title="bbox 547 873 2147 947; baseline 0 -18"><span class='ocrx_word' id='word_1_58' title='bbox 547 880 643 942; x_wconf 85' lang='lat' dir='ltr'><strong>cst,</strong></span> <span class='ocrx_word' id='word_1_59' title='bbox 671 881 721 928; x_wconf 89' lang='lat' dir='ltr'><strong>et</strong></span> <span class='ocrx_word' id='word_1_60' title='bbox 746 873 887 944; x_wconf 77' lang='lat' dir='ltr'><strong>facta</strong></span> <span class='ocrx_word' id='word_1_61' title='bbox 911 884 984 930; x_wconf 89' lang='lat' dir='ltr'><strong>est</strong></span> <span class='ocrx_word' id='word_1_62' title='bbox 1006 876 1063 930; x_wconf 88' lang='lat' dir='ltr'><strong>in</strong></span> <span class='ocrx_word' id='word_1_63' title='bbox 1090 876 1252 931; x_wconf 90' lang='lat' dir='ltr'><strong>multa</strong></span> <span class='ocrx_word' id='word_1_64' title='bbox 1278 875 1599 931; x_wconf 74' lang='lat' dir='ltr'><strong>miseratione</strong></span> <span class='ocrx_word' id='word_1_65' title='bbox 1623 885 1783 930; x_wconf 83' lang='lat' dir='ltr'><strong>mater</strong></span> <span class='ocrx_word' id='word_1_66' title='bbox 1817 875 1990 947; x_wconf 88' lang='lat' dir='ltr'><strong>Virgo.</strong></span> <span class='ocrx_word' id='word_1_67' title='bbox 2013 873 2147 931; x_wconf 88' lang='lat' dir='ltr'><strong>Item</strong></span> 
     </span>
    </p>
   </div>
   <div class='ocr_carea' id='block_1_10' title="bbox 550 966 2150 1040">
    <p class='ocr_par' dir='ltr' id='par_1_10' title="bbox 550 966 2150 1040">
     <span class='ocr_line' id='line_1_10' title="bbox 550 966 2150 1040; baseline 0.001 -18"><span class='ocrx_word' id='word_1_68' title='bbox 550 966 813 1039; x_wconf 82' lang='lat' dir='ltr'><strong>propheta</strong></span> <span class='ocrx_word' id='word_1_69' title='bbox 842 967 1052 1035; x_wconf 81' lang='lat' dir='ltr'><strong>Esaias,</strong></span> <span class='ocrx_word' id='word_1_70' title='bbox 1085 969 1238 1040; x_wconf 87' lang='lat' dir='ltr'><strong>cujus</strong></span> <span class='ocrx_word' id='word_1_71' title='bbox 1267 970 1432 1026; x_wconf 88' lang='lat' dir='ltr'><strong>verba</strong></span> <span class='ocrx_word' id='word_1_72' title='bbox 1462 978 1587 1025; x_wconf 89' lang='lat' dir='ltr'><strong>sunt</strong></span> <span class='ocrx_word' id='word_1_73' title='bbox 1616 969 1734 1026; x_wconf 63' lang='lat' dir='ltr'><strong>haec</strong></span> <span class='ocrx_word' id='word_1_74' title='bbox 1760 988 1773 1023; x_wconf 92' lang='lat'><strong>:</strong></span> <span class='ocrx_word' id='word_1_75' title='bbox 1802 967 2029 1040; x_wconf 83' lang='lat' dir='ltr'><strong>Propter</strong></span> <span class='ocrx_word' id='word_1_76' title='bbox 2054 969 2150 1025; x_wconf 91' lang='lat' dir='ltr'><strong>hoc</strong></span> 
     </span>
    </p>
   </div>
   <div class='ocr_carea' id='block_1_11' title="bbox 550 1057 2150 1135">
    <p class='ocr_par' dir='ltr' id='par_1_11' title="bbox 550 1057 2150 1135">
     <span class='ocr_line' id='line_1_11' title="bbox 550 1057 2150 1135; baseline 0.002 -21"><span class='ocrx_word' id='word_1_77' title='bbox 550 1057 690 1114; x_wconf 80' lang='lat' dir='ltr'><strong>dabit</strong></span> <span class='ocrx_word' id='word_1_78' title='bbox 729 1057 871 1115; x_wconf 91' lang='lat' dir='ltr'><strong>Deus</strong></span> <span class='ocrx_word' id='word_1_79' title='bbox 904 1060 1016 1133; x_wconf 89' lang='lat' dir='ltr'><strong>ipse</strong></span> <span class='ocrx_word' id='word_1_80' title='bbox 1053 1061 1193 1117; x_wconf 87' lang='lat' dir='ltr'><strong>vobis</strong></span> <span class='ocrx_word' id='word_1_81' title='bbox 1233 1063 1476 1133; x_wconf 85' lang='lat' dir='ltr'><strong>signum;</strong></span> <span class='ocrx_word' id='word_1_82' title='bbox 1507 1061 1637 1117; x_wconf 85' lang='lat' dir='ltr'><strong>Ecce</strong></span> <span class='ocrx_word' id='word_1_83' title='bbox 1671 1059 1826 1135; x_wconf 85' lang='lat' dir='ltr'><strong>Virgo</strong></span> <span class='ocrx_word' id='word_1_84' title='bbox 1854 1062 2066 1133; x_wconf 81' lang='lat' dir='ltr'><strong>accipiet</strong></span> <span class='ocrx_word' id='word_1_85' title='bbox 2093 1060 2150 1117; x_wconf 89' lang='lat' dir='ltr'><strong>in</strong></span> 
     </span>
    </p>
   </div>
   <div class='ocr_carea' id='block_1_12' title="bbox 549 1153 2151 1227">
    <p class='ocr_par' dir='ltr' id='par_1_12' title="bbox 549 1153 2151 1227">
     <span class='ocr_line' id='line_1_12' title="bbox 549 1153 2151 1227; baseline 0.001 -20"><span class='ocrx_word' id='word_1_86' title='bbox 549 1160 726 1219; x_wconf 81' lang='lat' dir='ltr'><strong>utero,</strong></span> <span class='ocrx_word' id='word_1_87' title='bbox 761 1160 810 1208; x_wconf 86' lang='lat' dir='ltr'><strong>et</strong></span> <span class='ocrx_word' id='word_1_88' title='bbox 839 1154 1004 1225; x_wconf 89' lang='lat' dir='ltr'><strong>pariet</strong></span> <span class='ocrx_word' id='word_1_89' title='bbox 1031 1154 1227 1224; x_wconf 81' lang='lat' dir='ltr'><strong>ﬁlium,</strong></span> <span class='ocrx_word' id='word_1_90' title='bbox 1259 1164 1307 1209; x_wconf 89' lang='lat' dir='ltr'><strong>et</strong></span> <span class='ocrx_word' id='word_1_91' title='bbox 1334 1155 1573 1210; x_wconf 88' lang='lat' dir='ltr'><strong>vocabitis</strong></span> <span class='ocrx_word' id='word_1_92' title='bbox 1602 1172 1785 1210; x_wconf 84' lang='lat' dir='ltr'><strong>nomen</strong></span> <span class='ocrx_word' id='word_1_93' title='bbox 1813 1156 1925 1227; x_wconf 90' lang='lat' dir='ltr'><strong>ejus</strong></span> <span class='ocrx_word' id='word_1_94' title='bbox 1954 1153 2151 1211; x_wconf 84' lang='lat' dir='ltr'><strong>Hemo-</strong></span> 
     </span>
    </p>
   </div>
   <div class='ocr_carea' id='block_1_13' title="bbox 550 1245 2153 1319">
    <p class='ocr_par' dir='ltr' id='par_1_13' title="bbox 550 1245 2153 1319">
     <span class='ocr_line' id='line_1_13' title="bbox 550 1245 2153 1319; baseline 0.002 -19"><span class='ocrx_word' id='word_1_95' title='bbox 550 1245 691 1301; x_wconf 89' lang='lat' dir='ltr'><strong>nuel.</strong></span> <span class='ocrx_word' id='word_1_96' title='bbox 723 1247 862 1315; x_wconf 88' lang='lat' dir='ltr'><strong>Quid</strong></span> <span class='ocrx_word' id='word_1_97' title='bbox 890 1248 994 1303; x_wconf 92' lang='lat' dir='ltr'><strong>hoc</strong></span> <span class='ocrx_word' id='word_1_98' title='bbox 1018 1246 1355 1304; x_wconf 78' lang='lat' dir='ltr'><strong>manifestius</strong></span> <span class='ocrx_word' id='word_1_99' title='bbox 1380 1247 1485 1304; x_wconf 91' lang='lat' dir='ltr'><strong>dici</strong></span> <span class='ocrx_word' id='word_1_100' title='bbox 1515 1247 1726 1318; x_wconf 85' lang='lat' dir='ltr'><strong>potest?</strong></span> <span class='ocrx_word' id='word_1_101' title='bbox 1750 1246 2027 1319; x_wconf 88' lang='lat' dir='ltr'><strong>Legebant</strong></span> <span class='ocrx_word' id='word_1_102' title='bbox 2053 1247 2153 1303; x_wconf 87' lang='lat' dir='ltr'><strong>ista</strong></span> 
     </span>
    </p>
   </div>
   <div class='ocr_carea' id='block_1_14' title="bbox 550 1338 2156 1413">
    <p class='ocr_par' dir='ltr' id='par_1_14' title="bbox 550 1338 2156 1413">
     <span class='ocr_line' id='line_1_14' title="bbox 550 1338 2156 1413; baseline -0.001 -16"><span class='ocrx_word' id='word_1_103' title='bbox 550 1340 757 1409; x_wconf 75' lang='lat' dir='ltr'><strong>Judaei,</strong></span> <span class='ocrx_word' id='word_1_104' title='bbox 786 1342 877 1413; x_wconf 89' lang='lat' dir='ltr'><strong>qui</strong></span> <span class='ocrx_word' id='word_1_105' title='bbox 906 1356 1029 1398; x_wconf 90' lang='lat' dir='ltr'><strong>eum</strong></span> <span class='ocrx_word' id='word_1_106' title='bbox 1057 1348 1408 1412; x_wconf 87' lang='lat' dir='ltr'><strong>negaverunt.</strong></span> <span class='ocrx_word' id='word_1_107' title='bbox 1442 1340 1499 1398; x_wconf 91' lang='lat' dir='ltr'><strong>Si</strong></span> <span class='ocrx_word' id='word_1_108' title='bbox 1530 1341 1649 1411; x_wconf 84' lang='lat' dir='ltr'><strong>quis</strong></span> <span class='ocrx_word' id='word_1_109' title='bbox 1679 1355 1780 1396; x_wconf 88' lang='lat' dir='ltr'><strong>nos</strong></span> <span class='ocrx_word' id='word_1_110' title='bbox 1806 1340 1924 1396; x_wconf 62' lang='lat' dir='ltr'><strong>haec</strong></span> <span class='ocrx_word' id='word_1_111' title='bbox 1954 1338 2156 1411; x_wconf 89' lang='lat' dir='ltr'><strong>ﬁngere</strong></span> 
     </span>
    </p>
   </div>
   <div class='ocr_carea' id='block_1_15' title="bbox 552 1431 2154 1505">
    <p class='ocr_par' dir='ltr' id='par_1_15' title="bbox 552 1431 2154 1505">
     <span class='ocr_line' id='line_1_15' title="bbox 552 1431 2154 1505; baseline -0.001 -17"><span class='ocrx_word' id='word_1_112' title='bbox 552 1432 869 1501; x_wconf 88' lang='lat' dir='ltr'><strong>arbitratur,</strong></span> <span class='ocrx_word' id='word_1_113' title='bbox 893 1433 961 1489; x_wconf 91' lang='lat' dir='ltr'><strong>ab</strong></span> <span class='ocrx_word' id='word_1_114' title='bbox 981 1431 1068 1490; x_wconf 89' lang='lat' dir='ltr'><strong>his</strong></span> <span class='ocrx_word' id='word_1_115' title='bbox 1093 1435 1366 1505; x_wconf 89' lang='lat' dir='ltr'><strong>requirat,</strong></span> <span class='ocrx_word' id='word_1_116' title='bbox 1390 1432 1458 1488; x_wconf 87' lang='lat' dir='ltr'><strong>ab</strong></span> <span class='ocrx_word' id='word_1_117' title='bbox 1481 1432 1566 1488; x_wconf 89' lang='lat' dir='ltr'><strong>his</strong></span> <span class='ocrx_word' id='word_1_118' title='bbox 1591 1431 1930 1504; x_wconf 87' lang='lat' dir='ltr'><strong>potissimum</strong></span> <span class='ocrx_word' id='word_1_119' title='bbox 1954 1440 2154 1488; x_wconf 85' lang='lat' dir='ltr'><strong>sumat.</strong></span> 
     </span>
    </p>
   </div>
   <div class='ocr_carea' id='block_1_16' title="bbox 556 1527 2155 1601">
    <p class='ocr_par' dir='ltr' id='par_1_16' title="bbox 556 1527 2155 1601">
     <span class='ocr_line' id='line_1_16' title="bbox 556 1527 2155 1601; baseline -0.003 -14"><span class='ocrx_word' id='word_1_120' title='bbox 556 1528 702 1587; x_wconf 84' lang='lat' dir='ltr'><strong>Satis</strong></span> <span class='ocrx_word' id='word_1_121' title='bbox 732 1529 949 1586; x_wconf 90' lang='lat' dir='ltr'><strong>ﬁrmum</strong></span> <span class='ocrx_word' id='word_1_122' title='bbox 981 1528 1348 1588; x_wconf 89' lang='lat' dir='ltr'><strong>testimonium</strong></span> <span class='ocrx_word' id='word_1_123' title='bbox 1378 1530 1556 1587; x_wconf 90' lang='lat' dir='ltr'><strong>estad</strong></span> <span class='ocrx_word' id='word_1_124' title='bbox 1597 1527 1929 1601; x_wconf 87' lang='lat' dir='ltr'><strong>probandam</strong></span> <span class='ocrx_word' id='word_1_125' title='bbox 1956 1528 2155 1585; x_wconf 89' lang='lat' dir='ltr'><strong>verita-</strong></span> 
     </span>
    </p>
   </div>
   <div class='ocr_carea' id='block_1_17' title="bbox 555 1620 2159 1695">
    <p class='ocr_par' dir='ltr' id='par_1_17' title="bbox 555 1620 2159 1695">
     <span class='ocr_line' id='line_1_17' title="bbox 555 1620 2159 1695; baseline -0.001 -17"><span class='ocrx_word' id='word_1_126' title='bbox 555 1630 699 1690; x_wconf 91' lang='lat' dir='ltr'><strong>tem,</strong></span> <span class='ocrx_word' id='word_1_127' title='bbox 731 1622 875 1694; x_wconf 92' lang='lat' dir='ltr'><strong>quod</strong></span> <span class='ocrx_word' id='word_1_128' title='bbox 914 1622 984 1679; x_wconf 88' lang='lat' dir='ltr'><strong>ab</strong></span> <span class='ocrx_word' id='word_1_129' title='bbox 1019 1622 1155 1695; x_wconf 84' lang='lat' dir='ltr'><strong>ipsis</strong></span> <span class='ocrx_word' id='word_1_130' title='bbox 1195 1623 1510 1694; x_wconf 86' lang='lat' dir='ltr'><strong>perhibetur</strong></span> <span class='ocrx_word' id='word_1_131' title='bbox 1552 1622 1808 1678; x_wconf 89' lang='lat' dir='ltr'><strong>inimicis.</strong></span> <span class='ocrx_word' id='word_1_132' title='bbox 1860 1620 2159 1678; x_wconf 88' lang='lat' dir='ltr'><strong>Hemanuel</strong></span> 
     </span>
    </p>
   </div>
   <div class='ocr_carea' id='block_1_18' title="bbox 554 1715 2159 1787">
    <p class='ocr_par' dir='ltr' id='par_1_18' title="bbox 554 1715 2159 1787">
     <span class='ocr_line' id='line_1_18' title="bbox 554 1715 2159 1787; baseline -0.001 -17"><span class='ocrx_word' id='word_1_133' title='bbox 554 1723 734 1771; x_wconf 89' lang='lat' dir='ltr'><strong>autem</strong></span> <span class='ocrx_word' id='word_1_134' title='bbox 765 1731 1038 1787; x_wconf 90' lang='lat' dir='ltr'><strong>nunquam</strong></span> <span class='ocrx_word' id='word_1_135' title='bbox 1070 1717 1339 1773; x_wconf 89' lang='lat' dir='ltr'><strong>vocitatus</strong></span> <span class='ocrx_word' id='word_1_136' title='bbox 1364 1726 1480 1783; x_wconf 89' lang='lat' dir='ltr'><strong>est,</strong></span> <span class='ocrx_word' id='word_1_137' title='bbox 1510 1715 1604 1772; x_wconf 88' lang='lat' dir='ltr'><strong>sed</strong></span> <span class='ocrx_word' id='word_1_138' title='bbox 1644 1715 1830 1779; x_wconf 86' lang='lat' dir='ltr'><strong>Jesus,</strong></span> <span class='ocrx_word' id='word_1_139' title='bbox 1860 1717 1951 1787; x_wconf 91' lang='lat' dir='ltr'><strong>qui</strong></span> <span class='ocrx_word' id='word_1_140' title='bbox 1995 1715 2159 1771; x_wconf 87' lang='lat' dir='ltr'><strong>latine</strong></span> 
     </span>
    </p>
   </div>
   <div class='ocr_carea' id='block_1_19' title="bbox 2247 495 3789 574">
    <p class='ocr_par' dir='ltr' id='par_1_19' title="bbox 2247 495 3789 574">
     <span class='ocr_line' id='line_1_19' title="bbox 2247 495 3789 574; baseline 0.009 -26"><span class='ocrx_word' id='word_1_141' title='bbox 2247 495 2315 549; x_wconf 90' lang='lat' dir='ltr'><strong>ad</strong></span> <span class='ocrx_word' id='word_1_142' title='bbox 2340 496 2686 553; x_wconf 76' lang='lat' dir='ltr'><strong>inimicitiam.</strong></span> <span class='ocrx_word' id='word_1_143' title='bbox 2730 498 2801 554; x_wconf 87' lang='lat' dir='ltr'><strong>Et</strong></span> <span class='ocrx_word' id='word_1_144' title='bbox 2836 500 2947 572; x_wconf 84' lang='lat' dir='ltr'><strong>ipse</strong></span> <span class='ocrx_word' id='word_1_145' title='bbox 2985 503 3324 574; x_wconf 67' lang='lat' dir='ltr'><strong>expugnavit,</strong></span> <span class='ocrx_word' id='word_1_146' title='bbox 3360 512 3407 557; x_wconf 90' lang='lat' dir='ltr'><strong>et</strong></span> <span class='ocrx_word' id='word_1_147' title='bbox 3445 505 3711 561; x_wconf 80' lang='lat' dir='ltr'><strong>recordatus</strong></span> <span class='ocrx_word' id='word_1_148' title='bbox 3733 516 3789 563; x_wconf 84' lang='lat' dir='ltr'><strong>est</strong></span> 
     </span>
    </p>
   </div>
   <div class='ocr_carea' id='block_1_20' title="bbox 2247 590 3760 668">
    <p class='ocr_par' dir='ltr' id='par_1_20' title="bbox 2247 590 3760 668">
     <span class='ocr_line' id='line_1_20' title="bbox 2247 590 3760 668; baseline 0.007 -24"><span class='ocrx_word' id='word_1_149' title='bbox 2247 590 2445 645; x_wconf 87' lang='lat' dir='ltr'><strong>dierum</strong></span> <span class='ocrx_word' id='word_1_150' title='bbox 2471 593 2647 647; x_wconf 75' lang='lat' dir='ltr'><strong>steculi</strong></span> <span class='ocrx_word' id='word_1_151' title='bbox 2666 634 2681 660; x_wconf 97' lang='lat'><strong>,</strong></span> <span class='ocrx_word' id='word_1_152' title='bbox 2705 594 2791 664; x_wconf 86' lang='lat' dir='ltr'><strong>qui</strong></span> <span class='ocrx_word' id='word_1_153' title='bbox 2813 595 3072 650; x_wconf 78' lang='lat' dir='ltr'><strong>suscitavit</strong></span> <span class='ocrx_word' id='word_1_154' title='bbox 3093 596 3158 651; x_wconf 88' lang='lat' dir='ltr'><strong>de</strong></span> <span class='ocrx_word' id='word_1_155' title='bbox 3178 604 3314 651; x_wconf 87' lang='lat' dir='ltr'><strong>terra</strong></span> <span class='ocrx_word' id='word_1_156' title='bbox 3339 605 3585 668; x_wconf 83' lang='lat' dir='ltr'><strong>pastorem</strong></span> <span class='ocrx_word' id='word_1_157' title='bbox 3605 600 3760 655; x_wconf 61' lang='lat' dir='ltr'><strong>ovium</strong></span> 
     </span>
    </p>
   </div>
   <div class='ocr_carea' id='block_1_21' title="bbox 2322 681 3794 760">
    <p class='ocr_par' dir='ltr' id='par_1_21' title="bbox 2322 681 3794 760">
     <span class='ocr_line' id='line_1_21' title="bbox 2322 681 3794 760; baseline 0.007 -23"><span class='ocrx_word' id='word_1_158' title='bbox 2322 681 2454 751; x_wconf 85' lang='lat' dir='ltr'><strong>Quis</strong></span> <span class='ocrx_word' id='word_1_159' title='bbox 2474 693 2656 740; x_wconf 89' lang='lat' dir='ltr'><strong>autem</strong></span> <span class='ocrx_word' id='word_1_160' title='bbox 2683 684 2893 742; x_wconf 83' lang='lat' dir='ltr'><strong>futurus</strong></span> <span class='ocrx_word' id='word_1_161' title='bbox 2912 695 3061 745; x_wconf 89' lang='lat' dir='ltr'><strong>esset</strong></span> <span class='ocrx_word' id='word_1_162' title='bbox 3085 688 3176 744; x_wconf 91' lang='lat' dir='ltr'><strong>ille</strong></span> <span class='ocrx_word' id='word_1_163' title='bbox 3200 697 3402 760; x_wconf 83' lang='lat' dir='ltr'><strong>pastor,</strong></span> <span class='ocrx_word' id='word_1_164' title='bbox 3424 688 3693 748; x_wconf 80' lang='lat' dir='ltr'><strong>declaravit</strong></span> <span class='ocrx_word' id='word_1_165' title='bbox 3709 693 3794 749; x_wconf 85' lang='lat' dir='ltr'><strong>alio</strong></span> 
     </span>
    </p>
   </div>
   <div class='ocr_carea' id='block_1_22' title="bbox 2253 776 3796 856">
    <p class='ocr_par' dir='ltr' id='par_1_22' title="bbox 2253 776 3796 856">
     <span class='ocr_line' id='line_1_22' title="bbox 2253 776 3796 856; baseline 0.006 -24"><span class='ocrx_word' id='word_1_166' title='bbox 2253 776 2395 845; x_wconf 89' lang='lat' dir='ltr'><strong>loco,</strong></span> <span class='ocrx_word' id='word_1_167' title='bbox 2429 778 2650 835; x_wconf 91' lang='lat' dir='ltr'><strong>dicens:</strong></span> <span class='ocrx_word' id='word_1_168' title='bbox 2688 780 2934 837; x_wconf 76' lang='lat' dir='ltr'><strong>Exultent</strong></span> <span class='ocrx_word' id='word_1_169' title='bbox 2960 783 3077 838; x_wconf 70' lang='lat' dir='ltr'><strong>cali</strong></span> <span class='ocrx_word' id='word_1_170' title='bbox 3105 783 3344 856; x_wconf 83' lang='lat' dir='ltr'><strong>desuper,</strong></span> <span class='ocrx_word' id='word_1_171' title='bbox 3374 792 3422 838; x_wconf 90' lang='lat' dir='ltr'><strong>et</strong></span> <span class='ocrx_word' id='word_1_172' title='bbox 3448 783 3597 840; x_wconf 86' lang='lat' dir='ltr'><strong>nubes</strong></span> <span class='ocrx_word' id='word_1_173' title='bbox 3618 785 3796 841; x_wconf 85' lang='lat' dir='ltr'><strong>induant</strong></span> 
     </span>
    </p>
   </div>
   <div class='ocr_carea' id='block_1_23' title="bbox 2243 871 3796 952">
    <p class='ocr_par' dir='ltr' id='par_1_23' title="bbox 2243 871 3796 952">
     <span class='ocr_line' id='line_1_23' title="bbox 2243 871 3796 952; baseline 0.007 -27"><span class='ocrx_word' id='word_1_174' title='bbox 2243 871 2535 942; x_wconf 84' lang='lat' dir='ltr'><strong>justitiam:</strong></span> <span class='ocrx_word' id='word_1_175' title='bbox 2561 875 2824 944; x_wconf 87' lang='lat' dir='ltr'><strong>aperiatur</strong></span> <span class='ocrx_word' id='word_1_176' title='bbox 2850 886 2986 930; x_wconf 90' lang='lat' dir='ltr'><strong>terra</strong></span> <span class='ocrx_word' id='word_1_177' title='bbox 3004 918 3020 943; x_wconf 89' lang='lat'><strong>,</strong></span> <span class='ocrx_word' id='word_1_178' title='bbox 3048 887 3097 932; x_wconf 90' lang='lat' dir='ltr'><strong>et</strong></span> <span class='ocrx_word' id='word_1_179' title='bbox 3124 876 3345 947; x_wconf 90' lang='lat' dir='ltr'><strong>pullulet</strong></span> <span class='ocrx_word' id='word_1_180' title='bbox 3370 876 3686 935; x_wconf 84' lang='lat' dir='ltr'><strong>Salvatoretn.</strong></span> <span class='ocrx_word' id='word_1_181' title='bbox 3710 879 3796 952; x_wconf 75' lang='lat' dir='ltr'><strong>Ego</strong></span> 
     </span>
    </p>
   </div>
   <div class='ocr_carea' id='block_1_24' title="bbox 2253 966 3799 1037">
    <p class='ocr_par' dir='ltr' id='par_1_24' title="bbox 2253 966 3799 1037">
     <span class='ocr_line' id='line_1_24' title="bbox 2253 966 3799 1037; baseline 0.003 -16"><span class='ocrx_word' id='word_1_182' title='bbox 2253 966 2389 1021; x_wconf 87' lang='lat' dir='ltr'><strong>enim</strong></span> <span class='ocrx_word' id='word_1_183' title='bbox 2429 966 2684 1023; x_wconf 86' lang='lat' dir='ltr'><strong>Dominus</strong></span> <span class='ocrx_word' id='word_1_184' title='bbox 2705 968 2844 1024; x_wconf 85' lang='lat' dir='ltr'><strong>Deus</strong></span> <span class='ocrx_word' id='word_1_185' title='bbox 2870 970 3038 1024; x_wconf 87' lang='lat' dir='ltr'><strong>creavi</strong></span> <span class='ocrx_word' id='word_1_186' title='bbox 3067 986 3202 1024; x_wconf 90' lang='lat' dir='ltr'><strong>eum.</strong></span> <span class='ocrx_word' id='word_1_187' title='bbox 3224 970 3472 1026; x_wconf 80' lang='lat' dir='ltr'><strong>Salvator</strong></span> <span class='ocrx_word' id='word_1_188' title='bbox 3495 986 3615 1026; x_wconf 89' lang='lat' dir='ltr'><strong>vero</strong></span> <span class='ocrx_word' id='word_1_189' title='bbox 3641 978 3728 1037; x_wconf 86' lang='lat' dir='ltr'><strong>est,</strong></span> <span class='ocrx_word' id='word_1_190' title='bbox 3754 978 3799 1027; x_wconf 90' lang='lat' dir='ltr'><strong>ut</strong></span> 
     </span>
    </p>
   </div>
   <div class='ocr_carea' id='block_1_25' title="bbox 2253 1059 3801 1134">
    <p class='ocr_par' dir='ltr' id='par_1_25' title="bbox 2253 1059 3801 1134">
     <span class='ocr_line' id='line_1_25' title="bbox 2253 1059 3801 1134; baseline 0.003 -20"><span class='ocrx_word' id='word_1_191' title='bbox 2253 1073 2415 1129; x_wconf 89' lang='lat' dir='ltr'><strong>supra</strong></span> <span class='ocrx_word' id='word_1_192' title='bbox 2442 1059 2677 1116; x_wconf 80' lang='lat' dir='ltr'><strong>diximus</strong></span> <span class='ocrx_word' id='word_1_193' title='bbox 2698 1102 2713 1127; x_wconf 91' lang='lat'><strong>,</strong></span> <span class='ocrx_word' id='word_1_194' title='bbox 2736 1060 2915 1117; x_wconf 79' lang='lat' dir='ltr'><strong>Jesus.</strong></span> <span class='ocrx_word' id='word_1_195' title='bbox 2942 1061 3049 1119; x_wconf 88' lang='lat' dir='ltr'><strong>Sed</strong></span> <span class='ocrx_word' id='word_1_196' title='bbox 3071 1062 3252 1117; x_wconf 90' lang='lat' dir='ltr'><strong>etalio</strong></span> <span class='ocrx_word' id='word_1_197' title='bbox 3279 1061 3400 1117; x_wconf 92' lang='lat' dir='ltr'><strong>loco</strong></span> <span class='ocrx_word' id='word_1_198' title='bbox 3426 1061 3560 1117; x_wconf 88' lang='lat' dir='ltr'><strong>idem</strong></span> <span class='ocrx_word' id='word_1_199' title='bbox 3581 1062 3801 1134; x_wconf 79' lang='lat' dir='ltr'><strong>propheta</strong></span> 
     </span>
    </p>
   </div>
   <div class='ocr_carea' id='block_1_26' title="bbox 2255 1150 3799 1227">
    <p class='ocr_par' dir='ltr' id='par_1_26' title="bbox 2255 1150 3799 1227">
     <span class='ocr_line' id='line_1_26' title="bbox 2255 1150 3799 1227; baseline 0.005 -22"><span class='ocrx_word' id='word_1_200' title='bbox 2255 1150 2334 1206; x_wconf 89' lang='lat' dir='ltr'><strong>sic</strong></span> <span class='ocrx_word' id='word_1_201' title='bbox 2365 1151 2703 1221; x_wconf 63' lang='lat' dir='ltr'><strong>praedicavit:</strong></span> <span class='ocrx_word' id='word_1_202' title='bbox 2737 1152 2868 1209; x_wconf 83' lang='lat' dir='ltr'><strong>Ecce</strong></span> <span class='ocrx_word' id='word_1_203' title='bbox 2895 1164 3051 1210; x_wconf 87' lang='lat' dir='ltr'><strong>natus</strong></span> <span class='ocrx_word' id='word_1_204' title='bbox 3079 1163 3153 1209; x_wconf 92' lang='lat' dir='ltr'><strong>est</strong></span> <span class='ocrx_word' id='word_1_205' title='bbox 3183 1152 3330 1209; x_wconf 88' lang='lat' dir='ltr'><strong>nobis</strong></span> <span class='ocrx_word' id='word_1_206' title='bbox 3352 1171 3498 1227; x_wconf 88' lang='lat' dir='ltr'><strong>puer.</strong></span> <span class='ocrx_word' id='word_1_207' title='bbox 3527 1165 3573 1210; x_wconf 89' lang='lat' dir='ltr'><strong>et</strong></span> <span class='ocrx_word' id='word_1_208' title='bbox 3599 1155 3727 1211; x_wconf 85' lang='lat' dir='ltr'><strong>datus</strong></span> <span class='ocrx_word' id='word_1_209' title='bbox 3741 1165 3799 1213; x_wconf 77' lang='lat' dir='ltr'><strong>est</strong></span> 
     </span>
    </p>
   </div>
   <div class='ocr_carea' id='block_1_27' title="bbox 2256 1246 3801 1323">
    <p class='ocr_par' dir='ltr' id='par_1_27' title="bbox 2256 1246 3801 1323">
     <span class='ocr_line' id='line_1_27' title="bbox 2256 1246 3801 1323; baseline 0.004 -22"><span class='ocrx_word' id='word_1_210' title='bbox 2256 1246 2400 1302; x_wconf 89' lang='lat' dir='ltr'><strong>nobis</strong></span> <span class='ocrx_word' id='word_1_211' title='bbox 2423 1247 2564 1318; x_wconf 81' lang='lat' dir='ltr'><strong>ﬁlius</strong></span> <span class='ocrx_word' id='word_1_212' title='bbox 2580 1264 2599 1303; x_wconf 90' lang='lat'><strong>:</strong></span> <span class='ocrx_word' id='word_1_213' title='bbox 2624 1249 2770 1315; x_wconf 85' lang='lat' dir='ltr'><strong>cuius</strong></span> <span class='ocrx_word' id='word_1_214' title='bbox 2794 1249 3065 1321; x_wconf 82' lang='lat' dir='ltr'><strong>imperium</strong></span> <span class='ocrx_word' id='word_1_215' title='bbox 3092 1267 3243 1323; x_wconf 84' lang='lat' dir='ltr'><strong>super</strong></span> <span class='ocrx_word' id='word_1_216' title='bbox 3268 1251 3502 1306; x_wconf 86' lang='lat' dir='ltr'><strong>humeros</strong></span> <span class='ocrx_word' id='word_1_217' title='bbox 3523 1251 3656 1323; x_wconf 87' lang='lat' dir='ltr'><strong>ejus;</strong></span> <span class='ocrx_word' id='word_1_218' title='bbox 3676 1259 3716 1306; x_wconf 88' lang='lat' dir='ltr'><strong>et</strong></span> <span class='ocrx_word' id='word_1_219' title='bbox 3732 1266 3801 1307; x_wconf 79' lang='lat' dir='ltr'><strong>vo-</strong></span> 
     </span>
    </p>
   </div>
   <div class='ocr_carea' id='block_1_28' title="bbox 2259 1343 3803 1417">
    <p class='ocr_par' dir='ltr' id='par_1_28' title="bbox 2259 1343 3803 1417">
     <span class='ocr_line' id='line_1_28' title="bbox 2259 1343 3803 1417; baseline 0.002 -20"><span class='ocrx_word' id='word_1_220' title='bbox 2259 1350 2429 1397; x_wconf 88' lang='lat' dir='ltr'><strong>catum</strong></span> <span class='ocrx_word' id='word_1_221' title='bbox 2459 1352 2532 1397; x_wconf 89' lang='lat' dir='ltr'><strong>est</strong></span> <span class='ocrx_word' id='word_1_222' title='bbox 2563 1359 2747 1399; x_wconf 84' lang='lat' dir='ltr'><strong>nomen</strong></span> <span class='ocrx_word' id='word_1_223' title='bbox 2776 1345 2888 1416; x_wconf 87' lang='lat' dir='ltr'><strong>ejus</strong></span> <span class='ocrx_word' id='word_1_224' title='bbox 2906 1387 2921 1413; x_wconf 96' lang='lat'><strong>,</strong></span> <span class='ocrx_word' id='word_1_225' title='bbox 2955 1345 3133 1417; x_wconf 84' lang='lat' dir='ltr'><strong>magni</strong></span> <span class='ocrx_word' id='word_1_226' title='bbox 3160 1345 3365 1401; x_wconf 87' lang='lat' dir='ltr'><strong>consilii</strong></span> <span class='ocrx_word' id='word_1_227' title='bbox 3392 1346 3611 1400; x_wconf 89' lang='lat' dir='ltr'><strong>nuntius.</strong></span> <span class='ocrx_word' id='word_1_228' title='bbox 3638 1343 3803 1400; x_wconf 86' lang='lat' dir='ltr'><strong>Idcirco</strong></span> 
     </span>
    </p>
   </div>
   <div class='ocr_carea' id='block_1_29' title="bbox 2258 1438 3802 1511">
    <p class='ocr_par' dir='ltr' id='par_1_29' title="bbox 2258 1438 3802 1511">
     <span class='ocr_line' id='line_1_29' title="bbox 2258 1438 3802 1511; baseline 0.001 -19"><span class='ocrx_word' id='word_1_229' title='bbox 2258 1439 2403 1493; x_wconf 92' lang='lat' dir='ltr'><strong>enim</strong></span> <span class='ocrx_word' id='word_1_230' title='bbox 2431 1438 2627 1494; x_wconf 84' lang='lat' dir='ltr'><strong>missus</strong></span> <span class='ocrx_word' id='word_1_231' title='bbox 2656 1448 2740 1495; x_wconf 87' lang='lat' dir='ltr'><strong>est</strong></span> <span class='ocrx_word' id='word_1_232' title='bbox 2764 1454 2795 1494; x_wconf 92' lang='lat' dir='ltr'><strong>a</strong></span> <span class='ocrx_word' id='word_1_233' title='bbox 2825 1439 2934 1496; x_wconf 92' lang='lat' dir='ltr'><strong>Deo</strong></span> <span class='ocrx_word' id='word_1_234' title='bbox 2963 1439 3157 1509; x_wconf 87' lang='lat' dir='ltr'><strong>Patre,</strong></span> <span class='ocrx_word' id='word_1_235' title='bbox 3188 1454 3247 1497; x_wconf 88' lang='lat' dir='ltr'><strong>ut</strong></span> <span class='ocrx_word' id='word_1_236' title='bbox 3276 1440 3541 1497; x_wconf 88' lang='lat' dir='ltr'><strong>universis</strong></span> <span class='ocrx_word' id='word_1_237' title='bbox 3564 1439 3802 1511; x_wconf 76' lang='lat' dir='ltr'><strong>gentibus,</strong></span> 
     </span>
    </p>
   </div>
   <div class='ocr_carea' id='block_1_30' title="bbox 2259 1529 3802 1604">
    <p class='ocr_par' dir='ltr' id='par_1_30' title="bbox 2259 1529 3802 1604">
     <span class='ocr_line' id='line_1_30' title="bbox 2259 1529 3802 1604; baseline 0.002 -20"><span class='ocrx_word' id='word_1_238' title='bbox 2259 1545 2380 1601; x_wconf 67' lang='lat' dir='ltr'><strong>qua:</strong></span> <span class='ocrx_word' id='word_1_239' title='bbox 2412 1529 2512 1586; x_wconf 89' lang='lat' dir='ltr'><strong>sub</strong></span> <span class='ocrx_word' id='word_1_240' title='bbox 2535 1531 2678 1588; x_wconf 77' lang='lat' dir='ltr'><strong>ctelo</strong></span> <span class='ocrx_word' id='word_1_241' title='bbox 2704 1542 2864 1598; x_wconf 91' lang='lat' dir='ltr'><strong>sunt,</strong></span> <span class='ocrx_word' id='word_1_242' title='bbox 2900 1532 3190 1604; x_wconf 83' lang='lat' dir='ltr'><strong>singularis</strong></span> <span class='ocrx_word' id='word_1_243' title='bbox 3228 1542 3286 1589; x_wconf 91' lang='lat' dir='ltr'><strong>et</strong></span> <span class='ocrx_word' id='word_1_244' title='bbox 3326 1534 3439 1588; x_wconf 86' lang='lat' dir='ltr'><strong>veri</strong></span> <span class='ocrx_word' id='word_1_245' title='bbox 3479 1532 3569 1588; x_wconf 90' lang='lat' dir='ltr'><strong>Dei</strong></span> <span class='ocrx_word' id='word_1_246' title='bbox 3603 1540 3802 1587; x_wconf 85' lang='lat' dir='ltr'><strong>sanctum</strong></span> 
     </span>
    </p>
   </div>
   <div class='ocr_carea' id='block_1_31' title="bbox 2263 1624 3805 1698">
    <p class='ocr_par' dir='ltr' id='par_1_31' title="bbox 2263 1624 3805 1698">
     <span class='ocr_line' id='line_1_31' title="bbox 2263 1624 3805 1698; baseline 0.001 -19"><span class='ocrx_word' id='word_1_247' title='bbox 2263 1624 2581 1696; x_wconf 79' lang='lat' dir='ltr'><strong>mysterium</strong></span> <span class='ocrx_word' id='word_1_248' title='bbox 2620 1624 2920 1691; x_wconf 84' lang='lat' dir='ltr'><strong>revelaret,</strong></span> <span class='ocrx_word' id='word_1_249' title='bbox 2961 1624 3200 1682; x_wconf 90' lang='lat' dir='ltr'><strong>ablatum</strong></span> <span class='ocrx_word' id='word_1_250' title='bbox 3242 1624 3451 1698; x_wconf 88' lang='lat' dir='ltr'><strong>periido</strong></span> <span class='ocrx_word' id='word_1_251' title='bbox 3495 1624 3704 1696; x_wconf 89' lang='lat' dir='ltr'><strong>populo,</strong></span> <span class='ocrx_word' id='word_1_252' title='bbox 3736 1625 3805 1695; x_wconf 88' lang='lat' dir='ltr'><strong>qui</strong></span> 
     </span>
    </p>
   </div>
   <div class='ocr_carea' id='block_1_32' title="bbox 2263 1715 3804 1789">
    <p class='ocr_par' dir='ltr' id='par_1_32' title="bbox 2263 1715 3804 1789">
     <span class='ocr_line' id='line_1_32' title="bbox 2263 1715 3804 1789; baseline -0.001 -19"><span class='ocrx_word' id='word_1_253' title='bbox 2263 1715 2525 1772; x_wconf 85' lang='lat' dir='ltr'><strong>adversus</strong></span> <span class='ocrx_word' id='word_1_254' title='bbox 2557 1716 2724 1772; x_wconf 92' lang='lat' dir='ltr'><strong>Deum</strong></span> <span class='ocrx_word' id='word_1_255' title='bbox 2750 1732 2897 1787; x_wconf 67' lang='lat' dir='ltr'><strong>saepe</strong></span> <span class='ocrx_word' id='word_1_256' title='bbox 2927 1716 3174 1789; x_wconf 88' lang='lat' dir='ltr'><strong>deliquit.</strong></span> <span class='ocrx_word' id='word_1_257' title='bbox 3207 1716 3399 1773; x_wconf 88' lang='lat' dir='ltr'><strong>Daniel</strong></span> <span class='ocrx_word' id='word_1_258' title='bbox 3427 1729 3629 1788; x_wconf 89' lang='lat' dir='ltr'><strong>quoque</strong></span> <span class='ocrx_word' id='word_1_259' title='bbox 3651 1716 3804 1771; x_wconf 78' lang='lat' dir='ltr'><strong>similia</strong></span> 
     </span>
    </p>
   </div>
   <div class='ocr_carea' id='block_1_33' title="bbox 553 1806 3807 1881">
    <p class='ocr_par' dir='ltr' id='par_1_33' title="bbox 553 1806 3807 1881">
     <span class='ocr_line' id='line_1_33' title="bbox 553 1806 3807 1881; baseline 0 -19"><span class='ocrx_word' id='word_1_260' title='bbox 553 1806 753 1864; x_wconf 89' lang='lat' dir='ltr'><strong>dicitur</strong></span> <span class='ocrx_word' id='word_1_261' title='bbox 777 1808 1029 1865; x_wconf 87' lang='lat' dir='ltr'><strong>salutaris</strong></span> <span class='ocrx_word' id='word_1_262' title='bbox 1048 1850 1064 1879; x_wconf 91' lang='lat'><strong>,</strong></span> <span class='ocrx_word' id='word_1_263' title='bbox 1092 1809 1208 1865; x_wconf 88' lang='lat' dir='ltr'><strong>sive</strong></span> <span class='ocrx_word' id='word_1_264' title='bbox 1230 1809 1497 1876; x_wconf 88' lang='lat' dir='ltr'><strong>salvator;</strong></span> <span class='ocrx_word' id='word_1_265' title='bbox 1523 1809 1645 1881; x_wconf 82' lang='lat' dir='ltr'><strong>quia</strong></span> <span class='ocrx_word' id='word_1_266' title='bbox 1668 1808 1878 1865; x_wconf 90' lang='lat' dir='ltr'><strong>cunctis</strong></span> <span class='ocrx_word' id='word_1_267' title='bbox 1903 1810 2154 1881; x_wconf 79' lang='lat' dir='ltr'><strong>gentibus</strong></span> <span class='ocrx_word' id='word_1_268' title='bbox 2182 1819 2232 1880; x_wconf 78' lang='grc' dir='ltr'><strong>Β</strong></span> <span class='ocrx_word' id='word_1_269' title='bbox 2262 1809 2585 1879; x_wconf 82' lang='lat' dir='ltr'><strong>praelocutus</strong></span> <span class='ocrx_word' id='word_1_270' title='bbox 2623 1818 2724 1864; x_wconf 87' lang='lat' dir='ltr'><strong>est.</strong></span> <span class='ocrx_word' id='word_1_271' title='bbox 2766 1807 3043 1877; x_wconf 87' lang='lat' dir='ltr'><strong>Videbam,</strong></span> <span class='ocrx_word' id='word_1_272' title='bbox 3087 1809 3293 1880; x_wconf 89' lang='lat' dir='ltr'><strong>inquit,</strong></span> <span class='ocrx_word' id='word_1_273' title='bbox 3336 1810 3393 1865; x_wconf 89' lang='lat' dir='ltr'><strong>in</strong></span> <span class='ocrx_word' id='word_1_274' title='bbox 3431 1810 3537 1864; x_wconf 86' lang='lat' dir='ltr'><strong>visu</strong></span> <span class='ocrx_word' id='word_1_275' title='bbox 3577 1809 3742 1874; x_wconf 85' lang='lat' dir='ltr'><strong>noctis;</strong></span> <span class='ocrx_word' id='word_1_276' title='bbox 3773 1818 3807 1863; x_wconf 87' lang='lat' dir='ltr'><strong>et</strong></span> 
     </span>
    </p>
   </div>
   <div class='ocr_carea' id='block_1_34' title="bbox 553 1900 2155 1973">
    <p class='ocr_par' dir='ltr' id='par_1_34' title="bbox 553 1900 2155 1973">
     <span class='ocr_line' id='line_1_34' title="bbox 553 1900 2155 1973; baseline 0.001 -17"><span class='ocrx_word' id='word_1_277' title='bbox 553 1900 803 1957; x_wconf 79' lang='lat' dir='ltr'><strong>salutifer</strong></span> <span class='ocrx_word' id='word_1_278' title='bbox 832 1902 999 1958; x_wconf 88' lang='lat' dir='ltr'><strong>venit.</strong></span> <span class='ocrx_word' id='word_1_279' title='bbox 1024 1901 1135 1958; x_wconf 90' lang='lat' dir='ltr'><strong>Sed</strong></span> <span class='ocrx_word' id='word_1_280' title='bbox 1163 1901 1427 1973; x_wconf 88' lang='lat' dir='ltr'><strong>propheta</strong></span> <span class='ocrx_word' id='word_1_281' title='bbox 1447 1901 1741 1958; x_wconf 84' lang='lat' dir='ltr'><strong>declaravit</strong></span> <span class='ocrx_word' id='word_1_282' title='bbox 1770 1901 1872 1956; x_wconf 91' lang='lat' dir='ltr'><strong>hoc</strong></span> <span class='ocrx_word' id='word_1_283' title='bbox 1902 1901 2120 1957; x_wconf 87' lang='lat' dir='ltr'><strong>nomine</strong></span> <span class='ocrx_word' id='word_1_284' title='bbox 2140 1944 2155 1969; x_wconf 90' lang='lat'><strong>,</strong></span> 
     </span>
    </p>
   </div>
   <div class='ocr_carea' id='block_1_35' title="bbox 553 1993 2155 2067">
    <p class='ocr_par' dir='ltr' id='par_1_35' title="bbox 553 1993 2155 2067">
     <span class='ocr_line' id='line_1_35' title="bbox 553 1993 2155 2067; baseline 0.001 -18"><span class='ocrx_word' id='word_1_285' title='bbox 553 1994 698 2067; x_wconf 89' lang='lat' dir='ltr'><strong>quod</strong></span> <span class='ocrx_word' id='word_1_286' title='bbox 729 1995 874 2051; x_wconf 87' lang='lat' dir='ltr'><strong>Deus</strong></span> <span class='ocrx_word' id='word_1_287' title='bbox 899 1994 969 2051; x_wconf 90' lang='lat' dir='ltr'><strong>ad</strong></span> <span class='ocrx_word' id='word_1_288' title='bbox 998 1994 1246 2051; x_wconf 85' lang='lat' dir='ltr'><strong>homines</strong></span> <span class='ocrx_word' id='word_1_289' title='bbox 1277 1995 1329 2050; x_wconf 93' lang='lat' dir='ltr'><strong>in</strong></span> <span class='ocrx_word' id='word_1_290' title='bbox 1358 2010 1522 2051; x_wconf 89' lang='lat' dir='ltr'><strong>carne</strong></span> <span class='ocrx_word' id='word_1_291' title='bbox 1550 2004 1811 2051; x_wconf 90' lang='lat' dir='ltr'><strong>venturus</strong></span> <span class='ocrx_word' id='word_1_292' title='bbox 1840 2002 2003 2051; x_wconf 89' lang='lat' dir='ltr'><strong>esset.</strong></span> <span class='ocrx_word' id='word_1_293' title='bbox 2044 1993 2155 2050; x_wconf 84' lang='lat' dir='ltr'><strong>He-</strong></span> 
     </span>
    </p>
   </div>
   <div class='ocr_carea' id='block_1_36' title="bbox 556 2086 2157 2159">
    <p class='ocr_par' dir='ltr' id='par_1_36' title="bbox 556 2086 2157 2159">
     <span class='ocr_line' id='line_1_36' title="bbox 556 2086 2157 2159; baseline -0.001 -16"><span class='ocrx_word' id='word_1_294' title='bbox 556 2086 776 2144; x_wconf 87' lang='lat' dir='ltr'><strong>manuel</strong></span> <span class='ocrx_word' id='word_1_295' title='bbox 801 2087 944 2143; x_wconf 90' lang='lat' dir='ltr'><strong>enim</strong></span> <span class='ocrx_word' id='word_1_296' title='bbox 968 2086 1263 2159; x_wconf 86' lang='lat' dir='ltr'><strong>signiﬁcat,</strong></span> <span class='ocrx_word' id='word_1_297' title='bbox 1292 2086 1572 2144; x_wconf 91' lang='lat' dir='ltr'><strong>nobiscum</strong></span> <span class='ocrx_word' id='word_1_298' title='bbox 1598 2088 1775 2154; x_wconf 90' lang='lat' dir='ltr'><strong>Deus;</strong></span> <span class='ocrx_word' id='word_1_299' title='bbox 1804 2088 2011 2144; x_wconf 88' lang='lat' dir='ltr'><strong>scilicet</strong></span> <span class='ocrx_word' id='word_1_300' title='bbox 2033 2087 2157 2157; x_wconf 90' lang='lat' dir='ltr'><strong>quia</strong></span> 
     </span>
    </p>
   </div>
   <div class='ocr_carea' id='block_1_37' title="bbox 557 2180 2160 2253">
    <p class='ocr_par' dir='ltr' id='par_1_37' title="bbox 557 2180 2160 2253">
     <span class='ocr_line' id='line_1_37' title="bbox 557 2180 2160 2253; baseline -0.001 -17"><span class='ocrx_word' id='word_1_301' title='bbox 557 2180 653 2236; x_wconf 92' lang='lat' dir='ltr'><strong>illo</strong></span> <span class='ocrx_word' id='word_1_302' title='bbox 681 2196 778 2252; x_wconf 91' lang='lat' dir='ltr'><strong>per</strong></span> <span class='ocrx_word' id='word_1_303' title='bbox 804 2181 1069 2253; x_wconf 77' lang='lat' dir='ltr'><strong>virginem</strong></span> <span class='ocrx_word' id='word_1_304' title='bbox 1104 2190 1263 2246; x_wconf 88' lang='lat' dir='ltr'><strong>nato,</strong></span> <span class='ocrx_word' id='word_1_305' title='bbox 1293 2180 1543 2237; x_wconf 85' lang='lat' dir='ltr'><strong>conﬁteri</strong></span> <span class='ocrx_word' id='word_1_306' title='bbox 1586 2181 1831 2236; x_wconf 86' lang='lat' dir='ltr'><strong>homines</strong></span> <span class='ocrx_word' id='word_1_307' title='bbox 1874 2180 2160 2252; x_wconf 88' lang='lat' dir='ltr'><strong>oportebat</strong></span> 
     </span>
    </p>
   </div>
   <div class='ocr_carea' id='block_1_38' title="bbox 555 2273 2161 2342">
    <p class='ocr_par' dir='ltr' id='par_1_38' title="bbox 555 2273 2161 2342">
     <span class='ocr_line' id='line_1_38' title="bbox 555 2273 2161 2342; baseline -0.001 -12"><span class='ocrx_word' id='word_1_308' title='bbox 555 2273 725 2330; x_wconf 91' lang='lat' dir='ltr'><strong>Deum</strong></span> <span class='ocrx_word' id='word_1_309' title='bbox 753 2289 939 2331; x_wconf 88' lang='lat' dir='ltr'><strong>secum</strong></span> <span class='ocrx_word' id='word_1_310' title='bbox 968 2290 1091 2332; x_wconf 91' lang='lat' dir='ltr'><strong>esse</strong></span> <span class='ocrx_word' id='word_1_311' title='bbox 1111 2316 1126 2342; x_wconf 94' lang='lat'><strong>,</strong></span> <span class='ocrx_word' id='word_1_312' title='bbox 1156 2274 1209 2330; x_wconf 90' lang='lat' dir='ltr'><strong>id</strong></span> <span class='ocrx_word' id='word_1_313' title='bbox 1236 2283 1320 2330; x_wconf 88' lang='lat' dir='ltr'><strong>est</strong></span> <span class='ocrx_word' id='word_1_314' title='bbox 1338 2316 1352 2341; x_wconf 91' lang='lat'><strong>,</strong></span> <span class='ocrx_word' id='word_1_315' title='bbox 1380 2273 1433 2330; x_wconf 92' lang='lat' dir='ltr'><strong>in</strong></span> <span class='ocrx_word' id='word_1_316' title='bbox 1464 2285 1602 2331; x_wconf 87' lang='lat' dir='ltr'><strong>terra</strong></span> <span class='ocrx_word' id='word_1_317' title='bbox 1623 2316 1636 2341; x_wconf 93' lang='lat'><strong>,</strong></span> <span class='ocrx_word' id='word_1_318' title='bbox 1668 2283 1724 2331; x_wconf 92' lang='lat' dir='ltr'><strong>et</strong></span> <span class='ocrx_word' id='word_1_319' title='bbox 1750 2275 1802 2328; x_wconf 92' lang='lat' dir='ltr'><strong>in</strong></span> <span class='ocrx_word' id='word_1_320' title='bbox 1827 2288 1989 2330; x_wconf 87' lang='lat' dir='ltr'><strong>carne</strong></span> <span class='ocrx_word' id='word_1_321' title='bbox 2016 2287 2161 2329; x_wconf 91' lang='lat' dir='ltr'><strong>mor-</strong></span> 
     </span>
    </p>
   </div>
   <div class='ocr_carea' id='block_1_39' title="bbox 556 2366 2157 2440">
    <p class='ocr_par' dir='ltr' id='par_1_39' title="bbox 556 2366 2157 2440">
     <span class='ocr_line' id='line_1_39' title="bbox 556 2366 2157 2440; baseline -0.002 -16"><span class='ocrx_word' id='word_1_322' title='bbox 556 2368 670 2424; x_wconf 90' lang='lat' dir='ltr'><strong>tali.</strong></span> <span class='ocrx_word' id='word_1_323' title='bbox 702 2368 856 2426; x_wconf 92' lang='lat' dir='ltr'><strong>Unde</strong></span> <span class='ocrx_word' id='word_1_324' title='bbox 882 2369 1049 2426; x_wconf 85' lang='lat' dir='ltr'><strong>David</strong></span> <span class='ocrx_word' id='word_1_325' title='bbox 1078 2370 1133 2424; x_wconf 93' lang='lat' dir='ltr'><strong>in</strong></span> <span class='ocrx_word' id='word_1_326' title='bbox 1163 2368 1373 2440; x_wconf 89' lang='lat' dir='ltr'><strong>psalmo</strong></span> <span class='ocrx_word' id='word_1_327' title='bbox 1401 2383 1641 2424; x_wconf 78' lang='lat' dir='ltr'><strong>Lxxxw.</strong></span> <span class='ocrx_word' id='word_1_328' title='bbox 1679 2367 1918 2435; x_wconf 86' lang='lat' dir='ltr'><strong>Veritas,</strong></span> <span class='ocrx_word' id='word_1_329' title='bbox 1950 2366 2157 2437; x_wconf 88' lang='lat' dir='ltr'><strong>inquit,</strong></span> 
     </span>
    </p>
   </div>
   <div class='ocr_carea' id='block_1_40' title="bbox 553 2462 2162 2534">
    <p class='ocr_par' dir='ltr' id='par_1_40' title="bbox 553 2462 2162 2534">
     <span class='ocr_line' id='line_1_40' title="bbox 553 2462 2162 2534; baseline -0.002 -15"><span class='ocrx_word' id='word_1_330' title='bbox 553 2462 622 2519; x_wconf 90' lang='lat' dir='ltr'><strong>de</strong></span> <span class='ocrx_word' id='word_1_331' title='bbox 649 2472 790 2520; x_wconf 89' lang='lat' dir='ltr'><strong>terra</strong></span> <span class='ocrx_word' id='word_1_332' title='bbox 818 2472 935 2519; x_wconf 86' lang='lat' dir='ltr'><strong>orta</strong></span> <span class='ocrx_word' id='word_1_333' title='bbox 963 2472 1083 2530; x_wconf 89' lang='lat' dir='ltr'><strong>est;</strong></span> <span class='ocrx_word' id='word_1_334' title='bbox 1112 2463 1238 2534; x_wconf 88' lang='lat' dir='ltr'><strong>quia</strong></span> <span class='ocrx_word' id='word_1_335' title='bbox 1264 2464 1407 2519; x_wconf 90' lang='lat' dir='ltr'><strong>Deus</strong></span> <span class='ocrx_word' id='word_1_336' title='bbox 1429 2504 1444 2527; x_wconf 87' lang='lat'><strong>,</strong></span> <span class='ocrx_word' id='word_1_337' title='bbox 1473 2464 1523 2517; x_wconf 91' lang='lat' dir='ltr'><strong>in</strong></span> <span class='ocrx_word' id='word_1_338' title='bbox 1554 2477 1659 2532; x_wconf 89' lang='lat' dir='ltr'><strong>quo</strong></span> <span class='ocrx_word' id='word_1_339' title='bbox 1680 2462 1879 2517; x_wconf 86' lang='lat' dir='ltr'><strong>veritas</strong></span> <span class='ocrx_word' id='word_1_340' title='bbox 1904 2469 1987 2516; x_wconf 91' lang='lat' dir='ltr'><strong>est</strong></span> <span class='ocrx_word' id='word_1_341' title='bbox 2006 2502 2020 2527; x_wconf 88' lang='lat'><strong>,</strong></span> <span class='ocrx_word' id='word_1_342' title='bbox 2052 2470 2162 2516; x_wconf 87' lang='lat' dir='ltr'><strong>ter—</strong></span> 
     </span>
    </p>
   </div>
   <div class='ocr_carea' id='block_1_41' title="bbox 554 2557 2160 2628">
    <p class='ocr_par' dir='ltr' id='par_1_41' title="bbox 554 2557 2160 2628">
     <span class='ocr_line' id='line_1_41' title="bbox 554 2557 2160 2628; baseline 0 -15"><span class='ocrx_word' id='word_1_343' title='bbox 554 2572 745 2614; x_wconf 87' lang='lat' dir='ltr'><strong>renum</strong></span> <span class='ocrx_word' id='word_1_344' title='bbox 786 2573 983 2628; x_wconf 86' lang='lat' dir='ltr'><strong>corpus</strong></span> <span class='ocrx_word' id='word_1_345' title='bbox 1013 2557 1257 2628; x_wconf 86' lang='lat' dir='ltr'><strong>accepit,</strong></span> <span class='ocrx_word' id='word_1_346' title='bbox 1291 2565 1350 2613; x_wconf 91' lang='lat' dir='ltr'><strong>ut</strong></span> <span class='ocrx_word' id='word_1_347' title='bbox 1379 2557 1609 2613; x_wconf 84' lang='lat' dir='ltr'><strong>terrenis</strong></span> <span class='ocrx_word' id='word_1_348' title='bbox 1636 2558 1776 2613; x_wconf 88' lang='lat' dir='ltr'><strong>viam</strong></span> <span class='ocrx_word' id='word_1_349' title='bbox 1809 2557 2000 2612; x_wconf 87' lang='lat' dir='ltr'><strong>salutis</strong></span> <span class='ocrx_word' id='word_1_350' title='bbox 2029 2570 2160 2627; x_wconf 88' lang='lat' dir='ltr'><strong>ape-</strong></span> 
     </span>
    </p>
   </div>
   <div class='ocr_carea' id='block_1_42' title="bbox 554 2649 2155 2723">
    <p class='ocr_par' dir='ltr' id='par_1_42' title="bbox 554 2649 2155 2723">
     <span class='ocr_line' id='line_1_42' title="bbox 554 2649 2155 2723; baseline -0.002 -16"><span class='ocrx_word' id='word_1_351' title='bbox 554 2650 706 2709; x_wconf 83' lang='lat' dir='ltr'><strong>riret.</strong></span> <span class='ocrx_word' id='word_1_352' title='bbox 747 2651 880 2710; x_wconf 87' lang='lat' dir='ltr'><strong>Item</strong></span> <span class='ocrx_word' id='word_1_353' title='bbox 911 2651 1100 2708; x_wconf 85' lang='lat' dir='ltr'><strong>Esaias</strong></span> <span class='ocrx_word' id='word_1_354' title='bbox 1132 2652 1280 2722; x_wconf 88' lang='lat' dir='ltr'><strong>ipse:</strong></span> <span class='ocrx_word' id='word_1_355' title='bbox 1312 2649 1428 2723; x_wconf 85' lang='lat' dir='ltr'><strong>Ipsi</strong></span> <span class='ocrx_word' id='word_1_356' title='bbox 1457 2661 1629 2706; x_wconf 89' lang='lat' dir='ltr'><strong>autem</strong></span> <span class='ocrx_word' id='word_1_357' title='bbox 1658 2667 1760 2706; x_wconf 89' lang='lat' dir='ltr'><strong>non</strong></span> <span class='ocrx_word' id='word_1_358' title='bbox 1792 2649 2155 2716; x_wconf 88' lang='lat' dir='ltr'><strong>crediderunt,</strong></span> 
     </span>
    </p>
   </div>
   <div class='ocr_carea' id='block_1_43' title="bbox 2264 1901 3807 1971">
    <p class='ocr_par' dir='ltr' id='par_1_43' title="bbox 2264 1901 3807 1971">
     <span class='ocr_line' id='line_1_43' title="bbox 2264 1901 3807 1971; baseline -0.001 -14"><span class='ocrx_word' id='word_1_359' title='bbox 2264 1918 2379 1957; x_wconf 89' lang='lat' dir='ltr'><strong>ecce</strong></span> <span class='ocrx_word' id='word_1_360' title='bbox 2403 1902 2457 1955; x_wconf 90' lang='lat' dir='ltr'><strong>in</strong></span> <span class='ocrx_word' id='word_1_361' title='bbox 2483 1901 2698 1957; x_wconf 86' lang='lat' dir='ltr'><strong>nubibus</strong></span> <span class='ocrx_word' id='word_1_362' title='bbox 2724 1902 2837 1957; x_wconf 65' lang='lat' dir='ltr'><strong>caeli</strong></span> <span class='ocrx_word' id='word_1_363' title='bbox 2865 1911 2921 1956; x_wconf 90' lang='lat' dir='ltr'><strong>ut</strong></span> <span class='ocrx_word' id='word_1_364' title='bbox 2950 1903 3090 1971; x_wconf 80' lang='lat' dir='ltr'><strong>ﬁlius</strong></span> <span class='ocrx_word' id='word_1_365' title='bbox 3118 1902 3344 1958; x_wconf 81' lang='lat' dir='ltr'><strong>hominis</strong></span> <span class='ocrx_word' id='word_1_366' title='bbox 3370 1903 3566 1956; x_wconf 87' lang='lat' dir='ltr'><strong>veniens</strong></span> <span class='ocrx_word' id='word_1_367' title='bbox 3582 1943 3598 1969; x_wconf 95' lang='lat'><strong>,</strong></span> <span class='ocrx_word' id='word_1_368' title='bbox 3624 1910 3665 1956; x_wconf 89' lang='lat' dir='ltr'><strong>et</strong></span> <span class='ocrx_word' id='word_1_369' title='bbox 3688 1916 3807 1966; x_wconf 70' lang='lat' dir='ltr'><strong>usque</strong></span> 
     </span>
    </p>
   </div>
   <div class='ocr_carea' id='block_1_44' title="bbox 2266 1993 3809 2066">
    <p class='ocr_par' dir='ltr' id='par_1_44' title="bbox 2266 1993 3809 2066">
     <span class='ocr_line' id='line_1_44' title="bbox 2266 1993 3809 2066; baseline -0.002 -16"><span class='ocrx_word' id='word_1_370' title='bbox 2266 1995 2335 2050; x_wconf 89' lang='lat' dir='ltr'><strong>ad</strong></span> <span class='ocrx_word' id='word_1_371' title='bbox 2364 2003 2613 2050; x_wconf 90' lang='lat' dir='ltr'><strong>vetustum</strong></span> <span class='ocrx_word' id='word_1_372' title='bbox 2641 1994 2838 2050; x_wconf 89' lang='lat' dir='ltr'><strong>dierum</strong></span> <span class='ocrx_word' id='word_1_373' title='bbox 2868 1996 3113 2066; x_wconf 83' lang='lat' dir='ltr'><strong>pervenit.</strong></span> <span class='ocrx_word' id='word_1_374' title='bbox 3145 1993 3215 2049; x_wconf 87' lang='lat' dir='ltr'><strong>Et</strong></span> <span class='ocrx_word' id='word_1_375' title='bbox 3241 1996 3332 2066; x_wconf 87' lang='lat' dir='ltr'><strong>qui</strong></span> <span class='ocrx_word' id='word_1_376' title='bbox 3363 1994 3672 2062; x_wconf 83' lang='lat' dir='ltr'><strong>assistebant,</strong></span> <span class='ocrx_word' id='word_1_377' title='bbox 3698 1994 3809 2048; x_wconf 82' lang='lat' dir='ltr'><strong>obtu-</strong></span> 
     </span>
    </p>
   </div>
   <div class='ocr_carea' id='block_1_45' title="bbox 2267 2088 3810 2162">
    <p class='ocr_par' dir='ltr' id='par_1_45' title="bbox 2267 2088 3810 2162">
     <span class='ocr_line' id='line_1_45' title="bbox 2267 2088 3810 2162; baseline -0.003 -16"><span class='ocrx_word' id='word_1_378' title='bbox 2267 2093 2434 2147; x_wconf 89' lang='lat' dir='ltr'><strong>lerunt</strong></span> <span class='ocrx_word' id='word_1_379' title='bbox 2459 2107 2573 2145; x_wconf 89' lang='lat' dir='ltr'><strong>eum</strong></span> <span class='ocrx_word' id='word_1_380' title='bbox 2589 2133 2603 2157; x_wconf 90' lang='lat'><strong>,</strong></span> <span class='ocrx_word' id='word_1_381' title='bbox 2635 2099 2681 2146; x_wconf 88' lang='lat' dir='ltr'><strong>et</strong></span> <span class='ocrx_word' id='word_1_382' title='bbox 2704 2089 2881 2144; x_wconf 90' lang='lat' dir='ltr'><strong>datum</strong></span> <span class='ocrx_word' id='word_1_383' title='bbox 2903 2099 2978 2146; x_wconf 89' lang='lat' dir='ltr'><strong>est</strong></span> <span class='ocrx_word' id='word_1_384' title='bbox 3004 2090 3050 2145; x_wconf 90' lang='lat' dir='ltr'><strong>ei</strong></span> <span class='ocrx_word' id='word_1_385' title='bbox 3074 2106 3289 2162; x_wconf 84' lang='lat' dir='ltr'><strong>regnum</strong></span> <span class='ocrx_word' id='word_1_386' title='bbox 3307 2131 3323 2154; x_wconf 88' lang='lat'><strong>,</strong></span> <span class='ocrx_word' id='word_1_387' title='bbox 3348 2099 3397 2144; x_wconf 79' lang='lat' dir='ltr'><strong>et</strong></span> <span class='ocrx_word' id='word_1_388' title='bbox 3422 2089 3600 2155; x_wconf 86' lang='lat' dir='ltr'><strong>honor,</strong></span> <span class='ocrx_word' id='word_1_389' title='bbox 3626 2098 3667 2142; x_wconf 88' lang='lat' dir='ltr'><strong>et</strong></span> <span class='ocrx_word' id='word_1_390' title='bbox 3686 2088 3810 2157; x_wconf 77' lang='lat' dir='ltr'><strong>impc-</strong></span> 
     </span>
    </p>
   </div>
   <div class='ocr_carea' id='block_1_46' title="bbox 2264 2180 3809 2256">
    <p class='ocr_par' dir='ltr' id='par_1_46' title="bbox 2264 2180 3809 2256">
     <span class='ocr_line' id='line_1_46' title="bbox 2264 2180 3809 2256; baseline -0.005 -15"><span class='ocrx_word' id='word_1_391' title='bbox 2264 2187 2432 2253; x_wconf 90' lang='lat' dir='ltr'><strong>rium,</strong></span> <span class='ocrx_word' id='word_1_392' title='bbox 2460 2196 2506 2240; x_wconf 91' lang='lat' dir='ltr'><strong>et</strong></span> <span class='ocrx_word' id='word_1_393' title='bbox 2536 2202 2708 2241; x_wconf 88' lang='lat' dir='ltr'><strong>omnes</strong></span> <span class='ocrx_word' id='word_1_394' title='bbox 2749 2185 2957 2255; x_wconf 87' lang='lat' dir='ltr'><strong>populi,</strong></span> <span class='ocrx_word' id='word_1_395' title='bbox 2999 2184 3191 2250; x_wconf 87' lang='lat' dir='ltr'><strong>tribus,</strong></span> <span class='ocrx_word' id='word_1_396' title='bbox 3240 2185 3437 2256; x_wconf 72' lang='lat' dir='ltr'><strong>lingua:</strong></span> <span class='ocrx_word' id='word_1_397' title='bbox 3465 2184 3664 2239; x_wconf 85' lang='lat' dir='ltr'><strong>servient</strong></span> <span class='ocrx_word' id='word_1_398' title='bbox 3686 2180 3754 2246; x_wconf 87' lang='lat' dir='ltr'><strong>ei;</strong></span> <span class='ocrx_word' id='word_1_399' title='bbox 3775 2189 3809 2234; x_wconf 77' lang='lat' dir='ltr'><strong>et</strong></span> 
     </span>
    </p>
   </div>
   <div class='ocr_carea' id='block_1_47' title="bbox 2268 2276 3811 2351">
    <p class='ocr_par' dir='ltr' id='par_1_47' title="bbox 2268 2276 3811 2351">
     <span class='ocr_line' id='line_1_47' title="bbox 2268 2276 3811 2351; baseline -0.005 -17"><span class='ocrx_word' id='word_1_400' title='bbox 2268 2287 2490 2351; x_wconf 88' lang='lat' dir='ltr'><strong>potestas</strong></span> <span class='ocrx_word' id='word_1_401' title='bbox 2532 2279 2642 2350; x_wconf 86' lang='lat' dir='ltr'><strong>ejus</strong></span> <span class='ocrx_word' id='word_1_402' title='bbox 2684 2288 2908 2345; x_wconf 70' lang='lat' dir='ltr'><strong>a&#39;terna,</strong></span> <span class='ocrx_word' id='word_1_403' title='bbox 2950 2294 3066 2350; x_wconf 73' lang='lat' dir='ltr'><strong>qua:</strong></span> <span class='ocrx_word' id='word_1_404' title='bbox 3100 2294 3368 2348; x_wconf 88' lang='lat' dir='ltr'><strong>nunquant</strong></span> <span class='ocrx_word' id='word_1_405' title='bbox 3406 2276 3660 2341; x_wconf 85' lang='lat' dir='ltr'><strong>transibit,</strong></span> <span class='ocrx_word' id='word_1_406' title='bbox 3695 2284 3811 2328; x_wconf 81' lang='lat' dir='ltr'><strong>etre-</strong></span> 
     </span>
    </p>
   </div>
   <div class='ocr_carea' id='block_1_48' title="bbox 2268 2367 3810 2445">
    <p class='ocr_par' dir='ltr' id='par_1_48' title="bbox 2268 2367 3810 2445">
     <span class='ocr_line' id='line_1_48' title="bbox 2268 2367 3810 2445; baseline -0.005 -18"><span class='ocrx_word' id='word_1_407' title='bbox 2268 2389 2425 2445; x_wconf 89' lang='lat' dir='ltr'><strong>gnum</strong></span> <span class='ocrx_word' id='word_1_408' title='bbox 2455 2374 2602 2443; x_wconf 88' lang='lat' dir='ltr'><strong>ejus,</strong></span> <span class='ocrx_word' id='word_1_409' title='bbox 2646 2372 2782 2444; x_wconf 90' lang='lat' dir='ltr'><strong>quod</strong></span> <span class='ocrx_word' id='word_1_410' title='bbox 2820 2389 2924 2427; x_wconf 89' lang='lat' dir='ltr'><strong>non</strong></span> <span class='ocrx_word' id='word_1_411' title='bbox 2964 2384 3347 2444; x_wconf 87' lang='lat' dir='ltr'><strong>corrumpetur.</strong></span> <span class='ocrx_word' id='word_1_412' title='bbox 3391 2368 3658 2439; x_wconf 85' lang='lat' dir='ltr'><strong>Quomodo</strong></span> <span class='ocrx_word' id='word_1_413' title='bbox 3690 2367 3810 2439; x_wconf 84' lang='lat' dir='ltr'><strong>igitur</strong></span> 
     </span>
    </p>
   </div>
   <div class='ocr_carea' id='block_1_49' title="bbox 2268 2460 3809 2537">
    <p class='ocr_par' dir='ltr' id='par_1_49' title="bbox 2268 2460 3809 2537">
     <span class='ocr_line' id='line_1_49' title="bbox 2268 2460 3809 2537; baseline -0.006 -15"><span class='ocrx_word' id='word_1_414' title='bbox 2268 2465 2438 2522; x_wconf 63' lang='grc' dir='ltr'><strong>δυόωί</strong></span> <span class='ocrx_word' id='word_1_415' title='bbox 2465 2466 2888 2531; x_wconf 86' lang='lat' dir='ltr'><strong>etconﬁtentur,</strong></span> <span class='ocrx_word' id='word_1_416' title='bbox 2931 2475 2986 2522; x_wconf 95' lang='grc' dir='ltr'><strong>ει</strong></span> <span class='ocrx_word' id='word_1_417' title='bbox 3026 2475 3251 2537; x_wconf 86' lang='lat' dir='ltr'><strong>sperant</strong></span> <span class='ocrx_word' id='word_1_418' title='bbox 3288 2466 3562 2522; x_wconf 86' lang='lat' dir='ltr'><strong>Christum</strong></span> <span class='ocrx_word' id='word_1_419' title='bbox 3602 2462 3712 2518; x_wconf 74' lang='lat' dir='ltr'><strong>Dei?</strong></span> <span class='ocrx_word' id='word_1_420' title='bbox 3742 2460 3809 2531; x_wconf 86' lang='lat' dir='ltr'><strong>qui</strong></span> 
     </span>
    </p>
   </div>
   <div class='ocr_carea' id='block_1_50' title="bbox 2267 2557 3810 2632">
    <p class='ocr_par' dir='ltr' id='par_1_50' title="bbox 2267 2557 3810 2632">
     <span class='ocr_line' id='line_1_50' title="bbox 2267 2557 3810 2632; baseline -0.005 -17"><span class='ocrx_word' id='word_1_421' title='bbox 2267 2557 2410 2615; x_wconf 88' lang='lat' dir='ltr'><strong>hunc</strong></span> <span class='ocrx_word' id='word_1_422' title='bbox 2448 2558 2650 2616; x_wconf 90' lang='lat' dir='ltr'><strong>idcirco</strong></span> <span class='ocrx_word' id='word_1_423' title='bbox 2689 2560 3142 2631; x_wconf 88' lang='lat' dir='ltr'><strong>reprobaverunt,</strong></span> <span class='ocrx_word' id='word_1_424' title='bbox 3185 2561 3313 2632; x_wconf 91' lang='lat' dir='ltr'><strong>quia</strong></span> <span class='ocrx_word' id='word_1_425' title='bbox 3355 2575 3421 2616; x_wconf 83' lang='lat' dir='ltr'><strong>ex</strong></span> <span class='ocrx_word' id='word_1_426' title='bbox 3462 2557 3661 2615; x_wconf 86' lang='lat' dir='ltr'><strong>homine</strong></span> <span class='ocrx_word' id='word_1_427' title='bbox 3691 2563 3810 2611; x_wconf 85' lang='lat' dir='ltr'><strong>natus</strong></span> 
     </span>
    </p>
   </div>
   <div class='ocr_carea' id='block_1_51' title="bbox 2266 2649 3809 2720">
    <p class='ocr_par' dir='ltr' id='par_1_51' title="bbox 2266 2649 3809 2720">
     <span class='ocr_line' id='line_1_51' title="bbox 2266 2649 3809 2720; baseline -0.001 -13"><span class='ocrx_word' id='word_1_428' title='bbox 2266 2659 2371 2707; x_wconf 87' lang='lat' dir='ltr'><strong>est.</strong></span> <span class='ocrx_word' id='word_1_429' title='bbox 2411 2650 2546 2707; x_wconf 85' lang='lat' dir='ltr'><strong>Nam</strong></span> <span class='ocrx_word' id='word_1_430' title='bbox 2593 2667 2715 2709; x_wconf 91' lang='lat' dir='ltr'><strong>cum</strong></span> <span class='ocrx_word' id='word_1_431' title='bbox 2755 2653 2828 2709; x_wconf 90' lang='lat' dir='ltr'><strong>ita</strong></span> <span class='ocrx_word' id='word_1_432' title='bbox 2867 2653 2939 2710; x_wconf 88' lang='lat' dir='ltr'><strong>sit</strong></span> <span class='ocrx_word' id='word_1_433' title='bbox 2976 2669 3007 2708; x_wconf 89' lang='lat' dir='ltr'><strong>a</strong></span> <span class='ocrx_word' id='word_1_434' title='bbox 3051 2654 3161 2712; x_wconf 85' lang='lat' dir='ltr'><strong>Deo</strong></span> <span class='ocrx_word' id='word_1_435' title='bbox 3201 2654 3583 2720; x_wconf 89' lang='lat' dir='ltr'><strong>constitutum,</strong></span> <span class='ocrx_word' id='word_1_436' title='bbox 3619 2658 3671 2707; x_wconf 89' lang='lat' dir='ltr'><strong>ut</strong></span> <span class='ocrx_word' id='word_1_437' title='bbox 3702 2649 3809 2717; x_wconf 69' lang='lat' dir='ltr'><strong>idem</strong></span> 
     </span>
    </p>
   </div>
   <div class='ocr_carea' id='block_1_52' title="bbox 1910 2786 2542 2846">
    <p class='ocr_par' dir='ltr' id='par_1_52' title="bbox 1910 2786 2542 2846">
     <span class='ocr_line' id='line_1_52' title="bbox 1910 2786 2542 2846; baseline -0.002 -3"><span class='ocrx_word' id='word_1_438' title='bbox 1910 2786 2271 2846; x_wconf 81' lang='lat' dir='ltr'><strong>VARIORUM</strong></span> <span class='ocrx_word' id='word_1_439' title='bbox 2312 2787 2542 2846; x_wconf 66' lang='lat' dir='ltr'><strong>NOTAE.</strong></span> 
     </span>
    </p>
   </div>
   <div class='ocr_carea' id='block_1_53' title="bbox 555 2927 2153 3003">
    <p class='ocr_par' dir='ltr' id='par_1_53' title="bbox 555 2927 2153 3003">
     <span class='ocr_line' id='line_1_53' title="bbox 555 2927 2153 3003; baseline -0.002 -16"><span class='ocrx_word' id='word_1_440' title='bbox 555 2946 676 3003; x_wconf 90' lang='lat' dir='ltr'><strong>cap.</strong></span> <span class='ocrx_word' id='word_1_441' title='bbox 718 2930 819 2997; x_wconf 73' lang='lat'><strong>22,</strong></span> <span class='ocrx_word' id='word_1_442' title='bbox 859 2930 957 2987; x_wconf 91' lang='lat' dir='ltr'><strong>lib.</strong></span> <span class='ocrx_word' id='word_1_443' title='bbox 982 2947 1108 2997; x_wconf 77' lang='lat' dir='ltr'><strong>vni,</strong></span> <span class='ocrx_word' id='word_1_444' title='bbox 1148 2946 1268 3001; x_wconf 86' lang='lat' dir='ltr'><strong>cap.</strong></span> <span class='ocrx_word' id='word_1_445' title='bbox 1309 2928 1419 3003; x_wconf 61' lang='lat'><strong>42,</strong></span> <span class='ocrx_word' id='word_1_446' title='bbox 1461 2928 1702 3003; x_wconf 74' lang='lat' dir='ltr'><strong>lib.xvr,</strong></span> <span class='ocrx_word' id='word_1_447' title='bbox 1746 2943 1864 3003; x_wconf 80' lang='lat' dir='ltr'><strong>cap.</strong></span> <span class='ocrx_word' id='word_1_448' title='bbox 1891 2927 1983 2984; x_wconf 72' lang='grc'><strong>24.</strong></span> <span class='ocrx_word' id='word_1_449' title='bbox 2025 2927 2153 2984; x_wconf 71' lang='lat' dir='ltr'><strong>Hme</strong></span> 
     </span>
    </p>
   </div>
   <div class='ocr_carea' id='block_1_54' title="bbox 556 3000 2154 3073">
    <p class='ocr_par' dir='ltr' id='par_1_54' title="bbox 556 3000 2154 3073">
     <span class='ocr_line' id='line_1_54' title="bbox 556 3000 2154 3073; baseline -0.003 -14"><span class='ocrx_word' id='word_1_450' title='bbox 556 3000 892 3073; x_wconf 80' lang='lat' dir='ltr'><strong>comparatio</strong></span> <span class='ocrx_word' id='word_1_451' title='bbox 930 3014 1015 3059; x_wconf 91' lang='lat' dir='ltr'><strong>est</strong></span> <span class='ocrx_word' id='word_1_452' title='bbox 1052 3019 1083 3059; x_wconf 89' lang='lat' dir='ltr'><strong>a</strong></span> <span class='ocrx_word' id='word_1_453' title='bbox 1124 3004 1318 3059; x_wconf 91' lang='lat' dir='ltr'><strong>minori</strong></span> <span class='ocrx_word' id='word_1_454' title='bbox 1359 3002 1426 3057; x_wconf 90' lang='lat' dir='ltr'><strong>ad</strong></span> <span class='ocrx_word' id='word_1_455' title='bbox 1467 3001 1671 3071; x_wconf 87' lang='lat' dir='ltr'><strong>majus:</strong></span> <span class='ocrx_word' id='word_1_456' title='bbox 1716 3000 1812 3056; x_wconf 90' lang='lat' dir='ltr'><strong>sed</strong></span> <span class='ocrx_word' id='word_1_457' title='bbox 1851 3015 2047 3073; x_wconf 83' lang='lat' dir='ltr'><strong>vereor</strong></span> <span class='ocrx_word' id='word_1_458' title='bbox 2087 3015 2154 3055; x_wconf 91' lang='lat' dir='ltr'><strong>ne</strong></span> 
     </span>
    </p>
   </div>
   <div class='ocr_carea' id='block_1_55' title="bbox 559 3071 2080 3145">
    <p class='ocr_par' dir='ltr' id='par_1_55' title="bbox 559 3071 2080 3145">
     <span class='ocr_line' id='line_1_55' title="bbox 559 3071 2080 3145; baseline -0.004 -14"><span class='ocrx_word' id='word_1_459' title='bbox 559 3071 697 3131; x_wconf 83' lang='lat' dir='ltr'><strong>tunc</strong></span> <span class='ocrx_word' id='word_1_460' title='bbox 715 3076 974 3145; x_wconf 89' lang='lat' dir='ltr'><strong>temporis</strong></span> <span class='ocrx_word' id='word_1_461' title='bbox 1000 3077 1376 3130; x_wconf 88' lang='lat' dir='ltr'><strong>auctoritatem</strong></span> <span class='ocrx_word' id='word_1_462' title='bbox 1407 3088 1652 3143; x_wconf 89' lang='lat' dir='ltr'><strong>magnam</strong></span> <span class='ocrx_word' id='word_1_463' title='bbox 1682 3087 1787 3145; x_wconf 90' lang='lat' dir='ltr'><strong>non</strong></span> <span class='ocrx_word' id='word_1_464' title='bbox 1814 3071 2080 3126; x_wconf 87' lang='lat' dir='ltr'><strong>habuerit.</strong></span> 
     </span>
    </p>
   </div>
   <div class='ocr_carea' id='block_1_56' title="bbox 631 3144 2165 3216">
    <p class='ocr_par' dir='ltr' id='par_1_56' title="bbox 631 3144 2165 3216">
     <span class='ocr_line' id='line_1_56' title="bbox 631 3144 2165 3216; baseline -0.003 -15"><span class='ocrx_word' id='word_1_465' title='bbox 631 3144 906 3202; x_wconf 80' lang='lat' dir='ltr'><strong>Gravatam</strong></span> <span class='ocrx_word' id='word_1_466' title='bbox 927 3162 1034 3201; x_wconf 84' lang='lat' dir='ltr'><strong>esse</strong></span> <span class='ocrx_word' id='word_1_467' title='bbox 1059 3146 1335 3216; x_wconf 86' lang='lat' dir='ltr'><strong>Virginem.</strong></span> <span class='ocrx_word' id='word_1_468' title='bbox 1358 3145 1433 3201; x_wconf 87' lang='lat' dir='ltr'><strong>Ita</strong></span> <span class='ocrx_word' id='word_1_469' title='bbox 1450 3159 1640 3200; x_wconf 89' lang='lat' dir='ltr'><strong>omnes</strong></span> <span class='ocrx_word' id='word_1_470' title='bbox 1663 3144 1791 3216; x_wconf 61' lang='lat' dir='ltr'><strong>editi</strong></span> <span class='ocrx_word' id='word_1_471' title='bbox 1809 3152 1863 3216; x_wconf 89' lang='lat' dir='ltr'><strong>et</strong></span> <span class='ocrx_word' id='word_1_472' title='bbox 1879 3157 2007 3197; x_wconf 89' lang='lat' dir='ltr'><strong>mss.</strong></span> <span class='ocrx_word' id='word_1_473' title='bbox 2033 3158 2165 3213; x_wconf 68' lang='lat' dir='ltr'><strong>prte-</strong></span> 
     </span>
    </p>
   </div>
   <div class='ocr_carea' id='block_1_57' title="bbox 561 3213 2166 3288">
    <p class='ocr_par' dir='ltr' id='par_1_57' title="bbox 561 3213 2166 3288">
     <span class='ocr_line' id='line_1_57' title="bbox 561 3213 2166 3288; baseline -0.005 -12"><span class='ocrx_word' id='word_1_474' title='bbox 561 3229 645 3276; x_wconf 88' lang='lat' dir='ltr'><strong>ter</strong></span> <span class='ocrx_word' id='word_1_475' title='bbox 669 3221 703 3273; x_wconf 72' lang='grc'><strong>4</strong></span> <span class='ocrx_word' id='word_1_476' title='bbox 732 3234 842 3274; x_wconf 88' lang='lat' dir='ltr'><strong>rec.</strong></span> <span class='ocrx_word' id='word_1_477' title='bbox 872 3219 925 3274; x_wconf 92' lang='lat' dir='ltr'><strong>in</strong></span> <span class='ocrx_word' id='word_1_478' title='bbox 967 3213 1163 3288; x_wconf 81' lang='lat' dir='ltr'><strong>quibus</strong></span> <span class='ocrx_word' id='word_1_479' title='bbox 1191 3227 1276 3272; x_wconf 91' lang='lat' dir='ltr'><strong>est</strong></span> <span class='ocrx_word' id='word_1_480' title='bbox 1314 3216 1659 3288; x_wconf 81' lang='lat' dir='ltr'><strong>gravidatam.</strong></span> <span class='ocrx_word' id='word_1_481' title='bbox 1690 3215 1717 3270; x_wconf 99' lang='grc'><strong>1</strong></span> <span class='ocrx_word' id='word_1_482' title='bbox 1745 3213 1985 3288; x_wconf 77' lang='lat' dir='ltr'><strong>Cnlhert</strong></span> <span class='ocrx_word' id='word_1_483' title='bbox 2018 3230 2047 3268; x_wconf 90' lang='lat' dir='ltr'><strong>a</strong></span> <span class='ocrx_word' id='word_1_484' title='bbox 2078 3229 2166 3288; x_wconf 87' lang='lat' dir='ltr'><strong>se-</strong></span> 
     </span>
    </p>
   </div>
   <div class='ocr_carea' id='block_1_58' title="bbox 558 3285 2163 3362">
    <p class='ocr_par' dir='ltr' id='par_1_58' title="bbox 558 3285 2163 3362">
     <span class='ocr_line' id='line_1_58' title="bbox 558 3285 2163 3362; baseline -0.006 -14"><span class='ocrx_word' id='word_1_485' title='bbox 558 3291 732 3348; x_wconf 87' lang='lat' dir='ltr'><strong>cunda</strong></span> <span class='ocrx_word' id='word_1_486' title='bbox 777 3306 935 3345; x_wconf 90' lang='lat' dir='ltr'><strong>manu</strong></span> <span class='ocrx_word' id='word_1_487' title='bbox 975 3285 1263 3362; x_wconf 84' lang='lat' dir='ltr'><strong>gravidam.</strong></span> <span class='ocrx_word' id='word_1_488' title='bbox 1308 3285 1373 3344; x_wconf 81' lang='lat' dir='ltr'><strong>Et</strong></span> <span class='ocrx_word' id='word_1_489' title='bbox 1406 3287 1543 3343; x_wconf 82' lang='lat' dir='ltr'><strong>infra</strong></span> <span class='ocrx_word' id='word_1_490' title='bbox 1573 3296 1787 3359; x_wconf 86' lang='lat' dir='ltr'><strong>gravata</strong></span> <span class='ocrx_word' id='word_1_491' title='bbox 1817 3295 1889 3341; x_wconf 88' lang='lat' dir='ltr'><strong>est</strong></span> <span class='ocrx_word' id='word_1_492' title='bbox 1918 3286 2078 3341; x_wconf 89' lang='lat' dir='ltr'><strong>etiam</strong></span> <span class='ocrx_word' id='word_1_493' title='bbox 2111 3285 2163 3340; x_wconf 92' lang='lat' dir='ltr'><strong>in</strong></span> 
     </span>
    </p>
   </div>
   <div class='ocr_carea' id='block_1_59' title="bbox 557 3362 1016 3420">
    <p class='ocr_par' dir='ltr' id='par_1_59' title="bbox 557 3362 1016 3420">
     <span class='ocr_line' id='line_1_59' title="bbox 557 3362 1016 3420; baseline -0.009 0"><span class='ocrx_word' id='word_1_494' title='bbox 557 3378 691 3420; x_wconf 88' lang='lat' dir='ltr'><strong>mss.</strong></span> <span class='ocrx_word' id='word_1_495' title='bbox 718 3362 1016 3419; x_wconf 88' lang='lat' dir='ltr'><strong>codicibus.</strong></span> 
     </span>
    </p>
   </div>
   <div class='ocr_carea' id='block_1_60' title="bbox 633 3429 2168 3491">
    <p class='ocr_par' dir='ltr' id='par_1_60' title="bbox 633 3429 2168 3491">
     <span class='ocr_line' id='line_1_60' title="bbox 633 3429 2168 3491; baseline -0.005 -1"><span class='ocrx_word' id='word_1_496' title='bbox 633 3433 884 3491; x_wconf 86' lang='lat' dir='ltr'><strong>Salomon</strong></span> <span class='ocrx_word' id='word_1_497' title='bbox 924 3435 999 3488; x_wconf 88' lang='lat' dir='ltr'><strong>ita</strong></span> <span class='ocrx_word' id='word_1_498' title='bbox 1036 3433 1178 3488; x_wconf 87' lang='lat' dir='ltr'><strong>dicit.</strong></span> <span class='ocrx_word' id='word_1_499' title='bbox 1210 3431 1301 3488; x_wconf 91' lang='lat' dir='ltr'><strong>Sic</strong></span> <span class='ocrx_word' id='word_1_500' title='bbox 1328 3431 1506 3488; x_wconf 80' lang='lat' dir='ltr'><strong>ferunt</strong></span> <span class='ocrx_word' id='word_1_501' title='bbox 1534 3430 1690 3486; x_wconf 90' lang='lat' dir='ltr'><strong>multi</strong></span> <span class='ocrx_word' id='word_1_502' title='bbox 1718 3444 1851 3485; x_wconf 92' lang='lat' dir='ltr'><strong>mss.</strong></span> <span class='ocrx_word' id='word_1_503' title='bbox 1885 3429 2033 3485; x_wconf 86' lang='lat' dir='ltr'><strong>Inter</strong></span> <span class='ocrx_word' id='word_1_504' title='bbox 2061 3442 2168 3482; x_wconf 70' lang='lat' dir='ltr'><strong>cm-</strong></span> 
     </span>
    </p>
   </div>
   <div class='ocr_carea' id='block_1_61' title="bbox 563 3499 2166 3575">
    <p class='ocr_par' dir='ltr' id='par_1_61' title="bbox 563 3499 2166 3575">
     <span class='ocr_line' id='line_1_61' title="bbox 563 3499 2166 3575; baseline -0.006 -12"><span class='ocrx_word' id='word_1_505' title='bbox 563 3515 708 3563; x_wconf 91' lang='lat' dir='ltr'><strong>teros</strong></span> <span class='ocrx_word' id='word_1_506' title='bbox 734 3505 823 3560; x_wconf 92' lang='lat' dir='ltr'><strong>alii</strong></span> <span class='ocrx_word' id='word_1_507' title='bbox 851 3504 1053 3560; x_wconf 87' lang='lat' dir='ltr'><strong>addunt</strong></span> <span class='ocrx_word' id='word_1_508' title='bbox 1080 3506 1137 3559; x_wconf 91' lang='lat' dir='ltr'><strong>in</strong></span> <span class='ocrx_word' id='word_1_509' title='bbox 1166 3503 1279 3575; x_wconf 82' lang='lat' dir='ltr'><strong>Ode</strong></span> <span class='ocrx_word' id='word_1_510' title='bbox 1304 3503 1717 3575; x_wconf 85' lang='lat' dir='ltr'><strong>undevigesimo;</strong></span> <span class='ocrx_word' id='word_1_511' title='bbox 1744 3502 1833 3555; x_wconf 88' lang='lat' dir='ltr'><strong>alii</strong></span> <span class='ocrx_word' id='word_1_512' title='bbox 1874 3503 1927 3555; x_wconf 88' lang='lat' dir='ltr'><strong>in</strong></span> <span class='ocrx_word' id='word_1_513' title='bbox 1952 3499 2166 3575; x_wconf 81' lang='lat' dir='ltr'><strong>Psalmo</strong></span> 
     </span>
    </p>
   </div>
   <div class='ocr_carea' id='block_1_62' title="bbox 557 3573 2166 3658">
    <p class='ocr_par' dir='ltr' id='par_1_62' title="bbox 557 3573 2166 3658">
     <span class='ocr_line' id='line_1_62' title="bbox 557 3573 2166 3658; baseline -0.006 -24"><span class='ocrx_word' id='word_1_514' title='bbox 557 3578 971 3658; x_wconf 71' lang='lat' dir='ltr'><strong>undevigesimo;</strong></span> <span class='ocrx_word' id='word_1_515' title='bbox 1018 3576 1085 3643; x_wconf 78' lang='lat'><strong>2,</strong></span> <span class='ocrx_word' id='word_1_516' title='bbox 1139 3577 1193 3658; x_wconf 83' lang='lat' dir='ltr'><strong>in_</strong></span> <span class='ocrx_word' id='word_1_517' title='bbox 1240 3574 1456 3630; x_wconf 86' lang='lat' dir='ltr'><strong>Psalmo</strong></span> <span class='ocrx_word' id='word_1_518' title='bbox 1494 3573 1777 3658; x_wconf 49' lang='lat' dir='ltr'><strong>vigesimo;</strong></span> <span class='ocrx_word' id='word_1_519' title='bbox 1798 3586 1942 3658; x_wconf 55' lang='lat' dir='ltr'><strong>nqote</strong></span> <span class='ocrx_word' id='word_1_520' title='bbox 1985 3573 2166 3658; x_wconf 78' lang='lat' dir='ltr'><strong>omnia</strong></span> 
     </span>
    </p>
   </div>
   <div class='ocr_carea' id='block_1_63' title="bbox 558 3645 2168 3717">
    <p class='ocr_par' dir='ltr' id='par_1_63' title="bbox 558 3645 2168 3717">
     <span class='ocr_line' id='line_1_63' title="bbox 558 3645 2168 3717; baseline -0.006 -11"><span class='ocrx_word' id='word_1_521' title='bbox 558 3651 690 3706; x_wconf 91' lang='lat' dir='ltr'><strong>mihi</strong></span> <span class='ocrx_word' id='word_1_522' title='bbox 721 3645 969 3705; x_wconf 81' lang='lat' dir='ltr'><strong>videntur</strong></span> <span class='ocrx_word' id='word_1_523' title='bbox 994 3663 1116 3704; x_wconf 81' lang='lat' dir='ltr'><strong>esse</strong></span> <span class='ocrx_word' id='word_1_524' title='bbox 1144 3648 1492 3717; x_wconf 86' lang='lat' dir='ltr'><strong>glossemata.</strong></span> <span class='ocrx_word' id='word_1_525' title='bbox 1524 3645 1692 3701; x_wconf 83' lang='lat' dir='ltr'><strong>Alteri</strong></span> <span class='ocrx_word' id='word_1_526' title='bbox 1734 3647 1769 3698; x_wconf 71' lang='grc'><strong>2</strong></span> <span class='ocrx_word' id='word_1_527' title='bbox 1798 3645 1933 3715; x_wconf 81' lang='lat' dir='ltr'><strong>Reg.</strong></span> <span class='ocrx_word' id='word_1_528' title='bbox 1965 3658 2075 3717; x_wconf 84' lang='lat' dir='ltr'><strong>rec.</strong></span> <span class='ocrx_word' id='word_1_529' title='bbox 2111 3652 2168 3717; x_wconf 86' lang='lat' dir='ltr'><strong>et</strong></span> 
     </span>
    </p>
   </div>
   <div class='ocr_carea' id='block_1_64' title="bbox 560 3715 2167 3787">
    <p class='ocr_par' dir='ltr' id='par_1_64' title="bbox 560 3715 2167 3787">
     <span class='ocr_line' id='line_1_64' title="bbox 560 3715 2167 3787; baseline -0.005 -11"><span class='ocrx_word' id='word_1_530' title='bbox 560 3723 691 3777; x_wconf 80' lang='lat' dir='ltr'><strong>editi</strong></span> <span class='ocrx_word' id='word_1_531' title='bbox 731 3729 888 3787; x_wconf 90' lang='lat' dir='ltr'><strong>octo,</strong></span> <span class='ocrx_word' id='word_1_532' title='bbox 922 3715 1178 3775; x_wconf 79' lang='lat' dir='ltr'><strong>Salamon</strong></span> <span class='ocrx_word' id='word_1_533' title='bbox 1205 3720 1279 3773; x_wconf 89' lang='lat' dir='ltr'><strong>sic</strong></span> <span class='ocrx_word' id='word_1_534' title='bbox 1308 3719 1400 3772; x_wconf 88' lang='lat' dir='ltr'><strong>ait.</strong></span> <span class='ocrx_word' id='word_1_535' title='bbox 1433 3717 1562 3774; x_wconf 69' lang='lat' dir='ltr'><strong>Haec</strong></span> <span class='ocrx_word' id='word_1_536' title='bbox 1586 3717 1892 3772; x_wconf 85' lang='lat' dir='ltr'><strong>Salomonis</strong></span> <span class='ocrx_word' id='word_1_537' title='bbox 1922 3716 2083 3771; x_wconf 83' lang='lat' dir='ltr'><strong>verba</strong></span> <span class='ocrx_word' id='word_1_538' title='bbox 2115 3715 2167 3768; x_wconf 89' lang='lat' dir='ltr'><strong>in</strong></span> 
     </span>
    </p>
   </div>
   <div class='ocr_carea' id='block_1_65' title="bbox 511 3792 1310 3864">
    <p class='ocr_par' dir='ltr' id='par_1_65' title="bbox 511 3792 1310 3864">
     <span class='ocr_line' id='line_1_65' title="bbox 511 3792 1310 3864; baseline -0.004 -16"><span class='ocrx_word' id='word_1_539' title='bbox 511 3814 516 3819; x_wconf 54' lang='grc' dir='ltr'><em>η</em></span> <span class='ocrx_word' id='word_1_540' title='bbox 559 3793 679 3864; x_wconf 75' lang='lat' dir='ltr'><strong>ejus</strong></span> <span class='ocrx_word' id='word_1_541' title='bbox 708 3792 859 3864; x_wconf 75' lang='lat' dir='ltr'><strong>libris</strong></span> <span class='ocrx_word' id='word_1_542' title='bbox 887 3807 992 3847; x_wconf 91' lang='lat' dir='ltr'><strong>non</strong></span> <span class='ocrx_word' id='word_1_543' title='bbox 1036 3794 1310 3864; x_wconf 82' lang='lat' dir='ltr'><strong>leguntur.</strong></span> 
     </span>
    </p>
   </div>
   <div class='ocr_carea' id='block_1_66' title="bbox 633 3857 2169 3934">
    <p class='ocr_par' dir='ltr' id='par_1_66' title="bbox 633 3857 2169 3934">
     <span class='ocr_line' id='line_1_66' title="bbox 633 3857 2169 3934; baseline -0.003 -17"><span class='ocrx_word' id='word_1_544' title='bbox 633 3863 769 3917; x_wconf 87' lang='lat' dir='ltr'><strong>Ecce</strong></span> <span class='ocrx_word' id='word_1_545' title='bbox 805 3861 963 3934; x_wconf 86' lang='lat' dir='ltr'><strong>Virgo</strong></span> <span class='ocrx_word' id='word_1_546' title='bbox 989 3857 1202 3932; x_wconf 68' lang='lat' dir='ltr'><strong>accipiet</strong></span> <span class='ocrx_word' id='word_1_547' title='bbox 1228 3862 1283 3934; x_wconf 86' lang='lat' dir='ltr'><strong>in</strong></span> <span class='ocrx_word' id='word_1_548' title='bbox 1314 3870 1477 3915; x_wconf 87' lang='lat' dir='ltr'><strong>utero.</strong></span> <span class='ocrx_word' id='word_1_549' title='bbox 1511 3860 1586 3934; x_wconf 79' lang='lat' dir='ltr'><strong>lla</strong></span> <span class='ocrx_word' id='word_1_550' title='bbox 1618 3873 1722 3934; x_wconf 81' lang='lat' dir='ltr'><strong>ms.</strong></span> <span class='ocrx_word' id='word_1_551' title='bbox 1756 3857 2169 3934; x_wconf 75' lang='lat' dir='ltr'><strong>antiquissimus</strong></span> 
     </span>
    </p>
   </div>
   <div class='ocr_carea' id='block_1_67' title="bbox 562 3929 2170 4005">
    <p class='ocr_par' dir='ltr' id='par_1_67' title="bbox 562 3929 2170 4005">
     <span class='ocr_line' id='line_1_67' title="bbox 562 3929 2170 4005; baseline -0.006 -14"><span class='ocrx_word' id='word_1_552' title='bbox 562 3929 1066 4005; x_wconf 76' lang='lat' dir='ltr'><strong>Regio-Puteanus,</strong></span> <span class='ocrx_word' id='word_1_553' title='bbox 1098 3929 1121 3987; x_wconf 80' lang='grc'><strong>1</strong></span> <span class='ocrx_word' id='word_1_554' title='bbox 1147 3933 1300 4005; x_wconf 79' lang='lat' dir='ltr'><strong>Colb.</strong></span> <span class='ocrx_word' id='word_1_555' title='bbox 1332 3934 1452 4005; x_wconf 55' lang='lat' dir='ltr'><strong>Em.</strong></span> <span class='ocrx_word' id='word_1_556' title='bbox 1478 3943 1537 4005; x_wconf 84' lang='lat' dir='ltr'><strong>et</strong></span> <span class='ocrx_word' id='word_1_557' title='bbox 1570 3932 1591 3985; x_wconf 89' lang='grc'><strong>1</strong></span> <span class='ocrx_word' id='word_1_558' title='bbox 1618 3931 1856 4005; x_wconf 71' lang='lat' dir='ltr'><strong>Clarum.</strong></span> <span class='ocrx_word' id='word_1_559' title='bbox 1887 3944 1987 3983; x_wconf 91' lang='lat' dir='ltr'><strong>nec</strong></span> <span class='ocrx_word' id='word_1_560' title='bbox 2012 3929 2170 4005; x_wconf 72' lang='lat' dir='ltr'><strong>aliter</strong></span> 
     </span>
    </p>
   </div>
   <div class='ocr_carea' id='block_1_68' title="bbox 565 3999 2171 4077">
    <p class='ocr_par' dir='ltr' id='par_1_68' title="bbox 565 3999 2171 4077">
     <span class='ocr_line' id='line_1_68' title="bbox 565 3999 2171 4077; baseline -0.005 -16"><span class='ocrx_word' id='word_1_561' title='bbox 565 3999 696 4075; x_wconf 80' lang='lat' dir='ltr'><strong>legit</strong></span> <span class='ocrx_word' id='word_1_562' title='bbox 723 4006 781 4061; x_wconf 91' lang='lat' dir='ltr'><strong>S.</strong></span> <span class='ocrx_word' id='word_1_563' title='bbox 813 4005 1117 4077; x_wconf 79' lang='lat' dir='ltr'><strong>Cyprianus</strong></span> <span class='ocrx_word' id='word_1_564' title='bbox 1147 4004 1241 4077; x_wconf 88' lang='lat' dir='ltr'><strong>lib.</strong></span> <span class='ocrx_word' id='word_1_565' title='bbox 1272 4020 1308 4059; x_wconf 85' lang='grc' dir='ltr'><strong>ιι</strong></span> <span class='ocrx_word' id='word_1_566' title='bbox 1340 4003 1731 4077; x_wconf 80' lang='lat' dir='ltr'><strong>Testimonior.</strong></span> <span class='ocrx_word' id='word_1_567' title='bbox 1777 4000 2047 4077; x_wconf 81' lang='lat' dir='ltr'><strong>adversus</strong></span> <span class='ocrx_word' id='word_1_568' title='bbox 2075 3999 2171 4077; x_wconf 82' lang='lat' dir='ltr'><strong>Ju-</strong></span> 
     </span>
    </p>
   </div>
   <div class='ocr_carea' id='block_1_69' title="bbox 565 4071 2168 4146">
    <p class='ocr_par' dir='ltr' id='par_1_69' title="bbox 565 4071 2168 4146">
     <span class='ocr_line' id='line_1_69' title="bbox 565 4071 2168 4146; baseline -0.004 -15"><span class='ocrx_word' id='word_1_569' title='bbox 565 4071 746 4143; x_wconf 67' lang='lat' dir='ltr'><strong>dtéos,</strong></span> <span class='ocrx_word' id='word_1_570' title='bbox 774 4071 974 4146; x_wconf 28' lang='lat' dir='ltr'><strong>cati—8.</strong></span> <span class='ocrx_word' id='word_1_571' title='bbox 1006 4076 1061 4130; x_wconf 92' lang='lat' dir='ltr'><strong>lu</strong></span> <span class='ocrx_word' id='word_1_572' title='bbox 1089 4075 1125 4129; x_wconf 62' lang='grc' dir='ltr'>ἓ</span> <span class='ocrx_word' id='word_1_573' title='bbox 1150 4076 1278 4146; x_wconf 83' lang='lat' dir='ltr'><strong>Reg.</strong></span> <span class='ocrx_word' id='word_1_574' title='bbox 1307 4084 1363 4130; x_wconf 93' lang='lat' dir='ltr'><strong>et</strong></span> <span class='ocrx_word' id='word_1_575' title='bbox 1388 4074 1455 4130; x_wconf 68' lang='lat' dir='ltr'><strong>l2</strong></span> <span class='ocrx_word' id='word_1_576' title='bbox 1481 4073 1650 4146; x_wconf 7' lang='lat' dir='ltr'><strong>editis,</strong></span> <span class='ocrx_word' id='word_1_577' title='bbox 1665 4082 1746 4127; x_wconf 90' lang='lat' dir='ltr'><strong>est</strong></span> <span class='ocrx_word' id='word_1_578' title='bbox 1771 4073 1824 4126; x_wconf 89' lang='lat' dir='ltr'><strong>in</strong></span> <span class='ocrx_word' id='word_1_579' title='bbox 1849 4081 2085 4146; x_wconf 84' lang='lat' dir='ltr'><strong>uterum;</strong></span> <span class='ocrx_word' id='word_1_580' title='bbox 2115 4071 2168 4146; x_wconf 83' lang='lat' dir='ltr'><strong>in</strong></span> 
     </span>
    </p>
   </div>
   <div class='ocr_carea' id='block_1_70' title="bbox 566 4143 2172 4213">
    <p class='ocr_par' dir='ltr' id='par_1_70' title="bbox 566 4143 2172 4213">
     <span class='ocr_line' id='line_1_70' title="bbox 566 4143 2172 4213; baseline -0.005 -9"><span class='ocrx_word' id='word_1_581' title='bbox 566 4148 637 4204; x_wconf 86' lang='grc'><strong>19</strong></span> <span class='ocrx_word' id='word_1_582' title='bbox 666 4143 882 4213; x_wconf 79' lang='lat' dir='ltr'><strong>scriptis</strong></span> <span class='ocrx_word' id='word_1_583' title='bbox 913 4143 1302 4202; x_wconf 84' lang='lat' dir='ltr'><strong>recentissimis</strong></span> <span class='ocrx_word' id='word_1_584' title='bbox 1330 4156 1384 4201; x_wconf 91' lang='lat' dir='ltr'><strong>et</strong></span> <span class='ocrx_word' id='word_1_585' title='bbox 1411 4146 1447 4201; x_wconf 90' lang='lat'><strong>8</strong></span> <span class='ocrx_word' id='word_1_586' title='bbox 1472 4145 1687 4200; x_wconf 83' lang='lat' dir='ltr'><strong>excusis</strong></span> <span class='ocrx_word' id='word_1_587' title='bbox 1712 4157 1816 4208; x_wconf 89' lang='lat' dir='ltr'><strong>est,</strong></span> <span class='ocrx_word' id='word_1_588' title='bbox 1841 4143 2091 4213; x_wconf 86' lang='lat' dir='ltr'><strong>concipiet</strong></span> <span class='ocrx_word' id='word_1_589' title='bbox 2116 4143 2172 4196; x_wconf 87' lang='lat' dir='ltr'><strong>in</strong></span> 
     </span>
    </p>
   </div>
   <div class='ocr_carea' id='block_1_71' title="bbox 564 4217 1593 4286">
    <p class='ocr_par' dir='ltr' id='par_1_71' title="bbox 564 4217 1593 4286">
     <span class='ocr_line' id='line_1_71' title="bbox 564 4217 1593 4286; baseline -0.006 -11"><span class='ocrx_word' id='word_1_590' title='bbox 564 4230 726 4275; x_wconf 87' lang='lat' dir='ltr'><strong>utero.</strong></span> <span class='ocrx_word' id='word_1_591' title='bbox 759 4217 855 4275; x_wconf 87' lang='lat' dir='ltr'><strong>Ed.</strong></span> <span class='ocrx_word' id='word_1_592' title='bbox 888 4219 1102 4274; x_wconf 88' lang='lat' dir='ltr'><strong>Sublac.</strong></span> <span class='ocrx_word' id='word_1_593' title='bbox 1139 4218 1297 4273; x_wconf 84' lang='lat' dir='ltr'><strong>habet</strong></span> <span class='ocrx_word' id='word_1_594' title='bbox 1325 4217 1593 4286; x_wconf 89' lang='lat' dir='ltr'><strong>concipiet.</strong></span> 
     </span>
    </p>
   </div>
   <div class='ocr_carea' id='block_1_72' title="bbox 629 4284 2169 4359">
    <p class='ocr_par' dir='ltr' id='par_1_72' title="bbox 629 4284 2169 4359">
     <span class='ocr_line' id='line_1_72' title="bbox 629 4284 2169 4359; baseline -0.003 -15"><span class='ocrx_word' id='word_1_595' title='bbox 629 4291 921 4345; x_wconf 89' lang='lat' dir='ltr'><strong>-Vocabitis.</strong></span> <span class='ocrx_word' id='word_1_596' title='bbox 944 4290 1018 4344; x_wconf 89' lang='lat' dir='ltr'><strong>lla</strong></span> <span class='ocrx_word' id='word_1_597' title='bbox 1048 4304 1177 4344; x_wconf 89' lang='lat' dir='ltr'><strong>mss.</strong></span> <span class='ocrx_word' id='word_1_598' title='bbox 1201 4290 1235 4345; x_wconf 89' lang='lat'><strong>9</strong></span> <span class='ocrx_word' id='word_1_599' title='bbox 1265 4288 1435 4359; x_wconf 80' lang='lat' dir='ltr'><strong>Regii,</strong></span> <span class='ocrx_word' id='word_1_600' title='bbox 1468 4284 1609 4343; x_wconf 89' lang='lat' dir='ltr'><strong>inter</strong></span> <span class='ocrx_word' id='word_1_601' title='bbox 1628 4302 1763 4357; x_wconf 88' lang='lat' dir='ltr'><strong>quos</strong></span> <span class='ocrx_word' id='word_1_602' title='bbox 1789 4294 1915 4359; x_wconf 87' lang='lat' dir='ltr'><strong>sunt</strong></span> <span class='ocrx_word' id='word_1_603' title='bbox 1939 4284 2046 4340; x_wconf 90' lang='lat' dir='ltr'><strong>duo</strong></span> <span class='ocrx_word' id='word_1_604' title='bbox 2071 4299 2169 4339; x_wconf 85' lang='lat' dir='ltr'><strong>an-</strong></span> 
     </span>
    </p>
   </div>
   <div class='ocr_carea' id='block_1_73' title="bbox 568 4358 2170 4434">
    <p class='ocr_par' dir='ltr' id='par_1_73' title="bbox 568 4358 2170 4434">
     <span class='ocr_line' id='line_1_73' title="bbox 568 4358 2170 4434; baseline -0.006 -15"><span class='ocrx_word' id='word_1_605' title='bbox 568 4363 892 4434; x_wconf 86' lang='lat' dir='ltr'><strong>tiquissimi,</strong></span> <span class='ocrx_word' id='word_1_606' title='bbox 935 4362 1134 4431; x_wconf 86' lang='lat' dir='ltr'><strong>aliique</strong></span> <span class='ocrx_word' id='word_1_607' title='bbox 1164 4377 1284 4415; x_wconf 90' lang='lat' dir='ltr'><strong>eum</strong></span> <span class='ocrx_word' id='word_1_608' title='bbox 1313 4358 1361 4416; x_wconf 28' lang='lat'><strong>9’</strong></span> <span class='ocrx_word' id='word_1_609' title='bbox 1379 4360 1559 4434; x_wconf 82' lang='lat' dir='ltr'><strong>editis.</strong></span> <span class='ocrx_word' id='word_1_610' title='bbox 1605 4359 1803 4434; x_wconf 74' lang='lat' dir='ltr'><strong>scripti</strong></span> <span class='ocrx_word' id='word_1_611' title='bbox 1834 4358 1867 4412; x_wconf 88' lang='lat'><strong>6</strong></span> <span class='ocrx_word' id='word_1_612' title='bbox 1896 4372 2005 4412; x_wconf 89' lang='lat' dir='ltr'><strong>rec.</strong></span> <span class='ocrx_word' id='word_1_613' title='bbox 2050 4371 2170 4434; x_wconf 74' lang='lat' dir='ltr'><strong>cum</strong></span> 
     </span>
    </p>
   </div>
   <div class='ocr_carea' id='block_1_74' title="bbox 569 4428 3080 4501">
    <p class='ocr_par' dir='ltr' id='par_1_74' title="bbox 569 4428 3080 4501">
     <span class='ocr_line' id='line_1_74' title="bbox 569 4428 3080 4501; baseline -0.003 -11"><span class='ocrx_word' id='word_1_614' title='bbox 569 4428 792 4491; x_wconf 81' lang='lat' dir='ltr'><strong>toiidem</strong></span> <span class='ocrx_word' id='word_1_615' title='bbox 822 4428 1263 4488; x_wconf 38' lang='lat' dir='ltr'><strong>excusis—habent</strong></span> <span class='ocrx_word' id='word_1_616' title='bbox 1293 4432 1586 4494; x_wconf 88' lang='lat' dir='ltr'><strong>vocabitur;</strong></span> <span class='ocrx_word' id='word_1_617' title='bbox 1614 4432 1771 4485; x_wconf 89' lang='lat' dir='ltr'><strong>alteri</strong></span> <span class='ocrx_word' id='word_1_618' title='bbox 1805 4445 1913 4485; x_wconf 89' lang='lat' dir='ltr'><strong>rec.</strong></span> <span class='ocrx_word' id='word_1_619' title='bbox 1947 4428 2166 4483; x_wconf 87' lang='lat' dir='ltr'><strong>vocabis.</strong></span> <span class='ocrx_word' id='word_1_620' title='bbox 2200 4437 2254 4499; x_wconf 77' lang='lat'><strong>1)</strong></span> <span class='ocrx_word' id='word_1_621' title='bbox 2350 4429 2589 4484; x_wconf 84' lang='lat' dir='ltr'><strong>Ablutum</strong></span> <span class='ocrx_word' id='word_1_622' title='bbox 2629 4430 2827 4500; x_wconf 80' lang='lat' dir='ltr'><strong>perﬁdo</strong></span> <span class='ocrx_word' id='word_1_623' title='bbox 2869 4430 3080 4501; x_wconf 84' lang='lat' dir='ltr'><strong>populo.</strong></span> 
     </span>
    </p>
   </div>
   <div class='ocr_carea' id='block_1_75' title="bbox 568 4501 2168 4633">
    <p class='ocr_par' dir='ltr' id='par_1_75' title="bbox 568 4501 2168 4633">
     <span class='ocr_line' id='line_1_75' title="bbox 568 4501 2168 4633; baseline -0.005 -72"><span class='ocrx_word' id='word_1_624' title='bbox 568 4505 863 4633; x_wconf 53' lang='lat' dir='ltr'><strong>gfciﬂéIUd</strong></span> <span class='ocrx_word' id='word_1_625' title='bbox 891 4503 1086 4560; x_wconf 90' lang='lat' dir='ltr'><strong>Isaiam</strong></span> <span class='ocrx_word' id='word_1_626' title='bbox 1114 4519 1232 4575; x_wconf 89' lang='lat' dir='ltr'><strong>cap.</strong></span> <span class='ocrx_word' id='word_1_627' title='bbox 1261 4520 1354 4559; x_wconf 87' lang='lat' dir='ltr'><strong>vu.</strong></span> <span class='ocrx_word' id='word_1_628' title='bbox 1376 4502 1787 4559; x_wconf 72' lang='lat' dir='ltr'><strong>Vicht-eumum</strong></span> <span class='ocrx_word' id='word_1_629' title='bbox 1818 4501 1911 4556; x_wconf 91' lang='lat' dir='ltr'><strong>lih.</strong></span> <span class='ocrx_word' id='word_1_630' title='bbox 1940 4516 2019 4567; x_wconf 88' lang='grc' dir='ltr'>ιιι,</span> <span class='ocrx_word' id='word_1_631' title='bbox 2050 4514 2168 4569; x_wconf 88' lang='lat' dir='ltr'><strong>cap.</strong></span> 
     </span>
    </p>
   </div>
   <div class='ocr_carea' id='block_1_76' title="bbox 565 4578 792 4645">
    <p class='ocr_par' dir='ltr' id='par_1_76' title="bbox 565 4578 792 4645">
     <span class='ocr_line' id='line_1_76' title="bbox 565 4578 792 4645; baseline -0.004 -12"><span class='ocrx_word' id='word_1_632' title='bbox 565 4578 792 4645; x_wconf 67' lang='lat'><strong>24,16.</strong></span> 
     </span>
    </p>
   </div>
   <div class='ocr_carea' id='block_1_77' title="bbox 644 4646 2176 4717">
    <p class='ocr_par' dir='ltr' id='par_1_77' title="bbox 644 4646 2176 4717">
     <span class='ocr_line' id='line_1_77' title="bbox 644 4646 2176 4717; baseline -0.005 -14"><span class='ocrx_word' id='word_1_633' title='bbox 644 4650 745 4717; x_wconf 82' lang='lat' dir='ltr'><strong>Qui</strong></span> <span class='ocrx_word' id='word_1_634' title='bbox 768 4665 882 4703; x_wconf 87' lang='lat' dir='ltr'><strong>cum</strong></span> <span class='ocrx_word' id='word_1_635' title='bbox 899 4656 1226 4717; x_wconf 87' lang='lat' dir='ltr'><strong>negaverunt.</strong></span> <span class='ocrx_word' id='word_1_636' title='bbox 1253 4646 1329 4701; x_wconf 86' lang='lat' dir='ltr'><strong>Ita</strong></span> <span class='ocrx_word' id='word_1_637' title='bbox 1350 4660 1541 4702; x_wconf 89' lang='lat' dir='ltr'><strong>omnes</strong></span> <span class='ocrx_word' id='word_1_638' title='bbox 1565 4646 1692 4702; x_wconf 84' lang='lat' dir='ltr'><strong>editi</strong></span> <span class='ocrx_word' id='word_1_639' title='bbox 1723 4660 1845 4700; x_wconf 89' lang='lat' dir='ltr'><strong>cum</strong></span> <span class='ocrx_word' id='word_1_640' title='bbox 1875 4658 2005 4698; x_wconf 85' lang='lat' dir='ltr'><strong>mss.</strong></span> <span class='ocrx_word' id='word_1_641' title='bbox 2038 4657 2176 4717; x_wconf 67' lang='lat' dir='ltr'><strong>prm-</strong></span> 
     </span>
    </p>
   </div>
   <div class='ocr_carea' id='block_1_78' title="bbox 572 4714 2177 4791">
    <p class='ocr_par' dir='ltr' id='par_1_78' title="bbox 572 4714 2177 4791">
     <span class='ocr_line' id='line_1_78' title="bbox 572 4714 2177 4791; baseline -0.007 -15"><span class='ocrx_word' id='word_1_642' title='bbox 572 4714 715 4776; x_wconf 46' lang='lat' dir='ltr'><strong>ter&#39;2</strong></span> <span class='ocrx_word' id='word_1_643' title='bbox 742 4720 910 4791; x_wconf 83' lang='lat' dir='ltr'><strong>Reg.,</strong></span> <span class='ocrx_word' id='word_1_644' title='bbox 943 4714 1169 4773; x_wconf 84' lang='lat' dir='ltr'><strong>Torncs.</strong></span> <span class='ocrx_word' id='word_1_645' title='bbox 1193 4761 1207 4781; x_wconf 83' lang='grc'>,</span> <span class='ocrx_word' id='word_1_646' title='bbox 1237 4717 1275 4791; x_wconf 66' lang='lat'><strong>2</strong></span> <span class='ocrx_word' id='word_1_647' title='bbox 1299 4719 1541 4791; x_wconf 67' lang='lat' dir='ltr'><strong>Colbert.</strong></span> <span class='ocrx_word' id='word_1_648' title='bbox 1562 4759 1577 4784; x_wconf 95' lang='lat'><strong>,</strong></span> <span class='ocrx_word' id='word_1_649' title='bbox 1612 4721 1634 4772; x_wconf 86' lang='grc'><strong>1</strong></span> <span class='ocrx_word' id='word_1_650' title='bbox 1666 4717 1904 4791; x_wconf 79' lang='lat' dir='ltr'><strong>Claram.</strong></span> <span class='ocrx_word' id='word_1_651' title='bbox 1924 4754 1941 4780; x_wconf 92' lang='lat'><strong>,</strong></span> <span class='ocrx_word' id='word_1_652' title='bbox 1977 4714 2177 4791; x_wconf 71' lang='lat' dir='ltr'><strong>inqui-</strong></span> 
     </span>
    </p>
   </div>
   <div class='ocr_carea' id='block_1_79' title="bbox 571 4783 2176 4855">
    <p class='ocr_par' dir='ltr' id='par_1_79' title="bbox 571 4783 2176 4855">
     <span class='ocr_line' id='line_1_79' title="bbox 571 4783 2176 4855; baseline -0.006 -7"><span class='ocrx_word' id='word_1_653' title='bbox 571 4793 673 4848; x_wconf 89' lang='lat' dir='ltr'><strong>bus</strong></span> <span class='ocrx_word' id='word_1_654' title='bbox 702 4783 1175 4855; x_wconf 38' lang='lat' dir='ltr'><strong>estfnecaveruut.</strong></span> <span class='ocrx_word' id='word_1_655' title='bbox 1214 4790 1344 4844; x_wconf 85' lang='lat' dir='ltr'><strong>Vide</strong></span> <span class='ocrx_word' id='word_1_656' title='bbox 1373 4790 1622 4846; x_wconf 86' lang='lat' dir='ltr'><strong>eamdem</strong></span> <span class='ocrx_word' id='word_1_657' title='bbox 1664 4788 1993 4844; x_wconf 90' lang='lat' dir='ltr'><strong>locutionem</strong></span> <span class='ocrx_word' id='word_1_658' title='bbox 2036 4783 2176 4839; x_wconf 87' lang='lat' dir='ltr'><strong>infra</strong></span> 
     </span>
    </p>
   </div>
   <div class='ocr_carea' id='block_1_80' title="bbox 572 4864 814 4919">
    <p class='ocr_par' dir='ltr' id='par_1_80' title="bbox 572 4864 814 4919">
     <span class='ocr_line' id='line_1_80' title="bbox 572 4864 814 4919; baseline -0.012 0"><span class='ocrx_word' id='word_1_659' title='bbox 572 4879 691 4919; x_wconf 88' lang='lat' dir='ltr'><strong>can.</strong></span> <span class='ocrx_word' id='word_1_660' title='bbox 729 4864 814 4919; x_wconf 86' lang='grc'><strong>18.</strong></span> 
     </span>
    </p>
   </div>
   <div class='ocr_carea' id='block_1_81' title="bbox 640 4881 2174 5009">
    <p class='ocr_par' dir='ltr' id='par_1_81' title="bbox 640 4881 2174 5009">
     <span class='ocr_line' id='line_1_81' title="bbox 678 4881 814 4919; baseline -0.007 -2"><span class='ocrx_word' id='word_1_661' title='bbox 678 4905 691 4917; x_wconf 93' lang='grc'><strong>.</strong></span> <span class='ocrx_word' id='word_1_662' title='bbox 729 4881 814 4919; x_wconf 80' lang='grc' dir='ltr'><strong>ιδ.</strong></span> 
     </span>
     <span class='ocr_line' id='line_1_82' title="bbox 640 4881 2174 5009; baseline -0.005 -21"><span class='ocrx_word' id='word_1_663' title='bbox 640 4881 937 4990; x_wconf 54' lang='grc' dir='ltr'><strong>ιὶιειιιιιηιιει</strong></span> <span class='ocrx_word' id='word_1_664' title='bbox 957 4944 1123 5009; x_wconf 77' lang='lat' dir='ltr'><strong>autem</strong></span> <span class='ocrx_word' id='word_1_665' title='bbox 1153 4949 1412 5009; x_wconf 80' lang='lat' dir='ltr'><strong>nunquam</strong></span> <span class='ocrx_word' id='word_1_666' title='bbox 1435 4934 1684 4987; x_wconf 91' lang='lat' dir='ltr'><strong>vocitatus</strong></span> <span class='ocrx_word' id='word_1_667' title='bbox 1707 4941 1813 5009; x_wconf 74' lang='lat' dir='ltr'><strong>est,</strong></span> <span class='ocrx_word' id='word_1_668' title='bbox 1843 4938 1946 4985; x_wconf 85' lang='lat' dir='ltr'><strong>etc.</strong></span> <span class='ocrx_word' id='word_1_669' title='bbox 1975 4927 2174 5009; x_wconf 40' lang='lat' dir='ltr'><strong>.Verum</strong></span> 
     </span>
    </p>
   </div>
   <div class='ocr_carea' id='block_1_82' title="bbox 574 4997 2178 5076">
    <p class='ocr_par' dir='ltr' id='par_1_82' title="bbox 574 4997 2178 5076">
     <span class='ocr_line' id='line_1_83' title="bbox 574 4997 2178 5076; baseline -0.004 -16"><span class='ocrx_word' id='word_1_670' title='bbox 574 5016 657 5060; x_wconf 92' lang='lat' dir='ltr'><strong>cst</strong></span> <span class='ocrx_word' id='word_1_671' title='bbox 679 5022 948 5076; x_wconf 89' lang='lat' dir='ltr'><strong>nunquam</strong></span> <span class='ocrx_word' id='word_1_672' title='bbox 975 5005 1138 5061; x_wconf 78' lang='lat' dir='ltr'><strong>fuisse</strong></span> <span class='ocrx_word' id='word_1_673' title='bbox 1161 5007 1231 5060; x_wconf 89' lang='lat' dir='ltr'><strong>ita</strong></span> <span class='ocrx_word' id='word_1_674' title='bbox 1256 4997 1549 5060; x_wconf 75' lang='lat' dir='ltr'><strong>vocitatum</strong></span> <span class='ocrx_word' id='word_1_675' title='bbox 1575 4997 2178 5076; x_wconf 69' lang='lat' dir='ltr'><strong>nomiuepropriozscd</strong></span> 
     </span>
    </p>
   </div>
   <div class='ocr_carea' id='block_1_83' title="bbox 575 5069 2177 5140">
    <p class='ocr_par' dir='ltr' id='par_1_83' title="bbox 575 5069 2177 5140">
     <span class='ocr_line' id='line_1_84' title="bbox 575 5069 2177 5140; baseline -0.004 -10"><span class='ocrx_word' id='word_1_676' title='bbox 575 5088 785 5132; x_wconf 85' lang='lat' dir='ltr'><strong>certum</strong></span> <span class='ocrx_word' id='word_1_677' title='bbox 810 5069 990 5132; x_wconf 76' lang='lat' dir='ltr'><strong>lumen</strong></span> <span class='ocrx_word' id='word_1_678' title='bbox 1022 5090 1136 5140; x_wconf 87' lang='lat' dir='ltr'><strong>est,</strong></span> <span class='ocrx_word' id='word_1_679' title='bbox 1172 5078 1319 5131; x_wconf 90' lang='lat' dir='ltr'><strong>illum</strong></span> <span class='ocrx_word' id='word_1_680' title='bbox 1354 5075 1519 5131; x_wconf 84' lang='lat' dir='ltr'><strong>fuisse</strong></span> <span class='ocrx_word' id='word_1_681' title='bbox 1546 5090 1733 5130; x_wconf 87' lang='lat' dir='ltr'><strong>verum</strong></span> <span class='ocrx_word' id='word_1_682' title='bbox 1764 5069 2177 5128; x_wconf 82' lang='lat' dir='ltr'><strong>Einmanuelcm</strong></span> 
     </span>
    </p>
   </div>
   <div class='ocr_carea' id='block_1_84' title="bbox 579 5142 2177 5218">
    <p class='ocr_par' dir='ltr' id='par_1_84' title="bbox 579 5142 2177 5218">
     <span class='ocr_line' id='line_1_85' title="bbox 579 5142 2177 5218; baseline -0.004 -17"><span class='ocrx_word' id='word_1_683' title='bbox 579 5159 855 5214; x_wconf 90' lang='lat' dir='ltr'><strong>nostrum,</strong></span> <span class='ocrx_word' id='word_1_684' title='bbox 892 5163 999 5203; x_wconf 92' lang='lat' dir='ltr'><strong>non</strong></span> <span class='ocrx_word' id='word_1_685' title='bbox 1039 5148 1216 5218; x_wconf 87' lang='lat' dir='ltr'><strong>quoad</strong></span> <span class='ocrx_word' id='word_1_686' title='bbox 1259 5147 1675 5218; x_wconf 88' lang='lat' dir='ltr'><strong>appellationem</strong></span> <span class='ocrx_word' id='word_1_687' title='bbox 1718 5142 1952 5218; x_wconf 77' lang='lat' dir='ltr'><strong>nominis</strong></span> <span class='ocrx_word' id='word_1_688' title='bbox 1994 5150 2177 5218; x_wconf 77' lang='lat' dir='ltr'><strong>exter-</strong></span> 
     </span>
    </p>
   </div>
   <div class='ocr_carea' id='block_1_85' title="bbox 580 5213 2177 5286">
    <p class='ocr_par' dir='ltr' id='par_1_85' title="bbox 580 5213 2177 5286">
     <span class='ocr_line' id='line_1_86' title="bbox 580 5213 2177 5286; baseline -0.004 -14"><span class='ocrx_word' id='word_1_689' title='bbox 580 5234 741 5283; x_wconf 90' lang='lat' dir='ltr'><strong>nam,</strong></span> <span class='ocrx_word' id='word_1_690' title='bbox 773 5220 865 5273; x_wconf 86' lang='lat' dir='ltr'><strong>sed</strong></span> <span class='ocrx_word' id='word_1_691' title='bbox 896 5221 979 5275; x_wconf 86' lang='lat' dir='ltr'><strong>vel</strong></span> <span class='ocrx_word' id='word_1_692' title='bbox 1007 5213 1071 5274; x_wconf 87' lang='lat' dir='ltr'><strong>ad</strong></span> <span class='ocrx_word' id='word_1_693' title='bbox 1103 5213 1445 5274; x_wconf 75' lang='lat' dir='ltr'><strong>efﬁcientiam</strong></span> <span class='ocrx_word' id='word_1_694' title='bbox 1465 5260 1480 5283; x_wconf 92' lang='lat'><strong>,</strong></span> <span class='ocrx_word' id='word_1_695' title='bbox 1522 5218 1608 5273; x_wconf 89' lang='lat' dir='ltr'><strong>vel</strong></span> <span class='ocrx_word' id='word_1_696' title='bbox 1649 5217 1715 5272; x_wconf 90' lang='lat' dir='ltr'><strong>ad</strong></span> <span class='ocrx_word' id='word_1_697' title='bbox 1759 5213 2177 5286; x_wconf 83' lang='lat' dir='ltr'><strong>applicationetn</strong></span> 
     </span>
    </p>
   </div>
   <div class='ocr_carea' id='block_1_86' title="bbox 580 5290 1708 5360">
    <p class='ocr_par' dir='ltr' id='par_1_86' title="bbox 580 5290 1708 5360">
     <span class='ocr_line' id='line_1_87' title="bbox 580 5290 1708 5360; baseline -0.002 -16"><span class='ocrx_word' id='word_1_698' title='bbox 580 5291 691 5360; x_wconf 84' lang='lat' dir='ltr'><strong>rei,</strong></span> <span class='ocrx_word' id='word_1_699' title='bbox 719 5303 840 5357; x_wconf 72' lang='lat' dir='ltr'><strong>qua:</strong></span> <span class='ocrx_word' id='word_1_700' title='bbox 870 5305 965 5359; x_wconf 88' lang='lat' dir='ltr'><strong>per</strong></span> <span class='ocrx_word' id='word_1_701' title='bbox 993 5306 1188 5345; x_wconf 89' lang='lat' dir='ltr'><strong>nomen</strong></span> <span class='ocrx_word' id='word_1_702' title='bbox 1217 5290 1344 5345; x_wconf 93' lang='lat' dir='ltr'><strong>illud</strong></span> <span class='ocrx_word' id='word_1_703' title='bbox 1377 5290 1708 5360; x_wconf 86' lang='lat' dir='ltr'><strong>designatur.</strong></span> 
     </span>
    </p>
   </div>
   <div class='ocr_carea' id='block_1_87' title="bbox 658 5359 1856 5431">
    <p class='ocr_par' dir='ltr' id='par_1_87' title="bbox 658 5359 1856 5431">
     <span class='ocr_line' id='line_1_88' title="bbox 658 5359 1856 5431; baseline 0.001 -20"><span class='ocrx_word' id='word_1_704' title='bbox 658 5359 759 5426; x_wconf 82' lang='lat' dir='ltr'><strong>Qui</strong></span> <span class='ocrx_word' id='word_1_705' title='bbox 784 5362 1062 5415; x_wconf 88' lang='lat' dir='ltr'><strong>suscitavit.</strong></span> <span class='ocrx_word' id='word_1_706' title='bbox 1094 5361 1192 5415; x_wconf 87' lang='lat' dir='ltr'><strong>Ms.</strong></span> <span class='ocrx_word' id='word_1_707' title='bbox 1226 5364 1248 5417; x_wconf 92' lang='grc'><strong>1</strong></span> <span class='ocrx_word' id='word_1_708' title='bbox 1283 5359 1689 5431; x_wconf 83' lang='lat' dir='ltr'><strong>Bonou.antiq.</strong></span> <span class='ocrx_word' id='word_1_709' title='bbox 1719 5360 1856 5431; x_wconf 80' lang='lat' dir='ltr'><strong>quia.</strong></span> 
     </span>
    </p>
   </div>
   <div class='ocr_carea' id='block_1_88' title="bbox 657 5428 2179 5504">
    <p class='ocr_par' dir='ltr' id='par_1_88' title="bbox 657 5428 2179 5504">
     <span class='ocr_line' id='line_1_89' title="bbox 657 5428 2179 5504; baseline -0.002 -18"><span class='ocrx_word' id='word_1_710' title='bbox 657 5431 931 5504; x_wconf 83' lang='lat' dir='ltr'><strong>Suscitavit</strong></span> <span class='ocrx_word' id='word_1_711' title='bbox 956 5437 1019 5486; x_wconf 88' lang='lat' dir='ltr'><strong>de</strong></span> <span class='ocrx_word' id='word_1_712' title='bbox 1044 5442 1176 5486; x_wconf 87' lang='lat' dir='ltr'><strong>terra</strong></span> <span class='ocrx_word' id='word_1_713' title='bbox 1201 5442 1452 5504; x_wconf 86' lang='lat' dir='ltr'><strong>pastorem</strong></span> <span class='ocrx_word' id='word_1_714' title='bbox 1479 5428 1666 5487; x_wconf 72' lang='lat' dir='ltr'><strong>ovium.</strong></span> <span class='ocrx_word' id='word_1_715' title='bbox 1690 5428 1795 5486; x_wconf 89' lang='lat' dir='ltr'><strong>Pro</strong></span> <span class='ocrx_word' id='word_1_716' title='bbox 1826 5429 1887 5482; x_wconf 85' lang='lat' dir='ltr'><strong>de</strong></span> <span class='ocrx_word' id='word_1_717' title='bbox 1913 5440 2066 5495; x_wconf 87' lang='lat' dir='ltr'><strong>terra,</strong></span> <span class='ocrx_word' id='word_1_718' title='bbox 2097 5428 2179 5483; x_wconf 89' lang='lat' dir='ltr'><strong>le-</strong></span> 
     </span>
    </p>
   </div>
   <div class='ocr_carea' id='block_1_89' title="bbox 581 5502 2176 5574">
    <p class='ocr_par' dir='ltr' id='par_1_89' title="bbox 581 5502 2176 5574">
     <span class='ocr_line' id='line_1_90' title="bbox 581 5502 2176 5574; baseline -0.003 -18"><span class='ocrx_word' id='word_1_719' title='bbox 581 5502 730 5574; x_wconf 86' lang='lat' dir='ltr'><strong>gitur</strong></span> <span class='ocrx_word' id='word_1_720' title='bbox 754 5502 891 5571; x_wconf 88' lang='lat' dir='ltr'><strong>apud</strong></span> <span class='ocrx_word' id='word_1_721' title='bbox 918 5519 1048 5574; x_wconf 63' lang='lat' dir='ltr'><strong>an,</strong></span> <span class='ocrx_word' id='word_1_722' title='bbox 1078 5502 1254 5559; x_wconf 63' lang='lat' dir='ltr'><strong>eduxit</strong></span> <span class='ocrx_word' id='word_1_723' title='bbox 1280 5505 1343 5557; x_wconf 92' lang='lat' dir='ltr'><strong>de</strong></span> <span class='ocrx_word' id='word_1_724' title='bbox 1371 5506 1520 5569; x_wconf 89' lang='lat' dir='ltr'><strong>mari,</strong></span> <span class='ocrx_word' id='word_1_725' title='bbox 1553 5505 1605 5558; x_wconf 81' lang='grc' dir='ltr'><strong>ἐκ</strong></span> <span class='ocrx_word' id='word_1_726' title='bbox 1627 5513 1721 5564; x_wconf 81' lang='grc' dir='ltr'><strong>τῆς</strong></span> <span class='ocrx_word' id='word_1_727' title='bbox 1743 5503 2022 5567; x_wconf 74' lang='grc' dir='ltr'><strong>θαλάσσης,</strong></span> <span class='ocrx_word' id='word_1_728' title='bbox 2056 5516 2176 5574; x_wconf 81' lang='lat' dir='ltr'><strong>pas-</strong></span> 
     </span>
    </p>
   </div>
   <div class='ocr_carea' id='block_1_90' title="bbox 584 5571 2178 5631">
    <p class='ocr_par' dir='ltr' id='par_1_90' title="bbox 584 5571 2178 5631">
     <span class='ocr_line' id='line_1_91' title="bbox 584 5571 2178 5631; baseline -0.001 -3"><span class='ocrx_word' id='word_1_729' title='bbox 584 5571 744 5628; x_wconf 77' lang='lat' dir='ltr'><strong>torem</strong></span> <span class='ocrx_word' id='word_1_730' title='bbox 770 5574 955 5626; x_wconf 77' lang='lat' dir='ltr'><strong>ovium.</strong></span> <span class='ocrx_word' id='word_1_731' title='bbox 989 5573 1063 5627; x_wconf 88' lang='lat' dir='ltr'><strong>Ita</strong></span> <span class='ocrx_word' id='word_1_732' title='bbox 1091 5575 1250 5628; x_wconf 89' lang='lat' dir='ltr'><strong>etiam</strong></span> <span class='ocrx_word' id='word_1_733' title='bbox 1284 5576 1540 5631; x_wconf 76' lang='lat' dir='ltr'><strong>Hebrmus</strong></span> <span class='ocrx_word' id='word_1_734' title='bbox 1569 5584 1625 5630; x_wconf 88' lang='lat' dir='ltr'><strong>et</strong></span> <span class='ocrx_word' id='word_1_735' title='bbox 1651 5576 1707 5630; x_wconf 89' lang='lat' dir='ltr'><strong>S.</strong></span> <span class='ocrx_word' id='word_1_736' title='bbox 1738 5574 2097 5631; x_wconf 72' lang='lat' dir='ltr'><strong>llierouvmus</strong></span> <span class='ocrx_word' id='word_1_737' title='bbox 2126 5571 2178 5626; x_wconf 90' lang='lat' dir='ltr'><strong>in</strong></span> 
     </span>
    </p>
   </div>
   <div class='ocr_carea' id='block_1_91' title="bbox 584 5643 2180 5768">
    <p class='ocr_par' dir='ltr' id='par_1_91' title="bbox 584 5643 2180 5768">
     <span class='ocr_line' id='line_1_92' title="bbox 584 5643 2180 5768; baseline -0.003 -67"><span class='ocrx_word' id='word_1_738' title='bbox 584 5660 681 5701; x_wconf 91' lang='lat' dir='ltr'><strong>sua</strong></span> <span class='ocrx_word' id='word_1_739' title='bbox 717 5659 859 5699; x_wconf 87' lang='lat' dir='ltr'><strong>vers.</strong></span> <span class='ocrx_word' id='word_1_740' title='bbox 890 5643 947 5697; x_wconf 90' lang='lat' dir='ltr'><strong>In</strong></span> <span class='ocrx_word' id='word_1_741' title='bbox 980 5647 1226 5709; x_wconf 67' lang='lat' dir='ltr'><strong>caneris,</strong></span> <span class='ocrx_word' id='word_1_742' title='bbox 1270 5648 1327 5701; x_wconf 74' lang='grc' dir='ltr'><em>ἐκ</em></span> <span class='ocrx_word' id='word_1_743' title='bbox 1349 5656 1442 5709; x_wconf 76' lang='grc' dir='ltr'><strong>τῆς</strong></span> <span class='ocrx_word' id='word_1_744' title='bbox 1466 5656 1592 5720; x_wconf 74' lang='grc' dir='ltr'><strong>γῆς,</strong></span> <span class='ocrx_word' id='word_1_745' title='bbox 1634 5656 1689 5701; x_wconf 87' lang='grc' dir='ltr'><strong>ει</strong></span> <span class='ocrx_word' id='word_1_746' title='bbox 1727 5645 1870 5768; x_wconf 70' lang='lat' dir='ltr'><strong>apud</strong></span> <span class='ocrx_word' id='word_1_747' title='bbox 1912 5643 2180 5768; x_wconf 44' lang='lat' dir='ltr'><strong>Hieron?-</strong></span> 
     </span>
     <span class='ocr_line' id='line_1_93' title="bbox 584 5714 2180 5768; baseline 0 0"><span class='ocrx_word' id='word_1_748' title='bbox 584 5731 729 5768; x_wconf 83' lang='lat' dir='ltr'><strong>mum</strong></span> <span class='ocrx_word' id='word_1_749' title='bbox 758 5715 820 5768; x_wconf 88' lang='lat' dir='ltr'><strong>de</strong></span> <span class='ocrx_word' id='word_1_750' title='bbox 840 5726 991 5768; x_wconf 87' lang='lat' dir='ltr'><strong>terra.</strong></span> <span class='ocrx_word' id='word_1_751' title='bbox 1017 5714 1170 5768; x_wconf 86' lang='lat' dir='ltr'><strong>Hunc</strong></span> <span class='ocrx_word' id='word_1_752' title='bbox 1196 5719 1369 5768; x_wconf 89' lang='lat' dir='ltr'><strong>locum</strong></span> <span class='ocrx_word' id='word_1_753' title='bbox 1392 5760 1407 5768; x_wconf 89' lang='lat'><strong>-</strong></span> <span class='ocrx_word' id='word_1_754' title='bbox 1434 5734 1592 5768; x_wconf 74' lang='lat' dir='ltr'><strong>autem</strong></span> <span class='ocrx_word' id='word_1_755' title='bbox 1615 5718 1681 5768; x_wconf 91' lang='lat' dir='ltr'><strong>ad</strong></span> <span class='ocrx_word' id='word_1_756' title='bbox 1701 5732 1762 5768; x_wconf 84' lang='lat' dir='ltr'><strong>ea</strong></span> <span class='ocrx_word' id='word_1_757' title='bbox 1785 5731 1902 5768; x_wconf 87' lang='lat' dir='ltr'><strong>cem</strong></span> <span class='ocrx_word' id='word_1_758' title='bbox 1927 5716 2109 5768; x_wconf 83' lang='lat' dir='ltr'><strong>Euisto</strong></span> <span class='ocrx_word' id='word_1_759' title='bbox 2135 5730 2180 5768; x_wconf 71' lang='lat' dir='ltr'><strong>te</strong></span> 
     </span>
    </p>
   </div>
   <div class='ocr_carea' id='block_1_92' title="bbox 584 5661 2181 5789">
    <p class='ocr_par' dir='ltr' id='par_1_92' title="bbox 584 5661 2181 5789">
     <span class='ocr_line' id='line_1_94' title="bbox 584 5661 2180 5771; baseline -0.003 -70"><span class='ocrx_word' id='word_1_760' title='bbox 584 5661 681 5701; x_wconf 90' lang='lat' dir='ltr'><strong>sua</strong></span> <span class='ocrx_word' id='word_1_761' title='bbox 717 5661 859 5699; x_wconf 88' lang='lat' dir='ltr'><strong>vers.</strong></span> <span class='ocrx_word' id='word_1_762' title='bbox 890 5661 947 5697; x_wconf 87' lang='grc' dir='ltr'><strong>ιιι</strong></span> <span class='ocrx_word' id='word_1_763' title='bbox 980 5661 1226 5709; x_wconf 70' lang='lat' dir='ltr'><strong>caneris,</strong></span> <span class='ocrx_word' id='word_1_764' title='bbox 1270 5661 1327 5701; x_wconf 72' lang='grc' dir='ltr'>εκ</span> <span class='ocrx_word' id='word_1_765' title='bbox 1349 5661 1442 5709; x_wconf 78' lang='grc' dir='ltr'><strong>τῆς</strong></span> <span class='ocrx_word' id='word_1_766' title='bbox 1466 5661 1592 5720; x_wconf 72' lang='grc' dir='ltr'><strong>γῆς,</strong></span> <span class='ocrx_word' id='word_1_767' title='bbox 1634 5661 1689 5701; x_wconf 83' lang='grc' dir='ltr'><strong>ει</strong></span> <span class='ocrx_word' id='word_1_768' title='bbox 1727 5661 1870 5771; x_wconf 71' lang='lat' dir='ltr'><strong>apud</strong></span> <span class='ocrx_word' id='word_1_769' title='bbox 1912 5661 2180 5768; x_wconf 48' lang='lat' dir='ltr'><strong>nter-ong-</strong></span> 
     </span>
     <span class='ocr_line' id='line_1_95' title="bbox 584 5714 2181 5789; baseline -0.002 -17"><span class='ocrx_word' id='word_1_770' title='bbox 584 5731 741 5789; x_wconf 68' lang='lat' dir='ltr'><strong>mutn</strong></span> <span class='ocrx_word' id='word_1_771' title='bbox 758 5715 820 5789; x_wconf 83' lang='lat' dir='ltr'><strong>de</strong></span> <span class='ocrx_word' id='word_1_772' title='bbox 840 5714 1170 5789; x_wconf 83' lang='lat' dir='ltr'><strong>terra._Huuc</strong></span> <span class='ocrx_word' id='word_1_773' title='bbox 1196 5719 1369 5772; x_wconf 91' lang='lat' dir='ltr'><strong>locum</strong></span> <span class='ocrx_word' id='word_1_774' title='bbox 1392 5760 1407 5786; x_wconf 91' lang='lat'><strong>,</strong></span> <span class='ocrx_word' id='word_1_775' title='bbox 1434 5734 1592 5789; x_wconf 88' lang='lat' dir='ltr'><strong>quem</strong></span> <span class='ocrx_word' id='word_1_776' title='bbox 1615 5718 1681 5773; x_wconf 90' lang='lat' dir='ltr'><strong>ad</strong></span> <span class='ocrx_word' id='word_1_777' title='bbox 1701 5732 1762 5771; x_wconf 84' lang='lat' dir='ltr'><strong>ea</strong></span> <span class='ocrx_word' id='word_1_778' title='bbox 1785 5731 1902 5773; x_wconf 90' lang='lat' dir='ltr'><strong>cem</strong></span> <span class='ocrx_word' id='word_1_779' title='bbox 1927 5716 2109 5789; x_wconf 72' lang='lat' dir='ltr'><strong>Episto</strong></span> <span class='ocrx_word' id='word_1_780' title='bbox 2135 5730 2181 5769; x_wconf 74' lang='grc' dir='ltr'>εε</span> 
     </span>
    </p>
   </div>
   <div class='ocr_carea' id='block_1_93' title="bbox 591 5786 2182 5859">
    <p class='ocr_par' dir='ltr' id='par_1_93' title="bbox 591 5786 2182 5859">
     <span class='ocr_line' id='line_1_96' title="bbox 591 5786 2182 5859; baseline 0 -18"><span class='ocrx_word' id='word_1_781' title='bbox 591 5788 659 5842; x_wconf 89' lang='lat' dir='ltr'><strong>ad</strong></span> <span class='ocrx_word' id='word_1_782' title='bbox 700 5787 955 5843; x_wconf 63' lang='lat' dir='ltr'><strong>lli-bimus</strong></span> <span class='ocrx_word' id='word_1_783' title='bbox 993 5786 1195 5843; x_wconf 84' lang='lat' dir='ltr'><strong>Paulus</strong></span> <span class='ocrx_word' id='word_1_784' title='bbox 1233 5786 1535 5859; x_wconf 76' lang='lat' dir='ltr'><strong>respexisse</strong></span> <span class='ocrx_word' id='word_1_785' title='bbox 1573 5791 1786 5845; x_wconf 85' lang='lat' dir='ltr'><strong>videtur</strong></span> <span class='ocrx_word' id='word_1_786' title='bbox 1825 5786 1983 5859; x_wconf 88' lang='lat' dir='ltr'><strong>paulo</strong></span> <span class='ocrx_word' id='word_1_787' title='bbox 2023 5786 2182 5841; x_wconf 87' lang='lat' dir='ltr'><strong>aliter</strong></span> 
     </span>
    </p>
   </div>
   <div class='ocr_carea' id='block_1_94' title="bbox 2261 2928 3810 3001">
    <p class='ocr_par' dir='ltr' id='par_1_94' title="bbox 2261 2928 3810 3001">
     <span class='ocr_line' id='line_1_97' title="bbox 2261 2928 3810 3001; baseline -0.003 -17"><span class='ocrx_word' id='word_1_788' title='bbox 2261 2930 2517 3000; x_wconf 81' lang='lat' dir='ltr'><strong>protulit:</strong></span> <span class='ocrx_word' id='word_1_789' title='bbox 2548 2928 2688 2985; x_wconf 89' lang='lat' dir='ltr'><strong>Deus</strong></span> <span class='ocrx_word' id='word_1_790' title='bbox 2710 2970 2723 2984; x_wconf 93' lang='lat'><strong>.</strong></span> <span class='ocrx_word' id='word_1_791' title='bbox 2748 2971 2761 2985; x_wconf 94' lang='lat'><strong>.</strong></span> <span class='ocrx_word' id='word_1_792' title='bbox 2790 2968 2804 2982; x_wconf 95' lang='lat'><strong>.</strong></span> <span class='ocrx_word' id='word_1_793' title='bbox 2832 2931 2919 3000; x_wconf 87' lang='lat' dir='ltr'><strong>qui</strong></span> <span class='ocrx_word' id='word_1_794' title='bbox 2948 2930 3124 2986; x_wconf 66' lang='lat' dir='ltr'><strong>eduxit</strong></span> <span class='ocrx_word' id='word_1_795' title='bbox 3149 2931 3214 2986; x_wconf 88' lang='lat' dir='ltr'><strong>de</strong></span> <span class='ocrx_word' id='word_1_796' title='bbox 3239 2931 3455 2987; x_wconf 85' lang='lat' dir='ltr'><strong>mortuis</strong></span> <span class='ocrx_word' id='word_1_797' title='bbox 3478 2939 3707 3001; x_wconf 89' lang='lat' dir='ltr'><strong>pastorem</strong></span> <span class='ocrx_word' id='word_1_798' title='bbox 3728 2943 3810 2981; x_wconf 82' lang='lat' dir='ltr'><strong>nta-</strong></span> 
     </span>
    </p>
   </div>
   <div class='ocr_carea' id='block_1_95' title="bbox 2185 3002 3809 3105">
    <p class='ocr_par' dir='ltr' id='par_1_95' title="bbox 2185 3002 3809 3105">
     <span class='ocr_line' id='line_1_98' title="bbox 2185 3002 3809 3105; baseline -0.001 -50"><span class='ocrx_word' id='word_1_799' title='bbox 2185 3041 2231 3105; x_wconf 80' lang='lat' dir='ltr'>C</span> <span class='ocrx_word' id='word_1_800' title='bbox 2261 3019 2416 3085; x_wconf 76' lang='lat' dir='ltr'><strong>gnum</strong></span> <span class='ocrx_word' id='word_1_801' title='bbox 2446 3002 2611 3057; x_wconf 88' lang='lat' dir='ltr'><strong>ovium</strong></span> <span class='ocrx_word' id='word_1_802' title='bbox 2631 3043 2646 3069; x_wconf 94' lang='lat'><strong>,</strong></span> <span class='ocrx_word' id='word_1_803' title='bbox 2680 3004 2706 3057; x_wconf 79' lang='grc' dir='ltr'>ὁ</span> <span class='ocrx_word' id='word_1_804' title='bbox 2732 3004 2991 3077; x_wconf 61' lang='lat' dir='ltr'><strong>divae/c2wa</strong></span> <span class='ocrx_word' id='word_1_805' title='bbox 3020 3010 3072 3059; x_wconf 75' lang='grc' dir='ltr'>ικ</span> <span class='ocrx_word' id='word_1_806' title='bbox 3101 3012 3310 3077; x_wconf 77' lang='grc' dir='ltr'><strong>νεκρῶν.</strong></span> <span class='ocrx_word' id='word_1_807' title='bbox 3361 3004 3496 3060; x_wconf 79' lang='lat' dir='ltr'><strong>Vide</strong></span> <span class='ocrx_word' id='word_1_808' title='bbox 3530 3002 3702 3059; x_wconf 86' lang='lat' dir='ltr'><strong>Isaiam</strong></span> <span class='ocrx_word' id='word_1_809' title='bbox 3739 3014 3809 3054; x_wconf 81' lang='lat' dir='ltr'><strong>ca-</strong></span> 
     </span>
     <span class='ocr_line' id='line_1_99' title="bbox 2267 3084 2798 3105; baseline 0 0"><span class='ocrx_word' id='word_1_810' title='bbox 2267 3084 2375 3105; x_wconf 73' lang='grc' dir='ltr'><strong>ιὶιΙΛ</strong></span> <span class='ocrx_word' id='word_1_811' title='bbox 2403 3084 2527 3105; x_wconf 63' lang='grc' dir='ltr'><strong>σιριιι</strong></span> <span class='ocrx_word' id='word_1_812' title='bbox 2554 3084 2641 3105; x_wconf 72' lang='grc' dir='ltr'><strong>ΛΙη</strong></span> <span class='ocrx_word' id='word_1_813' title='bbox 2695 3090 2798 3105; x_wconf 58' lang='lat' dir='ltr'><strong>VII!</strong></span> 
     </span>
    </p>
   </div>
   <div class='ocr_carea' id='block_1_96' title="bbox 2267 3075 2819 3143">
    <p class='ocr_par' dir='ltr' id='par_1_96' title="bbox 2267 3075 2819 3143">
     <span class='ocr_line' id='line_1_100' title="bbox 2267 3075 2819 3143; baseline -0.002 -16"><span class='ocrx_word' id='word_1_814' title='bbox 2267 3075 2375 3143; x_wconf 82' lang='lat' dir='ltr'><strong>pile</strong></span> <span class='ocrx_word' id='word_1_815' title='bbox 2403 3084 2529 3128; x_wconf 67' lang='grc' dir='ltr'>ιςιιι</span> <span class='ocrx_word' id='word_1_816' title='bbox 2554 3084 2664 3143; x_wconf 91' lang='lat' dir='ltr'><strong>atq.</strong></span> <span class='ocrx_word' id='word_1_817' title='bbox 2695 3090 2819 3129; x_wconf 69' lang='lat' dir='ltr'><strong>XLV.</strong></span> 
     </span>
    </p>
   </div>
   <div class='ocr_carea' id='block_1_97' title="bbox 2342 3139 3811 3215">
    <p class='ocr_par' dir='ltr' id='par_1_97' title="bbox 2342 3139 3811 3215">
     <span class='ocr_line' id='line_1_101' title="bbox 2342 3139 3811 3215; baseline -0.003 -18"><span class='ocrx_word' id='word_1_818' title='bbox 2342 3143 2451 3215; x_wconf 63' lang='lat' dir='ltr'><strong>ligo</strong></span> <span class='ocrx_word' id='word_1_819' title='bbox 2481 3146 2615 3198; x_wconf 88' lang='lat' dir='ltr'><strong>enim</strong></span> <span class='ocrx_word' id='word_1_820' title='bbox 2629 3139 2881 3198; x_wconf 51' lang='lat' dir='ltr'><strong>&#39;dominus</strong></span> <span class='ocrx_word' id='word_1_821' title='bbox 2914 3143 3053 3200; x_wconf 87' lang='lat' dir='ltr'><strong>Deus</strong></span> <span class='ocrx_word' id='word_1_822' title='bbox 3082 3145 3248 3199; x_wconf 87' lang='lat' dir='ltr'><strong>creavi</strong></span> <span class='ocrx_word' id='word_1_823' title='bbox 3271 3188 3285 3205; x_wconf 92' lang='lat'><strong>.</strong></span> <span class='ocrx_word' id='word_1_824' title='bbox 3319 3155 3427 3202; x_wconf 89' lang='lat' dir='ltr'><strong>etc.</strong></span> <span class='ocrx_word' id='word_1_825' title='bbox 3470 3146 3580 3201; x_wconf 75' lang='lat' dir='ltr'><strong>Non</strong></span> <span class='ocrx_word' id='word_1_826' title='bbox 3609 3139 3811 3215; x_wconf 81' lang='lat' dir='ltr'><strong>estquod</strong></span> 
     </span>
    </p>
   </div>
   <div class='ocr_carea' id='block_1_98' title="bbox 2265 3214 3812 3284">
    <p class='ocr_par' dir='ltr' id='par_1_98' title="bbox 2265 3214 3812 3284">
     <span class='ocr_line' id='line_1_102' title="bbox 2265 3214 3812 3284; baseline -0.003 -15"><span class='ocrx_word' id='word_1_827' title='bbox 2265 3214 2504 3271; x_wconf 86' lang='lat' dir='ltr'><strong>somnies</strong></span> <span class='ocrx_word' id='word_1_828' title='bbox 2544 3218 2637 3270; x_wconf 85' lang='lat' dir='ltr'><strong>tibi</strong></span> <span class='ocrx_word' id='word_1_829' title='bbox 2679 3224 2918 3270; x_wconf 89' lang='lat' dir='ltr'><strong>creatum</strong></span> <span class='ocrx_word' id='word_1_830' title='bbox 2966 3217 3253 3284; x_wconf 80' lang='lat' dir='ltr'><strong>quemdam</strong></span> <span class='ocrx_word' id='word_1_831' title='bbox 3308 3219 3402 3273; x_wconf 87' lang='lat' dir='ltr'><strong>Dei</strong></span> <span class='ocrx_word' id='word_1_832' title='bbox 3446 3217 3658 3273; x_wconf 83' lang='lat' dir='ltr'><strong>Filium:</strong></span> <span class='ocrx_word' id='word_1_833' title='bbox 3697 3214 3812 3282; x_wconf 82' lang='lat' dir='ltr'><strong>cujus</strong></span> 
     </span>
    </p>
   </div>
   <div class='ocr_carea' id='block_1_99' title="bbox 2266 3286 3812 3361">
    <p class='ocr_par' dir='ltr' id='par_1_99' title="bbox 2266 3286 3812 3361">
     <span class='ocr_line' id='line_1_103' title="bbox 2266 3286 3812 3361; baseline -0.003 -21"><span class='ocrx_word' id='word_1_834' title='bbox 2266 3291 2467 3361; x_wconf 81' lang='lat' dir='ltr'><strong>erroris</strong></span> <span class='ocrx_word' id='word_1_835' title='bbox 2514 3287 2732 3343; x_wconf 87' lang='lat' dir='ltr'><strong>arcendi</strong></span> <span class='ocrx_word' id='word_1_836' title='bbox 2775 3303 2936 3361; x_wconf 83' lang='lat' dir='ltr'><strong>causa</strong></span> <span class='ocrx_word' id='word_1_837' title='bbox 2963 3286 3198 3361; x_wconf 79' lang='lat' dir='ltr'><strong>_Nic:cna</strong></span> <span class='ocrx_word' id='word_1_838' title='bbox 3243 3293 3485 3361; x_wconf 84' lang='lat' dir='ltr'><strong>synodus</strong></span> <span class='ocrx_word' id='word_1_839' title='bbox 3523 3288 3736 3346; x_wconf 86' lang='lat' dir='ltr'><strong>curavit.</strong></span> <span class='ocrx_word' id='word_1_840' title='bbox 3770 3291 3812 3337; x_wconf 87' lang='grc' dir='ltr'><strong>ιιι</strong></span> 
     </span>
    </p>
   </div>
   <div class='ocr_carea' id='block_1_100' title="bbox 2267 3358 3809 3431">
    <p class='ocr_par' dir='ltr' id='par_1_100' title="bbox 2267 3358 3809 3431">
     <span class='ocr_line' id='line_1_104' title="bbox 2267 3358 3809 3431; baseline 0.001 -19"><span class='ocrx_word' id='word_1_841' title='bbox 2267 3358 2525 3426; x_wconf 89' lang='lat' dir='ltr'><strong>deinceps</strong></span> <span class='ocrx_word' id='word_1_842' title='bbox 2567 3361 2618 3412; x_wconf 92' lang='lat' dir='ltr'><strong>in</strong></span> <span class='ocrx_word' id='word_1_843' title='bbox 2670 3358 2916 3431; x_wconf 85' lang='lat' dir='ltr'><strong>symbolo</strong></span> <span class='ocrx_word' id='word_1_844' title='bbox 2946 3358 3217 3431; x_wconf 72' lang='lat' dir='ltr'><strong>diceretur</strong></span> <span class='ocrx_word' id='word_1_845' title='bbox 3245 3358 3598 3424; x_wconf 59' lang='lat' dir='ltr'><strong>{rt-meam,</strong></span> <span class='ocrx_word' id='word_1_846' title='bbox 3620 3362 3673 3431; x_wconf 68' lang='lat' dir='ltr'><strong>mi</strong></span> <span class='ocrx_word' id='word_1_847' title='bbox 3698 3378 3809 3414; x_wconf 75' lang='grc' dir='ltr'><strong>ποιη-</strong></span> 
     </span>
    </p>
   </div>
   <div class='ocr_carea' id='block_1_101' title="bbox 2267 3429 3811 3501">
    <p class='ocr_par' dir='ltr' id='par_1_101' title="bbox 2267 3429 3811 3501">
     <span class='ocr_line' id='line_1_105' title="bbox 2267 3429 3811 3501; baseline -0.005 -17"><span class='ocrx_word' id='word_1_848' title='bbox 2267 3432 2429 3487; x_wconf 82' lang='grc' dir='ltr'>θιντα.</span> <span class='ocrx_word' id='word_1_849' title='bbox 2462 3431 2539 3485; x_wconf 84' lang='lat' dir='ltr'><strong>De</strong></span> <span class='ocrx_word' id='word_1_850' title='bbox 2560 3445 2668 3500; x_wconf 90' lang='lat' dir='ltr'><strong>quo</strong></span> <span class='ocrx_word' id='word_1_851' title='bbox 2699 3429 2810 3499; x_wconf 77' lang='lat' dir='ltr'><strong>lege</strong></span> <span class='ocrx_word' id='word_1_852' title='bbox 2839 3430 3019 3485; x_wconf 82' lang='lat' dir='ltr'><strong>Basilii</strong></span> <span class='ocrx_word' id='word_1_853' title='bbox 3051 3432 3339 3501; x_wconf 82' lang='lat' dir='ltr'><strong>epistolam</strong></span> <span class='ocrx_word' id='word_1_854' title='bbox 3386 3433 3451 3487; x_wconf 91' lang='lat' dir='ltr'><strong>ad</strong></span> <span class='ocrx_word' id='word_1_855' title='bbox 3486 3429 3811 3501; x_wconf 79' lang='lat' dir='ltr'><strong>Antiochenscs</strong></span> 
     </span>
    </p>
   </div>
   <div class='ocr_carea' id='block_1_102' title="bbox 2270 3498 3810 3572">
    <p class='ocr_par' dir='ltr' id='par_1_102' title="bbox 2270 3498 3810 3572">
     <span class='ocr_line' id='line_1_106' title="bbox 2270 3498 3810 3572; baseline -0.005 -16"><span class='ocrx_word' id='word_1_856' title='bbox 2270 3501 2547 3570; x_wconf 89' lang='lat' dir='ltr'><strong>scriptam.</strong></span> <span class='ocrx_word' id='word_1_857' title='bbox 2573 3498 2627 3556; x_wconf 84' lang='lat' dir='ltr'><strong>et</strong></span> <span class='ocrx_word' id='word_1_858' title='bbox 2658 3498 2817 3555; x_wconf 87' lang='lat' dir='ltr'><strong>aliam</strong></span> <span class='ocrx_word' id='word_1_859' title='bbox 2846 3498 3265 3572; x_wconf 56' lang='lat' dir='ltr'><strong>liusebii,&#39;quam</strong></span> <span class='ocrx_word' id='word_1_860' title='bbox 3289 3502 3653 3559; x_wconf 82' lang='lat' dir='ltr'><strong>Theadoretus</strong></span> <span class='ocrx_word' id='word_1_861' title='bbox 3677 3498 3810 3572; x_wconf 48' lang='lat' dir='ltr'><strong>caele:</strong></span> 
     </span>
    </p>
   </div>
   <div class='ocr_carea' id='block_1_103' title="bbox 2270 3567 3810 3644">
    <p class='ocr_par' dir='ltr' id='par_1_103' title="bbox 2270 3567 3810 3644">
     <span class='ocr_line' id='line_1_107' title="bbox 2270 3567 3810 3644; baseline -0.004 -17"><span class='ocrx_word' id='word_1_862' title='bbox 2270 3567 2501 3628; x_wconf 70' lang='lat' dir='ltr'><strong>siasticre</strong></span> <span class='ocrx_word' id='word_1_863' title='bbox 2530 3572 2767 3628; x_wconf 75' lang='lat' dir='ltr'><strong>historia:</strong></span> <span class='ocrx_word' id='word_1_864' title='bbox 2796 3574 3023 3627; x_wconf 90' lang='lat' dir='ltr'><strong>inseruit</strong></span> <span class='ocrx_word' id='word_1_865' title='bbox 3051 3567 3146 3627; x_wconf 61' lang='lat' dir='ltr'><strong>lib&#39;.</strong></span> <span class='ocrx_word' id='word_1_866' title='bbox 3180 3590 3229 3637; x_wconf 82' lang='grc' dir='ltr'>ι,</span> <span class='ocrx_word' id='word_1_867' title='bbox 3257 3589 3383 3644; x_wconf 86' lang='lat' dir='ltr'><strong>cap.</strong></span> <span class='ocrx_word' id='word_1_868' title='bbox 3415 3576 3503 3630; x_wconf 70' lang='lat'><strong>1‘2.</strong></span> <span class='ocrx_word' id='word_1_869' title='bbox 3550 3573 3671 3628; x_wconf 83' lang='lat' dir='ltr'><strong>Vide</strong></span> <span class='ocrx_word' id='word_1_870' title='bbox 3706 3567 3810 3637; x_wconf 84' lang='lat' dir='ltr'><strong>apud</strong></span> 
     </span>
    </p>
   </div>
   <div class='ocr_carea' id='block_1_104' title="bbox 2275 3644 3810 3719">
    <p class='ocr_par' dir='ltr' id='par_1_104' title="bbox 2275 3644 3810 3719">
     <span class='ocr_line' id='line_1_108' title="bbox 2275 3644 3810 3719; baseline -0.003 -21"><span class='ocrx_word' id='word_1_871' title='bbox 2275 3645 2655 3714; x_wconf 79' lang='lat' dir='ltr'><strong>Epiphanium,</strong></span> <span class='ocrx_word' id='word_1_872' title='bbox 2691 3644 2962 3719; x_wconf 67' lang='lat' dir='ltr'><strong>haereticm</strong></span> <span class='ocrx_word' id='word_1_873' title='bbox 2994 3644 3280 3713; x_wconf 84' lang='lat' dir='ltr'><strong>pravitatis</strong></span> <span class='ocrx_word' id='word_1_874' title='bbox 3314 3647 3669 3719; x_wconf 85' lang='lat' dir='ltr'><strong>inquisitorem</strong></span> <span class='ocrx_word' id='word_1_875' title='bbox 3697 3655 3810 3719; x_wconf 63' lang='lat' dir='ltr'><strong>acer-</strong></span> 
     </span>
    </p>
   </div>
   <div class='ocr_carea' id='block_1_105' title="bbox 2272 3711 3811 3789">
    <p class='ocr_par' dir='ltr' id='par_1_105' title="bbox 2272 3711 3811 3789">
     <span class='ocr_line' id='line_1_109' title="bbox 2272 3711 3811 3789; baseline -0.004 -18"><span class='ocrx_word' id='word_1_876' title='bbox 2272 3711 2511 3789; x_wconf 82' lang='lat' dir='ltr'><strong>rimum,</strong></span> <span class='ocrx_word' id='word_1_877' title='bbox 2561 3711 3005 3789; x_wconf 23' lang='lat' dir='ltr'><strong>propheticarum‘</strong></span> <span class='ocrx_word' id='word_1_878' title='bbox 3046 3731 3239 3789; x_wconf 86' lang='lat' dir='ltr'><strong>vocum</strong></span> <span class='ocrx_word' id='word_1_879' title='bbox 3289 3711 3680 3789; x_wconf 51' lang='lat' dir='ltr'><strong>con&#39;ciliatorem</strong></span> <span class='ocrx_word' id='word_1_880' title='bbox 3718 3711 3811 3789; x_wconf 43' lang='lat' dir='ltr'><strong>(illi:</strong></span> 
     </span>
    </p>
   </div>
   <div class='ocr_carea' id='block_1_106' title="bbox 2271 3783 3812 3859">
    <p class='ocr_par' dir='ltr' id='par_1_106' title="bbox 2271 3783 3812 3859">
     <span class='ocr_line' id='line_1_110' title="bbox 2271 3783 3812 3859; baseline -0.002 -17"><span class='ocrx_word' id='word_1_881' title='bbox 2271 3783 2682 3859; x_wconf 84' lang='lat' dir='ltr'><strong>gentissimum,</strong></span> <span class='ocrx_word' id='word_1_882' title='bbox 2726 3788 2866 3842; x_wconf 89' lang='lat' dir='ltr'><strong>libro</strong></span> <span class='ocrx_word' id='word_1_883' title='bbox 2907 3802 2986 3851; x_wconf 89' lang='grc' dir='ltr'>ιιι,</span> <span class='ocrx_word' id='word_1_884' title='bbox 3010 3802 3130 3859; x_wconf 71' lang='lat' dir='ltr'><strong>qure</strong></span> <span class='ocrx_word' id='word_1_885' title='bbox 3167 3788 3237 3843; x_wconf 90' lang='lat' dir='ltr'><strong>sit</strong></span> <span class='ocrx_word' id='word_1_886' title='bbox 3278 3788 3421 3844; x_wconf 90' lang='lat' dir='ltr'><strong>inter</strong></span> <span class='ocrx_word' id='word_1_887' title='bbox 3448 3787 3612 3843; x_wconf 85' lang='lat' dir='ltr'><strong>creari</strong></span> <span class='ocrx_word' id='word_1_888' title='bbox 3639 3793 3686 3840; x_wconf 91' lang='lat' dir='ltr'><strong>et</strong></span> <span class='ocrx_word' id='word_1_889' title='bbox 3706 3783 3812 3854; x_wconf 79' lang='lat' dir='ltr'><strong>gigni</strong></span> 
     </span>
    </p>
   </div>
   <div class='ocr_carea' id='block_1_107' title="bbox 2271 3858 2946 3914">
    <p class='ocr_par' dir='ltr' id='par_1_107' title="bbox 2271 3858 2946 3914">
     <span class='ocr_line' id='line_1_111' title="bbox 2271 3858 2946 3914; baseline -0.003 0"><span class='ocrx_word' id='word_1_890' title='bbox 2271 3858 2596 3914; x_wconf 77' lang='lat' dir='ltr'><strong>differentia.</strong></span> <span class='ocrx_word' id='word_1_891' title='bbox 2622 3859 2946 3914; x_wconf 61' lang='lat' dir='ltr'><strong>llr/rumine.</strong></span> 
     </span>
    </p>
   </div>
   <div class='ocr_carea' id='block_1_108' title="bbox 2350 3928 3812 3993">
    <p class='ocr_par' dir='ltr' id='par_1_108' title="bbox 2350 3928 3812 3993">
     <span class='ocr_line' id='line_1_112' title="bbox 2350 3928 3812 3993; baseline -0.005 -10"><span class='ocrx_word' id='word_1_892' title='bbox 2350 3929 2479 3985; x_wconf 86' lang='lat' dir='ltr'><strong>Ecce</strong></span> <span class='ocrx_word' id='word_1_893' title='bbox 2500 3971 2514 3993; x_wconf 83' lang='lat'><strong>.</strong></span> <span class='ocrx_word' id='word_1_894' title='bbox 2545 3941 2650 3986; x_wconf 85' lang='lat' dir='ltr'><strong>etc.</strong></span> <span class='ocrx_word' id='word_1_895' title='bbox 2685 3930 2806 3984; x_wconf 71' lang='lat' dir='ltr'><strong>ls:ii.</strong></span> <span class='ocrx_word' id='word_1_896' title='bbox 2838 3946 2910 3984; x_wconf 80' lang='lat' dir='ltr'><strong>ut.</strong></span> <span class='ocrx_word' id='word_1_897' title='bbox 2942 3928 3045 3984; x_wconf 84' lang='lat' dir='ltr'><strong>Sed</strong></span> <span class='ocrx_word' id='word_1_898' title='bbox 3073 3928 3187 3985; x_wconf 75' lang='lat' dir='ltr'><strong>hanc</strong></span> <span class='ocrx_word' id='word_1_899' title='bbox 3215 3946 3324 3985; x_wconf 87' lang='lat' dir='ltr'><strong>non</strong></span> <span class='ocrx_word' id='word_1_900' title='bbox 3353 3942 3479 3986; x_wconf 82' lang='lat' dir='ltr'><strong>sunt</strong></span> <span class='ocrx_word' id='word_1_901' title='bbox 3505 3929 3701 3985; x_wconf 89' lang='lat' dir='ltr'><strong>totidem</strong></span> <span class='ocrx_word' id='word_1_902' title='bbox 3722 3937 3812 3978; x_wconf 82' lang='lat' dir='ltr'><strong>ver-</strong></span> 
     </span>
    </p>
   </div>
   <div class='ocr_carea' id='block_1_109' title="bbox 2276 3998 3812 4071">
    <p class='ocr_par' dir='ltr' id='par_1_109' title="bbox 2276 3998 3812 4071">
     <span class='ocr_line' id='line_1_113' title="bbox 2276 3998 3812 4071; baseline -0.005 -17"><span class='ocrx_word' id='word_1_903' title='bbox 2276 4001 2356 4056; x_wconf 88' lang='lat' dir='ltr'><strong>his</strong></span> <span class='ocrx_word' id='word_1_904' title='bbox 2398 4003 2449 4057; x_wconf 91' lang='lat' dir='ltr'><strong>in</strong></span> <span class='ocrx_word' id='word_1_905' title='bbox 2491 4003 2800 4071; x_wconf 84' lang='lat' dir='ltr'><strong>Scriptura:</strong></span> <span class='ocrx_word' id='word_1_906' title='bbox 2843 4001 2986 4056; x_wconf 87' lang='lat' dir='ltr'><strong>unde</strong></span> <span class='ocrx_word' id='word_1_907' title='bbox 3023 4001 3297 4070; x_wconf 86' lang='lat' dir='ltr'><strong>conjicere</strong></span> <span class='ocrx_word' id='word_1_908' title='bbox 3339 4003 3497 4067; x_wconf 91' lang='lat' dir='ltr'><strong>licet,</strong></span> <span class='ocrx_word' id='word_1_909' title='bbox 3541 3998 3812 4058; x_wconf 88' lang='lat' dir='ltr'><strong>Lactantium</strong></span> 
     </span>
    </p>
   </div>
   <div class='ocr_carea' id='block_1_110' title="bbox 2276 4071 3450 4141">
    <p class='ocr_par' dir='ltr' id='par_1_110' title="bbox 2276 4071 3450 4141">
     <span class='ocr_line' id='line_1_114' title="bbox 2276 4071 3450 4141; baseline 0 -14"><span class='ocrx_word' id='word_1_910' title='bbox 2276 4076 2589 4128; x_wconf 87' lang='lat' dir='ltr'><strong>memoriter</strong></span> <span class='ocrx_word' id='word_1_911' title='bbox 2616 4074 2882 4141; x_wconf 83' lang='lat' dir='ltr'><strong>allegasse</strong></span> <span class='ocrx_word' id='word_1_912' title='bbox 2906 4071 3217 4141; x_wconf 84' lang='lat' dir='ltr'><strong>Scripturas</strong></span> <span class='ocrx_word' id='word_1_913' title='bbox 3244 4089 3450 4129; x_wconf 79' lang='lat' dir='ltr'><strong>sacras.</strong></span> 
     </span>
    </p>
   </div>
   <div class='ocr_carea' id='block_1_111' title="bbox 2348 4134 3814 4216">
    <p class='ocr_par' dir='ltr' id='par_1_111' title="bbox 2348 4134 3814 4216">
     <span class='ocr_line' id='line_1_115' title="bbox 2348 4134 3814 4216; baseline 0.001 -20"><span class='ocrx_word' id='word_1_914' title='bbox 2348 4144 2662 4214; x_wconf 85' lang='lat' dir='ltr'><strong>Singularis.</strong></span> <span class='ocrx_word' id='word_1_915' title='bbox 2696 4134 2810 4200; x_wconf 64' lang='lat' dir='ltr'><strong>Vox</strong></span> <span class='ocrx_word' id='word_1_916' title='bbox 2841 4134 3141 4213; x_wconf 70' lang='lat' dir='ltr'><strong>theologica</strong></span> <span class='ocrx_word' id='word_1_917' title='bbox 3164 4187 3178 4209; x_wconf 93' lang='lat'><strong>,</strong></span> <span class='ocrx_word' id='word_1_918' title='bbox 3232 4146 3408 4216; x_wconf 91' lang='lat' dir='ltr'><strong>inquit</strong></span> <span class='ocrx_word' id='word_1_919' title='bbox 3438 4144 3693 4216; x_wconf 71' lang='lat' dir='ltr'><strong>Betuleius</strong></span> <span class='ocrx_word' id='word_1_920' title='bbox 3709 4155 3721 4204; x_wconf 87' lang='lat'><strong>;</strong></span> <span class='ocrx_word' id='word_1_921' title='bbox 3745 4134 3814 4191; x_wconf 70' lang='lat' dir='ltr'><strong>sed</strong></span> 
     </span>
    </p>
   </div>
   <div class='ocr_carea' id='block_1_112' title="bbox 2276 4211 3815 4288">
    <p class='ocr_par' dir='ltr' id='par_1_112' title="bbox 2276 4211 3815 4288">
     <span class='ocr_line' id='line_1_116' title="bbox 2276 4211 3815 4288; baseline -0.003 -19"><span class='ocrx_word' id='word_1_922' title='bbox 2276 4230 2384 4270; x_wconf 89' lang='lat' dir='ltr'><strong>non</strong></span> <span class='ocrx_word' id='word_1_923' title='bbox 2414 4211 2583 4287; x_wconf 83' lang='lat' dir='ltr'><strong>magis</strong></span> <span class='ocrx_word' id='word_1_924' title='bbox 2609 4231 2767 4284; x_wconf 90' lang='lat' dir='ltr'><strong>quam</strong></span> <span class='ocrx_word' id='word_1_925' title='bbox 2798 4232 2955 4288; x_wconf 78' lang='lat' dir='ltr'><strong>unus,</strong></span> <span class='ocrx_word' id='word_1_926' title='bbox 2987 4211 3187 4288; x_wconf 78' lang='lat' dir='ltr'><strong>unicus,</strong></span> <span class='ocrx_word' id='word_1_927' title='bbox 3222 4211 3325 4287; x_wconf 72' lang='lat' dir='ltr'><strong>pro</strong></span> <span class='ocrx_word' id='word_1_928' title='bbox 3360 4232 3468 4288; x_wconf 93' lang='lat' dir='ltr'><strong>quo</strong></span> <span class='ocrx_word' id='word_1_929' title='bbox 3496 4230 3629 4281; x_wconf 64' lang='lat' dir='ltr'><strong>saepe</strong></span> <span class='ocrx_word' id='word_1_930' title='bbox 3654 4211 3815 4288; x_wconf 71' lang='lat' dir='ltr'><strong>elegan-</strong></span> 
     </span>
    </p>
   </div>
   <div class='ocr_carea' id='block_1_113' title="bbox 2276 4280 3815 4358">
    <p class='ocr_par' dir='ltr' id='par_1_113' title="bbox 2276 4280 3815 4358">
     <span class='ocr_line' id='line_1_117' title="bbox 2276 4280 3815 4358; baseline -0.005 -16"><span class='ocrx_word' id='word_1_931' title='bbox 2276 4295 2361 4342; x_wconf 86' lang='lat' dir='ltr'><strong>ter</strong></span> <span class='ocrx_word' id='word_1_932' title='bbox 2387 4280 2665 4358; x_wconf 74' lang='lat' dir='ltr'><strong>singularis</strong></span> <span class='ocrx_word' id='word_1_933' title='bbox 2691 4287 2860 4357; x_wconf 90' lang='lat' dir='ltr'><strong>ponit.</strong></span> <span class='ocrx_word' id='word_1_934' title='bbox 2893 4286 3080 4358; x_wconf 71' lang='lat' dir='ltr'><strong>Nolavi</strong></span> <span class='ocrx_word' id='word_1_935' title='bbox 3112 4287 3178 4341; x_wconf 90' lang='lat' dir='ltr'><strong>ad</strong></span> <span class='ocrx_word' id='word_1_936' title='bbox 3211 4280 3305 4342; x_wconf 79' lang='lat' dir='ltr'><strong>lib.</strong></span> <span class='ocrx_word' id='word_1_937' title='bbox 3340 4280 3394 4356; x_wconf 64' lang='grc' dir='ltr'>ιζ</span> <span class='ocrx_word' id='word_1_938' title='bbox 3429 4303 3478 4343; x_wconf 94' lang='lat' dir='ltr'><strong>c.</strong></span> <span class='ocrx_word' id='word_1_939' title='bbox 3511 4289 3543 4343; x_wconf 73' lang='grc'><strong>4</strong></span> <span class='ocrx_word' id='word_1_940' title='bbox 3572 4288 3659 4358; x_wconf 70' lang='lat' dir='ltr'><strong>lin.</strong></span> <span class='ocrx_word' id='word_1_941' title='bbox 3683 4280 3815 4358; x_wconf 47' lang='lat' dir='ltr'><strong>Eique</strong></span> 
     </span>
    </p>
   </div>
   <div class='ocr_carea' id='block_1_114' title="bbox 2276 4352 3812 4426">
    <p class='ocr_par' dir='ltr' id='par_1_114' title="bbox 2276 4352 3812 4426">
     <span class='ocr_line' id='line_1_118' title="bbox 2276 4352 3812 4426; baseline -0.007 -12"><span class='ocrx_word' id='word_1_942' title='bbox 2276 4373 2340 4414; x_wconf 89' lang='lat' dir='ltr'><strong>ac</strong></span> <span class='ocrx_word' id='word_1_943' title='bbox 2365 4358 2451 4413; x_wconf 90' lang='lat' dir='ltr'><strong>hic</strong></span> <span class='ocrx_word' id='word_1_944' title='bbox 2467 4352 2565 4413; x_wconf 75' lang='lat' dir='ltr'><strong>lib.</strong></span> <span class='ocrx_word' id='word_1_945' title='bbox 2594 4375 2641 4426; x_wconf 90' lang='grc' dir='ltr'>ι,</span> <span class='ocrx_word' id='word_1_946' title='bbox 2669 4352 2790 4426; x_wconf 71' lang='lat' dir='ltr'><strong>cap.</strong></span> <span class='ocrx_word' id='word_1_947' title='bbox 2817 4359 2914 4413; x_wconf 73' lang='lat'><strong>15:</strong></span> <span class='ocrx_word' id='word_1_948' title='bbox 2941 4356 3037 4411; x_wconf 87' lang='lat' dir='ltr'><strong>Dei</strong></span> <span class='ocrx_word' id='word_1_949' title='bbox 3064 4359 3343 4426; x_wconf 86' lang='lat' dir='ltr'><strong>singularis</strong></span> <span class='ocrx_word' id='word_1_950' title='bbox 3365 4352 3424 4413; x_wconf 81' lang='lat' dir='ltr'><strong>ac</strong></span> <span class='ocrx_word' id='word_1_951' title='bbox 3450 4360 3548 4415; x_wconf 89' lang='lat' dir='ltr'><strong>veri</strong></span> <span class='ocrx_word' id='word_1_952' title='bbox 3566 4355 3700 4426; x_wconf 77' lang='lat' dir='ltr'><strong>dixit.</strong></span> <span class='ocrx_word' id='word_1_953' title='bbox 3720 4352 3812 4405; x_wconf 67' lang='lat' dir='ltr'><strong>But.</strong></span> 
     </span>
    </p>
   </div>
   <div class='ocr_carea' id='block_1_115' title="bbox 3124 4375 3816 4500">
    <p class='ocr_par' dir='ltr' id='par_1_115' title="bbox 3124 4375 3816 4500">
     <span class='ocr_line' id='line_1_119' title="bbox 3126 4375 3812 4415; baseline -0.01 -5"><span class='ocrx_word' id='word_1_954' title='bbox 3126 4377 3140 4411; x_wconf 77' lang='grc' dir='ltr'><strong>ι</strong></span> <span class='ocrx_word' id='word_1_955' title='bbox 3182 4375 3343 4414; x_wconf 74' lang='lat' dir='ltr'><strong>utaris</strong></span> <span class='ocrx_word' id='word_1_956' title='bbox 3365 4376 3424 4413; x_wconf 88' lang='lat' dir='ltr'><strong>ac</strong></span> <span class='ocrx_word' id='word_1_957' title='bbox 3450 4376 3546 4415; x_wconf 78' lang='lat' dir='ltr'><strong>veri</strong></span> <span class='ocrx_word' id='word_1_958' title='bbox 3566 4375 3698 4412; x_wconf 80' lang='lat' dir='ltr'><strong>alxu.</strong></span> <span class='ocrx_word' id='word_1_959' title='bbox 3721 4375 3812 4405; x_wconf 70' lang='lat' dir='ltr'><strong>ova-</strong></span> 
     </span>
     <span class='ocr_line' id='line_1_120' title="bbox 3124 4375 3816 4500; baseline -0.016 -14"><span class='ocrx_word' id='word_1_960' title='bbox 3124 4375 3287 4485; x_wconf 55' lang='lat' dir='ltr'><strong>(liloth.</strong></span> <span class='ocrx_word' id='word_1_961' title='bbox 3317 4448 3330 4484; x_wconf 92' lang='lat'><strong>:</strong></span> <span class='ocrx_word' id='word_1_962' title='bbox 3363 4431 3532 4485; x_wconf 88' lang='lat' dir='ltr'><strong>ablato</strong></span> <span class='ocrx_word' id='word_1_963' title='bbox 3559 4425 3726 4500; x_wconf 74' lang='lat' dir='ltr'><strong>perﬁdo</strong></span> <span class='ocrx_word' id='word_1_964' title='bbox 3745 4435 3816 4500; x_wconf 68' lang='lat' dir='ltr'><strong>po-</strong></span> 
     </span>
    </p>
   </div>
   <div class='ocr_carea' id='block_1_116' title="bbox 2280 4493 3816 4572">
    <p class='ocr_par' dir='ltr' id='par_1_116' title="bbox 2280 4493 3816 4572">
     <span class='ocr_line' id='line_1_121' title="bbox 2280 4493 3816 4572; baseline -0.007 -18"><span class='ocrx_word' id='word_1_965' title='bbox 2280 4502 2434 4572; x_wconf 87' lang='lat' dir='ltr'><strong>pulo,</strong></span> <span class='ocrx_word' id='word_1_966' title='bbox 2465 4493 2648 4568; x_wconf 76' lang='lat' dir='ltr'><strong>prave.</strong></span> <span class='ocrx_word' id='word_1_967' title='bbox 2674 4493 2792 4557; x_wconf 84' lang='lat' dir='ltr'><strong>Lib.</strong></span> <span class='ocrx_word' id='word_1_968' title='bbox 2826 4493 2900 4566; x_wconf 79' lang='lat' dir='ltr'><strong>tv,</strong></span> <span class='ocrx_word' id='word_1_969' title='bbox 2937 4493 3061 4572; x_wconf 74' lang='lat' dir='ltr'><strong>cap.</strong></span> <span class='ocrx_word' id='word_1_970' title='bbox 3093 4500 3163 4555; x_wconf 72' lang='lat'><strong>2:</strong></span> <span class='ocrx_word' id='word_1_971' title='bbox 3199 4501 3463 4557; x_wconf 80' lang='lat' dir='ltr'><strong>Statuerat</strong></span> <span class='ocrx_word' id='word_1_972' title='bbox 3496 4493 3619 4554; x_wconf 76' lang='lat' dir='ltr'><strong>Deus</strong></span> <span class='ocrx_word' id='word_1_973' title='bbox 3641 4493 3654 4551; x_wconf 59' lang='grc' dir='ltr'><strong>ζ</strong></span> <span class='ocrx_word' id='word_1_974' title='bbox 3677 4535 3689 4549; x_wconf 95' lang='grc'><strong>.</strong></span> <span class='ocrx_word' id='word_1_975' title='bbox 3712 4535 3722 4547; x_wconf 95' lang='grc'><strong>.</strong></span> <span class='ocrx_word' id='word_1_976' title='bbox 3743 4493 3816 4545; x_wconf 76' lang='lat' dir='ltr'><strong>du-</strong></span> 
     </span>
    </p>
   </div>
   <div class='ocr_carea' id='block_1_117' title="bbox 2278 4571 3813 4642">
    <p class='ocr_par' dir='ltr' id='par_1_117' title="bbox 2278 4571 3813 4642">
     <span class='ocr_line' id='line_1_122' title="bbox 2278 4571 3813 4642; baseline -0.009 -16"><span class='ocrx_word' id='word_1_977' title='bbox 2278 4588 2388 4626; x_wconf 90' lang='lat' dir='ltr'><strong>cem</strong></span> <span class='ocrx_word' id='word_1_978' title='bbox 2427 4574 2659 4636; x_wconf 88' lang='lat' dir='ltr'><strong>mittere,</strong></span> <span class='ocrx_word' id='word_1_979' title='bbox 2703 4574 2793 4642; x_wconf 91' lang='lat' dir='ltr'><strong>qui</strong></span> <span class='ocrx_word' id='word_1_980' title='bbox 2834 4589 2947 4627; x_wconf 90' lang='lat' dir='ltr'><strong>eam</strong></span> <span class='ocrx_word' id='word_1_981' title='bbox 2978 4571 3242 4641; x_wconf 89' lang='lat' dir='ltr'><strong>justitiam</strong></span> <span class='ocrx_word' id='word_1_982' title='bbox 3288 4573 3431 4642; x_wconf 55' lang='lat' dir='ltr'><strong>(hoc</strong></span> <span class='ocrx_word' id='word_1_983' title='bbox 3459 4574 3599 4638; x_wconf 87' lang='lat' dir='ltr'><strong>loco,</strong></span> <span class='ocrx_word' id='word_1_984' title='bbox 3630 4573 3813 4642; x_wconf 63' lang='lat' dir='ltr'><strong>sanctum</strong></span> 
     </span>
    </p>
   </div>
   <div class='ocr_carea' id='block_1_118' title="bbox 2280 4643 3815 4716">
    <p class='ocr_par' dir='ltr' id='par_1_118' title="bbox 2280 4643 3815 4716">
     <span class='ocr_line' id='line_1_123' title="bbox 2280 4643 3815 4716; baseline -0.004 -19"><span class='ocrx_word' id='word_1_985' title='bbox 2280 4646 2615 4715; x_wconf 85' lang='lat' dir='ltr'><strong>mysterium)</strong></span> <span class='ocrx_word' id='word_1_986' title='bbox 2647 4644 2846 4715; x_wconf 79' lang='lat' dir='ltr'><strong>perﬁdo</strong></span> <span class='ocrx_word' id='word_1_987' title='bbox 2874 4644 3176 4715; x_wconf 86' lang='lat' dir='ltr'><strong>ingrataque</strong></span> <span class='ocrx_word' id='word_1_988' title='bbox 3206 4643 3399 4716; x_wconf 85' lang='lat' dir='ltr'><strong>populo</strong></span> <span class='ocrx_word' id='word_1_989' title='bbox 3428 4644 3638 4699; x_wconf 86' lang='lat' dir='ltr'><strong>ablatam</strong></span> <span class='ocrx_word' id='word_1_990' title='bbox 3664 4645 3815 4692; x_wconf 68' lang='lat' dir='ltr'><strong>cutem</strong></span> 
     </span>
    </p>
   </div>
   <div class='ocr_carea' id='block_1_119' title="bbox 2279 4716 3033 4771">
    <p class='ocr_par' dir='ltr' id='par_1_119' title="bbox 2279 4716 3033 4771">
     <span class='ocr_line' id='line_1_124' title="bbox 2279 4716 3033 4771; baseline 0 -3"><span class='ocrx_word' id='word_1_991' title='bbox 2279 4716 2571 4769; x_wconf 87' lang='lat' dir='ltr'><strong>nationibus</strong></span> <span class='ocrx_word' id='word_1_992' title='bbox 2602 4716 2866 4770; x_wconf 82' lang='lat' dir='ltr'><strong>reuelaret.</strong></span> <span class='ocrx_word' id='word_1_993' title='bbox 2896 4717 3033 4771; x_wconf 80' lang='lat' dir='ltr'><strong>BUN.</strong></span> 
     </span>
    </p>
   </div>
   <div class='ocr_carea' id='block_1_120' title="bbox 2358 4774 3816 4858">
    <p class='ocr_par' dir='ltr' id='par_1_120' title="bbox 2358 4774 3816 4858">
     <span class='ocr_line' id='line_1_125' title="bbox 2358 4774 3816 4858; baseline -0.01 -16"><span class='ocrx_word' id='word_1_994' title='bbox 2358 4785 2537 4841; x_wconf 88' lang='lat' dir='ltr'><strong>Daniel</strong></span> <span class='ocrx_word' id='word_1_995' title='bbox 2565 4803 2762 4858; x_wconf 87' lang='lat' dir='ltr'><strong>quoque</strong></span> <span class='ocrx_word' id='word_1_996' title='bbox 2791 4788 2979 4841; x_wconf 86' lang='lat' dir='ltr'><strong>similia</strong></span> <span class='ocrx_word' id='word_1_997' title='bbox 3007 4787 3315 4857; x_wconf 67' lang='lat' dir='ltr'><strong>praelocutus</strong></span> <span class='ocrx_word' id='word_1_998' title='bbox 3342 4795 3435 4842; x_wconf 84' lang='lat' dir='ltr'><strong>est.</strong></span> <span class='ocrx_word' id='word_1_999' title='bbox 3479 4786 3599 4854; x_wconf 85' lang='lat' dir='ltr'><strong>Cap.</strong></span> <span class='ocrx_word' id='word_1_1000' title='bbox 3633 4796 3707 4835; x_wconf 79' lang='lat' dir='ltr'><strong>illi.</strong></span> <span class='ocrx_word' id='word_1_1001' title='bbox 3741 4774 3816 4858; x_wconf 57' lang='lat' dir='ltr'><strong>Ile:</strong></span> 
     </span>
    </p>
   </div>
   <div class='ocr_carea' id='block_1_121' title="bbox 2280 4842 3814 4928">
    <p class='ocr_par' dir='ltr' id='par_1_121' title="bbox 2280 4842 3814 4928">
     <span class='ocr_line' id='line_1_126' title="bbox 2280 4842 3814 4928; baseline -0.005 -15"><span class='ocrx_word' id='word_1_1002' title='bbox 2280 4857 2411 4913; x_wconf 69' lang='grc' dir='ltr'><strong>δι’ίεὶ</strong></span> <span class='ocrx_word' id='word_1_1003' title='bbox 2452 4842 2883 4928; x_wconf 63' lang='grc' dir='ltr'>ειιιιίρνὸιιΙιειίε</span> <span class='ocrx_word' id='word_1_1004' title='bbox 2909 4842 3018 4912; x_wconf 79' lang='grc' dir='ltr'>ιιοιί</span> <span class='ocrx_word' id='word_1_1005' title='bbox 3047 4868 3372 4923; x_wconf 89' lang='lat' dir='ltr'><strong>accensent;</strong></span> <span class='ocrx_word' id='word_1_1006' title='bbox 3403 4842 3684 4928; x_wconf 68' lang='lat' dir='ltr'><strong>causaest,</strong></span> <span class='ocrx_word' id='word_1_1007' title='bbox 3708 4842 3814 4928; x_wconf 56' lang='lat' dir='ltr'><strong>quod</strong></span> 
     </span>
    </p>
   </div>
   <div class='ocr_carea' id='block_1_122' title="bbox 2279 4925 3816 5000">
    <p class='ocr_par' dir='ltr' id='par_1_122' title="bbox 2279 4925 3816 5000">
     <span class='ocr_line' id='line_1_127' title="bbox 2279 4925 3816 5000; baseline -0.001 -17"><span class='ocrx_word' id='word_1_1008' title='bbox 2279 4929 2446 4984; x_wconf 86' lang='lat' dir='ltr'><strong>vitam</strong></span> <span class='ocrx_word' id='word_1_1009' title='bbox 2474 4925 2648 5000; x_wconf 84' lang='lat' dir='ltr'><strong>egerit</strong></span> <span class='ocrx_word' id='word_1_1010' title='bbox 2678 4925 2785 4985; x_wconf 84' lang='lat' dir='ltr'><strong>non</strong></span> <span class='ocrx_word' id='word_1_1011' title='bbox 2830 4930 3232 5000; x_wconf 77' lang='lat' dir='ltr'><strong>propheticum.</strong></span> <span class='ocrx_word' id='word_1_1012' title='bbox 3280 4930 3375 4984; x_wconf 86' lang='lat' dir='ltr'><strong>sed</strong></span> <span class='ocrx_word' id='word_1_1013' title='bbox 3421 4927 3744 5000; x_wconf 70' lang='lat' dir='ltr'><strong>Satrapicam.</strong></span> <span class='ocrx_word' id='word_1_1014' title='bbox 3776 4925 3816 5000; x_wconf 67' lang='grc' dir='ltr'><strong>ιιι</strong></span> 
     </span>
    </p>
   </div>
   <div class='ocr_carea' id='block_1_123' title="bbox 2285 4995 3816 5073">
    <p class='ocr_par' dir='ltr' id='par_1_123' title="bbox 2285 4995 3816 5073">
     <span class='ocr_line' id='line_1_128' title="bbox 2285 4995 3816 5073; baseline -0.003 -20"><span class='ocrx_word' id='word_1_1015' title='bbox 2285 5000 2446 5073; x_wconf 80' lang='lat' dir='ltr'><strong>David</strong></span> <span class='ocrx_word' id='word_1_1016' title='bbox 2477 4995 2731 5073; x_wconf 72' lang='lat' dir='ltr'><strong>regalem.</strong></span> <span class='ocrx_word' id='word_1_1017' title='bbox 2756 4995 3220 5073; x_wconf 41' lang='lat' dir='ltr'><strong>Qu’are&#39;cosaiunt</strong></span> <span class='ocrx_word' id='word_1_1018' title='bbox 3243 4995 3725 5073; x_wconf 74' lang='lat' dir='ltr'><strong>scripsissequidetn</strong></span> <span class='ocrx_word' id='word_1_1019' title='bbox 3744 4999 3816 5073; x_wconf 64' lang='lat' dir='ltr'><strong>per</strong></span> 
     </span>
    </p>
   </div>
   <div class='ocr_carea' id='block_1_124' title="bbox 2282 5068 3814 5142">
    <p class='ocr_par' dir='ltr' id='par_1_124' title="bbox 2282 5068 3814 5142">
     <span class='ocr_line' id='line_1_129' title="bbox 2282 5068 3814 5142; baseline -0.008 -15"><span class='ocrx_word' id='word_1_1020' title='bbox 2282 5068 2562 5141; x_wconf 64' lang='lat' dir='ltr'><strong>Spiritunf</strong></span> <span class='ocrx_word' id='word_1_1021' title='bbox 2583 5072 2839 5127; x_wconf 87' lang='lat' dir='ltr'><strong>Sanctum</strong></span> <span class='ocrx_word' id='word_1_1022' title='bbox 2860 5115 2873 5134; x_wconf 82' lang='lat'><strong>,</strong></span> <span class='ocrx_word' id='word_1_1023' title='bbox 2912 5074 3006 5126; x_wconf 88' lang='lat' dir='ltr'><strong>sed</strong></span> <span class='ocrx_word' id='word_1_1024' title='bbox 3046 5068 3365 5142; x_wconf 83' lang='lat' dir='ltr'><strong>Prophetas</strong></span> <span class='ocrx_word' id='word_1_1025' title='bbox 3385 5088 3489 5126; x_wconf 89' lang='lat' dir='ltr'><strong>non</strong></span> <span class='ocrx_word' id='word_1_1026' title='bbox 3520 5069 3686 5142; x_wconf 66' lang='lat' dir='ltr'><strong>fuisse:</strong></span> <span class='ocrx_word' id='word_1_1027' title='bbox 3713 5068 3814 5142; x_wconf 52' lang='lat' dir='ltr'><strong>attaj</strong></span> 
     </span>
    </p>
   </div>
   <div class='ocr_carea' id='block_1_125' title="bbox 2283 5132 3813 5215">
    <p class='ocr_par' dir='ltr' id='par_1_125' title="bbox 2283 5132 3813 5215">
     <span class='ocr_line' id='line_1_130' title="bbox 2283 5132 3813 5215; baseline -0.007 -18"><span class='ocrx_word' id='word_1_1028' title='bbox 2283 5132 2405 5197; x_wconf 81' lang='lat' dir='ltr'><strong>men</strong></span> <span class='ocrx_word' id='word_1_1029' title='bbox 2444 5154 2499 5197; x_wconf 90' lang='lat' dir='ltr'><strong>et</strong></span> <span class='ocrx_word' id='word_1_1030' title='bbox 2529 5143 2803 5207; x_wconf 89' lang='lat' dir='ltr'><strong>Christus,</strong></span> <span class='ocrx_word' id='word_1_1031' title='bbox 2833 5132 2884 5198; x_wconf 82' lang='lat' dir='ltr'><strong>et</strong></span> <span class='ocrx_word' id='word_1_1032' title='bbox 2914 5132 3181 5215; x_wconf 77' lang='lat' dir='ltr'><strong>.loscphus</strong></span> <span class='ocrx_word' id='word_1_1033' title='bbox 3200 5184 3217 5208; x_wconf 85' lang='lat'><strong>,</strong></span> <span class='ocrx_word' id='word_1_1034' title='bbox 3245 5152 3300 5200; x_wconf 89' lang='lat' dir='ltr'><strong>et</strong></span> <span class='ocrx_word' id='word_1_1035' title='bbox 3340 5141 3592 5199; x_wconf 84' lang='lat' dir='ltr'><strong>catholica</strong></span> <span class='ocrx_word' id='word_1_1036' title='bbox 3629 5132 3813 5190; x_wconf 71' lang='lat' dir='ltr'><strong>Ecclesia</strong></span> 
     </span>
    </p>
   </div>
   <div class='ocr_carea' id='block_1_126' title="bbox 2286 5215 3548 5284">
    <p class='ocr_par' dir='ltr' id='par_1_126' title="bbox 2286 5215 3548 5284">
     <span class='ocr_line' id='line_1_131' title="bbox 2286 5215 3548 5284; baseline -0.002 -16"><span class='ocrx_word' id='word_1_1037' title='bbox 2286 5215 2556 5269; x_wconf 87' lang='lat' dir='ltr'><strong>Danielem</strong></span> <span class='ocrx_word' id='word_1_1038' title='bbox 2589 5224 2779 5270; x_wconf 79' lang='lat' dir='ltr'><strong>vocant</strong></span> <span class='ocrx_word' id='word_1_1039' title='bbox 2809 5216 3146 5284; x_wconf 80' lang='lat' dir='ltr'><strong>prophetam.</strong></span> <span class='ocrx_word' id='word_1_1040' title='bbox 3183 5215 3264 5269; x_wconf 72' lang='lat' dir='ltr'><strong>Ea:</strong></span> <span class='ocrx_word' id='word_1_1041' title='bbox 3292 5215 3548 5271; x_wconf 70' lang='lat' dir='ltr'><strong>Pansam.</strong></span> 
     </span>
    </p>
   </div>
   <div class='ocr_carea' id='block_1_127' title="bbox 2356 5280 3812 5356">
    <p class='ocr_par' dir='ltr' id='par_1_127' title="bbox 2356 5280 3812 5356">
     <span class='ocr_line' id='line_1_132' title="bbox 2356 5280 3812 5356; baseline -0.01 -20"><span class='ocrx_word' id='word_1_1042' title='bbox 2356 5286 2506 5352; x_wconf 83' lang='lat' dir='ltr'><strong>Quod</strong></span> <span class='ocrx_word' id='word_1_1043' title='bbox 2555 5302 2655 5339; x_wconf 90' lang='lat' dir='ltr'><strong>non</strong></span> <span class='ocrx_word' id='word_1_1044' title='bbox 2704 5280 3079 5356; x_wconf 75' lang='lat' dir='ltr'><strong>corrumpetur.</strong></span> <span class='ocrx_word' id='word_1_1045' title='bbox 3131 5287 3342 5341; x_wconf 82' lang='lat' dir='ltr'><strong>Amittit</strong></span> <span class='ocrx_word' id='word_1_1046' title='bbox 3402 5285 3531 5353; x_wconf 82' lang='lat' dir='ltr'><strong>quod</strong></span> <span class='ocrx_word' id='word_1_1047' title='bbox 3578 5280 3812 5356; x_wconf 60' lang='lat' dir='ltr'><strong>Buneman.</strong></span> 
     </span>
    </p>
   </div>
   <div class='ocr_carea' id='block_1_128' title="bbox 2290 5354 3815 5427">
    <p class='ocr_par' dir='ltr' id='par_1_128' title="bbox 2290 5354 3815 5427">
     <span class='ocr_line' id='line_1_133' title="bbox 2290 5354 3815 5427; baseline -0.004 -17"><span class='ocrx_word' id='word_1_1048' title='bbox 2290 5374 2310 5409; x_wconf 85' lang='grc'><strong>‹</strong></span> <span class='ocrx_word' id='word_1_1049' title='bbox 2337 5355 2534 5423; x_wconf 76' lang='lat' dir='ltr'><strong>Antea,</strong></span> <span class='ocrx_word' id='word_1_1050' title='bbox 2560 5357 2751 5427; x_wconf 86' lang='lat' dir='ltr'><strong>inquit,</strong></span> <span class='ocrx_word' id='word_1_1051' title='bbox 2784 5354 2957 5412; x_wconf 77' lang='lat' dir='ltr'><strong>fuerat</strong></span> <span class='ocrx_word' id='word_1_1052' title='bbox 2978 5359 3179 5413; x_wconf 89' lang='lat' dir='ltr'><strong>editum</strong></span> <span class='ocrx_word' id='word_1_1053' title='bbox 3206 5360 3272 5413; x_wconf 87' lang='lat' dir='ltr'><strong>ab</strong></span> <span class='ocrx_word' id='word_1_1054' title='bbox 3301 5356 3557 5419; x_wconf 87' lang='lat' dir='ltr'><strong>omnibus,</strong></span> <span class='ocrx_word' id='word_1_1055' title='bbox 3589 5360 3631 5405; x_wconf 86' lang='lat' dir='ltr'><strong>et</strong></span> <span class='ocrx_word' id='word_1_1056' title='bbox 3650 5354 3815 5427; x_wconf 47' lang='lat' dir='ltr'><strong>reg&quot;???</strong></span> 
     </span>
    </p>
   </div>
   <div class='ocr_carea' id='block_1_129' title="bbox 2282 5421 3813 5499">
    <p class='ocr_par' dir='ltr' id='par_1_129' title="bbox 2282 5421 3813 5499">
     <span class='ocr_line' id='line_1_134' title="bbox 2282 5421 3813 5499; baseline -0.008 -20"><span class='ocrx_word' id='word_1_1057' title='bbox 2282 5429 2415 5499; x_wconf 78' lang='lat' dir='ltr'><strong>ejus,</strong></span> <span class='ocrx_word' id='word_1_1058' title='bbox 2450 5421 2589 5499; x_wconf 78' lang='lat' dir='ltr'><strong>quad</strong></span> <span class='ocrx_word' id='word_1_1059' title='bbox 2621 5421 2723 5483; x_wconf 79' lang='lat' dir='ltr'><strong>non</strong></span> <span class='ocrx_word' id='word_1_1060' title='bbox 2741 5421 3122 5498; x_wconf 77' lang='lat' dir='ltr'><strong>corrumpetur.</strong></span> <span class='ocrx_word' id='word_1_1061' title='bbox 3150 5421 3813 5499; x_wconf 58' lang='lat' dir='ltr'><strong>Atquehabentquodtexlus</strong></span> 
     </span>
    </p>
   </div>
   <div class='ocr_carea' id='block_1_130' title="bbox 2283 5490 3815 5571">
    <p class='ocr_par' dir='ltr' id='par_1_130' title="bbox 2283 5490 3815 5571">
     <span class='ocr_line' id='line_1_135' title="bbox 2283 5490 3815 5571; baseline -0.003 -18"><span class='ocrx_word' id='word_1_1062' title='bbox 2283 5490 2855 5571; x_wconf 74' lang='lat' dir='ltr'><strong>liebr.,&quot;l‘ertullianus</strong></span> <span class='ocrx_word' id='word_1_1063' title='bbox 2875 5490 3087 5571; x_wconf 78' lang='lat' dir='ltr'><strong>quoque</strong></span> <span class='ocrx_word' id='word_1_1064' title='bbox 3117 5501 3207 5556; x_wconf 85' lang='lat' dir='ltr'><strong>lib.</strong></span> <span class='ocrx_word' id='word_1_1065' title='bbox 3235 5490 3294 5554; x_wconf 82' lang='grc' dir='ltr'><strong>ἰιι</strong></span> <span class='ocrx_word' id='word_1_1066' title='bbox 3320 5543 3333 5564; x_wconf 87' lang='lat'><strong>,</strong></span> <span class='ocrx_word' id='word_1_1067' title='bbox 3365 5490 3606 5571; x_wconf 77' lang='lat' dir='ltr'><strong>adversus</strong></span> <span class='ocrx_word' id='word_1_1068' title='bbox 3641 5490 3815 5571; x_wconf 53' lang='grc' dir='ltr'><strong>ὺξῇςςξρ·</strong></span> 
     </span>
    </p>
   </div>
   <div class='ocr_carea' id='block_1_131' title="bbox 2284 5555 3813 5646">
    <p class='ocr_par' dir='ltr' id='par_1_131' title="bbox 2284 5555 3813 5646">
     <span class='ocr_line' id='line_1_136' title="bbox 2284 5555 3813 5646; baseline 0.016 -23"><span class='ocrx_word' id='word_1_1069' title='bbox 2284 5585 2406 5646; x_wconf 72' lang='lat' dir='ltr'><strong>nem</strong></span> <span class='ocrx_word' id='word_1_1070' title='bbox 2442 5555 2463 5624; x_wconf 74' lang='grc' dir='ltr'><strong>ε’</strong></span> <span class='ocrx_word' id='word_1_1071' title='bbox 2499 5569 2566 5624; x_wconf 78' lang='lat' dir='ltr'><strong>Et</strong></span> <span class='ocrx_word' id='word_1_1072' title='bbox 2604 5588 2816 5646; x_wconf 50' lang='lat' dir='ltr'><strong>Vanum</strong></span> <span class='ocrx_word' id='word_1_1073' title='bbox 2856 5555 3014 5646; x_wconf 36' lang='lat' dir='ltr'><strong>eius:</strong></span> <span class='ocrx_word' id='word_1_1074' title='bbox 3039 5555 3332 5646; x_wconf 39' lang='lat' dir='ltr'><strong>q&#39;LOdiw’l&#39;</strong></span> <span class='ocrx_word' id='word_1_1075' title='bbox 3361 5569 3618 5646; x_wconf 50' lang='grc' dir='ltr'><strong>υίίῖηθίίθὲλ</strong></span> <span class='ocrx_word' id='word_1_1076' title='bbox 3657 5555 3813 5646; x_wconf 44' lang='lat' dir='ltr'><strong>Nihi&#39;?‘</strong></span> 
     </span>
    </p>
   </div>
   <div class='ocr_carea' id='block_1_132' title="bbox 2286 5640 3812 5711">
    <p class='ocr_par' dir='ltr' id='par_1_132' title="bbox 2286 5640 3812 5711">
     <span class='ocr_line' id='line_1_137' title="bbox 2286 5640 3812 5711; baseline -0.01 -15"><span class='ocrx_word' id='word_1_1077' title='bbox 2286 5642 2462 5696; x_wconf 88' lang='lat' dir='ltr'><strong>minus</strong></span> <span class='ocrx_word' id='word_1_1078' title='bbox 2508 5640 2678 5697; x_wconf 78' lang='lat' dir='ltr'><strong>omisi</strong></span> <span class='ocrx_word' id='word_1_1079' title='bbox 2713 5644 2817 5698; x_wconf 89' lang='lat' dir='ltr'><strong>ﬁde</strong></span> <span class='ocrx_word' id='word_1_1080' title='bbox 2842 5640 3323 5708; x_wconf 86' lang='lat' dir='ltr'><strong>codicisGothani,</strong></span> <span class='ocrx_word' id='word_1_1081' title='bbox 3355 5643 3441 5711; x_wconf 90' lang='lat' dir='ltr'><strong>qui</strong></span> <span class='ocrx_word' id='word_1_1082' title='bbox 3472 5640 3650 5711; x_wconf 75' lang='lat' dir='ltr'><strong>pariter</strong></span> <span class='ocrx_word' id='word_1_1083' title='bbox 3665 5643 3715 5683; x_wconf 86' lang='lat' dir='ltr'><strong>ac</strong></span> <span class='ocrx_word' id='word_1_1084' title='bbox 3736 5640 3812 5711; x_wconf 46' lang='lat' dir='ltr'><strong>aur</strong></span> 
     </span>
    </p>
   </div>
   <div class='ocr_carea' id='block_1_133' title="bbox 2287 5702 3808 5784">
    <p class='ocr_par' dir='ltr' id='par_1_133' title="bbox 2287 5702 3808 5784">
     <span class='ocr_line' id='line_1_138' title="bbox 2287 5702 3808 5784; baseline -0.008 -16"><span class='ocrx_word' id='word_1_1085' title='bbox 2287 5713 2624 5782; x_wconf 87' lang='lat' dir='ltr'><strong>tiquissimus</strong></span> <span class='ocrx_word' id='word_1_1086' title='bbox 2653 5715 3001 5770; x_wconf 87' lang='lat' dir='ltr'><strong>tauriniensis</strong></span> <span class='ocrx_word' id='word_1_1087' title='bbox 3044 5716 3097 5769; x_wconf 92' lang='lat' dir='ltr'><strong>in</strong></span> <span class='ocrx_word' id='word_1_1088' title='bbox 3126 5714 3267 5784; x_wconf 85' lang='lat' dir='ltr'><strong>Epit.</strong></span> <span class='ocrx_word' id='word_1_1089' title='bbox 3296 5702 3347 5768; x_wconf 71' lang='grc' dir='ltr'>ὁ.</span> <span class='ocrx_word' id='word_1_1090' title='bbox 3374 5702 3442 5767; x_wconf 60' lang='grc' dir='ltr'><strong>ᾏἹ</strong></span> <span class='ocrx_word' id='word_1_1091' title='bbox 3469 5702 3601 5765; x_wconf 81' lang='lat' dir='ltr'><strong>clare</strong></span> <span class='ocrx_word' id='word_1_1092' title='bbox 3638 5702 3808 5770; x_wconf 63' lang='lat' dir='ltr'><strong>legum:</strong></span> 
     </span>
    </p>
   </div>
   <div class='ocr_carea' id='block_1_134' title="bbox 2291 5785 3486 5858">
    <p class='ocr_par' dir='ltr' id='par_1_134' title="bbox 2291 5785 3486 5858">
     <span class='ocr_line' id='line_1_139' title="bbox 2291 5785 3486 5858; baseline -0.004 -19"><span class='ocrx_word' id='word_1_1093' title='bbox 2291 5796 2335 5839; x_wconf 88' lang='lat' dir='ltr'><strong>et</strong></span> <span class='ocrx_word' id='word_1_1094' title='bbox 2362 5800 2576 5857; x_wconf 88' lang='lat' dir='ltr'><strong>regnum</strong></span> <span class='ocrx_word' id='word_1_1095' title='bbox 2615 5790 2726 5856; x_wconf 83' lang='lat' dir='ltr'><strong>ejus</strong></span> <span class='ocrx_word' id='word_1_1096' title='bbox 2767 5802 2872 5841; x_wconf 84' lang='lat' dir='ltr'><strong>non</strong></span> <span class='ocrx_word' id='word_1_1097' title='bbox 2906 5796 3280 5858; x_wconf 76' lang='lat' dir='ltr'><strong>corrumpetur.</strong></span> <span class='ocrx_word' id='word_1_1098' title='bbox 3310 5785 3440 5841; x_wconf 80' lang='lat' dir='ltr'><strong>BUN.</strong></span> <span class='ocrx_word' id='word_1_1099' title='bbox 3467 5801 3486 5834; x_wconf 77' lang='grc' dir='ltr'><strong>ι</strong></span> 
     </span>
    </p>
   </div>
  </div>
