  <div class='ocr_page' id='page_1' title='image "/cluster/home/n/w/nwhite01/storage/ocr_20150623/6/hvd.32044015471238/246.png"; bbox 0 0 4038 6358; ppageno 0'>
   <div class='ocr_carea' id='block_1_1' title="bbox 214 257 1767 337">
    <p class='ocr_par' dir='ltr' id='par_1_1' title="bbox 214 258 1767 337">
     <span class='ocr_line' id='line_1_1' title="bbox 214 258 1767 337; baseline -0.01 -2"><span class='ocrx_word' id='word_1_1' title='bbox 214 279 291 337; x_wconf 67' lang='grc'><strong>481</strong></span> <span class='ocrx_word' id='word_1_2' title='bbox 1007 263 1215 322; x_wconf 84' lang='lat' dir='ltr'><strong>LIBER</strong></span> <span class='ocrx_word' id='word_1_3' title='bbox 1253 258 1345 323; x_wconf 81' lang='lat' dir='ltr'><strong>1V.</strong></span> <span class='ocrx_word' id='word_1_4' title='bbox 1388 260 1477 323; x_wconf 87' lang='lat' dir='ltr'><strong>DE</strong></span> <span class='ocrx_word' id='word_1_5' title='bbox 1519 262 1704 323; x_wconf 59' lang='grc' dir='ltr'><strong>γεω</strong></span> <span class='ocrx_word' id='word_1_6' title='bbox 1745 262 1767 320; x_wconf 81' lang='grc' dir='ltr'>ξ</span> 
     </span>
    </p>
   </div>
   <div class='ocr_carea' id='block_1_2' title="bbox 1880 257 3455 337">
    <p class='ocr_par' dir='ltr' id='par_1_2' title="bbox 1880 257 3455 323">
     <span class='ocr_line' id='line_1_2' title="bbox 1880 257 3455 323; baseline -0.001 0"><span class='ocrx_word' id='word_1_7' title='bbox 1880 257 2118 323; x_wconf 80' lang='lat' dir='ltr'><strong>IENTIA</strong></span> <span class='ocrx_word' id='word_1_8' title='bbox 2151 262 2240 323; x_wconf 87' lang='lat' dir='ltr'><strong>ET</strong></span> <span class='ocrx_word' id='word_1_9' title='bbox 2278 260 2507 323; x_wconf 78' lang='lat' dir='ltr'><strong>RELIG.</strong></span> <span class='ocrx_word' id='word_1_10' title='bbox 3349 261 3455 323; x_wconf 73' lang='grc'><strong>482</strong></span> 
     </span>
    </p>
   </div>
   <div class='ocr_carea' id='block_1_3' title="bbox 213 377 3454 455">
    <p class='ocr_par' dir='ltr' id='par_1_3' title="bbox 213 377 3454 455">
     <span class='ocr_line' id='line_1_3' title="bbox 213 377 3454 455; baseline -0.004 -8"><span class='ocrx_word' id='word_1_11' title='bbox 213 392 418 448; x_wconf 85' lang='lat' dir='ltr'><strong>Christus</strong></span> <span class='ocrx_word' id='word_1_12' title='bbox 456 384 535 443; x_wconf 84' lang='lat' dir='ltr'><strong>his</strong></span> <span class='ocrx_word' id='word_1_13' title='bbox 570 382 819 440; x_wconf 77' lang='lat' dir='ltr'><strong>adveniat</strong></span> <span class='ocrx_word' id='word_1_14' title='bbox 863 381 917 438; x_wconf 90' lang='lat' dir='ltr'><strong>in</strong></span> <span class='ocrx_word' id='word_1_15' title='bbox 961 391 1185 451; x_wconf 88' lang='lat' dir='ltr'><strong>terram,</strong></span> <span class='ocrx_word' id='word_1_16' title='bbox 1218 384 1410 451; x_wconf 89' lang='lat' dir='ltr'><strong>semel,</strong></span> <span class='ocrx_word' id='word_1_17' title='bbox 1467 393 1525 439; x_wconf 91' lang='lat' dir='ltr'><strong>ut</strong></span> <span class='ocrx_word' id='word_1_18' title='bbox 1574 398 1738 438; x_wconf 87' lang='lat' dir='ltr'><strong>unum</strong></span> <span class='ocrx_word' id='word_1_19' title='bbox 1766 387 1817 446; x_wconf 82' lang='lat' dir='ltr'><strong>A</strong></span> <span class='ocrx_word' id='word_1_20' title='bbox 1844 382 2035 451; x_wconf 83' lang='lat' dir='ltr'><strong>sibiles,</strong></span> <span class='ocrx_word' id='word_1_21' title='bbox 2062 392 2117 436; x_wconf 87' lang='lat' dir='ltr'><strong>ut</strong></span> <span class='ocrx_word' id='word_1_22' title='bbox 2146 384 2279 438; x_wconf 88' lang='lat' dir='ltr'><strong>scias</strong></span> <span class='ocrx_word' id='word_1_23' title='bbox 2307 384 2431 453; x_wconf 85' lang='lat' dir='ltr'><strong>quia</strong></span> <span class='ocrx_word' id='word_1_24' title='bbox 2450 399 2543 454; x_wconf 85' lang='lat' dir='ltr'><strong><em>ego</em></strong></span> <span class='ocrx_word' id='word_1_25' title='bbox 2570 398 2685 439; x_wconf 89' lang='lat' dir='ltr'><strong>sum</strong></span> <span class='ocrx_word' id='word_1_26' title='bbox 2714 379 2969 439; x_wconf 88' lang='lat' dir='ltr'><strong>Dominus</strong></span> <span class='ocrx_word' id='word_1_27' title='bbox 3010 377 3177 452; x_wconf 84' lang='lat' dir='ltr'><strong>Deus,</strong></span> <span class='ocrx_word' id='word_1_28' title='bbox 3214 381 3304 455; x_wconf 92' lang='lat' dir='ltr'><strong>qui</strong></span> <span class='ocrx_word' id='word_1_29' title='bbox 3332 395 3454 436; x_wconf 84' lang='lat' dir='ltr'><strong>voco</strong></span> 
     </span>
    </p>
   </div>
   <div class='ocr_carea' id='block_1_4' title="bbox 209 474 3456 552">
    <p class='ocr_par' dir='ltr' id='par_1_4' title="bbox 209 474 3456 552">
     <span class='ocr_line' id='line_1_4' title="bbox 209 474 3456 552; baseline -0.004 -10"><span class='ocrx_word' id='word_1_30' title='bbox 209 486 351 541; x_wconf 90' lang='lat' dir='ltr'><strong>Deum</strong></span> <span class='ocrx_word' id='word_1_31' title='bbox 384 479 612 552; x_wconf 85' lang='lat' dir='ltr'><strong>gentibus</strong></span> <span class='ocrx_word' id='word_1_32' title='bbox 651 476 896 545; x_wconf 77' lang='lat' dir='ltr'><strong>nuntiet,</strong></span> <span class='ocrx_word' id='word_1_33' title='bbox 935 476 1132 533; x_wconf 88' lang='lat' dir='ltr'><strong>deinde</strong></span> <span class='ocrx_word' id='word_1_34' title='bbox 1173 493 1392 545; x_wconf 84' lang='lat' dir='ltr'><strong>rursus,</strong></span> <span class='ocrx_word' id='word_1_35' title='bbox 1426 486 1483 532; x_wconf 92' lang='lat' dir='ltr'><strong>ut</strong></span> <span class='ocrx_word' id='word_1_36' title='bbox 1523 487 1749 550; x_wconf 92' lang='lat' dir='ltr'><strong>regnet:</strong></span> <span class='ocrx_word' id='word_1_37' title='bbox 1854 492 2038 531; x_wconf 86' lang='lat' dir='ltr'><strong>nomen</strong></span> <span class='ocrx_word' id='word_1_38' title='bbox 2080 483 2246 544; x_wconf 89' lang='lat' dir='ltr'><strong>tuum,</strong></span> <span class='ocrx_word' id='word_1_39' title='bbox 2289 474 2429 532; x_wconf 88' lang='lat' dir='ltr'><strong>Deus</strong></span> <span class='ocrx_word' id='word_1_40' title='bbox 2477 475 2666 532; x_wconf 82' lang='lat' dir='ltr'><strong>Israel.</strong></span> <span class='ocrx_word' id='word_1_41' title='bbox 2715 477 2957 548; x_wconf 85' lang='lat' dir='ltr'><strong>Denique</strong></span> <span class='ocrx_word' id='word_1_42' title='bbox 2994 475 3067 532; x_wconf 87' lang='lat' dir='ltr'><strong>ob</strong></span> <span class='ocrx_word' id='word_1_43' title='bbox 3094 476 3354 531; x_wconf 79' lang='lat' dir='ltr'><strong>virtutem</strong></span> <span class='ocrx_word' id='word_1_44' title='bbox 3390 489 3456 529; x_wconf 89' lang='lat' dir='ltr'><strong>ac</strong></span> 
     </span>
    </p>
   </div>
   <div class='ocr_carea' id='block_1_5' title="bbox 210 568 3457 647">
    <p class='ocr_par' dir='ltr' id='par_1_5' title="bbox 210 568 3457 647">
     <span class='ocr_line' id='line_1_5' title="bbox 210 568 3457 647; baseline -0.002 -15"><span class='ocrx_word' id='word_1_45' title='bbox 210 573 436 647; x_wconf 86' lang='lat' dir='ltr'><strong>quomodo</strong></span> <span class='ocrx_word' id='word_1_46' title='bbox 463 573 511 627; x_wconf 92' lang='lat' dir='ltr'><strong>in</strong></span> <span class='ocrx_word' id='word_1_47' title='bbox 539 569 833 627; x_wconf 88' lang='lat' dir='ltr'><strong>secundum</strong></span> <span class='ocrx_word' id='word_1_48' title='bbox 862 568 981 640; x_wconf 88' lang='lat' dir='ltr'><strong>ejus</strong></span> <span class='ocrx_word' id='word_1_49' title='bbox 1021 568 1311 625; x_wconf 84' lang='lat' dir='ltr'><strong>adventum</strong></span> <span class='ocrx_word' id='word_1_50' title='bbox 1353 568 1617 638; x_wconf 90' lang='lat' dir='ltr'><strong>credunt,</strong></span> <span class='ocrx_word' id='word_1_51' title='bbox 1659 568 1753 641; x_wconf 85' lang='lat' dir='ltr'><strong>qui</strong></span> <span class='ocrx_word' id='word_1_52' title='bbox 1852 569 2039 638; x_wconf 87' lang='lat' dir='ltr'><strong>ﬁdem,</strong></span> <span class='ocrx_word' id='word_1_53' title='bbox 2068 584 2231 641; x_wconf 87' lang='lat' dir='ltr'><strong>quam</strong></span> <span class='ocrx_word' id='word_1_54' title='bbox 2265 570 2374 626; x_wconf 90' lang='lat' dir='ltr'><strong>Deo</strong></span> <span class='ocrx_word' id='word_1_55' title='bbox 2395 570 2645 627; x_wconf 83' lang='lat' dir='ltr'><strong>exhibuit</strong></span> <span class='ocrx_word' id='word_1_56' title='bbox 2677 570 2730 627; x_wconf 91' lang='lat' dir='ltr'><strong>in</strong></span> <span class='ocrx_word' id='word_1_57' title='bbox 2761 580 2925 640; x_wconf 86' lang='lat' dir='ltr'><strong>terra,</strong></span> <span class='ocrx_word' id='word_1_58' title='bbox 2960 569 3147 627; x_wconf 89' lang='lat' dir='ltr'><strong>datum</strong></span> <span class='ocrx_word' id='word_1_59' title='bbox 3178 577 3262 625; x_wconf 92' lang='lat' dir='ltr'><strong>est</strong></span> <span class='ocrx_word' id='word_1_60' title='bbox 3288 568 3343 625; x_wconf 90' lang='lat' dir='ltr'><strong>ei</strong></span> <span class='ocrx_word' id='word_1_61' title='bbox 3365 582 3457 625; x_wconf 90' lang='lat' dir='ltr'><strong>re-</strong></span> 
     </span>
    </p>
   </div>
   <div class='ocr_carea' id='block_1_6' title="bbox 207 661 3457 737">
    <p class='ocr_par' dir='ltr' id='par_1_6' title="bbox 207 661 3457 737">
     <span class='ocr_line' id='line_1_6' title="bbox 207 661 3457 737; baseline -0.002 -13"><span class='ocrx_word' id='word_1_62' title='bbox 207 671 252 727; x_wconf 81' lang='lat' dir='ltr'><strong>in</strong></span> <span class='ocrx_word' id='word_1_63' title='bbox 274 668 473 737; x_wconf 91' lang='lat' dir='ltr'><strong>primum</strong></span> <span class='ocrx_word' id='word_1_64' title='bbox 498 679 598 719; x_wconf 90' lang='lat' dir='ltr'><strong>non</strong></span> <span class='ocrx_word' id='word_1_65' title='bbox 629 662 1017 720; x_wconf 88' lang='lat' dir='ltr'><strong>crediderunt?</strong></span> <span class='ocrx_word' id='word_1_66' title='bbox 1852 678 2037 735; x_wconf 88' lang='lat' dir='ltr'><strong>gnum,</strong></span> <span class='ocrx_word' id='word_1_67' title='bbox 2068 673 2123 718; x_wconf 92' lang='lat' dir='ltr'><strong>et</strong></span> <span class='ocrx_word' id='word_1_68' title='bbox 2148 661 2345 732; x_wconf 89' lang='lat' dir='ltr'><strong>honor,</strong></span> <span class='ocrx_word' id='word_1_69' title='bbox 2377 672 2433 719; x_wconf 91' lang='lat' dir='ltr'><strong>et</strong></span> <span class='ocrx_word' id='word_1_70' title='bbox 2457 662 2787 735; x_wconf 79' lang='lat' dir='ltr'><strong>imperium&#39;;</strong></span> <span class='ocrx_word' id='word_1_71' title='bbox 2818 675 2874 720; x_wconf 90' lang='lat' dir='ltr'><strong>et</strong></span> <span class='ocrx_word' id='word_1_72' title='bbox 2902 677 3092 719; x_wconf 88' lang='lat' dir='ltr'><strong>omnes</strong></span> <span class='ocrx_word' id='word_1_73' title='bbox 3112 662 3327 734; x_wconf 85' lang='lat' dir='ltr'><strong>populi,</strong></span> <span class='ocrx_word' id='word_1_74' title='bbox 3352 661 3457 717; x_wconf 83' lang='lat' dir='ltr'><strong>tri-</strong></span> 
     </span>
    </p>
   </div>
   <div class='ocr_carea' id='block_1_7' title="bbox 266 753 3451 832">
    <p class='ocr_par' dir='ltr' id='par_1_7' title="bbox 266 753 3451 832">
     <span class='ocr_line' id='line_1_7' title="bbox 266 753 3451 832; baseline -0.003 -14"><span class='ocrx_word' id='word_1_75' title='bbox 266 758 405 832; x_wconf 81' lang='lat' dir='ltr'><strong>Atqui</strong></span> <span class='ocrx_word' id='word_1_76' title='bbox 428 757 675 830; x_wconf 82' lang='lat' dir='ltr'><strong>propheta</strong></span> <span class='ocrx_word' id='word_1_77' title='bbox 704 766 964 829; x_wconf 87' lang='lat' dir='ltr'><strong>utrosque</strong></span> <span class='ocrx_word' id='word_1_78' title='bbox 982 755 1247 813; x_wconf 82' lang='lat' dir='ltr'><strong>adventus</strong></span> <span class='ocrx_word' id='word_1_79' title='bbox 1277 756 1395 830; x_wconf 87' lang='lat' dir='ltr'><strong>ejus</strong></span> <span class='ocrx_word' id='word_1_80' title='bbox 1420 756 1605 826; x_wconf 85' lang='lat' dir='ltr'><strong>paucis</strong></span> <span class='ocrx_word' id='word_1_81' title='bbox 1625 770 1754 811; x_wconf 89' lang='lat' dir='ltr'><strong>ver-</strong></span> <span class='ocrx_word' id='word_1_82' title='bbox 1852 753 1958 809; x_wconf 88' lang='lat' dir='ltr'><strong>bus</strong></span> <span class='ocrx_word' id='word_1_83' title='bbox 1979 796 1995 822; x_wconf 93' lang='lat'><strong>,</strong></span> <span class='ocrx_word' id='word_1_84' title='bbox 2036 754 2233 827; x_wconf 82' lang='lat' dir='ltr'><strong>linguae</strong></span> <span class='ocrx_word' id='word_1_85' title='bbox 2255 796 2271 822; x_wconf 90' lang='lat'><strong>,</strong></span> <span class='ocrx_word' id='word_1_86' title='bbox 2304 756 2547 812; x_wconf 91' lang='lat' dir='ltr'><strong>servient</strong></span> <span class='ocrx_word' id='word_1_87' title='bbox 2573 757 2658 824; x_wconf 90' lang='lat' dir='ltr'><strong>ei;</strong></span> <span class='ocrx_word' id='word_1_88' title='bbox 2709 764 2765 813; x_wconf 92' lang='lat' dir='ltr'><strong>et</strong></span> <span class='ocrx_word' id='word_1_89' title='bbox 2789 764 3029 828; x_wconf 87' lang='lat' dir='ltr'><strong>potestas</strong></span> <span class='ocrx_word' id='word_1_90' title='bbox 3065 754 3184 827; x_wconf 86' lang='lat' dir='ltr'><strong>ejus</strong></span> <span class='ocrx_word' id='word_1_91' title='bbox 3214 767 3451 821; x_wconf 70' lang='lat' dir='ltr'><strong>aeterna,</strong></span> 
     </span>
    </p>
   </div>
   <div class='ocr_carea' id='block_1_8' title="bbox 205 850 1754 925">
    <p class='ocr_par' dir='ltr' id='par_1_8' title="bbox 205 850 1754 925">
     <span class='ocr_line' id='line_1_8' title="bbox 205 850 1754 925; baseline -0.006 -11"><span class='ocrx_word' id='word_1_92' title='bbox 205 858 274 915; x_wconf 88' lang='lat' dir='ltr'><strong>bis</strong></span> <span class='ocrx_word' id='word_1_93' title='bbox 305 851 708 925; x_wconf 86' lang='lat' dir='ltr'><strong>comprehendit.</strong></span> <span class='ocrx_word' id='word_1_94' title='bbox 738 852 903 919; x_wconf 85' lang='lat' dir='ltr'><strong>Ecce,</strong></span> <span class='ocrx_word' id='word_1_95' title='bbox 935 851 1133 921; x_wconf 79' lang='lat' dir='ltr'><strong>inquit,</strong></span> <span class='ocrx_word' id='word_1_96' title='bbox 1169 851 1224 906; x_wconf 88' lang='lat' dir='ltr'><strong>in</strong></span> <span class='ocrx_word' id='word_1_97' title='bbox 1266 850 1504 907; x_wconf 91' lang='lat' dir='ltr'><strong>nubibus</strong></span> <span class='ocrx_word' id='word_1_98' title='bbox 1544 850 1668 907; x_wconf 62' lang='lat' dir='ltr'><strong>coeli</strong></span> <span class='ocrx_word' id='word_1_99' title='bbox 1696 857 1754 905; x_wconf 93' lang='lat' dir='ltr'><strong>ut</strong></span> 
     </span>
    </p>
   </div>
   <div class='ocr_carea' id='block_1_9' title="bbox 204 942 1754 1010">
    <p class='ocr_par' dir='ltr' id='par_1_9' title="bbox 204 942 1754 1010">
     <span class='ocr_line' id='line_1_9' title="bbox 204 942 1754 1010; baseline -0.003 -6"><span class='ocrx_word' id='word_1_100' title='bbox 204 947 315 1005; x_wconf 84' lang='lat' dir='ltr'><strong>ﬁlius</strong></span> <span class='ocrx_word' id='word_1_101' title='bbox 340 945 556 1001; x_wconf 85' lang='lat' dir='ltr'><strong>hominis</strong></span> <span class='ocrx_word' id='word_1_102' title='bbox 599 944 849 1001; x_wconf 89' lang='lat' dir='ltr'><strong>veniens.</strong></span> <span class='ocrx_word' id='word_1_103' title='bbox 878 943 998 1000; x_wconf 88' lang='lat' dir='ltr'><strong>Non</strong></span> <span class='ocrx_word' id='word_1_104' title='bbox 1042 943 1200 1009; x_wconf 81' lang='lat' dir='ltr'><strong>dixit,</strong></span> <span class='ocrx_word' id='word_1_105' title='bbox 1237 954 1294 999; x_wconf 91' lang='lat' dir='ltr'><strong>ut</strong></span> <span class='ocrx_word' id='word_1_106' title='bbox 1339 942 1480 999; x_wconf 79' lang='lat' dir='ltr'><strong>ﬁlius</strong></span> <span class='ocrx_word' id='word_1_107' title='bbox 1507 944 1624 1010; x_wconf 88' lang='lat' dir='ltr'><strong>Dei,</strong></span> <span class='ocrx_word' id='word_1_108' title='bbox 1656 942 1754 1000; x_wconf 90' lang='lat' dir='ltr'><strong>sed</strong></span> 
     </span>
    </p>
   </div>
   <div class='ocr_carea' id='block_1_10' title="bbox 204 1035 1754 1108">
    <p class='ocr_par' dir='ltr' id='par_1_10' title="bbox 204 1035 1754 1108">
     <span class='ocr_line' id='line_1_10' title="bbox 204 1035 1754 1108; baseline -0.003 -12"><span class='ocrx_word' id='word_1_109' title='bbox 204 1041 320 1097; x_wconf 82' lang='lat' dir='ltr'><strong>ﬁlius</strong></span> <span class='ocrx_word' id='word_1_110' title='bbox 340 1037 576 1105; x_wconf 90' lang='lat' dir='ltr'><strong>hominis,</strong></span> <span class='ocrx_word' id='word_1_111' title='bbox 605 1045 665 1092; x_wconf 91' lang='lat' dir='ltr'><strong>ut</strong></span> <span class='ocrx_word' id='word_1_112' title='bbox 688 1039 1028 1105; x_wconf 83' lang='lat' dir='ltr'><strong>ostenderet,</strong></span> <span class='ocrx_word' id='word_1_113' title='bbox 1057 1036 1202 1108; x_wconf 89' lang='lat' dir='ltr'><strong>quod</strong></span> <span class='ocrx_word' id='word_1_114' title='bbox 1216 1051 1385 1093; x_wconf 88' lang='lat' dir='ltr'><strong>carne</strong></span> <span class='ocrx_word' id='word_1_115' title='bbox 1409 1035 1559 1091; x_wconf 89' lang='lat' dir='ltr'><strong>indui</strong></span> <span class='ocrx_word' id='word_1_116' title='bbox 1582 1036 1754 1093; x_wconf 85' lang='lat' dir='ltr'><strong>habe-</strong></span> 
     </span>
    </p>
   </div>
   <div class='ocr_carea' id='block_1_11' title="bbox 202 1128 1757 1201">
    <p class='ocr_par' dir='ltr' id='par_1_11' title="bbox 202 1128 1757 1201">
     <span class='ocr_line' id='line_1_11' title="bbox 202 1128 1757 1201; baseline -0.001 -12"><span class='ocrx_word' id='word_1_117' title='bbox 202 1132 332 1191; x_wconf 91' lang='lat' dir='ltr'><strong>retin</strong></span> <span class='ocrx_word' id='word_1_118' title='bbox 354 1141 506 1198; x_wconf 88' lang='lat' dir='ltr'><strong>terra,</strong></span> <span class='ocrx_word' id='word_1_119' title='bbox 528 1139 585 1185; x_wconf 93' lang='lat' dir='ltr'><strong>ut</strong></span> <span class='ocrx_word' id='word_1_120' title='bbox 613 1137 868 1201; x_wconf 89' lang='lat' dir='ltr'><strong>suscepta</strong></span> <span class='ocrx_word' id='word_1_121' title='bbox 888 1128 1125 1185; x_wconf 88' lang='lat' dir='ltr'><strong>hominis</strong></span> <span class='ocrx_word' id='word_1_122' title='bbox 1155 1128 1348 1201; x_wconf 78' lang='lat' dir='ltr'><strong>figura,</strong></span> <span class='ocrx_word' id='word_1_123' title='bbox 1374 1129 1757 1187; x_wconf 89' lang='lat' dir='ltr'><strong>etconditione</strong></span> 
     </span>
    </p>
   </div>
   <div class='ocr_carea' id='block_1_12' title="bbox 201 1221 1758 1294">
    <p class='ocr_par' dir='ltr' id='par_1_12' title="bbox 201 1221 1758 1294">
     <span class='ocr_line' id='line_1_12' title="bbox 201 1221 1758 1294; baseline -0.004 -11"><span class='ocrx_word' id='word_1_124' title='bbox 201 1224 395 1292; x_wconf 82' lang='lat' dir='ltr'><strong>mortali,</strong></span> <span class='ocrx_word' id='word_1_125' title='bbox 419 1223 632 1279; x_wconf 88' lang='lat' dir='ltr'><strong>doceret</strong></span> <span class='ocrx_word' id='word_1_126' title='bbox 672 1222 924 1279; x_wconf 90' lang='lat' dir='ltr'><strong>homines</strong></span> <span class='ocrx_word' id='word_1_127' title='bbox 949 1222 1246 1294; x_wconf 85' lang='lat' dir='ltr'><strong>justitiam;</strong></span> <span class='ocrx_word' id='word_1_128' title='bbox 1295 1231 1351 1278; x_wconf 92' lang='lat' dir='ltr'><strong>et</strong></span> <span class='ocrx_word' id='word_1_129' title='bbox 1378 1237 1501 1278; x_wconf 91' lang='lat' dir='ltr'><strong>cum</strong></span> <span class='ocrx_word' id='word_1_130' title='bbox 1532 1221 1758 1278; x_wconf 88' lang='lat' dir='ltr'><strong>manda-</strong></span> 
     </span>
    </p>
   </div>
   <div class='ocr_carea' id='block_1_13' title="bbox 202 1316 1756 1388">
    <p class='ocr_par' dir='ltr' id='par_1_13' title="bbox 202 1316 1756 1388">
     <span class='ocr_line' id='line_1_13' title="bbox 202 1316 1756 1388; baseline -0.004 -11"><span class='ocrx_word' id='word_1_131' title='bbox 202 1320 256 1378; x_wconf 89' lang='lat' dir='ltr'><strong>tis</strong></span> <span class='ocrx_word' id='word_1_132' title='bbox 278 1320 361 1375; x_wconf 92' lang='lat' dir='ltr'><strong>Dei</strong></span> <span class='ocrx_word' id='word_1_133' title='bbox 382 1320 609 1383; x_wconf 78' lang='lat' dir='ltr'><strong>iunctus,</strong></span> <span class='ocrx_word' id='word_1_134' title='bbox 642 1319 928 1374; x_wconf 80' lang='lat' dir='ltr'><strong>veritatem</strong></span> <span class='ocrx_word' id='word_1_135' title='bbox 960 1317 1210 1388; x_wconf 83' lang='lat' dir='ltr'><strong>gentibus</strong></span> <span class='ocrx_word' id='word_1_136' title='bbox 1239 1317 1576 1383; x_wconf 79' lang='lat' dir='ltr'><strong>revelasset,</strong></span> <span class='ocrx_word' id='word_1_137' title='bbox 1614 1316 1756 1372; x_wconf 90' lang='lat' dir='ltr'><strong>mul-</strong></span> 
     </span>
    </p>
   </div>
   <div class='ocr_carea' id='block_1_14' title="bbox 202 1409 1760 1480">
    <p class='ocr_par' dir='ltr' id='par_1_14' title="bbox 202 1409 1760 1480">
     <span class='ocr_line' id='line_1_14' title="bbox 202 1409 1760 1480; baseline -0.003 -11"><span class='ocrx_word' id='word_1_138' title='bbox 202 1420 372 1469; x_wconf 83' lang='lat' dir='ltr'><strong>taretur</strong></span> <span class='ocrx_word' id='word_1_139' title='bbox 393 1411 548 1468; x_wconf 91' lang='lat' dir='ltr'><strong>etiam</strong></span> <span class='ocrx_word' id='word_1_140' title='bbox 599 1422 797 1476; x_wconf 89' lang='lat' dir='ltr'><strong>morte,</strong></span> <span class='ocrx_word' id='word_1_141' title='bbox 831 1418 891 1465; x_wconf 91' lang='lat' dir='ltr'><strong>ut</strong></span> <span class='ocrx_word' id='word_1_142' title='bbox 929 1409 1136 1465; x_wconf 81' lang='lat' dir='ltr'><strong>inferos</strong></span> <span class='ocrx_word' id='word_1_143' title='bbox 1179 1424 1395 1480; x_wconf 89' lang='lat' dir='ltr'><strong>quoque</strong></span> <span class='ocrx_word' id='word_1_144' title='bbox 1426 1411 1669 1465; x_wconf 87' lang='lat' dir='ltr'><strong>vinceret</strong></span> <span class='ocrx_word' id='word_1_145' title='bbox 1696 1424 1760 1465; x_wconf 89' lang='lat' dir='ltr'><strong>ac</strong></span> 
     </span>
    </p>
   </div>
   <div class='ocr_carea' id='block_1_15' title="bbox 199 1501 1757 1575">
    <p class='ocr_par' dir='ltr' id='par_1_15' title="bbox 199 1501 1757 1575">
     <span class='ocr_line' id='line_1_15' title="bbox 199 1501 1757 1575; baseline -0.001 -16"><span class='ocrx_word' id='word_1_146' title='bbox 199 1504 476 1575; x_wconf 84' lang='lat' dir='ltr'><strong>resignaret,</strong></span> <span class='ocrx_word' id='word_1_147' title='bbox 490 1511 653 1573; x_wconf 90' lang='lat' dir='ltr'><strong>atque</strong></span> <span class='ocrx_word' id='word_1_148' title='bbox 671 1504 743 1557; x_wconf 89' lang='lat' dir='ltr'><strong>ita</strong></span> <span class='ocrx_word' id='word_1_149' title='bbox 761 1502 980 1557; x_wconf 91' lang='lat' dir='ltr'><strong>demum</strong></span> <span class='ocrx_word' id='word_1_150' title='bbox 997 1501 1381 1571; x_wconf 84' lang='lat' dir='ltr'><strong>resurgens,ad</strong></span> <span class='ocrx_word' id='word_1_151' title='bbox 1400 1501 1614 1557; x_wconf 87' lang='lat' dir='ltr'><strong>Patrem</strong></span> <span class='ocrx_word' id='word_1_152' title='bbox 1632 1516 1757 1569; x_wconf 85' lang='lat' dir='ltr'><strong>pro-</strong></span> 
     </span>
    </p>
   </div>
   <div class='ocr_carea' id='block_1_16' title="bbox 198 1593 1756 1666">
    <p class='ocr_par' dir='ltr' id='par_1_16' title="bbox 198 1593 1756 1666">
     <span class='ocr_line' id='line_1_16' title="bbox 198 1593 1756 1666; baseline -0.001 -15"><span class='ocrx_word' id='word_1_153' title='bbox 198 1596 488 1652; x_wconf 85' lang='lat' dir='ltr'><strong>ﬁcisceretur</strong></span> <span class='ocrx_word' id='word_1_154' title='bbox 515 1595 573 1650; x_wconf 90' lang='lat' dir='ltr'><strong>in</strong></span> <span class='ocrx_word' id='word_1_155' title='bbox 603 1594 1029 1666; x_wconf 42' lang='lat' dir='ltr'><strong>uuhejsublatus.</strong></span> <span class='ocrx_word' id='word_1_156' title='bbox 1058 1593 1277 1665; x_wconf 86' lang='lat' dir='ltr'><strong>Adjecit</strong></span> <span class='ocrx_word' id='word_1_157' title='bbox 1295 1595 1441 1650; x_wconf 90' lang='lat' dir='ltr'><strong>enim</strong></span> <span class='ocrx_word' id='word_1_158' title='bbox 1472 1597 1756 1666; x_wconf 82' lang='lat' dir='ltr'><strong>propheta,</strong></span> 
     </span>
    </p>
   </div>
   <div class='ocr_carea' id='block_1_17' title="bbox 195 1687 1760 1760">
    <p class='ocr_par' dir='ltr' id='par_1_17' title="bbox 195 1687 1760 1760">
     <span class='ocr_line' id='line_1_17' title="bbox 195 1687 1760 1760; baseline 0 -16"><span class='ocrx_word' id='word_1_159' title='bbox 195 1688 574 1759; x_wconf 87' lang='lat' dir='ltr'><strong>etait:Etusque</strong></span> <span class='ocrx_word' id='word_1_160' title='bbox 587 1690 654 1744; x_wconf 90' lang='lat' dir='ltr'><strong>ad</strong></span> <span class='ocrx_word' id='word_1_161' title='bbox 670 1690 952 1760; x_wconf 85' lang='lat' dir='ltr'><strong>antiquum</strong></span> <span class='ocrx_word' id='word_1_162' title='bbox 968 1687 1180 1745; x_wconf 88' lang='lat' dir='ltr'><strong>dierum</strong></span> <span class='ocrx_word' id='word_1_163' title='bbox 1198 1689 1462 1758; x_wconf 84' lang='lat' dir='ltr'><strong>pervenit,</strong></span> <span class='ocrx_word' id='word_1_164' title='bbox 1482 1698 1534 1743; x_wconf 93' lang='lat' dir='ltr'><strong>et</strong></span> <span class='ocrx_word' id='word_1_165' title='bbox 1549 1687 1760 1744; x_wconf 88' lang='lat' dir='ltr'><strong>oblatus</strong></span> 
     </span>
    </p>
   </div>
   <div class='ocr_carea' id='block_1_18' title="bbox 1856 848 3458 920">
    <p class='ocr_par' dir='ltr' id='par_1_18' title="bbox 1856 848 3458 920">
     <span class='ocr_line' id='line_1_18' title="bbox 1856 848 3458 920; baseline -0.001 -19"><span class='ocrx_word' id='word_1_166' title='bbox 1856 860 1980 918; x_wconf 74' lang='lat' dir='ltr'><strong>qua:</strong></span> <span class='ocrx_word' id='word_1_167' title='bbox 2007 862 2284 919; x_wconf 85' lang='lat' dir='ltr'><strong>nunquam</strong></span> <span class='ocrx_word' id='word_1_168' title='bbox 2308 848 2576 917; x_wconf 90' lang='lat' dir='ltr'><strong>transibit,</strong></span> <span class='ocrx_word' id='word_1_169' title='bbox 2597 858 2651 905; x_wconf 93' lang='lat' dir='ltr'><strong>et</strong></span> <span class='ocrx_word' id='word_1_170' title='bbox 2681 864 2909 920; x_wconf 77' lang='lat' dir='ltr'><strong>regnum</strong></span> <span class='ocrx_word' id='word_1_171' title='bbox 2929 848 3049 919; x_wconf 90' lang='lat' dir='ltr'><strong>ejus</strong></span> <span class='ocrx_word' id='word_1_172' title='bbox 3075 862 3182 903; x_wconf 89' lang='lat' dir='ltr'><strong>non</strong></span> <span class='ocrx_word' id='word_1_173' title='bbox 3208 860 3458 902; x_wconf 86' lang='lat' dir='ltr'><strong>corrum-</strong></span> 
     </span>
    </p>
   </div>
   <div class='ocr_carea' id='block_1_19' title="bbox 1854 939 3463 1015">
    <p class='ocr_par' dir='ltr' id='par_1_19' title="bbox 1854 939 3463 1015">
     <span class='ocr_line' id='line_1_19' title="bbox 1854 939 3463 1015; baseline 0 -20"><span class='ocrx_word' id='word_1_174' title='bbox 1854 949 2032 1011; x_wconf 89' lang='lat' dir='ltr'><strong>petur.</strong></span> <span class='ocrx_word' id='word_1_175' title='bbox 2064 939 2218 1010; x_wconf 84' lang='lat' dir='ltr'><strong>Quod</strong></span> <span class='ocrx_word' id='word_1_176' title='bbox 2246 940 2466 1013; x_wconf 86' lang='lat' dir='ltr'><strong>quidem</strong></span> <span class='ocrx_word' id='word_1_177' title='bbox 2490 940 2701 999; x_wconf 88' lang='lat' dir='ltr'><strong>duobus</strong></span> <span class='ocrx_word' id='word_1_178' title='bbox 2735 942 2912 999; x_wconf 90' lang='lat' dir='ltr'><strong>modis</strong></span> <span class='ocrx_word' id='word_1_179' title='bbox 2935 942 3296 1013; x_wconf 76' lang='lat' dir='ltr'><strong>intelligitur:</strong></span> <span class='ocrx_word' id='word_1_180' title='bbox 3330 939 3463 1015; x_wconf 31' lang='lat' dir='ltr'><strong>quia.</strong></span> 
     </span>
    </p>
   </div>
   <div class='ocr_carea' id='block_1_20' title="bbox 1856 1035 3459 1109">
    <p class='ocr_par' dir='ltr' id='par_1_20' title="bbox 1856 1035 3459 1109">
     <span class='ocr_line' id='line_1_20' title="bbox 1856 1035 3459 1109; baseline 0.004 -20"><span class='ocrx_word' id='word_1_181' title='bbox 1856 1043 1912 1090; x_wconf 90' lang='lat' dir='ltr'><strong>et</strong></span> <span class='ocrx_word' id='word_1_182' title='bbox 1943 1050 2086 1091; x_wconf 90' lang='lat' dir='ltr'><strong>nunc</strong></span> <span class='ocrx_word' id='word_1_183' title='bbox 2113 1035 2285 1093; x_wconf 84' lang='lat' dir='ltr'><strong>habet</strong></span> <span class='ocrx_word' id='word_1_184' title='bbox 2330 1045 2648 1108; x_wconf 87' lang='lat' dir='ltr'><strong>perpetuam</strong></span> <span class='ocrx_word' id='word_1_185' title='bbox 2696 1040 3060 1109; x_wconf 84' lang='lat' dir='ltr'><strong>potestatem‘,</strong></span> <span class='ocrx_word' id='word_1_186' title='bbox 3115 1040 3459 1108; x_wconf 40' lang='lat' dir='ltr'><strong>cumjomnes</strong></span> 
     </span>
    </p>
   </div>
   <div class='ocr_carea' id='block_1_21' title="bbox 1856 1129 3459 1202">
    <p class='ocr_par' dir='ltr' id='par_1_21' title="bbox 1856 1129 3459 1202">
     <span class='ocr_line' id='line_1_21' title="bbox 1856 1129 3459 1202; baseline 0.001 -18"><span class='ocrx_word' id='word_1_187' title='bbox 1856 1139 2068 1200; x_wconf 86' lang='lat' dir='ltr'><strong>gentes,</strong></span> <span class='ocrx_word' id='word_1_188' title='bbox 2088 1139 2143 1185; x_wconf 89' lang='lat' dir='ltr'><strong>et</strong></span> <span class='ocrx_word' id='word_1_189' title='bbox 2170 1144 2361 1185; x_wconf 91' lang='lat' dir='ltr'><strong>omnes</strong></span> <span class='ocrx_word' id='word_1_190' title='bbox 2382 1129 2581 1202; x_wconf 73' lang='lat' dir='ltr'><strong>linguae</strong></span> <span class='ocrx_word' id='word_1_191' title='bbox 2601 1145 2800 1187; x_wconf 90' lang='lat' dir='ltr'><strong>nomen</strong></span> <span class='ocrx_word' id='word_1_192' title='bbox 2829 1131 2947 1202; x_wconf 90' lang='lat' dir='ltr'><strong>ejus</strong></span> <span class='ocrx_word' id='word_1_193' title='bbox 2961 1140 3315 1199; x_wconf 88' lang='lat' dir='ltr'><strong>venerantur,</strong></span> <span class='ocrx_word' id='word_1_194' title='bbox 3337 1145 3459 1185; x_wconf 88' lang='lat' dir='ltr'><strong>ma-</strong></span> 
     </span>
    </p>
   </div>
   <div class='ocr_carea' id='block_1_22' title="bbox 1853 1221 3459 1298">
    <p class='ocr_par' dir='ltr' id='par_1_22' title="bbox 1853 1221 3459 1298">
     <span class='ocr_line' id='line_1_22' title="bbox 1853 1221 3459 1298; baseline 0.002 -21"><span class='ocrx_word' id='word_1_195' title='bbox 1853 1221 2109 1292; x_wconf 86' lang='lat' dir='ltr'><strong>jestatem</strong></span> <span class='ocrx_word' id='word_1_196' title='bbox 2136 1223 2487 1293; x_wconf 79' lang='lat' dir='ltr'><strong>confitentur,</strong></span> <span class='ocrx_word' id='word_1_197' title='bbox 2518 1225 2820 1281; x_wconf 88' lang='lat' dir='ltr'><strong>doctrinam</strong></span> <span class='ocrx_word' id='word_1_198' title='bbox 2849 1234 3170 1298; x_wconf 90' lang='lat' dir='ltr'><strong>sequuntur,</strong></span> <span class='ocrx_word' id='word_1_199' title='bbox 3200 1226 3459 1282; x_wconf 86' lang='lat' dir='ltr'><strong>virtutem</strong></span> 
     </span>
    </p>
   </div>
   <div class='ocr_carea' id='block_1_23' title="bbox 1860 1318 3458 1393">
    <p class='ocr_par' dir='ltr' id='par_1_23' title="bbox 1860 1318 3458 1393">
     <span class='ocr_line' id='line_1_23' title="bbox 1860 1318 3458 1393; baseline 0.001 -19"><span class='ocrx_word' id='word_1_200' title='bbox 1860 1318 2170 1387; x_wconf 79' lang='lat' dir='ltr'><strong>imitantur;</strong></span> <span class='ocrx_word' id='word_1_201' title='bbox 2235 1320 2400 1377; x_wconf 90' lang='lat' dir='ltr'><strong>habet</strong></span> <span class='ocrx_word' id='word_1_202' title='bbox 2436 1321 2722 1392; x_wconf 90' lang='lat' dir='ltr'><strong>imperium</strong></span> <span class='ocrx_word' id='word_1_203' title='bbox 2766 1328 2929 1393; x_wconf 89' lang='lat' dir='ltr'><strong>atque</strong></span> <span class='ocrx_word' id='word_1_204' title='bbox 2980 1320 3242 1377; x_wconf 91' lang='lat' dir='ltr'><strong>honorem</strong></span> <span class='ocrx_word' id='word_1_205' title='bbox 3273 1362 3288 1386; x_wconf 88' lang='lat'><strong>,</strong></span> <span class='ocrx_word' id='word_1_206' title='bbox 3332 1335 3458 1378; x_wconf 89' lang='lat' dir='ltr'><strong>cum</strong></span> 
     </span>
    </p>
   </div>
   <div class='ocr_carea' id='block_1_24' title="bbox 1862 1412 3462 1485">
    <p class='ocr_par' dir='ltr' id='par_1_24' title="bbox 1862 1412 3462 1485">
     <span class='ocr_line' id='line_1_24' title="bbox 1862 1412 3462 1485; baseline 0.002 -18"><span class='ocrx_word' id='word_1_207' title='bbox 1862 1426 2054 1469; x_wconf 90' lang='lat' dir='ltr'><strong>omnes</strong></span> <span class='ocrx_word' id='word_1_208' title='bbox 2084 1412 2254 1469; x_wconf 89' lang='lat' dir='ltr'><strong>tribus</strong></span> <span class='ocrx_word' id='word_1_209' title='bbox 2294 1425 2456 1469; x_wconf 70' lang='lat' dir='ltr'><strong>terra:</strong></span> <span class='ocrx_word' id='word_1_210' title='bbox 2499 1414 2785 1485; x_wconf 66' lang='lat' dir='ltr'><strong>praeceptis</strong></span> <span class='ocrx_word' id='word_1_211' title='bbox 2811 1414 2928 1485; x_wconf 89' lang='lat' dir='ltr'><strong>ejus</strong></span> <span class='ocrx_word' id='word_1_212' title='bbox 2954 1414 3373 1484; x_wconf 88' lang='lat' dir='ltr'><strong>obtemperant:</strong></span> <span class='ocrx_word' id='word_1_213' title='bbox 3405 1423 3462 1471; x_wconf 93' lang='lat' dir='ltr'><strong>et</strong></span> 
     </span>
    </p>
   </div>
   <div class='ocr_carea' id='block_1_25' title="bbox 1862 1505 3464 1579">
    <p class='ocr_par' dir='ltr' id='par_1_25' title="bbox 1862 1505 3464 1579">
     <span class='ocr_line' id='line_1_25' title="bbox 1862 1505 3464 1579; baseline 0.003 -18"><span class='ocrx_word' id='word_1_214' title='bbox 1862 1505 2004 1563; x_wconf 90' lang='lat' dir='ltr'><strong>idem</strong></span> <span class='ocrx_word' id='word_1_215' title='bbox 2054 1516 2241 1576; x_wconf 87' lang='lat' dir='ltr'><strong>postea</strong></span> <span class='ocrx_word' id='word_1_216' title='bbox 2293 1522 2415 1563; x_wconf 90' lang='lat' dir='ltr'><strong>cum</strong></span> <span class='ocrx_word' id='word_1_217' title='bbox 2464 1523 2654 1565; x_wconf 87' lang='lat' dir='ltr'><strong>rursus</strong></span> <span class='ocrx_word' id='word_1_218' title='bbox 2682 1508 2965 1564; x_wconf 83' lang='lat' dir='ltr'><strong>advenerit</strong></span> <span class='ocrx_word' id='word_1_219' title='bbox 2995 1509 3049 1564; x_wconf 91' lang='lat' dir='ltr'><strong>in</strong></span> <span class='ocrx_word' id='word_1_220' title='bbox 3098 1517 3369 1579; x_wconf 89' lang='lat' dir='ltr'><strong>potestate</strong></span> <span class='ocrx_word' id='word_1_221' title='bbox 3398 1523 3464 1566; x_wconf 90' lang='lat' dir='ltr'><strong>ac</strong></span> 
     </span>
    </p>
   </div>
   <div class='ocr_carea' id='block_1_26' title="bbox 1862 1599 3462 1671">
    <p class='ocr_par' dir='ltr' id='par_1_26' title="bbox 1862 1599 3462 1671">
     <span class='ocr_line' id='line_1_26' title="bbox 1862 1599 3462 1671; baseline 0.001 -17"><span class='ocrx_word' id='word_1_222' title='bbox 1862 1599 2128 1664; x_wconf 80' lang='lat' dir='ltr'><strong>claritate,</strong></span> <span class='ocrx_word' id='word_1_223' title='bbox 2157 1610 2216 1655; x_wconf 90' lang='lat' dir='ltr'><strong>ut</strong></span> <span class='ocrx_word' id='word_1_224' title='bbox 2242 1615 2458 1656; x_wconf 91' lang='lat' dir='ltr'><strong>omnem</strong></span> <span class='ocrx_word' id='word_1_225' title='bbox 2491 1603 2724 1655; x_wconf 85' lang='lat' dir='ltr'><strong>animam</strong></span> <span class='ocrx_word' id='word_1_226' title='bbox 2743 1600 2976 1671; x_wconf 89' lang='lat' dir='ltr'><strong>judicet,</strong></span> <span class='ocrx_word' id='word_1_227' title='bbox 3004 1609 3059 1656; x_wconf 92' lang='lat' dir='ltr'><strong>et</strong></span> <span class='ocrx_word' id='word_1_228' title='bbox 3078 1599 3257 1671; x_wconf 89' lang='lat' dir='ltr'><strong>justos</strong></span> <span class='ocrx_word' id='word_1_229' title='bbox 3297 1600 3462 1656; x_wconf 88' lang='lat' dir='ltr'><strong>resti-</strong></span> 
     </span>
    </p>
   </div>
   <div class='ocr_carea' id='block_1_27' title="bbox 1865 1691 3463 1764">
    <p class='ocr_par' dir='ltr' id='par_1_27' title="bbox 1865 1691 3463 1764">
     <span class='ocr_line' id='line_1_27' title="bbox 1865 1691 3463 1764; baseline 0.002 -19"><span class='ocrx_word' id='word_1_230' title='bbox 1865 1702 1980 1746; x_wconf 88' lang='lat' dir='ltr'><strong>tnat</strong></span> <span class='ocrx_word' id='word_1_231' title='bbox 2001 1692 2066 1746; x_wconf 88' lang='lat' dir='ltr'><strong>ad</strong></span> <span class='ocrx_word' id='word_1_232' title='bbox 2098 1692 2282 1757; x_wconf 89' lang='lat' dir='ltr'><strong>vitam,</strong></span> <span class='ocrx_word' id='word_1_233' title='bbox 2314 1701 2439 1748; x_wconf 90' lang='lat' dir='ltr'><strong>tunc</strong></span> <span class='ocrx_word' id='word_1_234' title='bbox 2470 1708 2598 1750; x_wconf 90' lang='lat' dir='ltr'><strong>vere</strong></span> <span class='ocrx_word' id='word_1_235' title='bbox 2628 1693 2795 1748; x_wconf 90' lang='lat' dir='ltr'><strong>totius</strong></span> <span class='ocrx_word' id='word_1_236' title='bbox 2842 1702 3002 1748; x_wconf 68' lang='lat' dir='ltr'><strong>terrm</strong></span> <span class='ocrx_word' id='word_1_237' title='bbox 3040 1691 3285 1764; x_wconf 88' lang='lat' dir='ltr'><strong>regimen</strong></span> <span class='ocrx_word' id='word_1_238' title='bbox 3318 1691 3463 1749; x_wconf 91' lang='lat' dir='ltr'><strong>obti-</strong></span> 
     </span>
    </p>
   </div>
   <div class='ocr_carea' id='block_1_28' title="bbox 195 1765 3461 1853">
    <p class='ocr_par' dir='ltr' id='par_1_28' title="bbox 195 1765 3461 1853">
     <span class='ocr_line' id='line_1_28' title="bbox 195 1765 3461 1853; baseline 0.001 -17"><span class='ocrx_word' id='word_1_239' title='bbox 195 1790 259 1836; x_wconf 76' lang='lat' dir='ltr'><strong>est</strong></span> <span class='ocrx_word' id='word_1_240' title='bbox 283 1780 346 1836; x_wconf 90' lang='lat' dir='ltr'><strong>ei.</strong></span> <span class='ocrx_word' id='word_1_241' title='bbox 371 1780 661 1852; x_wconf 80' lang='lat' dir='ltr'><strong>Antiquum</strong></span> <span class='ocrx_word' id='word_1_242' title='bbox 691 1780 902 1838; x_wconf 92' lang='lat' dir='ltr'><strong>dierum</strong></span> <span class='ocrx_word' id='word_1_243' title='bbox 924 1780 1219 1853; x_wconf 85' lang='lat' dir='ltr'><strong>appellavit</strong></span> <span class='ocrx_word' id='word_1_244' title='bbox 1248 1781 1414 1838; x_wconf 91' lang='lat' dir='ltr'><strong>Deum</strong></span> <span class='ocrx_word' id='word_1_245' title='bbox 1437 1797 1708 1837; x_wconf 89' lang='lat' dir='ltr'><strong>summmn</strong></span> <span class='ocrx_word' id='word_1_246' title='bbox 1735 1825 1750 1851; x_wconf 95' lang='lat'><strong>,</strong></span> <span class='ocrx_word' id='word_1_247' title='bbox 1784 1785 1833 1846; x_wconf 85' lang='lat' dir='ltr'><strong>B</strong></span> <span class='ocrx_word' id='word_1_248' title='bbox 1861 1785 2041 1851; x_wconf 90' lang='lat' dir='ltr'><strong>nebit;</strong></span> <span class='ocrx_word' id='word_1_249' title='bbox 2089 1794 2216 1840; x_wconf 91' lang='lat' dir='ltr'><strong>tunc</strong></span> <span class='ocrx_word' id='word_1_250' title='bbox 2262 1786 2476 1842; x_wconf 84' lang='lat' dir='ltr'><strong>sublato</strong></span> <span class='ocrx_word' id='word_1_251' title='bbox 2503 1785 2571 1842; x_wconf 89' lang='lat' dir='ltr'><strong>de</strong></span> <span class='ocrx_word' id='word_1_252' title='bbox 2603 1785 2765 1842; x_wconf 91' lang='lat' dir='ltr'><strong>rebus</strong></span> <span class='ocrx_word' id='word_1_253' title='bbox 2795 1785 3043 1841; x_wconf 87' lang='lat' dir='ltr'><strong>humanis</strong></span> <span class='ocrx_word' id='word_1_254' title='bbox 3088 1785 3239 1841; x_wconf 89' lang='lat' dir='ltr'><strong>omni</strong></span> <span class='ocrx_word' id='word_1_255' title='bbox 3271 1765 3461 1853; x_wconf 55' lang='lat' dir='ltr'><strong>male:</strong></span> 
     </span>
    </p>
   </div>
   <div class='ocr_carea' id='block_1_29' title="bbox 192 1871 1753 1946">
    <p class='ocr_par' dir='ltr' id='par_1_29' title="bbox 192 1871 1753 1946">
     <span class='ocr_line' id='line_1_29' title="bbox 192 1871 1753 1946; baseline 0.001 -19"><span class='ocrx_word' id='word_1_256' title='bbox 192 1871 315 1942; x_wconf 87' lang='lat' dir='ltr'><strong>cujus</strong></span> <span class='ocrx_word' id='word_1_257' title='bbox 339 1879 481 1939; x_wconf 68' lang='lat' dir='ltr'><strong>tetas,</strong></span> <span class='ocrx_word' id='word_1_258' title='bbox 513 1881 571 1928; x_wconf 91' lang='lat' dir='ltr'><strong>et</strong></span> <span class='ocrx_word' id='word_1_259' title='bbox 602 1872 759 1944; x_wconf 86' lang='lat' dir='ltr'><strong>origo</strong></span> <span class='ocrx_word' id='word_1_260' title='bbox 802 1887 909 1929; x_wconf 90' lang='lat' dir='ltr'><strong>non</strong></span> <span class='ocrx_word' id='word_1_261' title='bbox 958 1881 1139 1944; x_wconf 88' lang='lat' dir='ltr'><strong>potest</strong></span> <span class='ocrx_word' id='word_1_262' title='bbox 1166 1874 1594 1944; x_wconf 87' lang='lat' dir='ltr'><strong>comprehendi;</strong></span> <span class='ocrx_word' id='word_1_263' title='bbox 1625 1876 1753 1946; x_wconf 87' lang='lat' dir='ltr'><strong>quia</strong></span> 
     </span>
    </p>
   </div>
   <div class='ocr_carea' id='block_1_30' title="bbox 193 1964 1755 2036">
    <p class='ocr_par' dir='ltr' id='par_1_30' title="bbox 193 1964 1755 2036">
     <span class='ocr_line' id='line_1_30' title="bbox 193 1964 1755 2036; baseline 0.003 -18"><span class='ocrx_word' id='word_1_264' title='bbox 193 1964 311 2020; x_wconf 88' lang='lat' dir='ltr'><strong>solus</strong></span> <span class='ocrx_word' id='word_1_265' title='bbox 335 1964 595 2021; x_wconf 68' lang='lat' dir='ltr'><strong>asmculis</strong></span> <span class='ocrx_word' id='word_1_266' title='bbox 616 1964 737 2033; x_wconf 82' lang='lat' dir='ltr'><strong>Iuit,</strong></span> <span class='ocrx_word' id='word_1_267' title='bbox 762 1975 821 2022; x_wconf 90' lang='lat' dir='ltr'><strong>et</strong></span> <span class='ocrx_word' id='word_1_268' title='bbox 846 1966 952 2022; x_wconf 91' lang='lat' dir='ltr'><strong>erit</strong></span> <span class='ocrx_word' id='word_1_269' title='bbox 977 1981 1196 2036; x_wconf 89' lang='lat' dir='ltr'><strong>semper</strong></span> <span class='ocrx_word' id='word_1_270' title='bbox 1226 1966 1281 2021; x_wconf 91' lang='lat' dir='ltr'><strong>in</strong></span> <span class='ocrx_word' id='word_1_271' title='bbox 1313 1967 1532 2023; x_wconf 66' lang='lat' dir='ltr'><strong>saecula.</strong></span> <span class='ocrx_word' id='word_1_272' title='bbox 1565 1966 1755 2023; x_wconf 87' lang='lat' dir='ltr'><strong>Chris-</strong></span> 
     </span>
    </p>
   </div>
   <div class='ocr_carea' id='block_1_31' title="bbox 191 2060 1755 2130">
    <p class='ocr_par' dir='ltr' id='par_1_31' title="bbox 191 2060 1755 2130">
     <span class='ocr_line' id='line_1_31' title="bbox 191 2060 1755 2130; baseline 0.001 -16"><span class='ocrx_word' id='word_1_273' title='bbox 191 2066 281 2114; x_wconf 85' lang='lat' dir='ltr'><strong>tum</strong></span> <span class='ocrx_word' id='word_1_274' title='bbox 299 2069 466 2115; x_wconf 87' lang='lat' dir='ltr'><strong>autem</strong></span> <span class='ocrx_word' id='word_1_275' title='bbox 496 2067 626 2129; x_wconf 89' lang='lat' dir='ltr'><strong>post</strong></span> <span class='ocrx_word' id='word_1_276' title='bbox 657 2060 961 2130; x_wconf 89' lang='lat' dir='ltr'><strong>passionem</strong></span> <span class='ocrx_word' id='word_1_277' title='bbox 979 2074 1044 2115; x_wconf 87' lang='lat' dir='ltr'><strong>ac</strong></span> <span class='ocrx_word' id='word_1_278' title='bbox 1074 2060 1528 2115; x_wconf 89' lang='lat' dir='ltr'><strong>resurrectionem</strong></span> <span class='ocrx_word' id='word_1_279' title='bbox 1559 2074 1755 2116; x_wconf 87' lang='lat' dir='ltr'><strong>ascen-</strong></span> 
     </span>
    </p>
   </div>
   <div class='ocr_carea' id='block_1_32' title="bbox 190 2153 1759 2226">
    <p class='ocr_par' dir='ltr' id='par_1_32' title="bbox 190 2153 1759 2226">
     <span class='ocr_line' id='line_1_32' title="bbox 190 2153 1759 2226; baseline 0.002 -18"><span class='ocrx_word' id='word_1_280' title='bbox 190 2166 343 2208; x_wconf 84' lang='lat' dir='ltr'><strong>surum</strong></span> <span class='ocrx_word' id='word_1_281' title='bbox 357 2168 472 2210; x_wconf 86' lang='lat' dir='ltr'><strong>esse</strong></span> <span class='ocrx_word' id='word_1_282' title='bbox 511 2153 585 2210; x_wconf 86' lang='lat' dir='ltr'><strong>ad</strong></span> <span class='ocrx_word' id='word_1_283' title='bbox 614 2154 789 2211; x_wconf 90' lang='lat' dir='ltr'><strong>Deum</strong></span> <span class='ocrx_word' id='word_1_284' title='bbox 818 2162 1051 2225; x_wconf 88' lang='lat' dir='ltr'><strong>patrem,</strong></span> <span class='ocrx_word' id='word_1_285' title='bbox 1087 2154 1256 2210; x_wconf 88' lang='lat' dir='ltr'><strong>David</strong></span> <span class='ocrx_word' id='word_1_286' title='bbox 1286 2155 1341 2211; x_wconf 92' lang='lat' dir='ltr'><strong>in</strong></span> <span class='ocrx_word' id='word_1_287' title='bbox 1386 2156 1595 2226; x_wconf 90' lang='lat' dir='ltr'><strong>psalmo</strong></span> <span class='ocrx_word' id='word_1_288' title='bbox 1623 2170 1759 2211; x_wconf 86' lang='lat' dir='ltr'><strong>cen-</strong></span> 
     </span>
    </p>
   </div>
   <div class='ocr_carea' id='block_1_33' title="bbox 190 2244 1759 2304">
    <p class='ocr_par' dir='ltr' id='par_1_33' title="bbox 190 2244 1759 2304">
     <span class='ocr_line' id='line_1_33' title="bbox 190 2244 1759 2304; baseline 0.002 -4"><span class='ocrx_word' id='word_1_289' title='bbox 190 2244 350 2301; x_wconf 87' lang='lat' dir='ltr'><strong>tesimo</strong></span> <span class='ocrx_word' id='word_1_290' title='bbox 371 2261 514 2303; x_wconf 91' lang='lat' dir='ltr'><strong>nono</strong></span> <span class='ocrx_word' id='word_1_291' title='bbox 539 2254 884 2304; x_wconf 87' lang='lat' dir='ltr'><strong>contestatus</strong></span> <span class='ocrx_word' id='word_1_292' title='bbox 910 2254 996 2304; x_wconf 88' lang='lat' dir='ltr'><strong>est</strong></span> <span class='ocrx_word' id='word_1_293' title='bbox 1024 2245 1111 2302; x_wconf 92' lang='lat' dir='ltr'><strong>his</strong></span> <span class='ocrx_word' id='word_1_294' title='bbox 1136 2247 1321 2304; x_wconf 85' lang='lat' dir='ltr'><strong>verbis</strong></span> <span class='ocrx_word' id='word_1_295' title='bbox 1349 2265 1362 2301; x_wconf 90' lang='lat'>:</span> <span class='ocrx_word' id='word_1_296' title='bbox 1396 2246 1543 2303; x_wconf 69' lang='lat' dir='ltr'><strong>Dixit</strong></span> <span class='ocrx_word' id='word_1_297' title='bbox 1574 2246 1759 2303; x_wconf 87' lang='lat' dir='ltr'><strong>Domi-</strong></span> 
     </span>
    </p>
   </div>
   <div class='ocr_carea' id='block_1_34' title="bbox 189 2337 1752 2413">
    <p class='ocr_par' dir='ltr' id='par_1_34' title="bbox 189 2337 1752 2413">
     <span class='ocr_line' id='line_1_34' title="bbox 189 2337 1752 2413; baseline 0.003 -20"><span class='ocrx_word' id='word_1_298' title='bbox 189 2354 268 2394; x_wconf 70' lang='grc' dir='ltr'><strong>ιιι</strong></span> <span class='ocrx_word' id='word_1_299' title='bbox 291 2337 497 2395; x_wconf 90' lang='lat' dir='ltr'><strong>Domino</strong></span> <span class='ocrx_word' id='word_1_300' title='bbox 526 2356 666 2405; x_wconf 85' lang='lat' dir='ltr'><strong>meo,</strong></span> <span class='ocrx_word' id='word_1_301' title='bbox 700 2340 821 2395; x_wconf 88' lang='lat' dir='ltr'><strong>sede</strong></span> <span class='ocrx_word' id='word_1_302' title='bbox 841 2358 872 2394; x_wconf 91' lang='lat' dir='ltr'><strong>a</strong></span> <span class='ocrx_word' id='word_1_303' title='bbox 898 2341 1094 2396; x_wconf 68' lang='lat' dir='ltr'><strong>dextris</strong></span> <span class='ocrx_word' id='word_1_304' title='bbox 1109 2342 1272 2404; x_wconf 85' lang='lat' dir='ltr'><strong>meis;</strong></span> <span class='ocrx_word' id='word_1_305' title='bbox 1304 2342 1635 2413; x_wconf 76' lang='lat' dir='ltr'><strong>quoadusque</strong></span> <span class='ocrx_word' id='word_1_306' title='bbox 1657 2359 1752 2413; x_wconf 84' lang='lat' dir='ltr'><strong>po-</strong></span> 
     </span>
    </p>
   </div>
   <div class='ocr_carea' id='block_1_35' title="bbox 186 2429 1759 2504">
    <p class='ocr_par' dir='ltr' id='par_1_35' title="bbox 186 2429 1759 2504">
     <span class='ocr_line' id='line_1_35' title="bbox 186 2429 1759 2504; baseline 0.003 -21"><span class='ocrx_word' id='word_1_307' title='bbox 186 2444 283 2483; x_wconf 85' lang='lat' dir='ltr'><strong>nam</strong></span> <span class='ocrx_word' id='word_1_308' title='bbox 306 2429 530 2486; x_wconf 85' lang='lat' dir='ltr'><strong>inimicos</strong></span> <span class='ocrx_word' id='word_1_309' title='bbox 561 2440 683 2486; x_wconf 87' lang='lat' dir='ltr'><strong>tuos</strong></span> <span class='ocrx_word' id='word_1_310' title='bbox 707 2432 1097 2504; x_wconf 85' lang='lat' dir='ltr'><strong>suppedaneum</strong></span> <span class='ocrx_word' id='word_1_311' title='bbox 1143 2432 1333 2503; x_wconf 86' lang='lat' dir='ltr'><strong>pedum</strong></span> <span class='ocrx_word' id='word_1_312' title='bbox 1378 2442 1610 2488; x_wconf 88' lang='lat' dir='ltr'><strong>tuorum.</strong></span> <span class='ocrx_word' id='word_1_313' title='bbox 1658 2435 1759 2501; x_wconf 89' lang='lat' dir='ltr'><strong>Qui</strong></span> 
     </span>
    </p>
   </div>
   <div class='ocr_carea' id='block_1_36' title="bbox 188 2524 1762 2599">
    <p class='ocr_par' dir='ltr' id='par_1_36' title="bbox 188 2524 1762 2599">
     <span class='ocr_line' id='line_1_36' title="bbox 188 2524 1762 2599; baseline 0.001 -17"><span class='ocrx_word' id='word_1_314' title='bbox 188 2524 435 2598; x_wconf 86' lang='lat' dir='ltr'><strong>propheta,</strong></span> <span class='ocrx_word' id='word_1_315' title='bbox 483 2543 619 2585; x_wconf 90' lang='lat' dir='ltr'><strong>cum</strong></span> <span class='ocrx_word' id='word_1_316' title='bbox 645 2543 742 2585; x_wconf 87' lang='lat' dir='ltr'><strong>rex</strong></span> <span class='ocrx_word' id='word_1_317' title='bbox 772 2536 939 2595; x_wconf 89' lang='lat' dir='ltr'><strong>esset,</strong></span> <span class='ocrx_word' id='word_1_318' title='bbox 974 2542 1134 2599; x_wconf 90' lang='lat' dir='ltr'><strong>quem</strong></span> <span class='ocrx_word' id='word_1_319' title='bbox 1179 2527 1454 2598; x_wconf 87' lang='lat' dir='ltr'><strong>appellare</strong></span> <span class='ocrx_word' id='word_1_320' title='bbox 1482 2528 1762 2584; x_wconf 89' lang='lat' dir='ltr'><strong>dominum</strong></span> 
     </span>
    </p>
   </div>
   <div class='ocr_carea' id='block_1_37' title="bbox 184 2619 1766 2692">
    <p class='ocr_par' dir='ltr' id='par_1_37' title="bbox 184 2619 1766 2692">
     <span class='ocr_line' id='line_1_37' title="bbox 184 2619 1766 2692; baseline 0.002 -18"><span class='ocrx_word' id='word_1_321' title='bbox 184 2632 316 2675; x_wconf 84' lang='lat' dir='ltr'><strong>suum</strong></span> <span class='ocrx_word' id='word_1_322' title='bbox 336 2629 535 2691; x_wconf 85' lang='lat' dir='ltr'><strong>posset,</strong></span> <span class='ocrx_word' id='word_1_323' title='bbox 560 2621 662 2692; x_wconf 87' lang='lat' dir='ltr'><strong>qui</strong></span> <span class='ocrx_word' id='word_1_324' title='bbox 682 2620 899 2678; x_wconf 88' lang='lat' dir='ltr'><strong>sederet</strong></span> <span class='ocrx_word' id='word_1_325' title='bbox 926 2620 995 2675; x_wconf 89' lang='lat' dir='ltr'><strong>ad</strong></span> <span class='ocrx_word' id='word_1_326' title='bbox 1019 2619 1300 2677; x_wconf 81' lang='lat' dir='ltr'><strong>dexteram</strong></span> <span class='ocrx_word' id='word_1_327' title='bbox 1320 2620 1435 2688; x_wconf 87' lang='lat' dir='ltr'><strong>Dei,</strong></span> <span class='ocrx_word' id='word_1_328' title='bbox 1467 2621 1567 2676; x_wconf 90' lang='lat' dir='ltr'><strong>nisi</strong></span> <span class='ocrx_word' id='word_1_329' title='bbox 1587 2620 1766 2677; x_wconf 89' lang='lat' dir='ltr'><strong>Chris-</strong></span> 
     </span>
    </p>
   </div>
   <div class='ocr_carea' id='block_1_38' title="bbox 187 2712 1765 2786">
    <p class='ocr_par' dir='ltr' id='par_1_38' title="bbox 187 2712 1765 2786">
     <span class='ocr_line' id='line_1_38' title="bbox 187 2712 1765 2786; baseline 0.002 -19"><span class='ocrx_word' id='word_1_330' title='bbox 187 2721 279 2769; x_wconf 89' lang='lat' dir='ltr'><strong>tum</strong></span> <span class='ocrx_word' id='word_1_331' title='bbox 300 2713 487 2771; x_wconf 87' lang='lat' dir='ltr'><strong>Filinm</strong></span> <span class='ocrx_word' id='word_1_332' title='bbox 523 2715 651 2781; x_wconf 86' lang='lat' dir='ltr'><strong>Dei,</strong></span> <span class='ocrx_word' id='word_1_333' title='bbox 684 2715 777 2786; x_wconf 90' lang='lat' dir='ltr'><strong>qui</strong></span> <span class='ocrx_word' id='word_1_334' title='bbox 803 2722 888 2771; x_wconf 88' lang='lat' dir='ltr'><strong>est</strong></span> <span class='ocrx_word' id='word_1_335' title='bbox 918 2729 1012 2770; x_wconf 87' lang='lat' dir='ltr'><strong>rex</strong></span> <span class='ocrx_word' id='word_1_336' title='bbox 1041 2728 1251 2785; x_wconf 87' lang='lat' dir='ltr'><strong>regum,</strong></span> <span class='ocrx_word' id='word_1_337' title='bbox 1283 2722 1337 2769; x_wconf 91' lang='lat' dir='ltr'><strong>et</strong></span> <span class='ocrx_word' id='word_1_338' title='bbox 1363 2712 1619 2770; x_wconf 92' lang='lat' dir='ltr'><strong>dominus</strong></span> <span class='ocrx_word' id='word_1_339' title='bbox 1665 2712 1765 2769; x_wconf 82' lang='lat' dir='ltr'><strong>do—</strong></span> 
     </span>
    </p>
   </div>
   <div class='ocr_carea' id='block_1_39' title="bbox 182 2805 1766 2878">
    <p class='ocr_par' dir='ltr' id='par_1_39' title="bbox 182 2805 1766 2878">
     <span class='ocr_line' id='line_1_39' title="bbox 182 2805 1766 2878; baseline -0.001 -16"><span class='ocrx_word' id='word_1_340' title='bbox 182 2807 464 2865; x_wconf 83' lang='lat' dir='ltr'><strong>minorum?</strong></span> <span class='ocrx_word' id='word_1_341' title='bbox 487 2806 656 2878; x_wconf 83' lang='lat' dir='ltr'><strong>Quod</strong></span> <span class='ocrx_word' id='word_1_342' title='bbox 679 2808 866 2863; x_wconf 87' lang='lat' dir='ltr'><strong>Esaias</strong></span> <span class='ocrx_word' id='word_1_343' title='bbox 895 2806 1136 2878; x_wconf 90' lang='lat' dir='ltr'><strong>apertius</strong></span> <span class='ocrx_word' id='word_1_344' title='bbox 1156 2805 1397 2862; x_wconf 88' lang='lat' dir='ltr'><strong>ostendit</strong></span> <span class='ocrx_word' id='word_1_345' title='bbox 1420 2805 1607 2862; x_wconf 89' lang='lat' dir='ltr'><strong>dicens</strong></span> <span class='ocrx_word' id='word_1_346' title='bbox 1634 2824 1647 2860; x_wconf 93' lang='lat'><strong>:</strong></span> <span class='ocrx_word' id='word_1_347' title='bbox 1675 2806 1766 2862; x_wconf 85' lang='lat' dir='ltr'><strong>Sic</strong></span> 
     </span>
    </p>
   </div>
   <div class='ocr_carea' id='block_1_40' title="bbox 184 2898 1767 2970">
    <p class='ocr_par' dir='ltr' id='par_1_40' title="bbox 184 2898 1767 2970">
     <span class='ocr_line' id='line_1_40' title="bbox 184 2898 1767 2970; baseline 0.001 -17"><span class='ocrx_word' id='word_1_348' title='bbox 184 2899 287 2954; x_wconf 83' lang='lat' dir='ltr'><strong>dicit</strong></span> <span class='ocrx_word' id='word_1_349' title='bbox 324 2900 578 2957; x_wconf 80' lang='lat' dir='ltr'><strong>Dominus</strong></span> <span class='ocrx_word' id='word_1_350' title='bbox 611 2899 754 2957; x_wconf 83' lang='lat' dir='ltr'><strong>Deus</strong></span> <span class='ocrx_word' id='word_1_351' title='bbox 797 2898 1000 2956; x_wconf 81' lang='lat' dir='ltr'><strong>Christo</strong></span> <span class='ocrx_word' id='word_1_352' title='bbox 1028 2899 1234 2955; x_wconf 89' lang='lat' dir='ltr'><strong>domino</strong></span> <span class='ocrx_word' id='word_1_353' title='bbox 1284 2916 1418 2967; x_wconf 89' lang='lat' dir='ltr'><strong>meo,</strong></span> <span class='ocrx_word' id='word_1_354' title='bbox 1448 2901 1599 2970; x_wconf 83' lang='lat' dir='ltr'><strong>cujus</strong></span> <span class='ocrx_word' id='word_1_355' title='bbox 1624 2901 1767 2955; x_wconf 89' lang='lat' dir='ltr'><strong>tenui</strong></span> 
     </span>
    </p>
   </div>
   <div class='ocr_carea' id='block_1_41' title="bbox 181 2991 1765 3065">
    <p class='ocr_par' dir='ltr' id='par_1_41' title="bbox 181 2991 1765 3065">
     <span class='ocr_line' id='line_1_41' title="bbox 181 2991 1765 3065; baseline -0.001 -18"><span class='ocrx_word' id='word_1_356' title='bbox 181 2991 448 3062; x_wconf 70' lang='lat' dir='ltr'><strong>dexteram;</strong></span> <span class='ocrx_word' id='word_1_357' title='bbox 503 2993 765 3050; x_wconf 86' lang='lat' dir='ltr'><strong>obaudire</strong></span> <span class='ocrx_word' id='word_1_358' title='bbox 790 3001 910 3048; x_wconf 89' lang='lat' dir='ltr'><strong>ante</strong></span> <span class='ocrx_word' id='word_1_359' title='bbox 936 3009 1052 3047; x_wconf 87' lang='lat' dir='ltr'><strong>eum</strong></span> <span class='ocrx_word' id='word_1_360' title='bbox 1081 3001 1253 3064; x_wconf 87' lang='lat' dir='ltr'><strong>gentes</strong></span> <span class='ocrx_word' id='word_1_361' title='bbox 1292 2992 1503 3063; x_wconf 82' lang='lat' dir='ltr'><strong>faciam,</strong></span> <span class='ocrx_word' id='word_1_362' title='bbox 1538 3002 1584 3047; x_wconf 89' lang='lat' dir='ltr'><strong>et</strong></span> <span class='ocrx_word' id='word_1_363' title='bbox 1612 2994 1765 3065; x_wconf 83' lang='lat' dir='ltr'><strong>forti-</strong></span> 
     </span>
    </p>
   </div>
   <div class='ocr_carea' id='block_1_42' title="bbox 180 3086 1762 3162">
    <p class='ocr_par' dir='ltr' id='par_1_42' title="bbox 180 3086 1762 3162">
     <span class='ocr_line' id='line_1_42' title="bbox 180 3086 1762 3162; baseline 0.002 -23"><span class='ocrx_word' id='word_1_364' title='bbox 180 3086 383 3143; x_wconf 77' lang='lat' dir='ltr'><strong>tudinem</strong></span> <span class='ocrx_word' id='word_1_365' title='bbox 400 3105 581 3162; x_wconf 84' lang='lat' dir='ltr'><strong>regum</strong></span> <span class='ocrx_word' id='word_1_366' title='bbox 608 3087 956 3158; x_wconf 78' lang='lat' dir='ltr'><strong>disrumpunt.</strong></span> <span class='ocrx_word' id='word_1_367' title='bbox 975 3087 1219 3158; x_wconf 85' lang='lat' dir='ltr'><strong>Aperiam</strong></span> <span class='ocrx_word' id='word_1_368' title='bbox 1243 3095 1361 3141; x_wconf 87' lang='lat' dir='ltr'><strong>ante</strong></span> <span class='ocrx_word' id='word_1_369' title='bbox 1388 3086 1539 3141; x_wconf 84' lang='lat' dir='ltr'><strong>illum</strong></span> <span class='ocrx_word' id='word_1_370' title='bbox 1566 3095 1762 3157; x_wconf 85' lang='lat' dir='ltr'><strong>portas,</strong></span> 
     </span>
    </p>
   </div>
   <div class='ocr_carea' id='block_1_43' title="bbox 1861 1877 3463 1952">
    <p class='ocr_par' dir='ltr' id='par_1_43' title="bbox 1861 1877 3463 1952">
     <span class='ocr_line' id='line_1_43' title="bbox 1861 1877 3463 1952; baseline 0.002 -20"><span class='ocrx_word' id='word_1_371' title='bbox 1861 1893 2090 1933; x_wconf 89' lang='lat' dir='ltr'><strong>aureum</strong></span> <span class='ocrx_word' id='word_1_372' title='bbox 2110 1878 2371 1934; x_wconf 84' lang='lat' dir='ltr'><strong>saeculum</strong></span> <span class='ocrx_word' id='word_1_373' title='bbox 2400 1882 2482 1950; x_wconf 87' lang='lat' dir='ltr'><strong>(ut</strong></span> <span class='ocrx_word' id='word_1_374' title='bbox 2503 1888 2679 1950; x_wconf 80' lang='lat' dir='ltr'><strong>poetae</strong></span> <span class='ocrx_word' id='word_1_375' title='bbox 2704 1877 2949 1952; x_wconf 88' lang='lat' dir='ltr'><strong>vocant),</strong></span> <span class='ocrx_word' id='word_1_376' title='bbox 2983 1878 3038 1934; x_wconf 90' lang='lat' dir='ltr'><strong>id</strong></span> <span class='ocrx_word' id='word_1_377' title='bbox 3069 1887 3152 1934; x_wconf 91' lang='lat' dir='ltr'><strong>est</strong></span> <span class='ocrx_word' id='word_1_378' title='bbox 3161 1877 3369 1950; x_wconf 90' lang='lat' dir='ltr'><strong>justum</strong></span> <span class='ocrx_word' id='word_1_379' title='bbox 3398 1894 3463 1935; x_wconf 91' lang='lat' dir='ltr'><strong>ac</strong></span> 
     </span>
    </p>
   </div>
   <div class='ocr_carea' id='block_1_44' title="bbox 1864 1972 3462 2044">
    <p class='ocr_par' dir='ltr' id='par_1_44' title="bbox 1864 1972 3462 2044">
     <span class='ocr_line' id='line_1_44' title="bbox 1864 1972 3462 2044; baseline 0.004 -19"><span class='ocrx_word' id='word_1_380' title='bbox 1864 1972 2143 2042; x_wconf 74' lang='lat' dir='ltr'><strong>pacificum</strong></span> <span class='ocrx_word' id='word_1_381' title='bbox 2175 1981 2388 2044; x_wconf 90' lang='lat' dir='ltr'><strong>tempus</strong></span> <span class='ocrx_word' id='word_1_382' title='bbox 2414 1973 2638 2029; x_wconf 91' lang='lat' dir='ltr'><strong>orietur.</strong></span> <span class='ocrx_word' id='word_1_383' title='bbox 2664 1972 2771 2031; x_wconf 88' lang='lat' dir='ltr'><strong>Sed</strong></span> <span class='ocrx_word' id='word_1_384' title='bbox 2799 1973 2917 2030; x_wconf 80' lang='lat' dir='ltr'><strong>haec</strong></span> <span class='ocrx_word' id='word_1_385' title='bbox 2939 1973 3162 2031; x_wconf 89' lang='lat' dir='ltr'><strong>uberius</strong></span> <span class='ocrx_word' id='word_1_386' title='bbox 3188 1972 3243 2028; x_wconf 90' lang='lat' dir='ltr'><strong>in</strong></span> <span class='ocrx_word' id='word_1_387' title='bbox 3268 1973 3462 2031; x_wconf 91' lang='lat' dir='ltr'><strong>ultimo</strong></span> 
     </span>
    </p>
   </div>
   <div class='ocr_carea' id='block_1_45' title="bbox 1862 2065 3459 2142">
    <p class='ocr_par' dir='ltr' id='par_1_45' title="bbox 1862 2065 3459 2142">
     <span class='ocr_line' id='line_1_45' title="bbox 1862 2065 3459 2142; baseline 0.004 -22"><span class='ocrx_word' id='word_1_388' title='bbox 1862 2065 2001 2122; x_wconf 87' lang='lat' dir='ltr'><strong>libro</strong></span> <span class='ocrx_word' id='word_1_389' title='bbox 2032 2067 2382 2135; x_wconf 89' lang='lat' dir='ltr'><strong>disseremus,</strong></span> <span class='ocrx_word' id='word_1_390' title='bbox 2422 2083 2547 2124; x_wconf 91' lang='lat' dir='ltr'><strong>cum</strong></span> <span class='ocrx_word' id='word_1_391' title='bbox 2599 2067 2667 2125; x_wconf 88' lang='lat' dir='ltr'><strong>de</strong></span> <span class='ocrx_word' id='word_1_392' title='bbox 2704 2068 2946 2126; x_wconf 88' lang='lat' dir='ltr'><strong>secundo</strong></span> <span class='ocrx_word' id='word_1_393' title='bbox 2989 2068 3222 2124; x_wconf 89' lang='lat' dir='ltr'><strong>adventu</strong></span> <span class='ocrx_word' id='word_1_394' title='bbox 3269 2068 3459 2142; x_wconf 82' lang='lat' dir='ltr'><strong>loque-</strong></span> 
     </span>
    </p>
   </div>
   <div class='ocr_carea' id='block_1_46' title="bbox 1863 2159 3320 2234">
    <p class='ocr_par' dir='ltr' id='par_1_46' title="bbox 1863 2159 3320 2234">
     <span class='ocr_line' id='line_1_46' title="bbox 1863 2159 3320 2234; baseline 0.002 -20"><span class='ocrx_word' id='word_1_395' title='bbox 1863 2174 1985 2215; x_wconf 89' lang='lat' dir='ltr'><strong>mur</strong></span> <span class='ocrx_word' id='word_1_396' title='bbox 2016 2177 2028 2213; x_wconf 89' lang='lat'><strong>:</strong></span> <span class='ocrx_word' id='word_1_397' title='bbox 2055 2176 2198 2216; x_wconf 87' lang='lat' dir='ltr'><strong>nunc</strong></span> <span class='ocrx_word' id='word_1_398' title='bbox 2226 2159 2295 2217; x_wconf 91' lang='lat' dir='ltr'><strong>de</strong></span> <span class='ocrx_word' id='word_1_399' title='bbox 2329 2162 2528 2233; x_wconf 89' lang='lat' dir='ltr'><strong>primo,</strong></span> <span class='ocrx_word' id='word_1_400' title='bbox 2560 2171 2619 2218; x_wconf 91' lang='lat' dir='ltr'><strong>ut</strong></span> <span class='ocrx_word' id='word_1_401' title='bbox 2647 2163 2936 2234; x_wconf 78' lang='lat' dir='ltr'><strong>ccepimus,</strong></span> <span class='ocrx_word' id='word_1_402' title='bbox 2964 2162 3320 2234; x_wconf 79' lang='lat' dir='ltr'><strong>explicemus.</strong></span> 
     </span>
    </p>
   </div>
   <div class='ocr_carea' id='block_1_47' title="bbox 2458 2298 2859 2356">
    <p class='ocr_par' dir='ltr' id='par_1_47' title="bbox 2458 2298 2859 2356">
     <span class='ocr_line' id='line_1_47' title="bbox 2458 2298 2859 2356; baseline -0.002 -1"><span class='ocrx_word' id='word_1_403' title='bbox 2458 2298 2691 2356; x_wconf 85' lang='lat' dir='ltr'><strong>CAPUT</strong></span> <span class='ocrx_word' id='word_1_404' title='bbox 2716 2298 2859 2356; x_wconf 86' lang='lat' dir='ltr'><strong>XIII.</strong></span> 
     </span>
    </p>
   </div>
   <div class='ocr_carea' id='block_1_48' title="bbox 1937 2410 3395 2489">
    <p class='ocr_par' dir='ltr' id='par_1_48' title="bbox 1937 2410 3395 2489">
     <span class='ocr_line' id='line_1_48' title="bbox 1937 2410 3395 2489; baseline 0.002 -22"><span class='ocrx_word' id='word_1_405' title='bbox 1937 2411 2017 2468; x_wconf 87' lang='lat' dir='ltr'><strong>De</strong></span> <span class='ocrx_word' id='word_1_406' title='bbox 2045 2411 2077 2466; x_wconf 84' lang='lat' dir='ltr'><em>J</em></span> <span class='ocrx_word' id='word_1_407' title='bbox 2085 2428 2171 2468; x_wconf 89' lang='lat' dir='ltr'><strong>esu</strong></span> <span class='ocrx_word' id='word_1_408' title='bbox 2192 2410 2306 2468; x_wconf 87' lang='lat' dir='ltr'><strong>Deo</strong></span> <span class='ocrx_word' id='word_1_409' title='bbox 2329 2422 2374 2468; x_wconf 90' lang='lat' dir='ltr'><strong>et</strong></span> <span class='ocrx_word' id='word_1_410' title='bbox 2397 2413 2640 2480; x_wconf 83' lang='lat' dir='ltr'><strong>homine;</strong></span> <span class='ocrx_word' id='word_1_411' title='bbox 2672 2424 2822 2485; x_wconf 90' lang='lat' dir='ltr'><strong>atque</strong></span> <span class='ocrx_word' id='word_1_412' title='bbox 2849 2415 2912 2470; x_wconf 88' lang='lat' dir='ltr'><strong>de</strong></span> <span class='ocrx_word' id='word_1_413' title='bbox 2940 2431 2999 2470; x_wconf 91' lang='lat' dir='ltr'><strong>eo</strong></span> <span class='ocrx_word' id='word_1_414' title='bbox 3028 2413 3395 2489; x_wconf 81' lang='lat' dir='ltr'><strong>prophetarum</strong></span> 
     </span>
    </p>
   </div>
   <div class='ocr_carea' id='block_1_49' title="bbox 2508 2507 2816 2562">
    <p class='ocr_par' dir='ltr' id='par_1_49' title="bbox 2508 2507 2816 2562">
     <span class='ocr_line' id='line_1_49' title="bbox 2508 2507 2816 2562; baseline 0.003 -2"><span class='ocrx_word' id='word_1_415' title='bbox 2508 2507 2816 2562; x_wconf 88' lang='lat' dir='ltr'><strong>testimonia.</strong></span> 
     </span>
    </p>
   </div>
   <div class='ocr_carea' id='block_1_50' title="bbox 1942 2619 3466 2691">
    <p class='ocr_par' dir='ltr' id='par_1_50' title="bbox 1942 2619 3466 2691">
     <span class='ocr_line' id='line_1_50' title="bbox 1942 2619 3466 2691; baseline 0.001 -16"><span class='ocrx_word' id='word_1_416' title='bbox 1942 2619 2198 2676; x_wconf 89' lang='lat' dir='ltr'><strong>Summus</strong></span> <span class='ocrx_word' id='word_1_417' title='bbox 2221 2620 2382 2691; x_wconf 89' lang='lat' dir='ltr'><strong>igitur</strong></span> <span class='ocrx_word' id='word_1_418' title='bbox 2410 2620 2551 2676; x_wconf 91' lang='lat' dir='ltr'><strong>Deus</strong></span> <span class='ocrx_word' id='word_1_419' title='bbox 2577 2634 2641 2676; x_wconf 89' lang='lat' dir='ltr'><strong>ac</strong></span> <span class='ocrx_word' id='word_1_420' title='bbox 2672 2634 2873 2691; x_wconf 85' lang='lat' dir='ltr'><strong>parens</strong></span> <span class='ocrx_word' id='word_1_421' title='bbox 2894 2620 3159 2690; x_wconf 90' lang='lat' dir='ltr'><strong>omnium,</strong></span> <span class='ocrx_word' id='word_1_422' title='bbox 3186 2635 3308 2677; x_wconf 93' lang='lat' dir='ltr'><strong>cum</strong></span> <span class='ocrx_word' id='word_1_423' title='bbox 3337 2621 3466 2677; x_wconf 85' lang='lat' dir='ltr'><strong>reli-</strong></span> 
     </span>
    </p>
   </div>
   <div class='ocr_carea' id='block_1_51' title="bbox 1866 2712 3468 2785">
    <p class='ocr_par' dir='ltr' id='par_1_51' title="bbox 1866 2712 3468 2785">
     <span class='ocr_line' id='line_1_51' title="bbox 1866 2712 3468 2785; baseline 0.001 -18"><span class='ocrx_word' id='word_1_424' title='bbox 1866 2712 2081 2785; x_wconf 89' lang='lat' dir='ltr'><strong>gionem</strong></span> <span class='ocrx_word' id='word_1_425' title='bbox 2108 2728 2261 2769; x_wconf 89' lang='lat' dir='ltr'><strong>suam</strong></span> <span class='ocrx_word' id='word_1_426' title='bbox 2290 2712 2588 2769; x_wconf 84' lang='lat' dir='ltr'><strong>transferre</strong></span> <span class='ocrx_word' id='word_1_427' title='bbox 2614 2713 2907 2783; x_wconf 70' lang='lat' dir='ltr'><strong>voluissetf,</strong></span> <span class='ocrx_word' id='word_1_428' title='bbox 2940 2714 3218 2770; x_wconf 89' lang='lat' dir='ltr'><strong>doctorem</strong></span> <span class='ocrx_word' id='word_1_429' title='bbox 3245 2714 3468 2785; x_wconf 63' lang='lat' dir='ltr'><strong>iustitiae</strong></span> 
     </span>
    </p>
   </div>
   <div class='ocr_carea' id='block_1_52' title="bbox 1868 2804 3470 2877">
    <p class='ocr_par' dir='ltr' id='par_1_52' title="bbox 1868 2804 3470 2877">
     <span class='ocr_line' id='line_1_52' title="bbox 1868 2804 3470 2877; baseline 0.002 -18"><span class='ocrx_word' id='word_1_430' title='bbox 1868 2804 2016 2860; x_wconf 91' lang='lat' dir='ltr'><strong>misit</strong></span> <span class='ocrx_word' id='word_1_431' title='bbox 2034 2820 2066 2861; x_wconf 93' lang='lat' dir='ltr'><strong>e</strong></span> <span class='ocrx_word' id='word_1_432' title='bbox 2088 2806 2251 2873; x_wconf 80' lang='lat' dir='ltr'><strong>coelo,</strong></span> <span class='ocrx_word' id='word_1_433' title='bbox 2277 2814 2334 2860; x_wconf 92' lang='lat' dir='ltr'><strong>ut</strong></span> <span class='ocrx_word' id='word_1_434' title='bbox 2355 2805 2508 2861; x_wconf 91' lang='lat' dir='ltr'><strong>novis</strong></span> <span class='ocrx_word' id='word_1_435' title='bbox 2534 2804 2837 2862; x_wconf 90' lang='lat' dir='ltr'><strong>cultoribus</strong></span> <span class='ocrx_word' id='word_1_436' title='bbox 2866 2820 3065 2863; x_wconf 90' lang='lat' dir='ltr'><strong>novam</strong></span> <span class='ocrx_word' id='word_1_437' title='bbox 3102 2805 3277 2877; x_wconf 88' lang='lat' dir='ltr'><strong>legem</strong></span> <span class='ocrx_word' id='word_1_438' title='bbox 3309 2805 3362 2861; x_wconf 92' lang='lat' dir='ltr'><strong>in</strong></span> <span class='ocrx_word' id='word_1_439' title='bbox 3401 2820 3470 2862; x_wconf 91' lang='lat' dir='ltr'><strong>eo</strong></span> 
     </span>
    </p>
   </div>
   <div class='ocr_carea' id='block_1_53' title="bbox 1867 2897 3469 2971">
    <p class='ocr_par' dir='ltr' id='par_1_53' title="bbox 1867 2897 3469 2971">
     <span class='ocr_line' id='line_1_53' title="bbox 1867 2897 3469 2971; baseline 0.001 -18"><span class='ocrx_word' id='word_1_440' title='bbox 1867 2897 1955 2953; x_wconf 86' lang='lat' dir='ltr'><strong>vel</strong></span> <span class='ocrx_word' id='word_1_441' title='bbox 1984 2914 2082 2968; x_wconf 89' lang='lat' dir='ltr'><strong>per</strong></span> <span class='ocrx_word' id='word_1_442' title='bbox 2103 2913 2227 2954; x_wconf 89' lang='lat' dir='ltr'><strong>eum</strong></span> <span class='ocrx_word' id='word_1_443' title='bbox 2246 2898 2400 2954; x_wconf 91' lang='lat' dir='ltr'><strong>daret</strong></span> <span class='ocrx_word' id='word_1_444' title='bbox 2426 2915 2441 2954; x_wconf 92' lang='lat'>:</span> <span class='ocrx_word' id='word_1_445' title='bbox 2470 2913 2579 2954; x_wconf 92' lang='lat' dir='ltr'><strong>non</strong></span> <span class='ocrx_word' id='word_1_446' title='bbox 2601 2899 2747 2954; x_wconf 82' lang='lat' dir='ltr'><strong>sicut</strong></span> <span class='ocrx_word' id='word_1_447' title='bbox 2770 2908 2897 2955; x_wconf 89' lang='lat' dir='ltr'><strong>ante</strong></span> <span class='ocrx_word' id='word_1_448' title='bbox 2921 2899 3123 2957; x_wconf 81' lang='lat' dir='ltr'><strong>iecerat</strong></span> <span class='ocrx_word' id='word_1_449' title='bbox 3154 2914 3249 2971; x_wconf 90' lang='lat' dir='ltr'><strong>per</strong></span> <span class='ocrx_word' id='word_1_450' title='bbox 3287 2898 3469 2955; x_wconf 86' lang='lat' dir='ltr'><strong>homi-</strong></span> 
     </span>
    </p>
   </div>
   <div class='ocr_carea' id='block_1_54' title="bbox 1868 2992 3469 3066">
    <p class='ocr_par' dir='ltr' id='par_1_54' title="bbox 1868 2992 3469 3066">
     <span class='ocr_line' id='line_1_54' title="bbox 1868 2992 3469 3066; baseline 0.001 -19"><span class='ocrx_word' id='word_1_451' title='bbox 1868 3007 2026 3048; x_wconf 88' lang='lat' dir='ltr'><strong>nem:</strong></span> <span class='ocrx_word' id='word_1_452' title='bbox 2049 2992 2146 3048; x_wconf 90' lang='lat' dir='ltr'><strong>sed</strong></span> <span class='ocrx_word' id='word_1_453' title='bbox 2162 3002 2340 3049; x_wconf 87' lang='lat' dir='ltr'><strong>tamen</strong></span> <span class='ocrx_word' id='word_1_454' title='bbox 2366 2992 2514 3049; x_wconf 90' lang='lat' dir='ltr'><strong>nasci</strong></span> <span class='ocrx_word' id='word_1_455' title='bbox 2536 3008 2660 3049; x_wconf 91' lang='lat' dir='ltr'><strong>eum</strong></span> <span class='ocrx_word' id='word_1_456' title='bbox 2684 2994 2853 3049; x_wconf 83' lang='lat' dir='ltr'><strong>voluit</strong></span> <span class='ocrx_word' id='word_1_457' title='bbox 2876 3003 3148 3066; x_wconf 89' lang='lat' dir='ltr'><strong>tamquam</strong></span> <span class='ocrx_word' id='word_1_458' title='bbox 3171 2994 3469 3061; x_wconf 90' lang='lat' dir='ltr'><strong>hominem,</strong></span> 
     </span>
    </p>
   </div>
   <div class='ocr_carea' id='block_1_55' title="bbox 1871 3084 3474 3157">
    <p class='ocr_par' dir='ltr' id='par_1_55' title="bbox 1871 3084 3474 3157">
     <span class='ocr_line' id='line_1_55' title="bbox 1871 3084 3474 3157; baseline 0.001 -16"><span class='ocrx_word' id='word_1_459' title='bbox 1871 3095 1928 3141; x_wconf 93' lang='lat' dir='ltr'><strong>ut</strong></span> <span class='ocrx_word' id='word_1_460' title='bbox 1976 3100 2075 3157; x_wconf 89' lang='lat' dir='ltr'><strong>per</strong></span> <span class='ocrx_word' id='word_1_461' title='bbox 2114 3086 2297 3140; x_wconf 88' lang='lat' dir='ltr'><strong>omnia</strong></span> <span class='ocrx_word' id='word_1_462' title='bbox 2340 3100 2555 3145; x_wconf 86' lang='lat' dir='ltr'><strong>summo</strong></span> <span class='ocrx_word' id='word_1_463' title='bbox 2604 3085 2751 3141; x_wconf 87' lang='lat' dir='ltr'><strong>Patri</strong></span> <span class='ocrx_word' id='word_1_464' title='bbox 2780 3085 2979 3141; x_wconf 88' lang='lat' dir='ltr'><strong>similis</strong></span> <span class='ocrx_word' id='word_1_465' title='bbox 3020 3087 3300 3143; x_wconf 84' lang='lat' dir='ltr'><strong>existeret.</strong></span> <span class='ocrx_word' id='word_1_466' title='bbox 3354 3084 3474 3157; x_wconf 84' lang='lat' dir='ltr'><strong>Ipse</strong></span> 
     </span>
    </p>
   </div>
   <div class='ocr_carea' id='block_1_56' title="bbox 176 3178 3474 3253">
    <p class='ocr_par' dir='ltr' id='par_1_56' title="bbox 176 3178 3474 3253">
     <span class='ocr_line' id='line_1_56' title="bbox 176 3178 3474 3253; baseline 0 -17"><span class='ocrx_word' id='word_1_467' title='bbox 176 3182 451 3240; x_wconf 80' lang='lat' dir='ltr'><strong>etcioitates</strong></span> <span class='ocrx_word' id='word_1_468' title='bbox 474 3201 588 3240; x_wconf 81' lang='lat' dir='ltr'><strong>non</strong></span> <span class='ocrx_word' id='word_1_469' title='bbox 617 3182 943 3238; x_wconf 83' lang='lat' dir='ltr'><strong>claudentur.</strong></span> <span class='ocrx_word' id='word_1_470' title='bbox 976 3178 1094 3253; x_wconf 85' lang='lat' dir='ltr'><strong>Ego</strong></span> <span class='ocrx_word' id='word_1_471' title='bbox 1113 3190 1233 3235; x_wconf 87' lang='lat' dir='ltr'><strong>ante</strong></span> <span class='ocrx_word' id='word_1_472' title='bbox 1263 3191 1311 3236; x_wconf 87' lang='lat' dir='ltr'><strong>te</strong></span> <span class='ocrx_word' id='word_1_473' title='bbox 1348 3180 1453 3249; x_wconf 88' lang='lat' dir='ltr'><strong>ibo,</strong></span> <span class='ocrx_word' id='word_1_474' title='bbox 1495 3190 1543 3236; x_wconf 87' lang='lat' dir='ltr'><strong>et</strong></span> <span class='ocrx_word' id='word_1_475' title='bbox 1573 3191 1765 3237; x_wconf 88' lang='lat' dir='ltr'><strong>montes</strong></span> <span class='ocrx_word' id='word_1_476' title='bbox 1791 3183 1837 3248; x_wconf 88' lang='lat' dir='ltr'><strong>C</strong></span> <span class='ocrx_word' id='word_1_477' title='bbox 1869 3183 2014 3237; x_wconf 89' lang='lat' dir='ltr'><strong>enim</strong></span> <span class='ocrx_word' id='word_1_478' title='bbox 2044 3189 2198 3251; x_wconf 87' lang='lat' dir='ltr'><strong>pater</strong></span> <span class='ocrx_word' id='word_1_479' title='bbox 2222 3179 2383 3243; x_wconf 86' lang='lat' dir='ltr'><strong>Deus,</strong></span> <span class='ocrx_word' id='word_1_480' title='bbox 2416 3188 2471 3235; x_wconf 91' lang='lat' dir='ltr'><strong>et</strong></span> <span class='ocrx_word' id='word_1_481' title='bbox 2490 3180 2661 3251; x_wconf 81' lang='lat' dir='ltr'><strong>origo,</strong></span> <span class='ocrx_word' id='word_1_482' title='bbox 2687 3190 2741 3235; x_wconf 92' lang='lat' dir='ltr'><strong>et</strong></span> <span class='ocrx_word' id='word_1_483' title='bbox 2771 3180 3091 3252; x_wconf 87' lang='lat' dir='ltr'><strong>principium</strong></span> <span class='ocrx_word' id='word_1_484' title='bbox 3117 3197 3320 3248; x_wconf 91' lang='lat' dir='ltr'><strong>rerum,</strong></span> <span class='ocrx_word' id='word_1_485' title='bbox 3348 3194 3474 3252; x_wconf 85' lang='lat' dir='ltr'><strong>quo-</strong></span> 
     </span>
    </p>
   </div>
   <div class='ocr_carea' id='block_1_57' title="bbox 178 3274 1764 3348">
    <p class='ocr_par' dir='ltr' id='par_1_57' title="bbox 178 3274 1764 3348">
     <span class='ocr_line' id='line_1_57' title="bbox 178 3274 1764 3348; baseline 0.002 -21"><span class='ocrx_word' id='word_1_486' title='bbox 178 3274 475 3347; x_wconf 83' lang='lat' dir='ltr'><strong>deplanabo,</strong></span> <span class='ocrx_word' id='word_1_487' title='bbox 508 3289 560 3333; x_wconf 89' lang='lat' dir='ltr'><strong>et</strong></span> <span class='ocrx_word' id='word_1_488' title='bbox 605 3277 749 3348; x_wconf 80' lang='lat' dir='ltr'><strong>[ores</strong></span> <span class='ocrx_word' id='word_1_489' title='bbox 795 3291 957 3332; x_wconf 73' lang='lat' dir='ltr'><strong>terens</strong></span> <span class='ocrx_word' id='word_1_490' title='bbox 985 3284 1266 3341; x_wconf 85' lang='lat' dir='ltr'><strong>conteram,</strong></span> <span class='ocrx_word' id='word_1_491' title='bbox 1311 3283 1360 3329; x_wconf 90' lang='lat' dir='ltr'><strong>et</strong></span> <span class='ocrx_word' id='word_1_492' title='bbox 1389 3291 1528 3329; x_wconf 90' lang='lat' dir='ltr'><strong>seras</strong></span> <span class='ocrx_word' id='word_1_493' title='bbox 1570 3279 1764 3347; x_wconf 83' lang='lat' dir='ltr'><strong>ferreas</strong></span> 
     </span>
    </p>
   </div>
   <div class='ocr_carea' id='block_1_58' title="bbox 173 3368 1764 3443">
    <p class='ocr_par' dir='ltr' id='par_1_58' title="bbox 173 3368 1764 3443">
     <span class='ocr_line' id='line_1_58' title="bbox 173 3368 1764 3443; baseline 0.001 -21"><span class='ocrx_word' id='word_1_494' title='bbox 173 3370 505 3443; x_wconf 75' lang='lat' dir='ltr'><strong>confringam;</strong></span> <span class='ocrx_word' id='word_1_495' title='bbox 537 3380 589 3427; x_wconf 93' lang='lat' dir='ltr'><strong>et</strong></span> <span class='ocrx_word' id='word_1_496' title='bbox 638 3368 769 3425; x_wconf 89' lang='lat' dir='ltr'><strong>dabo</strong></span> <span class='ocrx_word' id='word_1_497' title='bbox 799 3369 889 3424; x_wconf 87' lang='lat' dir='ltr'><strong>tibi</strong></span> <span class='ocrx_word' id='word_1_498' title='bbox 920 3368 1185 3424; x_wconf 81' lang='lat' dir='ltr'><strong>thesauros</strong></span> <span class='ocrx_word' id='word_1_499' title='bbox 1210 3368 1535 3424; x_wconf 77' lang='lat' dir='ltr'><strong>absconditos</strong></span> <span class='ocrx_word' id='word_1_500' title='bbox 1562 3378 1609 3424; x_wconf 91' lang='lat' dir='ltr'><strong>et</strong></span> <span class='ocrx_word' id='word_1_501' title='bbox 1634 3369 1764 3424; x_wconf 83' lang='lat' dir='ltr'><strong>invi-</strong></span> 
     </span>
    </p>
   </div>
   <div class='ocr_carea' id='block_1_59' title="bbox 1868 3274 3474 3351">
    <p class='ocr_par' dir='ltr' id='par_1_59' title="bbox 1868 3274 3474 3351">
     <span class='ocr_line' id='line_1_59' title="bbox 1868 3274 3474 3351; baseline -0.001 -20"><span class='ocrx_word' id='word_1_502' title='bbox 1868 3277 2011 3331; x_wconf 91' lang='lat' dir='ltr'><strong>niam</strong></span> <span class='ocrx_word' id='word_1_503' title='bbox 2043 3274 2356 3346; x_wconf 89' lang='lat' dir='ltr'><strong>parentibus</strong></span> <span class='ocrx_word' id='word_1_504' title='bbox 2379 3282 2549 3339; x_wconf 90' lang='lat' dir='ltr'><strong>caret,</strong></span> <span class='ocrx_word' id='word_1_505' title='bbox 2581 3275 2794 3351; x_wconf 81' lang='grc' dir='ltr'><strong>ἀπάτωρ</strong></span> <span class='ocrx_word' id='word_1_506' title='bbox 2822 3284 2984 3345; x_wconf 87' lang='lat' dir='ltr'><strong>atque</strong></span> <span class='ocrx_word' id='word_1_507' title='bbox 3015 3277 3235 3351; x_wconf 78' lang='grc' dir='ltr'><strong>ἀμήτωρ</strong></span> <span class='ocrx_word' id='word_1_508' title='bbox 3263 3290 3293 3328; x_wconf 89' lang='lat' dir='ltr'><strong>a</strong></span> <span class='ocrx_word' id='word_1_509' title='bbox 3317 3274 3474 3330; x_wconf 85' lang='lat' dir='ltr'><strong>Tris-</strong></span> 
     </span>
    </p>
   </div>
   <div class='ocr_carea' id='block_1_60' title="bbox 1870 3365 3472 3440">
    <p class='ocr_par' dir='ltr' id='par_1_60' title="bbox 1870 3365 3472 3440">
     <span class='ocr_line' id='line_1_60' title="bbox 1870 3365 3472 3440; baseline -0.001 -16"><span class='ocrx_word' id='word_1_510' title='bbox 1870 3369 2100 3440; x_wconf 87' lang='lat' dir='ltr'><strong>megisto</strong></span> <span class='ocrx_word' id='word_1_511' title='bbox 2121 3365 2403 3423; x_wconf 88' lang='lat' dir='ltr'><strong>verissime</strong></span> <span class='ocrx_word' id='word_1_512' title='bbox 2428 3365 2766 3433; x_wconf 89' lang='lat' dir='ltr'><strong>nominatur,</strong></span> <span class='ocrx_word' id='word_1_513' title='bbox 2797 3366 2942 3438; x_wconf 88' lang='lat' dir='ltr'><strong>quod</strong></span> <span class='ocrx_word' id='word_1_514' title='bbox 2970 3381 3039 3423; x_wconf 92' lang='lat' dir='ltr'><strong>ex</strong></span> <span class='ocrx_word' id='word_1_515' title='bbox 3069 3366 3223 3423; x_wconf 90' lang='lat' dir='ltr'><strong>nullo</strong></span> <span class='ocrx_word' id='word_1_516' title='bbox 3249 3368 3320 3423; x_wconf 90' lang='lat' dir='ltr'><strong>sit</strong></span> <span class='ocrx_word' id='word_1_517' title='bbox 3340 3381 3472 3438; x_wconf 85' lang='lat' dir='ltr'><strong>pro-</strong></span> 
     </span>
    </p>
   </div>
   <div class='ocr_carea' id='block_1_61' title="bbox 1512 3507 2143 3569">
    <p class='ocr_par' dir='ltr' id='par_1_61' title="bbox 1512 3507 2143 3569">
     <span class='ocr_line' id='line_1_61' title="bbox 1512 3507 2143 3569; baseline -0.003 -6"><span class='ocrx_word' id='word_1_518' title='bbox 1512 3507 1876 3569; x_wconf 79' lang='lat' dir='ltr'><strong>VARIORUM.</strong></span> <span class='ocrx_word' id='word_1_519' title='bbox 1911 3507 2143 3566; x_wconf 66' lang='lat' dir='ltr'><strong>NOTAE.</strong></span> 
     </span>
    </p>
   </div>
   <div class='ocr_carea' id='block_1_62' title="bbox 234 3649 1776 3715">
    <p class='ocr_par' dir='ltr' id='par_1_62' title="bbox 234 3649 1776 3715">
     <span class='ocr_line' id='line_1_62' title="bbox 234 3649 1776 3715; baseline 0 -7"><span class='ocrx_word' id='word_1_520' title='bbox 234 3649 300 3708; x_wconf 85' lang='lat' dir='ltr'><strong>Ut</strong></span> <span class='ocrx_word' id='word_1_521' title='bbox 333 3652 575 3710; x_wconf 79' lang='lat' dir='ltr'><strong>Christus</strong></span> <span class='ocrx_word' id='word_1_522' title='bbox 608 3651 689 3707; x_wconf 83' lang='lat' dir='ltr'><strong>bis</strong></span> <span class='ocrx_word' id='word_1_523' title='bbox 719 3651 952 3706; x_wconf 83' lang='lat' dir='ltr'><strong>adueniat</strong></span> <span class='ocrx_word' id='word_1_524' title='bbox 981 3650 1037 3705; x_wconf 88' lang='lat' dir='ltr'><strong>in</strong></span> <span class='ocrx_word' id='word_1_525' title='bbox 1066 3656 1275 3715; x_wconf 80' lang='lat' dir='ltr'><strong>terram,</strong></span> <span class='ocrx_word' id='word_1_526' title='bbox 1296 3658 1401 3706; x_wconf 89' lang='lat' dir='ltr'><strong>etc.</strong></span> <span class='ocrx_word' id='word_1_527' title='bbox 1429 3649 1649 3707; x_wconf 87' lang='lat' dir='ltr'><strong>Falsum</strong></span> <span class='ocrx_word' id='word_1_528' title='bbox 1672 3651 1776 3708; x_wconf 93' lang='lat' dir='ltr'><strong>hoc</strong></span> 
     </span>
    </p>
   </div>
   <div class='ocr_carea' id='block_1_63' title="bbox 170 3722 1774 3794">
    <p class='ocr_par' dir='ltr' id='par_1_63' title="bbox 170 3722 1774 3794">
     <span class='ocr_line' id='line_1_63' title="bbox 170 3722 1774 3794; baseline 0.001 -17"><span class='ocrx_word' id='word_1_529' title='bbox 170 3731 260 3778; x_wconf 82' lang='lat' dir='ltr'><strong>est.</strong></span> <span class='ocrx_word' id='word_1_530' title='bbox 286 3723 361 3781; x_wconf 84' lang='lat' dir='ltr'><strong>Ita</strong></span> <span class='ocrx_word' id='word_1_531' title='bbox 387 3739 625 3781; x_wconf 88' lang='lat' dir='ltr'><strong>sensere</strong></span> <span class='ocrx_word' id='word_1_532' title='bbox 655 3723 891 3794; x_wconf 15' lang='lat' dir='ltr'><strong>illigquos</strong></span> <span class='ocrx_word' id='word_1_533' title='bbox 927 3722 1257 3794; x_wconf 84' lang='lat' dir='ltr'><strong>Millenarios</strong></span> <span class='ocrx_word' id='word_1_534' title='bbox 1279 3732 1475 3794; x_wconf 81' lang='lat' dir='ltr'><strong>vocant</strong></span> <span class='ocrx_word' id='word_1_535' title='bbox 1497 3764 1512 3788; x_wconf 96' lang='lat'><strong>,</strong></span> <span class='ocrx_word' id='word_1_536' title='bbox 1544 3738 1774 3792; x_wconf 89' lang='lat' dir='ltr'><strong>quorum</strong></span> 
     </span>
    </p>
   </div>
   <div class='ocr_carea' id='block_1_64' title="bbox 169 3792 1772 3867">
    <p class='ocr_par' dir='ltr' id='par_1_64' title="bbox 169 3792 1772 3867">
     <span class='ocr_line' id='line_1_64' title="bbox 169 3792 1772 3867; baseline 0.002 -20"><span class='ocrx_word' id='word_1_537' title='bbox 169 3808 390 3867; x_wconf 86' lang='lat' dir='ltr'><strong>errorem</strong></span> <span class='ocrx_word' id='word_1_538' title='bbox 415 3808 616 3867; x_wconf 88' lang='lat' dir='ltr'><strong>postea</strong></span> <span class='ocrx_word' id='word_1_539' title='bbox 658 3792 1014 3867; x_wconf 66' lang='lat' dir='ltr'><strong>refutabimus</strong></span> <span class='ocrx_word' id='word_1_540' title='bbox 1037 3792 1126 3867; x_wconf 69' lang='lat' dir='ltr'><strong>ubi</strong></span> <span class='ocrx_word' id='word_1_541' title='bbox 1156 3793 1508 3863; x_wconf 81' lang='lat' dir='ltr'><strong>quaestionem</strong></span> <span class='ocrx_word' id='word_1_542' title='bbox 1531 3794 1678 3850; x_wconf 88' lang='lat' dir='ltr'><strong>illam</strong></span> <span class='ocrx_word' id='word_1_543' title='bbox 1705 3810 1772 3851; x_wconf 83' lang='lat' dir='ltr'><strong>ex</strong></span> 
     </span>
    </p>
   </div>
   <div class='ocr_carea' id='block_1_65' title="bbox 170 3864 1367 3935">
    <p class='ocr_par' dir='ltr' id='par_1_65' title="bbox 170 3864 1367 3935">
     <span class='ocr_line' id='line_1_65' title="bbox 170 3864 1367 3935; baseline 0.001 -17"><span class='ocrx_word' id='word_1_544' title='bbox 170 3865 398 3935; x_wconf 82' lang='lat' dir='ltr'><strong>professo</strong></span> <span class='ocrx_word' id='word_1_545' title='bbox 418 3864 695 3923; x_wconf 73' lang='lat' dir='ltr'><strong>tractabit</strong></span> <span class='ocrx_word' id='word_1_546' title='bbox 722 3865 1049 3920; x_wconf 86' lang='lat' dir='ltr'><strong>Lactantius.</strong></span> <span class='ocrx_word' id='word_1_547' title='bbox 1083 3864 1367 3921; x_wconf 63' lang='lat' dir='ltr'><strong>Stemus.</strong></span> 
     </span>
    </p>
   </div>
   <div class='ocr_carea' id='block_1_66' title="bbox 226 3954 1763 4024">
    <p class='ocr_par' dir='ltr' id='par_1_66' title="bbox 226 3954 1763 4024">
     <span class='ocr_line' id='line_1_66' title="bbox 226 3954 1763 4024; baseline -0.001 -10"><span class='ocrx_word' id='word_1_548' title='bbox 226 3957 388 4015; x_wconf 85' lang='lat' dir='ltr'><strong>Carne</strong></span> <span class='ocrx_word' id='word_1_549' title='bbox 416 3959 577 4015; x_wconf 85' lang='lat' dir='ltr'><strong>indui</strong></span> <span class='ocrx_word' id='word_1_550' title='bbox 601 3957 813 4013; x_wconf 84' lang='lat' dir='ltr'><strong>haberet</strong></span> <span class='ocrx_word' id='word_1_551' title='bbox 842 3958 895 4009; x_wconf 88' lang='lat' dir='ltr'><strong>in</strong></span> <span class='ocrx_word' id='word_1_552' title='bbox 935 3967 1093 4012; x_wconf 81' lang='lat' dir='ltr'><strong>terra.</strong></span> <span class='ocrx_word' id='word_1_553' title='bbox 1124 3956 1252 4011; x_wconf 73' lang='lat' dir='ltr'><strong>Mss.</strong></span> <span class='ocrx_word' id='word_1_554' title='bbox 1282 3956 1432 4022; x_wconf 84' lang='lat' dir='ltr'><strong>Jun.,</strong></span> <span class='ocrx_word' id='word_1_555' title='bbox 1465 3958 1487 4012; x_wconf 81' lang='lat' dir='ltr'><strong>I</strong></span> <span class='ocrx_word' id='word_1_556' title='bbox 1524 3954 1706 4024; x_wconf 90' lang='lat' dir='ltr'><strong>Colb.,</strong></span> <span class='ocrx_word' id='word_1_557' title='bbox 1740 3960 1763 4013; x_wconf 75' lang='grc'>1</span> 
     </span>
    </p>
   </div>
   <div class='ocr_carea' id='block_1_67' title="bbox 168 4025 1768 4098">
    <p class='ocr_par' dir='ltr' id='par_1_67' title="bbox 168 4025 1768 4098">
     <span class='ocr_line' id='line_1_67' title="bbox 168 4025 1768 4098; baseline 0.002 -17"><span class='ocrx_word' id='word_1_558' title='bbox 168 4025 387 4085; x_wconf 89' lang='lat' dir='ltr'><strong>Clarom.</strong></span> <span class='ocrx_word' id='word_1_559' title='bbox 418 4041 478 4087; x_wconf 92' lang='lat' dir='ltr'><strong>et</strong></span> <span class='ocrx_word' id='word_1_560' title='bbox 504 4031 652 4086; x_wconf 89' lang='lat' dir='ltr'><strong>edit.</strong></span> <span class='ocrx_word' id='word_1_561' title='bbox 679 4029 829 4092; x_wconf 88' lang='lat' dir='ltr'><strong>Ald.,</strong></span> <span class='ocrx_word' id='word_1_562' title='bbox 861 4027 1091 4098; x_wconf 88' lang='lat' dir='ltr'><strong>Graph.,</strong></span> <span class='ocrx_word' id='word_1_563' title='bbox 1118 4026 1292 4087; x_wconf 82' lang='lat' dir='ltr'><strong>Crat..</strong></span> <span class='ocrx_word' id='word_1_564' title='bbox 1318 4045 1471 4083; x_wconf 87' lang='lat' dir='ltr'><strong>carne</strong></span> <span class='ocrx_word' id='word_1_565' title='bbox 1496 4029 1646 4082; x_wconf 86' lang='lat' dir='ltr'><strong>indui</strong></span> <span class='ocrx_word' id='word_1_566' title='bbox 1674 4032 1768 4084; x_wconf 86' lang='lat' dir='ltr'><strong>de-</strong></span> 
     </span>
    </p>
   </div>
   <div class='ocr_carea' id='block_1_68' title="bbox 168 4098 1766 4171">
    <p class='ocr_par' dir='ltr' id='par_1_68' title="bbox 168 4098 1766 4171">
     <span class='ocr_line' id='line_1_68' title="bbox 168 4098 1766 4171; baseline 0.003 -19"><span class='ocrx_word' id='word_1_567' title='bbox 168 4098 287 4156; x_wconf 83' lang='lat' dir='ltr'><strong>beret</strong></span> <span class='ocrx_word' id='word_1_568' title='bbox 314 4104 368 4158; x_wconf 88' lang='lat' dir='ltr'><strong>in</strong></span> <span class='ocrx_word' id='word_1_569' title='bbox 392 4111 564 4158; x_wconf 86' lang='lat' dir='ltr'><strong>terra.</strong></span> <span class='ocrx_word' id='word_1_570' title='bbox 595 4100 708 4157; x_wconf 85' lang='lat' dir='ltr'><strong>Sed</strong></span> <span class='ocrx_word' id='word_1_571' title='bbox 737 4100 943 4154; x_wconf 86' lang='lat' dir='ltr'><strong>haberet</strong></span> <span class='ocrx_word' id='word_1_572' title='bbox 985 4115 1111 4155; x_wconf 87' lang='lat' dir='ltr'><strong>vera</strong></span> <span class='ocrx_word' id='word_1_573' title='bbox 1162 4101 1342 4167; x_wconf 77' lang='lat' dir='ltr'><strong>lectio,</strong></span> <span class='ocrx_word' id='word_1_574' title='bbox 1376 4116 1496 4171; x_wconf 75' lang='lat' dir='ltr'><strong>qua:</strong></span> <span class='ocrx_word' id='word_1_575' title='bbox 1526 4101 1766 4157; x_wconf 88' lang='lat' dir='ltr'><strong>omnium</strong></span> 
     </span>
    </p>
   </div>
   <div class='ocr_carea' id='block_1_69' title="bbox 166 4171 1770 4238">
    <p class='ocr_par' dir='ltr' id='par_1_69' title="bbox 166 4171 1770 4238">
     <span class='ocr_line' id='line_1_69' title="bbox 166 4171 1770 4238; baseline 0.003 -15"><span class='ocrx_word' id='word_1_576' title='bbox 166 4172 379 4229; x_wconf 88' lang='lat' dir='ltr'><strong>aliorum</strong></span> <span class='ocrx_word' id='word_1_577' title='bbox 399 4174 671 4231; x_wconf 88' lang='lat' dir='ltr'><strong>codicum</strong></span> <span class='ocrx_word' id='word_1_578' title='bbox 702 4173 1054 4226; x_wconf 79' lang='lat' dir='ltr'><strong>conﬁrmatur</strong></span> <span class='ocrx_word' id='word_1_579' title='bbox 1081 4172 1424 4238; x_wconf 88' lang='lat' dir='ltr'><strong>auctoritate,</strong></span> <span class='ocrx_word' id='word_1_580' title='bbox 1455 4180 1510 4226; x_wconf 91' lang='lat' dir='ltr'><strong>et</strong></span> <span class='ocrx_word' id='word_1_581' title='bbox 1539 4171 1770 4228; x_wconf 89' lang='lat' dir='ltr'><strong>Lactan-</strong></span> 
     </span>
    </p>
   </div>
   <div class='ocr_carea' id='block_1_70' title="bbox 170 4241 1764 4316">
    <p class='ocr_par' dir='ltr' id='par_1_70' title="bbox 170 4241 1764 4316">
     <span class='ocr_line' id='line_1_70' title="bbox 170 4241 1764 4316; baseline 0.003 -21"><span class='ocrx_word' id='word_1_582' title='bbox 170 4241 219 4316; x_wconf 89' lang='lat' dir='ltr'><strong>t_ii</strong></span> <span class='ocrx_word' id='word_1_583' title='bbox 246 4243 382 4300; x_wconf 76' lang='lat' dir='ltr'><strong>infra</strong></span> <span class='ocrx_word' id='word_1_584' title='bbox 408 4261 540 4316; x_wconf 86' lang='lat' dir='ltr'><strong>cap.</strong></span> <span class='ocrx_word' id='word_1_585' title='bbox 564 4246 666 4310; x_wconf 78' lang='lat'><strong>50,</strong></span> <span class='ocrx_word' id='word_1_586' title='bbox 685 4243 1007 4316; x_wconf 87' lang='lat' dir='ltr'><strong>_paulo_post</strong></span> <span class='ocrx_word' id='word_1_587' title='bbox 1028 4243 1262 4316; x_wconf 74' lang='lat' dir='ltr'><strong>initium,</strong></span> <span class='ocrx_word' id='word_1_588' title='bbox 1293 4251 1348 4316; x_wconf 82' lang='lat' dir='ltr'><strong>et</strong></span> <span class='ocrx_word' id='word_1_589' title='bbox 1377 4245 1469 4299; x_wconf 90' lang='lat' dir='ltr'><strong>lib.</strong></span> <span class='ocrx_word' id='word_1_590' title='bbox 1504 4259 1610 4316; x_wconf 26' lang='lat' dir='ltr'><strong>Avn,</strong></span> <span class='ocrx_word' id='word_1_591' title='bbox 1645 4259 1764 4314; x_wconf 85' lang='lat' dir='ltr'><strong>cap.</strong></span> 
     </span>
    </p>
   </div>
   <div class='ocr_carea' id='block_1_71' title="bbox 165 4313 1769 4384">
    <p class='ocr_par' dir='ltr' id='par_1_71' title="bbox 165 4313 1769 4384">
     <span class='ocr_line' id='line_1_71' title="bbox 165 4313 1769 4384; baseline 0.002 -16"><span class='ocrx_word' id='word_1_592' title='bbox 165 4313 213 4384; x_wconf 82' lang='lat'><strong>6,</strong></span> <span class='ocrx_word' id='word_1_593' title='bbox 239 4326 360 4374; x_wconf 91' lang='lat' dir='ltr'><strong>ante</strong></span> <span class='ocrx_word' id='word_1_594' title='bbox 382 4313 832 4373; x_wconf 80' lang='lat' dir='ltr'><strong>ﬁném.——-Iudui</strong></span> <span class='ocrx_word' id='word_1_595' title='bbox 856 4313 1082 4369; x_wconf 87' lang='lat' dir='ltr'><strong>haberet.</strong></span> <span class='ocrx_word' id='word_1_596' title='bbox 1106 4314 1274 4382; x_wconf 80' lang='lat' dir='ltr'><strong>Lego,</strong></span> <span class='ocrx_word' id='word_1_597' title='bbox 1303 4314 1478 4384; x_wconf 90' lang='lat' dir='ltr'><strong>inquit</strong></span> <span class='ocrx_word' id='word_1_598' title='bbox 1498 4313 1769 4371; x_wconf 85' lang='lat' dir='ltr'><strong>Heuman-</strong></span> 
     </span>
    </p>
   </div>
   <div class='ocr_carea' id='block_1_72' title="bbox 165 4385 1770 4458">
    <p class='ocr_par' dir='ltr' id='par_1_72' title="bbox 165 4385 1770 4458">
     <span class='ocr_line' id='line_1_72' title="bbox 165 4385 1770 4458; baseline 0.002 -19"><span class='ocrx_word' id='word_1_599' title='bbox 165 4400 276 4452; x_wconf 90' lang='lat' dir='ltr'><strong>nus,</strong></span> <span class='ocrx_word' id='word_1_600' title='bbox 304 4389 539 4455; x_wconf 84' lang='lat' dir='ltr'><strong>deberet,</strong></span> <span class='ocrx_word' id='word_1_601' title='bbox 569 4397 635 4441; x_wconf 92' lang='lat' dir='ltr'><strong>ut</strong></span> <span class='ocrx_word' id='word_1_602' title='bbox 663 4387 713 4439; x_wconf 89' lang='lat' dir='ltr'><strong>in</strong></span> <span class='ocrx_word' id='word_1_603' title='bbox 754 4386 890 4442; x_wconf 78' lang='grc'><strong>1515</strong></span> <span class='ocrx_word' id='word_1_604' title='bbox 916 4395 971 4441; x_wconf 92' lang='lat' dir='ltr'><strong>et</strong></span> <span class='ocrx_word' id='word_1_605' title='bbox 998 4387 1160 4441; x_wconf 75' lang='grc'><strong>1515.</strong></span> <span class='ocrx_word' id='word_1_606' title='bbox 1186 4385 1290 4458; x_wconf 75' lang='lat' dir='ltr'><strong>liie</strong></span> <span class='ocrx_word' id='word_1_607' title='bbox 1316 4397 1400 4458; x_wconf 77' lang='lat' dir='ltr'><strong>est</strong></span> <span class='ocrx_word' id='word_1_608' title='bbox 1428 4390 1601 4458; x_wconf 86' lang='lat' dir='ltr'><strong>stylus</strong></span> <span class='ocrx_word' id='word_1_609' title='bbox 1636 4387 1770 4442; x_wconf 85' lang='lat' dir='ltr'><strong>Lac-</strong></span> 
     </span>
    </p>
   </div>
   <div class='ocr_carea' id='block_1_73' title="bbox 168 4457 1764 4525">
    <p class='ocr_par' dir='ltr' id='par_1_73' title="bbox 168 4457 1764 4525">
     <span class='ocr_line' id='line_1_73' title="bbox 168 4457 1764 4525; baseline 0.003 -14"><span class='ocrx_word' id='word_1_610' title='bbox 168 4460 306 4514; x_wconf 87' lang='lat' dir='ltr'><strong>tantii</strong></span> <span class='ocrx_word' id='word_1_611' title='bbox 343 4471 397 4517; x_wconf 92' lang='lat' dir='ltr'><strong>et</strong></span> <span class='ocrx_word' id='word_1_612' title='bbox 446 4460 805 4525; x_wconf 77' lang='lat' dir='ltr'><strong>Scriptorum</strong></span> <span class='ocrx_word' id='word_1_613' title='bbox 838 4471 1135 4512; x_wconf 85' lang='lat' dir='ltr'><strong>sacrorum.</strong></span> <span class='ocrx_word' id='word_1_614' title='bbox 1182 4457 1334 4512; x_wconf 87' lang='lat' dir='ltr'><strong>Lact.</strong></span> <span class='ocrx_word' id='word_1_615' title='bbox 1368 4457 1405 4511; x_wconf 86' lang='lat' dir='ltr'><strong>i.</strong></span> <span class='ocrx_word' id='word_1_616' title='bbox 1456 4457 1531 4524; x_wconf 81' lang='lat' dir='ltr'><strong>iv,</strong></span> <span class='ocrx_word' id='word_1_617' title='bbox 1567 4474 1616 4513; x_wconf 92' lang='lat' dir='ltr'><strong>c.</strong></span> <span class='ocrx_word' id='word_1_618' title='bbox 1645 4460 1717 4517; x_wconf 70' lang='lat'><strong>20</strong></span> <span class='ocrx_word' id='word_1_619' title='bbox 1751 4477 1764 4515; x_wconf 89' lang='lat'><strong>:</strong></span> 
     </span>
    </p>
   </div>
   <div class='ocr_carea' id='block_1_74' title="bbox 166 4502 2607 4599">
    <p class='ocr_par' dir='ltr' id='par_1_74' title="bbox 166 4502 2607 4599">
     <span class='ocr_line' id='line_1_74' title="bbox 166 4502 2607 4599; baseline 0 -15"><span class='ocrx_word' id='word_1_620' title='bbox 166 4502 306 4595; x_wconf 65' lang='grc' dir='ltr'><strong>διῖῶ</strong></span> <span class='ocrx_word' id='word_1_621' title='bbox 327 4502 420 4599; x_wconf 59' lang='lat' dir='ltr'><strong>p&#39;e&#39;r</strong></span> <span class='ocrx_word' id='word_1_622' title='bbox 435 4502 1531 4599; x_wconf 47' lang='lat' dir='ltr'><strong>Eitstn&#39;t.“asi.;i;;;;:&#39;iinnatet)?</strong></span> <span class='ocrx_word' id='word_1_623' title='bbox 1548 4502 1771 4594; x_wconf 56' lang='grc' dir='ltr'><strong>ῥέωὶἱλ</strong></span> <span class='ocrx_word' id='word_1_624' title='bbox 1798 4502 1851 4562; x_wconf 79' lang='grc' dir='ltr'><strong>Ι)</strong></span> <span class='ocrx_word' id='word_1_625' title='bbox 1878 4502 2245 4596; x_wconf 53' lang='lat' dir='ltr'><strong>sata-11...:</strong></span> <span class='ocrx_word' id='word_1_626' title='bbox 2269 4502 2607 4585; x_wconf 50' lang='lat' dir='ltr'><strong>ausast;</strong></span> 
     </span>
    </p>
   </div>
   <div class='ocr_carea' id='block_1_75' title="bbox 166 4598 1775 4658">
    <p class='ocr_par' dir='ltr' id='par_1_75' title="bbox 166 4598 1775 4658">
     <span class='ocr_line' id='line_1_75' title="bbox 166 4598 1775 4658; baseline 0.001 -3"><span class='ocrx_word' id='word_1_627' title='bbox 166 4598 368 4657; x_wconf 62' lang='lat' dir='ltr'><strong>hereses</strong></span> <span class='ocrx_word' id='word_1_628' title='bbox 390 4604 657 4658; x_wconf 84' lang='lat' dir='ltr'><strong>haberent</strong></span> <span class='ocrx_word' id='word_1_629' title='bbox 687 4600 920 4655; x_wconf 74' lang='lat' dir='ltr'><strong>existere.</strong></span> <span class='ocrx_word' id='word_1_630' title='bbox 948 4598 1309 4654; x_wconf 81' lang='lat' dir='ltr'><strong>Tertulliunus</strong></span> <span class='ocrx_word' id='word_1_631' title='bbox 1323 4598 1391 4656; x_wconf 93' lang='lat' dir='ltr'><strong>de</strong></span> <span class='ocrx_word' id='word_1_632' title='bbox 1414 4601 1775 4657; x_wconf 81' lang='lat' dir='ltr'><strong>VelandaVir-</strong></span> 
     </span>
    </p>
   </div>
   <div class='ocr_carea' id='block_1_76' title="bbox 159 4671 1777 4746">
    <p class='ocr_par' dir='ltr' id='par_1_76' title="bbox 159 4671 1777 4746">
     <span class='ocr_line' id='line_1_76' title="bbox 159 4671 1777 4746; baseline 0.001 -20"><span class='ocrx_word' id='word_1_633' title='bbox 159 4672 273 4746; x_wconf 74' lang='lat' dir='ltr'><strong>giae</strong></span> <span class='ocrx_word' id='word_1_634' title='bbox 286 4688 334 4730; x_wconf 93' lang='lat' dir='ltr'><strong>c.</strong></span> <span class='ocrx_word' id='word_1_635' title='bbox 353 4675 411 4731; x_wconf 82' lang='lat'><strong>5:</strong></span> <span class='ocrx_word' id='word_1_636' title='bbox 434 4674 524 4730; x_wconf 86' lang='lat' dir='ltr'><strong>De</strong></span> <span class='ocrx_word' id='word_1_637' title='bbox 538 4691 651 4746; x_wconf 88' lang='lat' dir='ltr'><strong>qua</strong></span> <span class='ocrx_word' id='word_1_638' title='bbox 669 4671 905 4746; x_wconf 82' lang='lat' dir='ltr'><strong>Christus</strong></span> <span class='ocrx_word' id='word_1_639' title='bbox 924 4672 1067 4746; x_wconf 74' lang='lat' dir='ltr'><strong>nasci</strong></span> <span class='ocrx_word' id='word_1_640' title='bbox 1092 4672 1326 4746; x_wconf 80' lang='lat' dir='ltr'><strong>habebat,</strong></span> <span class='ocrx_word' id='word_1_641' title='bbox 1346 4687 1397 4728; x_wconf 93' lang='lat' dir='ltr'><strong>c.</strong></span> <span class='ocrx_word' id='word_1_642' title='bbox 1420 4676 1445 4746; x_wconf 76' lang='lat' dir='ltr'><strong>i_</strong></span> <span class='ocrx_word' id='word_1_643' title='bbox 1457 4672 1483 4725; x_wconf 82' lang='grc'><strong>1</strong></span> <span class='ocrx_word' id='word_1_644' title='bbox 1506 4689 1519 4727; x_wconf 94' lang='lat'>:</span> <span class='ocrx_word' id='word_1_645' title='bbox 1537 4671 1777 4746; x_wconf 67' lang='lat' dir='ltr'><strong>Respon-</strong></span> 
     </span>
    </p>
   </div>
   <div class='ocr_carea' id='block_1_77' title="bbox 162 4741 1778 4801">
    <p class='ocr_par' dir='ltr' id='par_1_77' title="bbox 162 4741 1778 4801">
     <span class='ocr_line' id='line_1_77' title="bbox 162 4741 1778 4801; baseline 0.001 -3"><span class='ocrx_word' id='word_1_646' title='bbox 162 4744 261 4798; x_wconf 82' lang='lat' dir='ltr'><strong>deri</strong></span> <span class='ocrx_word' id='word_1_647' title='bbox 284 4762 347 4801; x_wconf 82' lang='lat' dir='ltr'><strong>ea:</strong></span> <span class='ocrx_word' id='word_1_648' title='bbox 366 4741 600 4801; x_wconf 77' lang='lat' dir='ltr'><strong>aduerso</strong></span> <span class='ocrx_word' id='word_1_649' title='bbox 628 4741 1106 4798; x_wconf 81' lang='lat' dir='ltr'><strong>habebat.Advers.</strong></span> <span class='ocrx_word' id='word_1_650' title='bbox 1132 4743 1350 4798; x_wconf 73' lang='lat' dir='ltr'><strong>Judmos</strong></span> <span class='ocrx_word' id='word_1_651' title='bbox 1376 4761 1389 4798; x_wconf 92' lang='lat'><strong>:</strong></span> <span class='ocrx_word' id='word_1_652' title='bbox 1417 4742 1546 4797; x_wconf 89' lang='lat' dir='ltr'><strong>Dari</strong></span> <span class='ocrx_word' id='word_1_653' title='bbox 1564 4744 1778 4799; x_wconf 88' lang='lat' dir='ltr'><strong>habebat</strong></span> 
     </span>
    </p>
   </div>
   <div class='ocr_carea' id='block_1_78' title="bbox 162 4813 1777 4883">
    <p class='ocr_par' dir='ltr' id='par_1_78' title="bbox 162 4813 1777 4883">
     <span class='ocr_line' id='line_1_78' title="bbox 162 4813 1777 4883; baseline 0.002 -17"><span class='ocrx_word' id='word_1_654' title='bbox 162 4815 481 4873; x_wconf 81' lang='lat' dir='ltr'><strong>circumcisio</strong></span> <span class='ocrx_word' id='word_1_655' title='bbox 506 4836 525 4883; x_wconf 91' lang='lat'><strong>;</strong></span> <span class='ocrx_word' id='word_1_656' title='bbox 558 4833 615 4872; x_wconf 92' lang='lat' dir='ltr'><strong>c.</strong></span> <span class='ocrx_word' id='word_1_657' title='bbox 644 4815 710 4870; x_wconf 89' lang='lat'><strong>8:</strong></span> <span class='ocrx_word' id='word_1_658' title='bbox 740 4813 1093 4869; x_wconf 67' lang='lat' dir='ltr'><strong>Exterminari</strong></span> <span class='ocrx_word' id='word_1_659' title='bbox 1122 4815 1323 4868; x_wconf 84' lang='lat' dir='ltr'><strong>haberet</strong></span> <span class='ocrx_word' id='word_1_660' title='bbox 1347 4832 1365 4880; x_wconf 88' lang='lat'><strong>;</strong></span> <span class='ocrx_word' id='word_1_661' title='bbox 1387 4830 1508 4883; x_wconf 85' lang='lat' dir='ltr'><strong>cap.</strong></span> <span class='ocrx_word' id='word_1_662' title='bbox 1544 4816 1640 4871; x_wconf 78' lang='lat' dir='ltr'><strong>ii:</strong></span> <span class='ocrx_word' id='word_1_663' title='bbox 1669 4816 1777 4870; x_wconf 85' lang='lat' dir='ltr'><strong>Ha-</strong></span> 
     </span>
    </p>
   </div>
   <div class='ocr_carea' id='block_1_79' title="bbox 159 4885 1782 4975">
    <p class='ocr_par' dir='ltr' id='par_1_79' title="bbox 159 4885 1782 4975">
     <span class='ocr_line' id='line_1_79' title="bbox 159 4885 1782 4975; baseline 0.002 -36"><span class='ocrx_word' id='word_1_664' title='bbox 159 4886 295 4943; x_wconf 85' lang='lat' dir='ltr'><strong>bebat</strong></span> <span class='ocrx_word' id='word_1_665' title='bbox 321 4889 612 4975; x_wconf 47' lang='lat' dir='ltr'><strong>efpun‘qi&#39;;</strong></span> <span class='ocrx_word' id='word_1_666' title='bbox 646 4902 766 4975; x_wconf 68' lang='lat' dir='ltr'><strong>cap.</strong></span> <span class='ocrx_word' id='word_1_667' title='bbox 802 4889 913 4975; x_wconf 55' lang='lat' dir='ltr'><strong>I4“:</strong></span> <span class='ocrx_word' id='word_1_668' title='bbox 943 4887 1163 4975; x_wconf 43' lang='lat' dir='ltr'><strong>qunosci</strong></span> <span class='ocrx_word' id='word_1_669' title='bbox 1184 4886 1367 4975; x_wconf 59' lang='lat' dir='ltr'><strong>habet;</strong></span> <span class='ocrx_word' id='word_1_670' title='bbox 1397 4887 1463 4941; x_wconf 88' lang='lat' dir='ltr'><strong>de</strong></span> <span class='ocrx_word' id='word_1_671' title='bbox 1505 4885 1782 4975; x_wconf 57' lang='lat' dir='ltr'><strong>Euptlsmo</strong></span> 
     </span>
    </p>
   </div>
   <div class='ocr_carea' id='block_1_80' title="bbox 160 4957 1783 5101">
    <p class='ocr_par' dir='ltr' id='par_1_80' title="bbox 160 4957 1783 5101">
     <span class='ocr_line' id='line_1_80' title="bbox 160 4957 1783 5042; baseline 0.001 -30"><span class='ocrx_word' id='word_1_672' title='bbox 160 4972 270 5030; x_wconf 77' lang='lat' dir='ltr'><strong>Cap.</strong></span> <span class='ocrx_word' id='word_1_673' title='bbox 316 4957 429 5016; x_wconf 71' lang='lat' dir='ltr'><strong>Ili:</strong></span> <span class='ocrx_word' id='word_1_674' title='bbox 473 4957 661 5014; x_wconf 81' lang='lat' dir='ltr'><strong>Habet</strong></span> <span class='ocrx_word' id='word_1_675' title='bbox 691 4958 839 5028; x_wconf 83' lang='lat' dir='ltr'><strong>tingi.</strong></span> <span class='ocrx_word' id='word_1_676' title='bbox 874 4958 947 5012; x_wconf 84' lang='lat' dir='ltr'><strong>De</strong></span> <span class='ocrx_word' id='word_1_677' title='bbox 971 4957 1147 5014; x_wconf 84' lang='lat' dir='ltr'><strong>Carne</strong></span> <span class='ocrx_word' id='word_1_678' title='bbox 1189 4959 1317 5010; x_wconf 81' lang='lat' dir='ltr'><strong>Chr.</strong></span> <span class='ocrx_word' id='word_1_679' title='bbox 1351 4974 1471 5041; x_wconf 74' lang='lat' dir='ltr'><strong>cap.</strong></span> <span class='ocrx_word' id='word_1_680' title='bbox 1492 4959 1536 5039; x_wconf 41' lang='lat'><strong>.7</strong></span> <span class='ocrx_word' id='word_1_681' title='bbox 1570 4958 1783 5042; x_wconf 30' lang='lat' dir='ltr'><strong>{Nasci</strong></span> 
     </span>
     <span class='ocr_line' id='line_1_81' title="bbox 161 5028 1780 5101; baseline 0.003 -20"><span class='ocrx_word' id='word_1_682' title='bbox 161 5028 389 5101; x_wconf 84' lang='lat' dir='ltr'><strong>haberet;</strong></span> <span class='ocrx_word' id='word_1_683' title='bbox 418 5033 665 5088; x_wconf 79' lang='lat' dir='ltr'><strong>Resurr.</strong></span> <span class='ocrx_word' id='word_1_684' title='bbox 691 5031 850 5085; x_wconf 78' lang='lat' dir='ltr'><strong>Cara.</strong></span> <span class='ocrx_word' id='word_1_685' title='bbox 875 5044 993 5099; x_wconf 88' lang='lat' dir='ltr'><strong>cap.</strong></span> <span class='ocrx_word' id='word_1_686' title='bbox 1030 5029 1128 5085; x_wconf 57' lang='grc' dir='ltr'><strong>Ηυξ</strong></span> <span class='ocrx_word' id='word_1_687' title='bbox 1166 5028 1365 5083; x_wconf 80' lang='lat' dir='ltr'><strong>[labent</strong></span> <span class='ocrx_word' id='word_1_688' title='bbox 1385 5030 1631 5097; x_wconf 64' lang='lat' dir='ltr'><strong>judicare.</strong></span> <span class='ocrx_word' id='word_1_689' title='bbox 1670 5031 1780 5086; x_wconf 87' lang='lat' dir='ltr'><strong>BU-</strong></span> 
     </span>
    </p>
   </div>
   <div class='ocr_carea' id='block_1_81' title="bbox 158 5117 355 5159">
    <p class='ocr_par' dir='ltr' id='par_1_81' title="bbox 158 5117 355 5159">
     <span class='ocr_line' id='line_1_82' title="bbox 158 5117 355 5159; baseline 0.015 -3"><span class='ocrx_word' id='word_1_690' title='bbox 158 5117 355 5159; x_wconf 65' lang='lat' dir='ltr'><strong>NEIAN.</strong></span> 
     </span>
    </p>
   </div>
   <div class='ocr_carea' id='block_1_82' title="bbox 229 5193 1785 5269">
    <p class='ocr_par' dir='ltr' id='par_1_82' title="bbox 229 5193 1785 5269">
     <span class='ocr_line' id='line_1_83' title="bbox 229 5193 1785 5269; baseline -0.002 -16"><span class='ocrx_word' id='word_1_691' title='bbox 229 5195 404 5269; x_wconf 84' lang='lat' dir='ltr'><strong>Usque</strong></span> <span class='ocrx_word' id='word_1_692' title='bbox 427 5198 506 5252; x_wconf 88' lang='lat' dir='ltr'><strong>ad</strong></span> <span class='ocrx_word' id='word_1_693' title='bbox 520 5198 837 5269; x_wconf 66' lang='lat' dir='ltr'><strong>antiquum.</strong></span> <span class='ocrx_word' id='word_1_694' title='bbox 863 5193 1086 5269; x_wconf 68' lang='lat' dir='ltr'><strong>Sabine.</strong></span> <span class='ocrx_word' id='word_1_695' title='bbox 1110 5193 1349 5269; x_wconf 71' lang='lat' dir='ltr'><strong>et_\t_&#39;en_:_</strong></span> <span class='ocrx_word' id='word_1_696' title='bbox 1381 5194 1515 5250; x_wconf 67' lang='lat' dir='ltr'><strong>Mil</strong></span> <span class='ocrx_word' id='word_1_697' title='bbox 1550 5214 1562 5251; x_wconf 90' lang='lat'><strong>:</strong></span> <span class='ocrx_word' id='word_1_698' title='bbox 1613 5196 1785 5269; x_wconf 77' lang='lat' dir='ltr'><strong>usque</strong></span> 
     </span>
    </p>
   </div>
   <div class='ocr_carea' id='block_1_83' title="bbox 157 5265 1780 5340">
    <p class='ocr_par' dir='ltr' id='par_1_83' title="bbox 157 5265 1780 5340">
     <span class='ocr_line' id='line_1_84' title="bbox 157 5265 1780 5340; baseline 0.001 -18"><span class='ocrx_word' id='word_1_699' title='bbox 157 5265 450 5340; x_wconf 82' lang='lat' dir='ltr'><strong>antiquum.</strong></span> <span class='ocrx_word' id='word_1_700' title='bbox 487 5268 565 5325; x_wconf 90' lang='lat' dir='ltr'><strong>Ut</strong></span> <span class='ocrx_word' id='word_1_701' title='bbox 596 5267 783 5340; x_wconf 83' lang='lat' dir='ltr'><strong>notavi</strong></span> <span class='ocrx_word' id='word_1_702' title='bbox 809 5266 874 5321; x_wconf 85' lang='lat' dir='ltr'><strong>ad</strong></span> <span class='ocrx_word' id='word_1_703' title='bbox 900 5266 992 5321; x_wconf 88' lang='lat' dir='ltr'><strong>lib.</strong></span> <span class='ocrx_word' id='word_1_704' title='bbox 1027 5282 1063 5331; x_wconf 88' lang='grc' dir='ltr'><strong>ι,</strong></span> <span class='ocrx_word' id='word_1_705' title='bbox 1092 5280 1141 5320; x_wconf 92' lang='lat' dir='ltr'><strong>e.</strong></span> <span class='ocrx_word' id='word_1_706' title='bbox 1174 5265 1269 5332; x_wconf 70' lang='lat'><strong>‘22,</strong></span> <span class='ocrx_word' id='word_1_707' title='bbox 1301 5265 1387 5321; x_wconf 91' lang='lat' dir='ltr'><strong>hic</strong></span> <span class='ocrx_word' id='word_1_708' title='bbox 1417 5282 1525 5340; x_wconf 81' lang='lat' dir='ltr'><strong>non</strong></span> <span class='ocrx_word' id='word_1_709' title='bbox 1571 5268 1780 5335; x_wconf 89' lang='lat' dir='ltr'><strong>probo;</strong></span> 
     </span>
    </p>
   </div>
   <div class='ocr_carea' id='block_1_84' title="bbox 159 5337 1782 5409">
    <p class='ocr_par' dir='ltr' id='par_1_84' title="bbox 159 5337 1782 5409">
     <span class='ocr_line' id='line_1_85' title="bbox 159 5337 1782 5409; baseline 0.002 -18"><span class='ocrx_word' id='word_1_710' title='bbox 159 5337 354 5397; x_wconf 83' lang='lat' dir='ltr'><strong>habent</strong></span> <span class='ocrx_word' id='word_1_711' title='bbox 376 5343 538 5398; x_wconf 88' lang='lat' dir='ltr'><strong>enim</strong></span> <span class='ocrx_word' id='word_1_712' title='bbox 577 5338 775 5409; x_wconf 89' lang='lat' dir='ltr'><strong>reliqui</strong></span> <span class='ocrx_word' id='word_1_713' title='bbox 792 5353 982 5393; x_wconf 89' lang='lat' dir='ltr'><strong>omnes</strong></span> <span class='ocrx_word' id='word_1_714' title='bbox 1013 5356 1025 5391; x_wconf 87' lang='lat'><strong>:</strong></span> <span class='ocrx_word' id='word_1_715' title='bbox 1053 5340 1224 5392; x_wconf 81' lang='lat' dir='ltr'><strong>variat</strong></span> <span class='ocrx_word' id='word_1_716' title='bbox 1256 5349 1432 5392; x_wconf 86' lang='lat' dir='ltr'><strong>tamen</strong></span> <span class='ocrx_word' id='word_1_717' title='bbox 1456 5337 1543 5409; x_wconf 86' lang='lat' dir='ltr'><strong>hic</strong></span> <span class='ocrx_word' id='word_1_718' title='bbox 1571 5339 1626 5393; x_wconf 90' lang='lat' dir='ltr'><strong>in</strong></span> <span class='ocrx_word' id='word_1_719' title='bbox 1658 5354 1782 5395; x_wconf 86' lang='lat' dir='ltr'><strong>ver-</strong></span> 
     </span>
    </p>
   </div>
   <div class='ocr_carea' id='block_1_85' title="bbox 156 5408 1781 5481">
    <p class='ocr_par' dir='ltr' id='par_1_85' title="bbox 156 5408 1781 5481">
     <span class='ocr_line' id='line_1_86' title="bbox 156 5408 1781 5481; baseline -0.001 -15"><span class='ocrx_word' id='word_1_720' title='bbox 156 5409 256 5468; x_wconf 81' lang='lat' dir='ltr'><strong>bis.</strong></span> <span class='ocrx_word' id='word_1_721' title='bbox 288 5413 416 5469; x_wconf 79' lang='lat' dir='ltr'><strong>Vid.</strong></span> <span class='ocrx_word' id='word_1_722' title='bbox 436 5424 650 5481; x_wconf 87' lang='lat' dir='ltr'><strong>supra,</strong></span> <span class='ocrx_word' id='word_1_723' title='bbox 667 5408 823 5477; x_wconf 86' lang='lat' dir='ltr'><strong>usque</strong></span> <span class='ocrx_word' id='word_1_724' title='bbox 847 5409 914 5463; x_wconf 88' lang='lat' dir='ltr'><strong>ad</strong></span> <span class='ocrx_word' id='word_1_725' title='bbox 936 5420 1185 5465; x_wconf 82' lang='lat' dir='ltr'><strong>uetustum</strong></span> <span class='ocrx_word' id='word_1_726' title='bbox 1212 5409 1428 5463; x_wconf 86' lang='lat' dir='ltr'><strong>dierum.</strong></span> <span class='ocrx_word' id='word_1_727' title='bbox 1458 5408 1781 5479; x_wconf 84' lang='lat' dir='ltr'><strong>Cyprianus,</strong></span> 
     </span>
    </p>
   </div>
   <div class='ocr_carea' id='block_1_86' title="bbox 156 5481 1557 5551">
    <p class='ocr_par' dir='ltr' id='par_1_86' title="bbox 156 5481 1557 5551">
     <span class='ocr_line' id='line_1_87' title="bbox 156 5481 1557 5551; baseline -0.002 -14"><span class='ocrx_word' id='word_1_728' title='bbox 156 5482 193 5537; x_wconf 89' lang='grc' dir='ltr'><strong>Ι.</strong></span> <span class='ocrx_word' id='word_1_729' title='bbox 224 5501 261 5539; x_wconf 82' lang='grc' dir='ltr'>ιι</span> <span class='ocrx_word' id='word_1_730' title='bbox 291 5484 453 5540; x_wconf 89' lang='lat' dir='ltr'><strong>Test.</strong></span> <span class='ocrx_word' id='word_1_731' title='bbox 490 5482 603 5549; x_wconf 76' lang='lat'><strong>26,</strong></span> <span class='ocrx_word' id='word_1_732' title='bbox 639 5497 796 5551; x_wconf 87' lang='lat' dir='ltr'><strong>usque</strong></span> <span class='ocrx_word' id='word_1_733' title='bbox 818 5481 887 5535; x_wconf 85' lang='lat' dir='ltr'><strong>ad</strong></span> <span class='ocrx_word' id='word_1_734' title='bbox 914 5490 1132 5535; x_wconf 86' lang='lat' dir='ltr'><strong>ueterum</strong></span> <span class='ocrx_word' id='word_1_735' title='bbox 1177 5481 1392 5534; x_wconf 81' lang='lat' dir='ltr'><strong>dierum.</strong></span> <span class='ocrx_word' id='word_1_736' title='bbox 1425 5481 1557 5536; x_wconf 65' lang='lat' dir='ltr'><strong>lius.</strong></span> 
     </span>
    </p>
   </div>
   <div class='ocr_carea' id='block_1_87' title="bbox 222 5552 1787 5623">
    <p class='ocr_par' dir='ltr' id='par_1_87' title="bbox 222 5552 1787 5623">
     <span class='ocr_line' id='line_1_88' title="bbox 222 5552 1787 5623; baseline -0.001 -13"><span class='ocrx_word' id='word_1_737' title='bbox 222 5554 443 5612; x_wconf 84' lang='lat' dir='ltr'><strong>Esaias.</strong></span> <span class='ocrx_word' id='word_1_738' title='bbox 478 5554 689 5622; x_wconf 85' lang='lat' dir='ltr'><strong>Capite</strong></span> <span class='ocrx_word' id='word_1_739' title='bbox 707 5552 1046 5608; x_wconf 70' lang='lat' dir='ltr'><strong>scilicetxnv.</strong></span> <span class='ocrx_word' id='word_1_740' title='bbox 1073 5553 1530 5622; x_wconf 71' lang='lat' dir='ltr'><strong>Atquamvishtcc</strong></span> <span class='ocrx_word' id='word_1_741' title='bbox 1554 5552 1787 5623; x_wconf 86' lang='lat' dir='ltr'><strong>prophe-</strong></span> 
     </span>
    </p>
   </div>
   <div class='ocr_carea' id='block_1_88' title="bbox 155 5624 1785 5700">
    <p class='ocr_par' dir='ltr' id='par_1_88' title="bbox 155 5624 1785 5700">
     <span class='ocr_line' id='line_1_89' title="bbox 155 5624 1785 5700; baseline 0 -18"><span class='ocrx_word' id='word_1_742' title='bbox 155 5625 222 5683; x_wconf 86' lang='lat' dir='ltr'><strong>tia</strong></span> <span class='ocrx_word' id='word_1_743' title='bbox 252 5627 406 5700; x_wconf 84' lang='lat' dir='ltr'><strong>Cyro</strong></span> <span class='ocrx_word' id='word_1_744' title='bbox 442 5625 787 5700; x_wconf 77' lang='lat' dir='ltr'><strong>nominatim</strong></span> <span class='ocrx_word' id='word_1_745' title='bbox 807 5625 1127 5700; x_wconf 74' lang='lat' dir='ltr'><strong>conveniat,</strong></span> <span class='ocrx_word' id='word_1_746' title='bbox 1168 5633 1404 5679; x_wconf 85' lang='lat' dir='ltr'><strong>attamen</strong></span> <span class='ocrx_word' id='word_1_747' title='bbox 1444 5624 1785 5695; x_wconf 86' lang='lat' dir='ltr'><strong>aliquatenus</strong></span> 
     </span>
    </p>
   </div>
   <div class='ocr_carea' id='block_1_89' title="bbox 154 5695 1177 5764">
    <p class='ocr_par' dir='ltr' id='par_1_89' title="bbox 154 5695 1177 5764">
     <span class='ocr_line' id='line_1_90' title="bbox 154 5695 1177 5764; baseline -0.006 -9"><span class='ocrx_word' id='word_1_748' title='bbox 154 5714 271 5755; x_wconf 81' lang='lat' dir='ltr'><strong>eam</strong></span> <span class='ocrx_word' id='word_1_749' title='bbox 297 5695 549 5755; x_wconf 75' lang='lat' dir='ltr'><strong>Christo</strong></span> <span class='ocrx_word' id='word_1_750' title='bbox 579 5695 819 5763; x_wconf 82' lang='lat' dir='ltr'><strong>theologi</strong></span> <span class='ocrx_word' id='word_1_751' title='bbox 850 5695 1177 5764; x_wconf 78' lang='lat' dir='ltr'><strong>adjudicant.</strong></span> 
     </span>
    </p>
   </div>
   <div class='ocr_carea' id='block_1_90' title="bbox 222 5767 1781 5844">
    <p class='ocr_par' dir='ltr' id='par_1_90' title="bbox 222 5767 1781 5844">
     <span class='ocr_line' id='line_1_91' title="bbox 222 5767 1781 5844; baseline 0 -20"><span class='ocrx_word' id='word_1_752' title='bbox 222 5769 343 5844; x_wconf 87' lang='lat' dir='ltr'><strong>Ego</strong></span> <span class='ocrx_word' id='word_1_753' title='bbox 369 5780 506 5844; x_wconf 74' lang='lat' dir='ltr'><strong>ante</strong></span> <span class='ocrx_word' id='word_1_754' title='bbox 528 5778 584 5823; x_wconf 86' lang='lat' dir='ltr'><strong>te</strong></span> <span class='ocrx_word' id='word_1_755' title='bbox 613 5768 719 5844; x_wconf 88' lang='lat' dir='ltr'><strong>i_bo.</strong></span> <span class='ocrx_word' id='word_1_756' title='bbox 753 5767 1081 5844; x_wconf 36' lang='lat' dir='ltr'><strong>Sicﬂreposni</strong></span> <span class='ocrx_word' id='word_1_757' title='bbox 1113 5784 1184 5844; x_wconf 44' lang='lat' dir='ltr'><strong>ei</strong></span> <span class='ocrx_word' id='word_1_758' title='bbox 1211 5767 1460 5844; x_wconf 66' lang='lat' dir='ltr'><strong>otiinibus</strong></span> <span class='ocrx_word' id='word_1_759' title='bbox 1504 5769 1618 5824; x_wconf 82' lang='lat' dir='ltr'><strong>fere</strong></span> <span class='ocrx_word' id='word_1_760' title='bbox 1649 5783 1781 5844; x_wconf 48' lang='lat' dir='ltr'><strong>mss:</strong></span> 
     </span>
    </p>
   </div>
   <div class='ocr_carea' id='block_1_91' title="bbox 152 5838 1785 5910">
    <p class='ocr_par' dir='ltr' id='par_1_91' title="bbox 152 5838 1785 5910">
     <span class='ocr_line' id='line_1_92' title="bbox 152 5838 1785 5910; baseline -0.004 -6"><span class='ocrx_word' id='word_1_761' title='bbox 152 5857 216 5904; x_wconf 81' lang='lat' dir='ltr'><strong>ac</strong></span> <span class='ocrx_word' id='word_1_762' title='bbox 243 5838 365 5903; x_wconf 76' lang='lat' dir='ltr'><strong>vet.</strong></span> <span class='ocrx_word' id='word_1_763' title='bbox 405 5841 560 5901; x_wconf 87' lang='lat' dir='ltr'><strong>edit.</strong></span> <span class='ocrx_word' id='word_1_764' title='bbox 613 5838 798 5910; x_wconf 82' lang='lat' dir='ltr'><strong>Rom.,</strong></span> <span class='ocrx_word' id='word_1_765' title='bbox 838 5838 1064 5910; x_wconf 83' lang='lat' dir='ltr'><strong>Cellar.,</strong></span> <span class='ocrx_word' id='word_1_766' title='bbox 1115 5838 1328 5896; x_wconf 88' lang='lat' dir='ltr'><strong>Walch.</strong></span> <span class='ocrx_word' id='word_1_767' title='bbox 1384 5840 1547 5899; x_wconf 88' lang='lat' dir='ltr'><strong>Deest</strong></span> <span class='ocrx_word' id='word_1_768' title='bbox 1588 5850 1637 5897; x_wconf 89' lang='lat' dir='ltr'><strong>te</strong></span> <span class='ocrx_word' id='word_1_769' title='bbox 1665 5841 1723 5898; x_wconf 91' lang='lat' dir='ltr'><strong>in</strong></span> <span class='ocrx_word' id='word_1_770' title='bbox 1749 5841 1785 5898; x_wconf 79' lang='lat'><strong>5</strong></span> 
     </span>
    </p>
   </div>
   <div class='ocr_carea' id='block_1_92' title="bbox 1882 3647 3474 3720">
    <p class='ocr_par' dir='ltr' id='par_1_92' title="bbox 1882 3647 3474 3720">
     <span class='ocr_line' id='line_1_93' title="bbox 1882 3647 3474 3720; baseline 0.004 -16"><span class='ocrx_word' id='word_1_771' title='bbox 1882 3649 2038 3719; x_wconf 83' lang='lat' dir='ltr'><strong>ch.,</strong></span> <span class='ocrx_word' id='word_1_772' title='bbox 2083 3648 2119 3703; x_wconf 75' lang='lat'><strong>2</strong></span> <span class='ocrx_word' id='word_1_773' title='bbox 2146 3647 2399 3720; x_wconf 57' lang='lat' dir='ltr'><strong>Colbert.</strong></span> <span class='ocrx_word' id='word_1_774' title='bbox 2440 3662 2552 3704; x_wconf 90' lang='lat' dir='ltr'><strong>rec.</strong></span> <span class='ocrx_word' id='word_1_775' title='bbox 2595 3656 2650 3704; x_wconf 90' lang='lat' dir='ltr'><strong>et</strong></span> <span class='ocrx_word' id='word_1_776' title='bbox 2693 3648 2760 3705; x_wconf 74' lang='grc'>12</span> <span class='ocrx_word' id='word_1_777' title='bbox 2799 3648 3046 3720; x_wconf 85' lang='lat' dir='ltr'><strong>vulgatis.</strong></span> <span class='ocrx_word' id='word_1_778' title='bbox 3091 3650 3184 3707; x_wconf 85' lang='lat' dir='ltr'><strong>Est</strong></span> <span class='ocrx_word' id='word_1_779' title='bbox 3222 3651 3274 3707; x_wconf 92' lang='lat' dir='ltr'><strong>in</strong></span> <span class='ocrx_word' id='word_1_780' title='bbox 3325 3660 3474 3711; x_wconf 83' lang='lat' dir='ltr'><strong>textu</strong></span> 
     </span>
    </p>
   </div>
   <div class='ocr_carea' id='block_1_93' title="bbox 1881 3718 3470 3793">
    <p class='ocr_par' dir='ltr' id='par_1_93' title="bbox 1881 3718 3470 3793">
     <span class='ocr_line' id='line_1_94' title="bbox 1881 3718 3470 3793; baseline 0.003 -17"><span class='ocrx_word' id='word_1_781' title='bbox 1881 3718 2046 3793; x_wconf 70' lang='lat' dir='ltr'><strong>Hebr.</strong></span> <span class='ocrx_word' id='word_1_782' title='bbox 2097 3728 2154 3776; x_wconf 92' lang='lat' dir='ltr'><strong>et</strong></span> <span class='ocrx_word' id='word_1_783' title='bbox 2196 3720 2335 3793; x_wconf 88' lang='lat' dir='ltr'><strong>apud</strong></span> <span class='ocrx_word' id='word_1_784' title='bbox 2366 3718 2752 3790; x_wconf 86' lang='lat' dir='ltr'><strong>Septuaginta;</strong></span> <span class='ocrx_word' id='word_1_785' title='bbox 2799 3730 2854 3776; x_wconf 91' lang='lat' dir='ltr'><strong>et</strong></span> <span class='ocrx_word' id='word_1_786' title='bbox 2884 3718 3016 3793; x_wconf 85' lang='lat' dir='ltr'><strong>mss.</strong></span> <span class='ocrx_word' id='word_1_787' title='bbox 3073 3721 3470 3793; x_wconf 87' lang='lat' dir='ltr'><strong>Lipsiensibns,</strong></span> 
     </span>
    </p>
   </div>
   <div class='ocr_carea' id='block_1_94' title="bbox 1877 3792 3470 3917">
    <p class='ocr_par' dir='ltr' id='par_1_94' title="bbox 1877 3792 3470 3917">
     <span class='ocr_line' id='line_1_95' title="bbox 1877 3792 3470 3917; baseline 0.003 -70"><span class='ocrx_word' id='word_1_788' title='bbox 1877 3792 1990 3864; x_wconf 78' lang='lat' dir='ltr'><strong>Ego</strong></span> <span class='ocrx_word' id='word_1_789' title='bbox 2007 3801 2125 3877; x_wconf 75' lang='lat' dir='ltr'><strong>ante</strong></span> <span class='ocrx_word' id='word_1_790' title='bbox 2144 3792 2374 3917; x_wconf 60' lang='lat' dir='ltr'><strong>ezmibo.</strong></span> <span class='ocrx_word' id='word_1_791' title='bbox 2397 3793 2463 3847; x_wconf 82' lang='lat' dir='ltr'><strong>Et</strong></span> <span class='ocrx_word' id='word_1_792' title='bbox 2489 3808 2613 3848; x_wconf 83' lang='lat' dir='ltr'><strong>mox</strong></span> <span class='ocrx_word' id='word_1_793' title='bbox 2640 3802 2764 3863; x_wconf 90' lang='lat' dir='ltr'><strong>post</strong></span> <span class='ocrx_word' id='word_1_794' title='bbox 2782 3792 3076 3860; x_wconf 83' lang='lat' dir='ltr'><strong>invisibiles,</strong></span> <span class='ocrx_word' id='word_1_795' title='bbox 3104 3810 3215 3850; x_wconf 80' lang='lat' dir='ltr'><strong>Lxx</strong></span> <span class='ocrx_word' id='word_1_796' title='bbox 3244 3792 3470 3865; x_wconf 87' lang='lat' dir='ltr'><strong>addunt,</strong></span> 
     </span>
     <span class='ocr_line' id='line_1_96' title="bbox 1877 3875 2244 3917; baseline 0 0"><span class='ocrx_word' id='word_1_797' title='bbox 1877 3881 2106 3917; x_wconf 79' lang='lat' dir='ltr'><strong>auertant</strong></span> <span class='ocrx_word' id='word_1_798' title='bbox 2136 3875 2171 3917; x_wconf 84' lang='lat' dir='ltr'><strong>lt</strong></span> <span class='ocrx_word' id='word_1_799' title='bbox 2206 3881 2244 3917; x_wconf 86' lang='grc' dir='ltr'><strong>ι.</strong></span> 
     </span>
    </p>
   </div>
   <div class='ocr_carea' id='block_1_95' title="bbox 1876 3875 2244 3919">
    <p class='ocr_par' dir='ltr' id='par_1_95' title="bbox 1876 3875 2244 3919">
     <span class='ocr_line' id='line_1_97' title="bbox 1876 3875 2244 3919; baseline -0.005 0"><span class='ocrx_word' id='word_1_800' title='bbox 1876 3875 2106 3919; x_wconf 77' lang='lat' dir='ltr'><strong>avertam</strong></span> <span class='ocrx_word' id='word_1_801' title='bbox 2136 3875 2244 3918; x_wconf 78' lang='grc' dir='ltr'><strong>ιιυι.</strong></span> 
     </span>
    </p>
   </div>
   <div class='ocr_carea' id='block_1_96' title="bbox 1910 3883 3472 4010">
    <p class='ocr_par' dir='ltr' id='par_1_96' title="bbox 1910 3883 3472 4010">
     <span class='ocr_line' id='line_1_98' title="bbox 1910 3883 3472 4010; baseline 0.004 -21"><span class='ocrx_word' id='word_1_802' title='bbox 1910 3883 2406 4010; x_wconf 47' lang='grc' dir='ltr'><strong>Ἦῖιαὺῗιὲξιῗῖετίηηι</strong></span> <span class='ocrx_word' id='word_1_803' title='bbox 2445 3944 2594 4004; x_wconf 90' lang='lat' dir='ltr'><strong>atque</strong></span> <span class='ocrx_word' id='word_1_804' title='bbox 2626 3936 2908 4010; x_wconf 52' lang='lat' dir='ltr'><strong>honorem.</strong></span> <span class='ocrx_word' id='word_1_805' title='bbox 2930 3936 3006 3992; x_wconf 86' lang='lat' dir='ltr'><strong>Ita</strong></span> <span class='ocrx_word' id='word_1_806' title='bbox 3035 3952 3169 3994; x_wconf 89' lang='lat' dir='ltr'><strong>mss.</strong></span> <span class='ocrx_word' id='word_1_807' title='bbox 3204 3938 3472 4010; x_wconf 88' lang='lat' dir='ltr'><strong>antiquis-</strong></span> 
     </span>
    </p>
   </div>
   <div class='ocr_carea' id='block_1_97' title="bbox 1877 4007 3475 4082">
    <p class='ocr_par' dir='ltr' id='par_1_97' title="bbox 1877 4007 3475 4082">
     <span class='ocr_line' id='line_1_99' title="bbox 1877 4007 3475 4082; baseline 0.003 -21"><span class='ocrx_word' id='word_1_808' title='bbox 1877 4007 2002 4082; x_wconf 83' lang='lat' dir='ltr'><strong>simi</strong></span> <span class='ocrx_word' id='word_1_809' title='bbox 2035 4017 2089 4082; x_wconf 85' lang='lat' dir='ltr'><strong>et</strong></span> <span class='ocrx_word' id='word_1_810' title='bbox 2119 4007 2149 4061; x_wconf 89' lang='lat'><strong>7</strong></span> <span class='ocrx_word' id='word_1_811' title='bbox 2181 4007 2321 4082; x_wconf 72' lang='lat' dir='ltr'><strong>typis</strong></span> <span class='ocrx_word' id='word_1_812' title='bbox 2348 4010 2553 4082; x_wconf 79' lang='lat' dir='ltr'><strong>excusi.</strong></span> <span class='ocrx_word' id='word_1_813' title='bbox 2576 4010 2644 4061; x_wconf 79' lang='lat' dir='ltr'><strong>At</strong></span> <span class='ocrx_word' id='word_1_814' title='bbox 2670 4008 2955 4082; x_wconf 67' lang='lat' dir='ltr'><strong>scripti“</strong></span> <span class='ocrx_word' id='word_1_815' title='bbox 2982 4026 3095 4082; x_wconf 90' lang='lat' dir='ltr'><strong>rec.</strong></span> <span class='ocrx_word' id='word_1_816' title='bbox 3136 4017 3194 4066; x_wconf 92' lang='lat' dir='ltr'><strong>et</strong></span> <span class='ocrx_word' id='word_1_817' title='bbox 3221 4007 3419 4082; x_wconf 80' lang='lat' dir='ltr'><strong>vulgati</strong></span> <span class='ocrx_word' id='word_1_818' title='bbox 3442 4011 3475 4065; x_wconf 89' lang='lat'><strong>7</strong></span> 
     </span>
    </p>
   </div>
   <div class='ocr_carea' id='block_1_98' title="bbox 1874 4077 3475 4149">
    <p class='ocr_par' dir='ltr' id='par_1_98' title="bbox 1874 4077 3475 4149">
     <span class='ocr_line' id='line_1_100' title="bbox 1874 4077 3475 4149; baseline 0.004 -17"><span class='ocrx_word' id='word_1_819' title='bbox 1874 4079 2023 4134; x_wconf 84' lang='lat' dir='ltr'><strong>habet</strong></span> <span class='ocrx_word' id='word_1_820' title='bbox 2049 4077 2345 4149; x_wconf 83' lang='lat' dir='ltr'><strong>imperium,</strong></span> <span class='ocrx_word' id='word_1_821' title='bbox 2375 4077 2523 4133; x_wconf 87' lang='lat' dir='ltr'><strong>habet</strong></span> <span class='ocrx_word' id='word_1_822' title='bbox 2546 4081 2811 4133; x_wconf 88' lang='lat' dir='ltr'><strong>honorem.</strong></span> <span class='ocrx_word' id='word_1_823' title='bbox 2834 4079 2960 4137; x_wconf 66' lang='lat' dir='ltr'><strong>Haec</strong></span> <span class='ocrx_word' id='word_1_824' title='bbox 2975 4081 3161 4136; x_wconf 79' lang='lat' dir='ltr'><strong>ultima</strong></span> <span class='ocrx_word' id='word_1_825' title='bbox 3180 4077 3342 4139; x_wconf 74' lang='lat' dir='ltr'><strong>lectio</strong></span> <span class='ocrx_word' id='word_1_826' title='bbox 3367 4098 3475 4139; x_wconf 92' lang='lat' dir='ltr'><strong>non</strong></span> 
     </span>
    </p>
   </div>
   <div class='ocr_carea' id='block_1_99' title="bbox 1872 4149 2951 4221">
    <p class='ocr_par' dir='ltr' id='par_1_99' title="bbox 1872 4149 2951 4221">
     <span class='ocr_line' id='line_1_101' title="bbox 1872 4149 2951 4221; baseline -0.002 -15"><span class='ocrx_word' id='word_1_827' title='bbox 1872 4159 2025 4206; x_wconf 85' lang='lat' dir='ltr'><strong>caret</strong></span> <span class='ocrx_word' id='word_1_828' title='bbox 2052 4150 2341 4221; x_wconf 87' lang='lat' dir='ltr'><strong>elegantia.</strong></span> <span class='ocrx_word' id='word_1_829' title='bbox 2373 4165 2544 4221; x_wconf 88' lang='lat' dir='ltr'><strong>eaque</strong></span> <span class='ocrx_word' id='word_1_830' title='bbox 2574 4149 2951 4206; x_wconf 88' lang='lat' dir='ltr'><strong>Lactantiana.</strong></span> 
     </span>
    </p>
   </div>
   <div class='ocr_carea' id='block_1_100' title="bbox 1944 4221 3477 4294">
    <p class='ocr_par' dir='ltr' id='par_1_100' title="bbox 1944 4221 3477 4294">
     <span class='ocr_line' id='line_1_102' title="bbox 1944 4221 3477 4294; baseline 0.003 -16"><span class='ocrx_word' id='word_1_831' title='bbox 1944 4222 2146 4278; x_wconf 87' lang='lat' dir='ltr'><strong>Rursus</strong></span> <span class='ocrx_word' id='word_1_832' title='bbox 2163 4221 2441 4294; x_wconf 84' lang='lat' dir='ltr'><strong>advenerit.</strong></span> <span class='ocrx_word' id='word_1_833' title='bbox 2462 4221 2669 4277; x_wconf 77' lang='lat' dir='ltr'><strong>Rursus</strong></span> <span class='ocrx_word' id='word_1_834' title='bbox 2696 4222 2761 4294; x_wconf 88' lang='lat' dir='ltr'><strong>ad</strong></span> <span class='ocrx_word' id='word_1_835' title='bbox 2784 4223 3059 4294; x_wconf 87' lang='lat' dir='ltr'><strong>ingenium</strong></span> <span class='ocrx_word' id='word_1_836' title='bbox 3086 4224 3223 4280; x_wconf 86' lang='lat' dir='ltr'><strong>redit</strong></span> <span class='ocrx_word' id='word_1_837' title='bbox 3244 4224 3477 4282; x_wconf 89' lang='lat' dir='ltr'><strong>Lactan-</strong></span> 
     </span>
    </p>
   </div>
   <div class='ocr_carea' id='block_1_101' title="bbox 1874 4293 3473 4367">
    <p class='ocr_par' dir='ltr' id='par_1_101' title="bbox 1874 4293 3473 4367">
     <span class='ocr_line' id='line_1_103' title="bbox 1874 4293 3473 4367; baseline 0.004 -19"><span class='ocrx_word' id='word_1_838' title='bbox 1874 4293 2015 4367; x_wconf 80' lang='lat' dir='ltr'><strong>tius;</strong></span> <span class='ocrx_word' id='word_1_839' title='bbox 2038 4302 2201 4367; x_wconf 80' lang='lat' dir='ltr'><strong>atque</strong></span> <span class='ocrx_word' id='word_1_840' title='bbox 2224 4293 2417 4367; x_wconf 87' lang='lat' dir='ltr'><strong>iterum</strong></span> <span class='ocrx_word' id='word_1_841' title='bbox 2441 4295 2676 4367; x_wconf 82' lang='lat' dir='ltr'><strong>somniat</strong></span> <span class='ocrx_word' id='word_1_842' title='bbox 2704 4293 2772 4350; x_wconf 86' lang='lat' dir='ltr'><strong>de</strong></span> <span class='ocrx_word' id='word_1_843' title='bbox 2800 4310 2969 4366; x_wconf 89' lang='lat' dir='ltr'><strong>regno</strong></span> <span class='ocrx_word' id='word_1_844' title='bbox 2990 4295 3143 4351; x_wconf 92' lang='lat' dir='ltr'><strong>mille</strong></span> <span class='ocrx_word' id='word_1_845' title='bbox 3180 4311 3473 4367; x_wconf 91' lang='lat' dir='ltr'><strong>annorum,</strong></span> 
     </span>
    </p>
   </div>
   <div class='ocr_carea' id='block_1_102' title="bbox 1873 4364 2576 4436">
    <p class='ocr_par' dir='ltr' id='par_1_102' title="bbox 1873 4364 2576 4436">
     <span class='ocr_line' id='line_1_104' title="bbox 1873 4364 2576 4436; baseline -0.001 -16"><span class='ocrx_word' id='word_1_846' title='bbox 1873 4365 2016 4436; x_wconf 89' lang='lat' dir='ltr'><strong>quod</strong></span> <span class='ocrx_word' id='word_1_847' title='bbox 2036 4364 2087 4418; x_wconf 90' lang='lat' dir='ltr'><strong>in</strong></span> <span class='ocrx_word' id='word_1_848' title='bbox 2120 4364 2301 4420; x_wconf 80' lang='lat' dir='ltr'><strong>tuente</strong></span> <span class='ocrx_word' id='word_1_849' title='bbox 2322 4365 2576 4419; x_wconf 81' lang='lat' dir='ltr'><strong>habebat.</strong></span> 
     </span>
    </p>
   </div>
   <div class='ocr_carea' id='block_1_103' title="bbox 1949 4456 3473 4533">
    <p class='ocr_par' dir='ltr' id='par_1_103' title="bbox 1949 4456 3473 4533">
     <span class='ocr_line' id='line_1_105' title="bbox 1949 4456 3473 4533; baseline 0.001 -20"><span class='ocrx_word' id='word_1_850' title='bbox 1949 4458 2162 4533; x_wconf 67' lang='lat' dir='ltr'><strong>Summo</strong></span> <span class='ocrx_word' id='word_1_851' title='bbox 2218 4456 2373 4512; x_wconf 89' lang='lat' dir='ltr'><strong>Patri</strong></span> <span class='ocrx_word' id='word_1_852' title='bbox 2408 4458 2613 4533; x_wconf 66' lang='lat' dir='ltr'><strong>similis.</strong></span> <span class='ocrx_word' id='word_1_853' title='bbox 2648 4458 2788 4533; x_wconf 75' lang='lat' dir='ltr'><strong>i_IIss.</strong></span> <span class='ocrx_word' id='word_1_854' title='bbox 2837 4458 3172 4533; x_wconf 77' lang='lat' dir='ltr'><strong>Lipsienses,</strong></span> <span class='ocrx_word' id='word_1_855' title='bbox 3222 4462 3247 4517; x_wconf 83' lang='grc'><strong>1</strong></span> <span class='ocrx_word' id='word_1_856' title='bbox 3289 4462 3473 4533; x_wconf 76' lang='lat' dir='ltr'><strong>Colh.,</strong></span> 
     </span>
    </p>
   </div>
   <div class='ocr_carea' id='block_1_104' title="bbox 2639 4528 3478 4590">
    <p class='ocr_par' dir='ltr' id='par_1_104' title="bbox 2639 4528 3478 4590">
     <span class='ocr_line' id='line_1_106' title="bbox 2639 4528 3478 4590; baseline 0.008 -7"><span class='ocrx_word' id='word_1_857' title='bbox 2639 4528 2809 4584; x_wconf 89' lang='lat' dir='ltr'><strong>Patri.</strong></span> <span class='ocrx_word' id='word_1_858' title='bbox 2845 4532 2942 4587; x_wconf 87' lang='lat' dir='ltr'><strong>Hic</strong></span> <span class='ocrx_word' id='word_1_859' title='bbox 2966 4544 3147 4588; x_wconf 90' lang='lat' dir='ltr'><strong>autem</strong></span> <span class='ocrx_word' id='word_1_860' title='bbox 3178 4528 3478 4590; x_wconf 77' lang='lat' dir='ltr'><strong>similitudo</strong></span> 
     </span>
    </p>
   </div>
   <div class='ocr_carea' id='block_1_105' title="bbox 1881 4601 3478 4675">
    <p class='ocr_par' dir='ltr' id='par_1_105' title="bbox 1881 4601 3478 4675">
     <span class='ocr_line' id='line_1_107' title="bbox 1881 4601 3478 4675; baseline 0.003 -19"><span class='ocrx_word' id='word_1_861' title='bbox 1881 4601 2222 4675; x_wconf 86' lang='lat' dir='ltr'><strong>intelligenda</strong></span> <span class='ocrx_word' id='word_1_862' title='bbox 2238 4610 2320 4675; x_wconf 83' lang='lat' dir='ltr'><strong>est</strong></span> <span class='ocrx_word' id='word_1_863' title='bbox 2338 4616 2443 4656; x_wconf 90' lang='lat' dir='ltr'><strong>non</strong></span> <span class='ocrx_word' id='word_1_864' title='bbox 2463 4602 2766 4675; x_wconf 78' lang='lat' dir='ltr'><strong>consistens</strong></span> <span class='ocrx_word' id='word_1_865' title='bbox 2779 4602 3170 4675; x_wconf 85' lang='lat' dir='ltr'><strong>accidentibus,</strong></span> <span class='ocrx_word' id='word_1_866' title='bbox 3191 4621 3310 4675; x_wconf 64' lang='lat' dir='ltr'><strong>quae</strong></span> <span class='ocrx_word' id='word_1_867' title='bbox 3334 4606 3478 4661; x_wconf 87' lang='lat' dir='ltr'><strong>nulla</strong></span> 
     </span>
    </p>
   </div>
   <div class='ocr_carea' id='block_1_106' title="bbox 1881 4672 3477 4737">
    <p class='ocr_par' dir='ltr' id='par_1_106' title="bbox 1881 4672 3477 4737">
     <span class='ocr_line' id='line_1_108' title="bbox 1881 4672 3477 4737; baseline 0.003 -9"><span class='ocrx_word' id='word_1_868' title='bbox 1881 4674 1934 4728; x_wconf 92' lang='lat' dir='ltr'><strong>in</strong></span> <span class='ocrx_word' id='word_1_869' title='bbox 1969 4674 2132 4727; x_wconf 86' lang='lat' dir='ltr'><strong>Deum</strong></span> <span class='ocrx_word' id='word_1_870' title='bbox 2160 4672 2381 4737; x_wconf 87' lang='lat' dir='ltr'><strong>cadunt,</strong></span> <span class='ocrx_word' id='word_1_871' title='bbox 2410 4672 2505 4728; x_wconf 88' lang='lat' dir='ltr'><strong>sed</strong></span> <span class='ocrx_word' id='word_1_872' title='bbox 2530 4674 2788 4729; x_wconf 89' lang='lat' dir='ltr'><strong>essentia.</strong></span> <span class='ocrx_word' id='word_1_873' title='bbox 2821 4674 3050 4729; x_wconf 75' lang='lat' dir='ltr'><strong>Videtur</strong></span> <span class='ocrx_word' id='word_1_874' title='bbox 3076 4672 3224 4731; x_wconf 81' lang='lat' dir='ltr'><strong>enini</strong></span> <span class='ocrx_word' id='word_1_875' title='bbox 3254 4678 3477 4733; x_wconf 89' lang='lat' dir='ltr'><strong>omnino</strong></span> 
     </span>
    </p>
   </div>
   <div class='ocr_carea' id='block_1_107' title="bbox 1881 4744 3475 4817">
    <p class='ocr_par' dir='ltr' id='par_1_107' title="bbox 1881 4744 3475 4817">
     <span class='ocr_line' id='line_1_109' title="bbox 1881 4744 3475 4817; baseline 0.002 -16"><span class='ocrx_word' id='word_1_876' title='bbox 1881 4746 1938 4802; x_wconf 85' lang='grc' dir='ltr'><strong>τὸ</strong></span> <span class='ocrx_word' id='word_1_877' title='bbox 1963 4746 2226 4817; x_wconf 56' lang='lat' dir='ltr'><strong>incohatos</strong></span> <span class='ocrx_word' id='word_1_878' title='bbox 2249 4744 2389 4799; x_wconf 81' lang='lat' dir='ltr'><strong>velle</strong></span> <span class='ocrx_word' id='word_1_879' title='bbox 2414 4744 2772 4812; x_wconf 89' lang='lat' dir='ltr'><strong>constituere,</strong></span> <span class='ocrx_word' id='word_1_880' title='bbox 2795 4745 2938 4817; x_wconf 89' lang='lat' dir='ltr'><strong>quod</strong></span> <span class='ocrx_word' id='word_1_881' title='bbox 2968 4756 3155 4816; x_wconf 88' lang='lat' dir='ltr'><strong>postea</strong></span> <span class='ocrx_word' id='word_1_882' title='bbox 3175 4748 3226 4801; x_wconf 93' lang='lat' dir='ltr'><strong>in</strong></span> <span class='ocrx_word' id='word_1_883' title='bbox 3259 4747 3475 4804; x_wconf 69' lang='lat' dir='ltr'><strong>Nicaeus</strong></span> 
     </span>
    </p>
   </div>
   <div class='ocr_carea' id='block_1_108' title="bbox 1882 4816 3480 4886">
    <p class='ocr_par' dir='ltr' id='par_1_108' title="bbox 1882 4816 3480 4886">
     <span class='ocr_line' id='line_1_110' title="bbox 1882 4816 3480 4886; baseline 0.003 -16"><span class='ocrx_word' id='word_1_884' title='bbox 1882 4816 2093 4886; x_wconf 76' lang='lat' dir='ltr'><strong>synbdo</strong></span> <span class='ocrx_word' id='word_1_885' title='bbox 2124 4817 2223 4871; x_wconf 83' lang='lat' dir='ltr'><strong>fuit</strong></span> <span class='ocrx_word' id='word_1_886' title='bbox 2247 4817 2598 4871; x_wconf 87' lang='lat' dir='ltr'><strong>constitutum</strong></span> <span class='ocrx_word' id='word_1_887' title='bbox 2630 4835 2643 4870; x_wconf 93' lang='lat'>:</span> <span class='ocrx_word' id='word_1_888' title='bbox 2669 4816 2866 4886; x_wconf 81' lang='lat' dir='ltr'><strong>nempe</strong></span> <span class='ocrx_word' id='word_1_889' title='bbox 2890 4826 3153 4873; x_wconf 88' lang='lat' dir='ltr'><strong>utcontra</strong></span> <span class='ocrx_word' id='word_1_890' title='bbox 3174 4818 3408 4874; x_wconf 83' lang='lat' dir='ltr'><strong>Arianos</strong></span> <span class='ocrx_word' id='word_1_891' title='bbox 3423 4829 3480 4875; x_wconf 89' lang='lat' dir='ltr'><strong>et</strong></span> 
     </span>
    </p>
   </div>
   <div class='ocr_carea' id='block_1_109' title="bbox 1883 4887 3476 4966">
    <p class='ocr_par' dir='ltr' id='par_1_109' title="bbox 1883 4887 3476 4966">
     <span class='ocr_line' id='line_1_111' title="bbox 1883 4887 3476 4966; baseline 0.003 -24"><span class='ocrx_word' id='word_1_892' title='bbox 1883 4887 2018 4943; x_wconf 88' lang='lat' dir='ltr'><strong>alias</strong></span> <span class='ocrx_word' id='word_1_893' title='bbox 2042 4887 2274 4966; x_wconf 68' lang='lat' dir='ltr'><strong>haereses</strong></span> <span class='ocrx_word' id='word_1_894' title='bbox 2295 4889 2686 4966; x_wconf 80' lang='lat' dir='ltr'><strong>conﬁterentur</strong></span> <span class='ocrx_word' id='word_1_895' title='bbox 2709 4930 2725 4955; x_wconf 93' lang='lat'><strong>,</strong></span> <span class='ocrx_word' id='word_1_896' title='bbox 2749 4887 2948 4966; x_wconf 47' lang='lat' dir='ltr'><strong>fines?»</strong></span> <span class='ocrx_word' id='word_1_897' title='bbox 2993 4891 3212 4966; x_wconf 80' lang='grc' dir='ltr'><strong>Χριστὸν</strong></span> <span class='ocrx_word' id='word_1_898' title='bbox 3252 4892 3358 4966; x_wconf 55' lang='grc' dir='ltr'><strong>υἱὸν</strong></span> <span class='ocrx_word' id='word_1_899' title='bbox 3387 4898 3476 4947; x_wconf 84' lang='grc' dir='ltr'>τοῦ</span> 
     </span>
    </p>
   </div>
   <div class='ocr_carea' id='block_1_110' title="bbox 1884 4960 3480 5035">
    <p class='ocr_par' dir='ltr' id='par_1_110' title="bbox 1884 4960 3480 5035">
     <span class='ocr_line' id='line_1_112' title="bbox 1884 4960 3480 5035; baseline 0.002 -19"><span class='ocrx_word' id='word_1_900' title='bbox 1884 4960 2358 5035; x_wconf 42' lang='grc' dir='ltr'><strong>Θεοῦιγεννηθέντα</strong></span> <span class='ocrx_word' id='word_1_901' title='bbox 2380 4960 2432 5014; x_wconf 82' lang='grc' dir='ltr'><strong>ἐκ</strong></span> <span class='ocrx_word' id='word_1_902' title='bbox 2458 4967 2564 5035; x_wconf 35' lang='grc' dir='ltr'><strong>-τοῦ</strong></span> <span class='ocrx_word' id='word_1_903' title='bbox 2599 4961 2797 5035; x_wconf 75' lang='grc' dir='ltr'><strong>Πατρός</strong></span> <span class='ocrx_word' id='word_1_904' title='bbox 2839 4960 3098 5034; x_wconf 60' lang='grc' dir='ltr'><strong>μονογεύἧ,</strong></span> <span class='ocrx_word' id='word_1_905' title='bbox 3133 4964 3398 5019; x_wconf 82' lang='grc' dir='ltr'><strong>τουτέστιν</strong></span> <span class='ocrx_word' id='word_1_906' title='bbox 3424 4966 3480 5019; x_wconf 78' lang='grc' dir='ltr'><strong>ἐκ</strong></span> 
     </span>
    </p>
   </div>
   <div class='ocr_carea' id='block_1_111' title="bbox 1884 5033 3477 5108">
    <p class='ocr_par' dir='ltr' id='par_1_111' title="bbox 1884 5033 3477 5108">
     <span class='ocr_line' id='line_1_113' title="bbox 1884 5033 3477 5108; baseline 0.003 -22"><span class='ocrx_word' id='word_1_907' title='bbox 1884 5040 1978 5108; x_wconf 59' lang='grc' dir='ltr'><strong>τῆς</strong></span> <span class='ocrx_word' id='word_1_908' title='bbox 2002 5033 2280 5108; x_wconf 52' lang='lat' dir='ltr'><strong>ouationem?</strong></span> <span class='ocrx_word' id='word_1_909' title='bbox 2310 5033 2526 5108; x_wconf 58' lang='grc' dir='ltr'><strong>Ιξατρὸς,</strong></span> <span class='ocrx_word' id='word_1_910' title='bbox 2555 5034 2677 5108; x_wconf 72' lang='grc' dir='ltr'><strong>Θεὸν</strong></span> <span class='ocrx_word' id='word_1_911' title='bbox 2709 5033 2772 5087; x_wconf 60' lang='grc' dir='ltr'><strong>ἒκ</strong></span> <span class='ocrx_word' id='word_1_912' title='bbox 2796 5033 3059 5108; x_wconf 37' lang='grc' dir='ltr'><strong>Θὲῃῦκκαὶ</strong></span> <span class='ocrx_word' id='word_1_913' title='bbox 3087 5040 3190 5106; x_wconf 78' lang='grc' dir='ltr'><strong>φῶς</strong></span> <span class='ocrx_word' id='word_1_914' title='bbox 3210 5034 3477 5108; x_wconf 47' lang='lat' dir='ltr'><strong>inquirite,</strong></span> 
     </span>
    </p>
   </div>
   <div class='ocr_carea' id='block_1_112' title="bbox 1884 5103 3479 5171">
    <p class='ocr_par' dir='ltr' id='par_1_112' title="bbox 1884 5103 3479 5171">
     <span class='ocr_line' id='line_1_114' title="bbox 1884 5103 3479 5171; baseline 0.002 -12"><span class='ocrx_word' id='word_1_915' title='bbox 1884 5104 1989 5159; x_wconf 79' lang='grc' dir='ltr'><strong>θεὸν</strong></span> <span class='ocrx_word' id='word_1_916' title='bbox 2012 5104 2228 5163; x_wconf 81' lang='grc' dir='ltr'><strong>ἀληθινὸν</strong></span> <span class='ocrx_word' id='word_1_917' title='bbox 2254 5105 2309 5158; x_wconf 71' lang='grc' dir='ltr'><strong><em>ἐκ</em></strong></span> <span class='ocrx_word' id='word_1_918' title='bbox 2330 5103 2439 5159; x_wconf 75' lang='grc' dir='ltr'><strong>θεοῦ</strong></span> <span class='ocrx_word' id='word_1_919' title='bbox 2466 5103 2712 5171; x_wconf 79' lang='grc' dir='ltr'><strong>ἀληθινοῦ,</strong></span> <span class='ocrx_word' id='word_1_920' title='bbox 2741 5114 2846 5159; x_wconf 92' lang='lat' dir='ltr'><strong>etc.</strong></span> <span class='ocrx_word' id='word_1_921' title='bbox 2876 5103 2997 5159; x_wconf 86' lang='lat' dir='ltr'><strong>Fuit</strong></span> <span class='ocrx_word' id='word_1_922' title='bbox 3025 5103 3205 5159; x_wconf 81' lang='lat' dir='ltr'><strong>autem</strong></span> <span class='ocrx_word' id='word_1_923' title='bbox 3232 5103 3479 5162; x_wconf 82' lang='lat' dir='ltr'><strong>Christus</strong></span> 
     </span>
    </p>
   </div>
   <div class='ocr_carea' id='block_1_113' title="bbox 1888 5174 3474 5245">
    <p class='ocr_par' dir='ltr' id='par_1_113' title="bbox 1888 5174 3474 5245">
     <span class='ocr_line' id='line_1_115' title="bbox 1888 5174 3474 5245; baseline 0.001 -16"><span class='ocrx_word' id='word_1_924' title='bbox 1888 5175 2092 5245; x_wconf 88' lang='lat' dir='ltr'><strong>homini</strong></span> <span class='ocrx_word' id='word_1_925' title='bbox 2121 5176 2280 5245; x_wconf 80' lang='lat' dir='ltr'><strong>etiam</strong></span> <span class='ocrx_word' id='word_1_926' title='bbox 2310 5174 2381 5229; x_wconf 90' lang='lat' dir='ltr'><strong>ita</strong></span> <span class='ocrx_word' id='word_1_927' title='bbox 2409 5175 2623 5242; x_wconf 88' lang='lat' dir='ltr'><strong>similis,</strong></span> <span class='ocrx_word' id='word_1_928' title='bbox 2647 5184 2705 5230; x_wconf 93' lang='lat' dir='ltr'><strong>ut</strong></span> <span class='ocrx_word' id='word_1_929' title='bbox 2722 5182 2974 5245; x_wconf 88' lang='lat' dir='ltr'><strong>peccator</strong></span> <span class='ocrx_word' id='word_1_930' title='bbox 2993 5174 3288 5233; x_wconf 88' lang='lat' dir='ltr'><strong>videretur.</strong></span> <span class='ocrx_word' id='word_1_931' title='bbox 3316 5177 3474 5233; x_wconf 69' lang='lat' dir='ltr'><strong>item.</strong></span> 
     </span>
    </p>
   </div>
   <div class='ocr_carea' id='block_1_114' title="bbox 1888 5244 3477 5321">
    <p class='ocr_par' dir='ltr' id='par_1_114' title="bbox 1888 5244 3477 5321">
     <span class='ocr_line' id='line_1_116' title="bbox 1888 5244 3477 5321; baseline 0.002 -21"><span class='ocrx_word' id='word_1_932' title='bbox 1888 5262 2010 5321; x_wconf 55' lang='lat' dir='ltr'><strong>vni:</strong></span> <span class='ocrx_word' id='word_1_933' title='bbox 2039 5244 2175 5321; x_wconf 82' lang='lat' dir='ltr'><strong>Deus</strong></span> <span class='ocrx_word' id='word_1_934' title='bbox 2205 5244 2400 5321; x_wconf 79' lang='lat' dir='ltr'><strong>Filium</strong></span> <span class='ocrx_word' id='word_1_935' title='bbox 2419 5246 2557 5300; x_wconf 87' lang='lat' dir='ltr'><strong>misit</strong></span> <span class='ocrx_word' id='word_1_936' title='bbox 2583 5247 2637 5300; x_wconf 88' lang='lat' dir='ltr'><strong>in</strong></span> <span class='ocrx_word' id='word_1_937' title='bbox 2664 5244 3053 5321; x_wconf 61' lang='lat' dir='ltr'><strong>similitudinem</strong></span> <span class='ocrx_word' id='word_1_938' title='bbox 3068 5246 3240 5321; x_wconf 80' lang='lat' dir='ltr'><strong>carnis</strong></span> <span class='ocrx_word' id='word_1_939' title='bbox 3260 5250 3477 5321; x_wconf 84' lang='lat' dir='ltr'><strong>peccati.</strong></span> 
     </span>
    </p>
   </div>
   <div class='ocr_carea' id='block_1_115' title="bbox 1887 5317 3479 5386">
    <p class='ocr_par' dir='ltr' id='par_1_115' title="bbox 1887 5317 3479 5386">
     <span class='ocr_line' id='line_1_117' title="bbox 1887 5317 3479 5386; baseline 0.003 -13"><span class='ocrx_word' id='word_1_940' title='bbox 1887 5317 2026 5374; x_wconf 84' lang='lat' dir='ltr'><strong>Hinc</strong></span> <span class='ocrx_word' id='word_1_941' title='bbox 2054 5319 2216 5373; x_wconf 89' lang='lat' dir='ltr'><strong>etiam</strong></span> <span class='ocrx_word' id='word_1_942' title='bbox 2249 5318 2425 5386; x_wconf 91' lang='lat' dir='ltr'><strong>capite</strong></span> <span class='ocrx_word' id='word_1_943' title='bbox 2453 5318 2700 5385; x_wconf 82' lang='lat' dir='ltr'><strong>sequenti</strong></span> <span class='ocrx_word' id='word_1_944' title='bbox 2722 5333 2789 5373; x_wconf 86' lang='lat' dir='ltr'><strong>ex</strong></span> <span class='ocrx_word' id='word_1_945' title='bbox 2819 5317 3093 5375; x_wconf 64' lang='lat' dir='ltr'><strong>Zachariae</strong></span> <span class='ocrx_word' id='word_1_946' title='bbox 3122 5317 3331 5378; x_wconf 85' lang='lat' dir='ltr'><strong>visione</strong></span> <span class='ocrx_word' id='word_1_947' title='bbox 3354 5336 3479 5378; x_wconf 84' lang='lat' dir='ltr'><strong>sor-</strong></span> 
     </span>
    </p>
   </div>
   <div class='ocr_carea' id='block_1_116' title="bbox 1888 5389 3261 5460">
    <p class='ocr_par' dir='ltr' id='par_1_116' title="bbox 1888 5389 3261 5460">
     <span class='ocr_line' id='line_1_118' title="bbox 1888 5389 3261 5460; baseline 0.001 -15"><span class='ocrx_word' id='word_1_948' title='bbox 1888 5390 2028 5446; x_wconf 91' lang='lat' dir='ltr'><strong>didis</strong></span> <span class='ocrx_word' id='word_1_949' title='bbox 2054 5389 2388 5445; x_wconf 87' lang='lat' dir='ltr'><strong>vestimentis</strong></span> <span class='ocrx_word' id='word_1_950' title='bbox 2405 5389 2631 5444; x_wconf 88' lang='lat' dir='ltr'><strong>amictus</strong></span> <span class='ocrx_word' id='word_1_951' title='bbox 2658 5397 2901 5460; x_wconf 87' lang='lat' dir='ltr'><strong>apparet.</strong></span> <span class='ocrx_word' id='word_1_952' title='bbox 2931 5390 3261 5447; x_wconf 76' lang='lat' dir='ltr'><strong>BETULEIUS.</strong></span> 
     </span>
    </p>
   </div>
   <div class='ocr_carea' id='block_1_117' title="bbox 1961 5480 3482 5559">
    <p class='ocr_par' dir='ltr' id='par_1_117' title="bbox 1961 5480 3482 5559">
     <span class='ocr_line' id='line_1_119' title="bbox 1961 5480 3482 5559; baseline 0.001 -20"><span class='ocrx_word' id='word_1_953' title='bbox 1961 5481 2195 5558; x_wconf 81' lang='grc' dir='ltr'><strong>Ἀπάτωρ</strong></span> <span class='ocrx_word' id='word_1_954' title='bbox 2211 5491 2363 5559; x_wconf 70' lang='lat' dir='ltr'><strong>atque</strong></span> <span class='ocrx_word' id='word_1_955' title='bbox 2376 5483 2611 5559; x_wconf 65' lang='grc' dir='ltr'><strong>ἀμῄτωρ.</strong></span> <span class='ocrx_word' id='word_1_956' title='bbox 2629 5480 2742 5559; x_wconf 77' lang='lat' dir='ltr'><strong>I-Ioc</strong></span> <span class='ocrx_word' id='word_1_957' title='bbox 2768 5480 2909 5536; x_wconf 90' lang='lat' dir='ltr'><strong>idem</strong></span> <span class='ocrx_word' id='word_1_958' title='bbox 2928 5480 3162 5559; x_wconf 80' lang='lat' dir='ltr'><strong>Cy_r_illus</strong></span> <span class='ocrx_word' id='word_1_959' title='bbox 3186 5494 3373 5539; x_wconf 88' lang='lat' dir='ltr'><strong>contra</strong></span> <span class='ocrx_word' id='word_1_960' title='bbox 3387 5484 3482 5541; x_wconf 85' lang='lat' dir='ltr'><strong>Ju-</strong></span> 
     </span>
    </p>
   </div>
   <div class='ocr_carea' id='block_1_118' title="bbox 1888 5552 3481 5627">
    <p class='ocr_par' dir='ltr' id='par_1_118' title="bbox 1888 5552 3481 5627">
     <span class='ocr_line' id='line_1_120' title="bbox 1888 5552 3481 5627; baseline 0.003 -19"><span class='ocrx_word' id='word_1_961' title='bbox 1888 5554 2090 5609; x_wconf 88' lang='lat' dir='ltr'><strong>lianum</strong></span> <span class='ocrx_word' id='word_1_962' title='bbox 2106 5552 2309 5607; x_wconf 79' lang='lat' dir='ltr'><strong>monet.</strong></span> <span class='ocrx_word' id='word_1_963' title='bbox 2332 5552 2482 5627; x_wconf 79' lang='lat' dir='ltr'><strong>Pauli</strong></span> <span class='ocrx_word' id='word_1_964' title='bbox 2508 5552 2759 5627; x_wconf 82' lang='lat' dir='ltr'><strong>epistola,</strong></span> <span class='ocrx_word' id='word_1_965' title='bbox 2783 5570 2903 5622; x_wconf 61' lang='lat' dir='ltr'><strong>quae</strong></span> <span class='ocrx_word' id='word_1_966' title='bbox 2918 5552 2987 5609; x_wconf 88' lang='lat' dir='ltr'><strong>ad</strong></span> <span class='ocrx_word' id='word_1_967' title='bbox 3003 5554 3261 5612; x_wconf 68' lang='lat' dir='ltr'><strong>Hebraeos</strong></span> <span class='ocrx_word' id='word_1_968' title='bbox 3280 5558 3481 5627; x_wconf 86' lang='lat' dir='ltr'><strong>scripta</strong></span> 
     </span>
    </p>
   </div>
   <div class='ocr_carea' id='block_1_119' title="bbox 1888 5622 3484 5697">
    <p class='ocr_par' dir='ltr' id='par_1_119' title="bbox 1888 5622 3484 5697">
     <span class='ocr_line' id='line_1_121' title="bbox 1888 5622 3484 5697; baseline 0.002 -17"><span class='ocrx_word' id='word_1_969' title='bbox 1888 5632 1992 5689; x_wconf 89' lang='lat' dir='ltr'><strong>est,</strong></span> <span class='ocrx_word' id='word_1_970' title='bbox 2008 5639 2130 5697; x_wconf 89' lang='lat' dir='ltr'><strong>cap.</strong></span> <span class='ocrx_word' id='word_1_971' title='bbox 2147 5639 2245 5697; x_wconf 76' lang='lat' dir='ltr'><strong>vn,</strong></span> <span class='ocrx_word' id='word_1_972' title='bbox 2271 5622 2498 5697; x_wconf 85' lang='lat' dir='ltr'><strong>multum</strong></span> <span class='ocrx_word' id='word_1_973' title='bbox 2522 5624 2658 5697; x_wconf 75' lang='lat' dir='ltr'><strong>lucis</strong></span> <span class='ocrx_word' id='word_1_974' title='bbox 2675 5624 2801 5679; x_wconf 90' lang='lat' dir='ltr'><strong>hinc</strong></span> <span class='ocrx_word' id='word_1_975' title='bbox 2823 5627 3074 5697; x_wconf 82' lang='lat' dir='ltr'><strong>acquirit;</strong></span> <span class='ocrx_word' id='word_1_976' title='bbox 3102 5644 3278 5696; x_wconf 90' lang='lat' dir='ltr'><strong>neque</strong></span> <span class='ocrx_word' id='word_1_977' title='bbox 3295 5628 3380 5682; x_wconf 87' lang='lat' dir='ltr'><strong>hic</strong></span> <span class='ocrx_word' id='word_1_978' title='bbox 3394 5622 3484 5683; x_wconf 57' lang='lat' dir='ltr'><strong>&#39;lo-</strong></span> 
     </span>
    </p>
   </div>
   <div class='ocr_carea' id='block_1_120' title="bbox 1890 5695 3484 5768">
    <p class='ocr_par' dir='ltr' id='par_1_120' title="bbox 1890 5695 3484 5768">
     <span class='ocr_line' id='line_1_122' title="bbox 1890 5695 3484 5768; baseline 0.001 -16"><span class='ocrx_word' id='word_1_979' title='bbox 1890 5710 1987 5752; x_wconf 91' lang='lat' dir='ltr'><strong>cus</strong></span> <span class='ocrx_word' id='word_1_980' title='bbox 2013 5696 2132 5751; x_wconf 88' lang='lat' dir='ltr'><strong>sine</strong></span> <span class='ocrx_word' id='word_1_981' title='bbox 2148 5695 2239 5749; x_wconf 93' lang='lat' dir='ltr'><strong>illo</strong></span> <span class='ocrx_word' id='word_1_982' title='bbox 2262 5702 2408 5768; x_wconf 69' lang='lat' dir='ltr'><strong>recte</strong></span> <span class='ocrx_word' id='word_1_983' title='bbox 2430 5695 2784 5768; x_wconf 75' lang='lat' dir='ltr'><strong>intelligetur.</strong></span> <span class='ocrx_word' id='word_1_984' title='bbox 2805 5695 2973 5754; x_wconf 78' lang='lat' dir='ltr'><strong>Docet</strong></span> <span class='ocrx_word' id='word_1_985' title='bbox 2988 5699 3131 5754; x_wconf 89' lang='lat' dir='ltr'><strong>enim</strong></span> <span class='ocrx_word' id='word_1_986' title='bbox 3154 5695 3225 5754; x_wconf 87' lang='lat' dir='ltr'><strong>ibi</strong></span> <span class='ocrx_word' id='word_1_987' title='bbox 3248 5701 3484 5768; x_wconf 84' lang='lat' dir='ltr'><strong>Aposto-</strong></span> 
     </span>
    </p>
   </div>
   <div class='ocr_carea' id='block_1_121' title="bbox 1890 5765 3486 5840">
    <p class='ocr_par' dir='ltr' id='par_1_121' title="bbox 1890 5765 3486 5840">
     <span class='ocr_line' id='line_1_123' title="bbox 1890 5765 3486 5840; baseline 0.001 -17"><span class='ocrx_word' id='word_1_988' title='bbox 1890 5769 1974 5824; x_wconf 89' lang='lat' dir='ltr'><strong>lus</strong></span> <span class='ocrx_word' id='word_1_989' title='bbox 1997 5810 2012 5832; x_wconf 92' lang='lat'><strong>,</strong></span> <span class='ocrx_word' id='word_1_990' title='bbox 2039 5782 2223 5840; x_wconf 80' lang='lat' dir='ltr'><strong>regem</strong></span> <span class='ocrx_word' id='word_1_991' title='bbox 2256 5765 2884 5840; x_wconf 70' lang='lat' dir='ltr'><strong>salemMelchjscdech,</strong></span> <span class='ocrx_word' id='word_1_992' title='bbox 2921 5770 3013 5840; x_wconf 91' lang='lat' dir='ltr'><strong>qui</strong></span> <span class='ocrx_word' id='word_1_993' title='bbox 3044 5770 3187 5827; x_wconf 90' lang='lat' dir='ltr'><strong>idem</strong></span> <span class='ocrx_word' id='word_1_994' title='bbox 3230 5765 3486 5825; x_wconf 81' lang='lat' dir='ltr'><strong>altissimi</strong></span> 
     </span>
    </p>
   </div>
   <div class='ocr_carea' id='block_1_122' title="bbox 1892 5837 3485 5919">
    <p class='ocr_par' dir='ltr' id='par_1_122' title="bbox 1892 5837 3485 5919">
     <span class='ocr_line' id='line_1_124' title="bbox 1892 5837 3485 5919; baseline 0.003 -21"><span class='ocrx_word' id='word_1_995' title='bbox 1892 5840 1989 5898; x_wconf 90' lang='lat' dir='ltr'><strong>Dei</strong></span> <span class='ocrx_word' id='word_1_996' title='bbox 2007 5837 2257 5897; x_wconf 86' lang='lat' dir='ltr'><strong>Pontifex</strong></span> <span class='ocrx_word' id='word_1_997' title='bbox 2286 5837 2408 5910; x_wconf 77' lang='lat' dir='ltr'><strong>fuit,</strong></span> <span class='ocrx_word' id='word_1_998' title='bbox 2442 5839 2496 5896; x_wconf 92' lang='lat' dir='ltr'><strong>in</strong></span> <span class='ocrx_word' id='word_1_999' title='bbox 2524 5854 2591 5897; x_wconf 90' lang='lat' dir='ltr'><strong>eo</strong></span> <span class='ocrx_word' id='word_1_1000' title='bbox 2614 5838 2815 5898; x_wconf 85' lang='lat' dir='ltr'><strong>Christi</strong></span> <span class='ocrx_word' id='word_1_1001' title='bbox 2848 5837 3030 5917; x_wconf 83' lang='lat' dir='ltr'><strong>typum</strong></span> <span class='ocrx_word' id='word_1_1002' title='bbox 3053 5844 3307 5918; x_wconf 80' lang='lat' dir='ltr'><strong>gessisse,</strong></span> <span class='ocrx_word' id='word_1_1003' title='bbox 3339 5841 3485 5919; x_wconf 87' lang='lat' dir='ltr'><strong>quod</strong></span> 
     </span>
    </p>
   </div>
  </div>
