4038 6358
510 290 621 348 4Ἱό

1578 288 1763 348 “RM.
1808 286 2173 350 LACTANTII
2211 292 2413 353 DWIN.
2456 294 2705 356 INSTIT.

3721 306 3822 366 476

514 404 616 464 llic
657 417 837 461 rerum
884 410 1064 461 textus
1082 444 1097 471 ,
1150 402 1237 459 hic
1256 402 1394 461 ordo
1440 402 1494 461 in
1546 406 1757 463 arcanis
1806 414 2114 463 sanctarum
2140 409 2195 470 Λ
2216 426 2251 464 a
2278 411 2361 465 vis
2386 427 2479 467 sua
2504 414 2666 481 mala,
2690 419 2740 469 et
2759 428 2792 469 a
2816 412 3139 486 aequissimis
3164 388 3522 486 a/feclionibus
3550 423 3755 491 vestris,
3778 436 3822 482 et

512 498 841 558 Litterarum
884 499 1209 557 continetur.
1235 496 1342 557 Sed
1371 499 1521 570 prius
1573 499 1879 567 ostendam,
1920 514 2025 572 qua
2051 501 2120 558 de
2222 504 2515 561 habitabilis
2543 508 2597 562 in
2643 517 2775 563 terra
2802 508 2920 576 ista,
2949 526 3102 581 quam
3152 511 3273 567 dedi
3313 510 3454 569 vobis
3502 522 3549 570 et
3594 518 3824 588 patribus

511 606 672 650 causa
704 592 759 650 in
790 602 990 650 terram
1034 592 1245 650 venerit
1290 591 1575 660 Christus,
1624 602 1684 651 ut
1710 593 2117 652 fundamentum

511 686 708 747 divinae
728 687 1023 760 Religionis
1050 696 1106 745 et
1124 687 1262 744 ratio
1281 687 1568 745 clarescat.

1132 829 1364 892 CAPUT
1402 828 1496 891 XI.

836 945 914 1003 De
952 962 1114 1005 causa
1153 945 1538 1004 Incarnationis
1579 944 1792 1003 Christi.

575 1068 713 1127 Cum
759 1082 909 1141 saepe
938 1068 1114 1125 Judaei
1154 1070 1442 1142 prmeptis
1480 1069 1810 1126 salutaribus
1846 1082 2111 1142 repugna-

506 1175 647 1235 rent,
682 1174 845 1236 atque
897 1181 926 1221 a
979 1165 1161 1220 divina
1224 1166 1341 1240 lege
1387 1165 1776 1233 desciscerent,
1799 1165 2114 1222 aberrantes

504 1262 576 1319 ad
604 1262 803 1335 impios
831 1261 1008 1318 cultus
1038 1260 1287 1329 deorum,
1314 1271 1423 1316 tum
1457 1261 1599 1317 Deus
1623 1260 1800 1332 justos
1830 1270 1885 1317 et
1911 1260 2114 1316 electos

505 1357 656 1413 viros
701 1356 908 1426 Spiritu
952 1363 1144 1410 sancto
1186 1354 1474 1425 implebat,
1506 1353 1796 1425 prephetas
1838 1353 1892 1411 in
1934 1353 2111 1413 media

506 1449 667 1522 plebe
711 1449 1068 1515 constituens,
1110 1464 1208 1520 per
1237 1463 1374 1519 quos
1420 1456 1640 1520 peccata
1675 1446 1884 1518 ingrati
1930 1448 2112 1518 populi

505 1542 685 1599 verbis
715 1540 1017 1596 minacibus
1048 1541 1373 1615 increparet,
1402 1551 1457 1597 et
1484 1539 1839 1598 nihilominus
1862 1540 2107 1597 hortare-

507 1645 593 1696 tur
612 1634 678 1696 ad
705 1635 1079 1709 paenitentiam
1104 1635 1326 1693 sceleris
1351 1634 1637 1708 agendam,
1660 1651 1822 1706 quam
1845 1636 1947 1692 nisi
1971 1635 2111 1710 egis-

501 1739 644 1797 sent,
672 1739 835 1802 atque
878 1730 1106 1801 abjectis
1147 1730 1475 1788 vanitatibus
1520 1730 1587 1785 ad
1618 1730 1785 1785 Deum
1828 1744 1985 1785 suum
2017 1744 2106 1786 re-

2217 599 2397 653 restris
2437 615 2469 653 a
2510 601 2700 656 siccato
2740 616 2901 673 usque
2941 603 2997 657 in
3040 603 3309 660 secutum.
3344 602 3529 663 Nolite
3556 609 3822 667 ambulare

2217 700 2334 763 post
2375 690 2496 749 deos
2522 695 2715 751 alienos
2738 704 2795 752 ut
2822 698 3053 755 serviatis
3090 700 3194 767 eis,
3226 709 3275 755 et
3305 717 3369 756 ne
3409 703 3634 759 incitetis
3665 721 3745 760 me
3772 706 3825 763 in

2215 788 2458 859 operibus
2500 804 2747 846 manuum
2776 800 3084 860 vestrarum,
3116 794 3186 849 ad
3232 794 3607 867 disperdendos
3649 815 3760 856 vos.
3801 819 3819 853 s

2218 878 2420 939 Esdras
2449 883 2609 939 etiam
2643 884 2902 956 prepheta
2924 929 2940 956 ,
2969 886 3060 959 qui
3093 886 3193 943 fuit
3219 887 3465 959 ejusdem
3507 890 3635 965 Cyri
3686 900 3824 950 tem-

2214 974 2457 1046 poribus,
2480 992 2512 1032 a
2541 991 2649 1049 quo
2677 977 2847 1034 Judaei
2870 987 2992 1035 sunt
3030 979 3290 1050 restituti,
3322 983 3401 1039 sic
3421 982 3695 1055 loquitur:
3726 985 3829 1042 De-

2215 1067 2466 1123 sciuerunt
2505 1085 2538 1124 a
2582 1077 2650 1137 te,
2696 1079 2744 1127 et
2788 1071 3084 1139 abiecerunt
3114 1073 3279 1146 legem
3312 1083 3452 1130 tuam
3482 1086 3598 1149 post
3636 1094 3826 1152 corpus

2213 1172 2386 1228 suum,
2415 1170 2463 1216 et
2492 1163 2769 1234 praphetas
2801 1175 2913 1220 tuos
2950 1166 3340 1240 interfecerunt,
3369 1170 3458 1240 qui
3496 1172 3823 1229 obtestaban-

2216 1260 2299 1307 tur
2328 1270 2412 1308 eos
2439 1263 2496 1309 ut
2521 1266 2891 1312 reverterentur
2916 1259 2985 1312 ad
3015 1268 3080 1315 te.

2286 1349 2418 1407 item
2473 1349 2654 1406 Helias
2698 1353 2749 1406 in
2796 1353 2935 1408 libro
2976 1355 3227 1410 Βασιλεῶν
3267 1357 3449 1413 tertio‘
3476 1358 3615 1431 (cap.
3665 1360 3826 1435 xu):

2214 1441 2541 1499 ﬂmulando
2589 1447 2862 1502 tumulatus
2906 1465 3019 1503 sum
3077 1449 3295 1505 Domino
3330 1450 3438 1506 Deo
3462 1454 3825 1526 omnipotenti,

2212 1539 2331 1611 quia
2359 1539 2736 1612 dereliquerunt
2764 1552 2812 1596 te
2840 1540 2940 1613 ﬁlii
2969 1541 3160 1613 Israel,
3194 1554 3240 1601 et
3269 1545 3462 1602 altaria
3505 1557 3595 1604 tua
3637 1550 3823 1608 demo-

2213 1629 2485 1705 licrunt,§et
2503 1634 2780 1707 prapltetas
2796 1643 2909 1692 tuos
2928 1636 3292 1710 interfecerunt
3311 1638 3509 1711 gladio,
3526 1652 3575 1697 et
3597 1647 3829 1704 remansi

2210 1741 2303 1795 ego
2325 1723 2610 1791 solitarius,
2633 1735 2682 1782 et
2706 1738 2945 1799 quierunt
2971 1730 3199 1785 animum
3230 1747 3397 1786 meam
3422 1736 3630 1804 auferre
3655 1752 3691 1789 a
3717 1752 3822 1792 me.

502 1823 754 1893 diissent,
787 1824 925 1894 fore,
954 1834 1015 1882 ut
1042 1833 1425 1884 testamentum
1449 1839 1607 1880 suum
1636 1833 1888 1894 mutaret,
1919 1825 1971 1880 id
2001 1833 2105 1894 est,
2140 1846 2188 1907 Β
2215 1818 2443 1892 Propter
2468 1819 2564 1876 bas
2587 1820 2804 1877 illorum
2834 1823 3144 1893 impietates
3178 1823 3450 1880 abdicavit
3479 1839 3574 1881 eos
3602 1827 3654 1881 in
3698 1843 3826 1899 per-

502 1916 877 1979 haaretlilatem
905 1917 1029 1975 vita:
1066 1917 1387 1976 immortalis
1426 1916 1494 1973 ad
1525 1925 1738 1974 exteras
1768 1927 2111 1975 converteret

502 2010 776 2078 nationes,
806 2008 1086 2080 aliumque
1112 2009 1215 2067 sibi
1251 2009 1506 2081 populum
1540 2008 1837 2066 ﬁdeliorem
1875 2025 1939 2066 ex
1974 2009 2107 2066 alie-

500 2102 715 2175 nigenis
741 2110 1115 2176 congregaret.
1148 2102 1230 2158 Illi
1256 2112 1436 2159 autem
1461 2116 1491 2158 a
1518 2101 1797 2175 prophetis
1822 2104 2106 2174 increpati.

501 2210 611 2255 non
655 2195 818 2253 modo
863 2194 1026 2252 verba
1069 2209 1256 2253 eorum
1303 2203 1663 2268 respuerant,
1695 2195 1789 2252 sed
1834 2193 1975 2269 quod
2006 2193 2108 2252 sibi

499 2296 722 2361 peccata
753 2288 1215 2359 exprobrarentur
1239 2286 1467 2356 offensi,
1501 2302 1596 2346 eos
1639 2288 1784 2358 ipsos
1820 2286 2108 2359 exquisitis

500 2380 832 2438 cruciatibus
873 2392 1205 2438 necaverunt
1234 2396 1252 2436 :
1281 2396 1402 2455 quae
1443 2381 1622 2436 omnia
1667 2379 1864 2439 divinae
1910 2381 2109 2437 littera:

499 2473 711 2549 signata
738 2481 1085 2531 conservant.
1122 2474 1261 2530 Dicit
1304 2474 1449 2530 enim
1493 2473 1759 2547 propheta
1801 2472 2103 2530 Jcremias:

502 2569 633 2629 Misi
657 2570 727 2626 ad
750 2587 840 2629 vos
863 2587 1036 2627 servos
1065 2586 1207 2627 meos
1228 2570 1511 2644 prophetas
1532 2586 1553 2625 :
1576 2578 1699 2627 ante
1737 2569 1901 2625 lucem
1930 2571 2105 2627 mitte-

501 2665 640 2735 bam,
666 2674 718 2721 et
745 2682 848 2722 non
873 2665 1161 2721 audiebatis
1187 2682 1288 2732 me,
1319 2681 1483 2736 neque
1513 2665 1855 2721 intendebatis
1892 2665 2110 2720 auribus

501 2762 704 2829 vestris,
737 2776 855 2817 cum
885 2761 1103 2819 dicerem
1130 2758 1271 2816 vobis
1293 2776 1313 2816 :
1348 2779 1368 2814 (
1405 2758 1742 2817 Convertatur
1766 2760 2112 2835 unusquisque

2217 1923 2435 1984 petuum
2467 1932 2479 1965 :
2513 1914 2692 1986 itaque
2713 1913 2872 1971 desiit
2904 1916 3196 1989 prophetas
3227 1919 3446 1976 mittere
3471 1918 3538 1975 ad
3561 1935 3677 1977 eos.
3715 1921 3828 1979 Sed

2215 2006 2368 2064 illum
2394 2006 2562 2063 lilium
2588 2024 2746 2065 suum
2779 2009 3221 2082 primogenitum,
3254 2012 3406 2068 illum
3445 2012 3697 2082 opiﬁcem
3727 2031 3822 2073 re-

2214 2117 2356 2170 rum,
2394 2110 2450 2157 et
2488 2101 2891 2159 consiliatorem
2924 2117 3083 2159 suum
3109 2103 3286 2160 delabi
3311 2104 3477 2175 jussit
3505 2119 3536 2160 e
3562 2107 3726 2175 οωιο,
3768 2116 3827 2164 ut

2214 2193 2528 2266 religionem
2558 2203 2798 2252 sanctam
2830 2194 2922 2252 Dei
2953 2195 3266 2255 transferret
3293 2197 3359 2255 ad
3387 2206 3596 2270 gentes,
3626 2198 3681 2257 id
3709 2208 3821 2270 est,

2212 2286 2282 2345 ad
2310 2302 2427 2356 eos,
2459 2288 2552 2359 qui
2578 2286 2742 2344 Deum
2774 2287 3134 2360 ignorabant;
3167 2286 3494 2361 decoretque
3519 2290 3814 2361 justitiam,

2212 2395 2374 2454 quam
2402 2379 2641 2449 perﬁdus
2684 2381 2912 2452 populus
2954 2381 3259 2452 abiecerat;
3301 2382 3447 2454 quod
3487 2383 3823 2457 jampridem

2215 2475 2624 2533 denuntiaverat
2652 2490 2711 2533 se
2739 2490 2860 2531 esse
2890 2474 3178 2543 facturum,
3209 2476 3351 2532 sicut
3379 2476 3666 2535 Malacltias
3689 2492 3823 2551 pro-

2214 2570 2377 2643 pheta
2417 2570 2638 2640 iudicat,
2677 2568 2862 2629 dicens
2890 2588 2905 2628 :
2938 2569 3062 2628 Non
3104 2580 3179 2628 est
3224 2572 3351 2628 mihi
3398 2572 3635 2630 uoluntas
3679 2575 3825 2630 circa

2211 2681 2322 2729 eos,
2351 2664 2475 2718 dicit
2497 2663 2771 2732 Dominus,
2796 2671 2842 2719 et
2862 2664 3179 2735 sacriﬁcium
3203 2673 3471 2735 acceptum
3495 2681 3598 2720 non
3625 2665 3823 2723 habebo

2217 2773 2279 2813 ex
2308 2756 2542 2813 manibus
2571 2757 2750 2813 vestris
2766 2774 2787 2824 ;
2811 2757 3055 2829 quoniam
3083 2773 3115 2812 a
3142 2756 3267 2814 solis
3298 2765 3414 2813 ortu
3443 2773 3605 2833 usque
3633 2758 3704 2815 ad
3736 2775 3825 2816 occ

1868 2872 2233 2932 VABIORUH
2270 2873 2502 2931 NOTAE.

499 3018 596 3076 lib.
622 3017 820 3074 variar.
851 3024 1047 3090 quiest.
1077 3016 1224 3090 Idem
1260 3017 1396 3090 ets.
1425 3017 1754 3090 Augustinus
1781 3017 1959 3090 Serm.
1987 3017 2079 3084 22,
2115 3017 2161 3082 C
2269 3015 2597 3073 dimittenda
2620 3017 2891 3073 aemulatus
2914 3034 3048 3090 sum.
3082 3017 3154 3074 ita
3190 3024 3300 3074 vet.
3331 3017 3464 3075 edit.
3500 3018 3659 3076 Rom.
3690 3035 3822 3080 cum

500 3090 571 3147 de
590 3089 919 3160 Temp.,qni
946 3099 1029 3144 est
1057 3089 1127 3145 de
1168 3089 1388 3146 Nativit.
1418 3090 1624 3145 Domini
1657 3090 1760 3157 18;
1792 3089 1933 3144 Beda
1956 3129 1971 3153 ,
2022 3089 2091 3144 de

501 3163 731 3218 Ratione
762 3172 925 3233 temp.
959 3176 1080 3232 cap.
1110 3160 1199 3228 65,
1234 3163 1285 3216 in
1314 3162 1616 3228 Chronico;
1647 3162 1764 3217 Ado
1797 3161 1999 3233 Vieun.
2038 3162 2091 3216 in

502 3235 747 3291 Breviar.
800 3230 1118 3288 Chronic—ur.
1151 3242 1309 3287 aetate
1339 3234 1505 3302 prima
1540 3234 1589 3287 in
1621 3232 1921 3303 principio;
1975 3230 2089 3287 An-

502 3306 703 3361 selmus
725 3320 783 3370 Il,
813 3304 882 3360 de
910 3303 1076 3370 Imag.
1104 3303 1309 3370 mundi,
1344 3320 1463 3374 cap.
1491 3306 1579 3368 l7;
1607 3304 1819 3359 Nicetes
1840 3318 1902 3358 ac
1919 3302 2093 3359 (ἓνωοί

501 3377 617 3432 fere
646 3392 857 3435 omnes.
884 3386 938 3429 ct
967 3376 1077 3430 alii.
1113 3375 1195 3430 Ea:
1230 3375 1574 3432 FRANCOLINO
1613 3387 1659 3430 et
1687 3374 1934 3432 Isaeo.—
1961 3375 2093 3431 Vide

501 3459 741 3504 nostram
811 3448 1036 3503 Dissert.
1105 3447 1171 3502 ad
1228 3447 1323 3503 lib.
1378 3449 1447 3504 de
1498 3448 1757 3502 Mortibus
1834 3447 2094 3502 Persecu-

500 3528 714 3591 torum,
764 3518 1262 3591 atqueiEpistolam
1307 3519 1657 3591 eruditissimi
1710 3528 1766 3591 et
1810 3518 2095 3591 clarissimi

498 3593 599 3648 viri
626 3589 887 3661 Stephani
931 3589 1135 3645 Baluzii
1176 3589 1242 3645 ad
1287 3590 1574 3646 Henricum
1616 3590 1685 3646 de
1714 3589 1873 3645 Naris
1907 3589 1974 3643 ad
1998 3590 2091 3646 lib.

498 3663 570 3720 de
596 3662 857 3719 Mortibus
901 3662 1316 3718 Persecutorum
1354 3662 1554 3717 editam
1585 3661 1720 3717 intra
1754 3672 1902 3718 tomo
1928 3677 1965 3717 tt
1996 3661 2099 3716 ltu-

495 3736 653 3807 jusce
676 3735 1046 3807 Lactantianze
1068 3733 1337 3807 editionis.

573 3805 765 3861 Rerum
791 3816 973 3860 textus.
1004 3803 1070 3860 Ut
1094 3805 1180 3859 hic
1208 3814 1374 3860 textus
1411 3814 1460 3859 et
1511 3806 1675 3867 ordo;
1728 3804 1806 3860 sic
1851 3813 2018 3860 textus
2045 3815 2095 3861 et

498 3879 654 3935 series
677 3878 979 3947 junguntur
1018 3877 1088 3931 ab
1132 3875 1407 3947 Arnobio,
1458 3876 1495 3930 l.
1533 3892 1587 3931 ν.
1632 3874 1904 3931 Ammian.
1954 3877 2095 3931 illar-

499 3946 744 4005 ceiiin.’l.
776 3963 873 4013 xx,
898 3961 1019 4014 cap.
1050 3947 1085 4003 8
1114 3965 1127 4001 :
1162 3946 1428 4002 Gestorum
1460 3947 1541 4002 hic
1566 3958 1730 4001 textus
1748 3956 1840 4001 est.
1869 3949 1941 4003 De
1964 3962 2097 4003 voce

499 4020 645 4075 coul.
675 4017 931 4090 Borrtch.
952 4018 1161 4074 Vittdic.
1194 4018 1313 4074 Lat.
1357 4037 1409 4090 p.
1438 4017 1566 4084 229,
1592 4034 1712 4089 sqq.
1742 4019 1841 4075 Ed.
1873 4019 2094 4077 Sublac.

500 4090 667 4146 habet
692 4091 876 4145 exitus.
909 4089 1044 4145 BDN.

498 4159 680 4290 edEros
724 4163 884 4234 ipsos.
923 4160 1119 4217 Addidi
1159 4161 1298 4232 ipsos
1340 4176 1408 4218 ex
1439 4176 1571 4219 mss.
1622 4169 1677 4217 et
1704 4163 1913 4219 cunctis
1959 4177 2098 4234 pene

573 4251 586 4288 Ι
616 4249 679 4289 18.

573 4234 679 4289 itis.

573 4304 835 4379 Propheta
875 4304 1146 4360 Jeremias.
1192 4304 1322 4379 [Ioc
1348 4305 1720 4379 testimonium
1759 4306 1991 4361 maxima
2031 4320 2100 4362 ex

500 4390 652 4449 parte
672 4377 756 4433 est
780 4378 1015 4435 ilicrem.
1045 4392 1187 4433 κων.
1210 4377 1401 4432 Addita
1429 4388 1554 4432 sunt
1571 4378 1813 4444 tlllmdtllﬂ
1836 4393 1901 4433 ex
1926 4392 1977 4433 c.
1997 4393 2092 4445 vn,

500 4448 617 4514 xm,
648 4465 755 4516 xw,
787 4457 841 4504 ct
867 4449 1095 4504 fortasse
1123 4450 1262 4514 aliis,
1293 4466 1399 4504 non
1429 4449 1715 4505 observata
1742 4465 2094 4520 personarum

498 4522 819 4584 mutatione,
845 4535 963 4590 quas
985 4521 1127 4593 apud
1149 4520 1367 4578 Graecos
1390 4523 1472 4578 vel
1501 4522 1758 4578 Hebraeos
1779 4530 1861 4576 est
1880 4522 2093 4577 creber-

498 4593 656 4649 rima.
698 4593 1026 4653 Beruesws.

572 4667 615 4718 Α
661 4665 978 4734 aequissimis
1021 4663 1373 4733 affectionibus
1415 4666 1609 4721 uestris.
1655 4663 1726 4719 Ita
1770 4665 1987 4734 reposui
2031 4679 2097 4720 ex

499 4737 748 4792 omnibus
780 4751 917 4805 pene
947 4752 1079 4790 mss.
1120 4746 1175 4791 et
1217 4738 1490 4808 plerisque
1535 4736 1717 4792 editis.
1768 4736 1825 4791 In
1877 4738 1911 4792 4
1962 4736 2097 4806 Reg.

497 4823 636 4872 rec.,
669 4808 695 4862 1
730 4808 905 4873 (ΣυὶΙι.,
940 4809 965 4863 1
999 4808 1158 4864 Sorh.
1193 4818 1248 4862 et
1292 4810 1361 4865 15
1404 4809 1646 4869 excusis;
1676 4808 1836 4865 etiam
1884 4808 1936 4862 iu
1967 4808 2098 4863 Gal.

498 4878 666 4935 lamna
697 4890 752 4935 et
778 4880 1073 4935 Ceilariana
1099 4880 1291 4950 legitur
1312 4879 1741 4946 aﬁectatiouibus.

576 4951 772 5006 Esdras
794 4953 943 5005 etiam
968 4952 1236 5022 propheta.
1271 4951 1544 5008 Neltemite
1566 4966 1616 5006 c.
1643 4965 1718 5016 ιι,
1738 4951 1822 5006 hic
1841 4951 1990 5005 locus
2012 4951 2098 5006 in-

500 5024 859 5099 venitur,__qtti
886 5022 1104 5099 quidem
1139 5023 1439 5099 liberapud
1472 5022 1696 5099 Gnaeos
1733 5032 1817 5077 est
1860 5022 2101 5099 secundo

500 5094 689 5149 Esdrae
718 5092 856 5150 lib—ro
885 5096 1155 5161 insertus;
1185 5104 1241 5150 et
1267 5092 1354 5150 hic
1377 5109 1556 5151 sermo
1575 5094 1779 5157 Esdrze,
1802 5110 1905 5148 non
1926 5092 2102 5149 Nehe-

502 5167 626 5219 mite
657 5166 994 5221 attribuitur.
1028 5167 1123 5221 Est
1147 5179 1329 5221 autem
1370 5166 1546 5232 locus,
1576 5176 1634 5219 ut
1660 5165 1793 5230 dixi,
1824 5164 2101 5221 Nehemite

499 5252 551 5292 c.
571 5252 647 5290 ιι.
670 5237 859 5293 Utrum
884 5248 1063 5294 autem
1100 5238 1299 5293 Esdras
1329 5237 1589 5308 propheta
1617 5237 1689 5291 sit
1721 5237 1958 5306 disntttat
1987 5240 2099 5292 Au-

500 5309 767 5378 gustinus,
804 5309 898 5368 lib.
930 5326 1063 5365 xvut
1092 5310 1159 5364 de
1187 5308 1346 5365 Civit.
1382 5309 1497 5377 Dei,
1531 5325 1580 5365 c.
1613 5309 1702 5363 56.

575 5377 700 5433 Post
722 5397 907 5451 corpus
933 5399 1099 5435 suum.
1126 5381 1217 5437 Sic
1243 5381 1450 5437 restitui
1478 5397 1547 5436 ex
1573 5381 1731 5436 editis
1753 5379 1850 5446 Is.,
1872 5378 2099 5447 Cellar.,

500 5449 742 5518 Walch.,
772 5449 825 5506 et
852 5454 1102 5508 omnibus
1127 5469 1259 5508 mss.
1289 5464 1486 5522 praeter
1511 5453 1549 5508 2
1580 5453 1710 5522 iteg.
1741 5467 1852 5507 rec.
1883 5452 2099 5520 quibus,

501 5523 645 5597 sicut
670 5531 723 5578 et
750 5521 817 5577 12
845 5525 1144 5594 impressis,
1179 5534 1263 5580 est
1290 5521 1403 5597 post
1446 5541 1535 5579 cor
1560 5521 1747 5589 suum;
1790 5524 1843 5578 in
1890 5527 2098 5579 Bonan.

501 5595 697 5664 antiq.,
732 5604 843 5664 post
888 5597 1114 5650 dorsum.
1156 5599 1226 5652 At
1271 5595 1392 5652 eum
1442 5606 1623 5651 nostra
1675 5604 1849 5650 textus
1872 5597 2102 5651 lectione

501 5671 772 5739 consentit
817 5666 1037 5739 Graecus
1083 5667 1359 5724 Nehemia:
1404 5669 1563 5735 liber,
1592 5683 1751 5739 quem
1794 5666 2102 5722 Lactantius

500 5738 795 5816 esptfsdt,
841 5748 932 5792 aut
969 5738 1087 5808 ejus
1114 5741 1416 5799 versionem
1445 5738 1623 5797 suam
1644 5744 1883 5816 σώματος
1909 5743 2099 5796 αὐτῶν.

502 5807 588 5866 Ex
611 5808 899 5871 Cerauno.

2196 3090 2450 3162 omnibus
2480 3103 2612 3162 mss.
2644 3098 2856 3162 praeter
2896 3090 2918 3144 l
2954 3089 3089 3162 Reg.
3120 3090 3554 3162 recentissimum
3594 3103 3651 3148 et
3694 3108 3821 3149 om-

2198 3176 2299 3216 nes
2327 3160 2439 3217 l'ere
2478 3161 2609 3216 edit.
2641 3161 2692 3217 in
2725 3161 2921 3231 quibus
2950 3160 3182 3233 legitur:
3217 3160 3503 3219 ιΕηιυιαηι
3532 3163 3817 3221 tumulatus

2195 3249 2555 3358 "fimum.
2601 3302 2870 3376 Abdicaut
2923 3314 3105 3374 patres
3147 3304 3357 3360 liberos
3387 3305 3727 3376 degeneres.
3764 3308 3820 3364 id

2196 3383 2303 3459 est.
2335 3375 3036 3459 excludunt,alienatttque,
3058 3375 3492 3459 ᾲποκῃρύςτουᾳιί.
3525 3378 3661 3433 Nam
3684 3382 3821 3436 ἁπο-

2199 3452 2408 3573 ’ἓῖἕῑέξῐσ
2439 3446 2705 3573 iure
2740 3446 3258 3575 δξέξίιέξῖίδ·
3295 3448 3358 3503 οε
3407 3450 3477 3505 δε
3507 3460 3650 3521 vm-
3697 3464 3818 3523 μοι·

2276 3558 2831 3645 .”
2853 3558 3266 3648 S'ti‘lii‘aldf'i‘iZbet
3292 3593 3689 3650 consolatorem.

2271 3660 2455 3716 Delabi
2488 3662 2652 3737 jussit
2688 3661 2926 3737 cenato.“
2954 3661 3040 3737 lta_
3070 3661 3324 3737 meliores
3374 3673 3431 3719 et
3474 3666 3818 3737 antiquiores

2200 3747 2333 3789 mss.
2364 3742 2414 3787 et
2438 3731 2820 3803 qttatnplurinti
2843 3733 2993 3789 editi.
3020 3731 3079 3789 in
3106 3733 3323 3803 scriptis
3350 3749 3463 3790 rec.
3489 3746 3546 3791 et
3572 3731 3818 3795 nonnul-

2199 3804 2266 3860 lis
2297 3802 2463 3878 editis
2478 3814 2561 3860 est
2589 3805 2708 3878 labi.
2734 3835 2805 3846 —
2826 3802 3077 3878 Delabi...
3120 3822 3147 3860 e
3182 3802 3333 3878 cisio.
3366 3805 3663 3878 Eleganter
3706 3811 3818 3865 tabi

2201 3884 2256 3930 et
2283 3874 2472 3941 delabi,
2508 3890 2606 3944 pro
2632 3874 2954 3941 descendere,
2979 3877 3057 3931 uti
3080 3876 3251 3931 variat
3278 3877 3329 3930 in
3357 3874 3615 3945 Ερίιὶηη..
3638 3895 3690 3936 c.
3714 3881 3814 3939 4'5.

2202 3946 2646 4031 Tertull.nApol.,
2694 3962 2743 4002 c.
2791 3948 2858 4003 21
2906 3946 2975 4003 de
3018 3948 3270 4017 Christo,
3311 3948 3555 4020 delapsus
3599 3951 3654 4007 in
3705 3954 3815 4006 rir-

2236 4020 2390 4072 inem.
2423 4019 2556 4073 Buu.
3434 4019 3437 4020 ⁷

2200 4035 2233 4091 g
2272 4088 2673 4165 permanaverat
2692 4106 2751 4165 se
2773 4105 2888 4165 esse
2913 4094 3205 4165 facturum.
3227 4090 3318 4147 Sic
3356 4091 3478 4165 lego
3504 4109 3627 4151 cum
3665 4095 3814 4153 anti-

2202 4161 2481 4232 quioribus
2510 4171 2562 4215 et
2592 4160 2891 4231 potioribus
2914 4160 3052 4216 mss.
3095 4173 3149 4217 et
3178 4164 3211 4219 6
3237 4160 3434 4222 editis:
3450 4165 3508 4221 In
3536 4167 3560 4220 1
3596 4166 3811 4223 Bonan.

2203 4234 2371 4308 antiq.
2403 4241 2457 4288 et
2501 4233 2648 4308 Lips.
2684 4243 2767 4308 est
2790 4275 2804 4297 ,
2839 4233 3224 4308 dettuntiaverat
3266 4252 3374 4308 sese
3421 4237 3723 4308 facturum;
3758 4240 3815 4296 in

2206 4305 2239 4359 6
2266 4319 2393 4360 mss.
2422 4314 2475 4359 et
2499 4303 2533 4358 4
2556 4305 2789 4373 excusis,
2808 4306 3198 4361 annuntiaverat
3214 4324 3233 4373 ;
3259 4307 3312 4363 iu
3340 4303 3499 4378 Pen,
3526 4313 3814 4366 annuntia-

2203 4388 2567 4502 verdll’glachias
2598 4448 2846 4520 prapheta
2874 4448 3089 4504 indicat.
3120 4450 3174 4504 Itt
3200 4450 3237 4504 2
3259 4452 3651 4521 antiquissimis
3675 4469 3810 4511 mss.

2122 4492 2178 4556 Β
2204 4492 3811 4592 ΒεῑςῖέἱῆἷὲᾇῖιὶἬἯΕῊΓιὶἓξὲἶζῐεξίὧνᾜὶἓὶὲὶῗὲἒὶῖᾝ¹ἦῇ

2157 4646 2171 4669 ,
2203 4592 2450 4664 propheta
2472 4594 2561 4669 af!
2589 4593 3132 4669 veteribusexcusis.
3164 4593 3269 4650 Pro
3297 4596 3514 4660 indicat,
3534 4598 3813 4669 scriptum

2200 4674 2286 4719 est
2313 4664 2583 4718 annuntiat
2611 4665 2662 4717 iu
2696 4665 2718 4719 1
2757 4664 2954 4736 Regio;
2987 4665 3038 4718 in
3067 4664 3214 4736 Lips.
3242 4668 3583 4721 annutttiavit.
3613 4664 3674 4723 In
3703 4669 3814 4725 ϐο·

2200 4736 2369 4861 11ιηὶιο
2397 4745 2482 4791 est
2512 4735 3151 4806 simpliciter'llalachias
3189 4739 3441 4809 propheta
3466 4739 3613 4805 dicit,
3658 4741 3807 4807 scil.,

2200 4824 2250 4861 c.
2325 4846 2339 4861 .

2200 4824 2250 4864 (Ξ.
2288 4824 2339 4861 1.

2277 4878 2607 4948 Sacriﬁcium
2650 4887 2912 4948 acceptum
2955 4896 3056 4934 non
3096 4879 3307 4935 habebo.
3349 4880 3441 4937 Sic
3484 4883 3699 4938 restitui
3742 4898 3812 4939 ex

2277 4896 2607 4948 sacri/icium
2650 4896 2767 4933 acce
2808 4896 2912 4933 tum
2955 4896 3056 4934 non
3096 4896 3307 4935 naoeoo.
3349 4896 3441 4937 etc
3484 4896 3699 4938 resntut
3742 4898 3812 4939 ex

2200 4966 2335 5007 mss.
2364 4951 2399 5006 2
2424 4951 2728 5006 veterrimis
2767 4896 2926 5022 Reg"
2956 4949 2991 5003 4
3017 4951 3256 5022 Coibert.
3288 4961 3343 5007 et
3372 4963 3538 5009 recte.
3569 4954 3683 5010 Nec
3712 4954 3815 5009 ali-

2205 5033 2288 5079 ter
2316 5024 2519 5094 legitur
2554 5022 2694 5094 apnd
2741 5021 3221 5094 Cyprianum,lib.
3252 5039 3271 5078 ι
3294 5023 3681 5081 Testimonior.
3714 5026 3814 5080 ad-

2205 5109 2395 5151 versus
2423 5093 2661 5158 Judteos,
2693 5109 2742 5149 c.
2780 5093 2869 5149 16.
2904 5093 3460 5167 ApttdSeptuaginta,
3494 5105 3553 5151 et
3578 5099 3635 5152 in
3668 5097 3811 5153 Vul-

2202 5175 2346 5236 gata,
2377 5181 2478 5220 non
2517 5168 2831 5233 suscipiam;
2861 5167 2914 5220 in
2953 5170 2990 5220 2
3035 5166 3106 5222 al.
3146 5165 3383 5223 Colbert.
3415 5179 3467 5223 et
3500 5169 3537 5223 2
3564 5169 3806 5225 Clarom.

2206 5239 2478 5307 Sacriﬁcia
2504 5255 2604 5292 non
2633 5239 2916 5310 accipiam;
2946 5237 3087 5309 quod
3119 5240 3171 5310 in
3205 5240 3345 5294 idem
3380 5241 3591 5295 recidit.
3626 5241 3685 5296 lu
3711 5256 3808 5297 re-

2203 5311 2535 5366 centioribus
2558 5310 2594 5364 2
2626 5310 2758 5378 Reg.
2789 5319 2842 5364 et
2871 5309 3037 5364 Brun.
3066 5325 3131 5365 ac
3155 5309 3209 5365 in
3238 5313 3451 5367 excusis
3472 5321 3574 5374 est.
3609 5329 3800 5381 accep-

2205 5391 2312 5437 tum
2359 5398 2459 5435 non
2499 5382 2678 5435 habeo.
2721 5381 2938 5451 Legitur
2983 5393 3247 5449 acceptum
3286 5398 3388 5438 non
3434 5383 3627 5440 habebo
3663 5384 3807 5453 apud

2207 5455 2529 5517 Buueman.,
2560 5453 2653 5523 qui
2707 5453 2762 5525 in
2817 5455 2954 5507 hanc
3005 5455 3305 5509 variuntem
3357 5464 3537 5509 notam
3576 5470 3806 5525 sequen-

2207 5537 2314 5581 tem
2364 5523 2980 5579 exhihet.—Omnium
3034 5527 3239 5593 optime
3288 5525 3557 5582 Betuleius
3612 5523 3669 5584 et
3716 5540 3810 5582 so-

2206 5597 2288 5652 lus
2314 5597 2514 5661 edidit,
2551 5606 2811 5664 acceptum
2841 5612 2943 5649 non
2972 5594 3165 5660 habeo;
3193 5598 3263 5652 ita
3292 5599 3435 5653 enim
3462 5598 3631 5654 Codex
3659 5599 3806 5653 Tau-

2206 5671 2310 5725 riu.
2356 5669 2534 5743 Epit,
2568 5683 2617 5722 c.
2666 5666 2759 5731 48,
2797 5668 2971 5743 clare,
2999 5683 3151 5743 atque
3190 5684 3253 5724 ac
3282 5668 3579 5743 pyprian,
3616 5685 3667 5725 c.
3710 5669 3801 5733 16,

2206 5757 2367 5811 quem
2398 5740 2629 5797 maxime
2658 5741 2919 5809 sequitur,
2946 5739 3255 5811 praeferunt.
3282 5739 3353 5796 Et
3375 5739 3458 5797 est
3484 5743 3537 5797 in
3569 5741 3718 5799 hebr.
3745 5752 3809 5798 et

2206 5809 2288 5889 gr.
2315 5811 2568 5877 futurum.
2592 5811 2759 5879 lszcus
2785 5825 2998 5885 quoque
3024 5809 3174 5867 vidit.
3207 5812 3340 5869 Bon.
