4038 6358
512 303 621 363 479

1609 305 1799 364 FIRM.
1838 302 2210 363 LACTANTII
2248 300 2452 361 DIVIN.
2494 304 2735 364 INSTI'I‘.

3669 308 3755 372 480

514 428 699 493 putet,
731 435 853 478 cum
881 420 1075 494 spiritu
1101 420 1232 491 Dei,
1259 423 1347 479 cui
1375 421 1533 479 facile
1559 432 1643 480 est
1666 422 1923 495 quidquid
1950 421 2100 491 velit,
2131 431 2183 490 Α
2208 429 2255 476 et
2281 420 2708 480 exacerbaverunt
2731 425 2971 497 spiritum
2991 434 3224 482 sanctum
3240 466 3255 494 ,
3281 435 3327 482 et
3351 442 3598 488 conversus
3620 443 3681 488 est
3698 436 3759 490 eis

513 522 789 587 gravatam
826 529 949 571 esse
976 513 1253 587 Virginem
1281 516 1554 573 dicimus?
1581 516 1736 586 Quod
1774 532 1905 574 sane
1931 516 2110 573 incre-

512 608 682 667 dibile
705 617 894 682 posset
918 609 1119 675 videri,
1148 612 1253 667 nisi
1282 610 1386 667 hoc
1408 610 1646 667 futurum
1670 619 1795 667 ante
1817 611 1981 666 multa
2003 626 2108 666 sa:-

512 700 634 758 cula
665 701 949 775 Propheta:
978 704 1321 761 cecinissent.
1359 705 1613 762 Salomon
1645 705 1719 761 ita
1748 704 1907 761 dicit:
1943 704 2109 774 Inﬁr-

511 805 683 853 matus
725 806 800 853 est
829 807 1005 854 uterus
1024 799 1256 871 virginis,
1304 808 1348 853 et
1376 800 1569 870 accepit
1591 803 1798 872 fmtum,
1827 809 1875 855 et
1898 808 2112 873 gravata

512 899 607 961 est,
636 900 685 947 et
711 892 851 963 facta
875 903 948 949 est
971 895 1027 949 in
1053 894 1216 949 multa
1242 894 1563 949 miseratione
1587 904 1748 949 mater
1781 893 1954 966 Virgo.
1977 892 2111 950 Item

514 984 778 1057 propheta
807 985 1016 1054 Esaias,
1049 988 1202 1058 cujus
1231 989 1396 1045 verba
1426 997 1551 1044 sunt
1580 988 1697 1044 haec
1724 1006 1736 1042 :
1766 986 1993 1059 Propter
2018 988 2114 1044 hoc

514 1076 656 1132 dabit
694 1076 836 1134 Deus
868 1078 981 1152 ipse
1017 1080 1156 1135 vobis
1196 1081 1440 1152 signum;
1470 1079 1601 1135 Ecce
1635 1078 1790 1153 Virgo
1818 1080 2031 1152 accipiet
2056 1080 2113 1135 in

513 1179 690 1238 utero,
725 1180 774 1226 et
803 1173 968 1243 pariet
995 1172 1191 1243 ﬁlium,
1223 1182 1270 1228 et
1298 1173 1537 1229 vocabitis
1566 1190 1749 1229 nomen
1777 1175 1889 1246 ejus
1918 1171 2115 1230 Bema-

514 1264 655 1319 nuel.
687 1265 826 1334 Quid
854 1266 958 1322 hoc
982 1265 1319 1323 manifestius
1343 1265 1449 1323 dici
1478 1266 1690 1337 potest?
1715 1265 1991 1337 Legebant
2017 1265 2116 1321 ista

514 1358 721 1426 Judaei,
750 1360 841 1431 qui
871 1374 993 1417 eum
1020 1366 1372 1431 negaverunt.
1406 1359 1462 1416 Si
1494 1360 1613 1430 quis
1643 1374 1744 1415 nos
1770 1358 1888 1415 haec
1918 1357 2120 1430 lingere

517 1450 832 1519 arbitratur,
857 1452 925 1508 ab
945 1450 1031 1509 his
1057 1453 1331 1523 requirat,
1354 1451 1423 1506 ab
1444 1451 1530 1507 his
1555 1450 1894 1522 potissimum
1918 1458 2118 1506 sumat.

520 1546 665 1606 Satis
696 1547 913 1604 ﬁrmant
945 1547 1312 1607 testimonium
1342 1557 1427 1604 est
1452 1548 1520 1604 ad
1561 1546 1893 1620 probandam
1920 1546 2119 1603 verita-

519 1648 662 1708 tem,
695 1640 838 1713 quod
878 1640 947 1698 ab
983 1641 1119 1713 ipsis
1159 1641 1474 1712 perhibetur
1517 1641 1772 1696 inimicis.
1825 1638 2123 1697 Hemanuel

518 1741 697 1789 autem
729 1750 1002 1806 nunquam
1035 1736 1303 1791 vocitatus
1329 1744 1444 1802 est,
1474 1734 1567 1791 sed
1608 1733 1795 1798 Iesus,
1824 1735 1915 1806 qui
1959 1733 2123 1789 latine

2211 514 2279 568 ad
2305 515 2651 572 inimicitiam.
2695 516 2764 573 Et
2801 519 2911 591 ipse
2948 522 3291 592 expugnavit,
3327 530 3374 576 et
3411 525 3678 581 recordatus
3700 535 3759 583 est

2212 608 2409 663 dierum
2435 611 2612 665 steculi
2630 653 2645 679 ,
2669 613 2755 683 qui
2777 613 3035 668 suscitavit
3057 614 3122 669 de
3143 623 3280 669 terra
3306 624 3548 686 pastorem
3569 620 3726 675 ovium.

2286 700 2418 770 Quis
2438 711 2620 759 autem
2647 703 2857 760 futurus
2876 713 3025 763 esset
3050 705 3140 762 ille
3165 715 3367 778 pastor,
3388 708 3658 767 declaravit
3675 712 3763 768 alio

2217 795 2359 865 loco,
2393 796 2615 854 dicens:
2652 798 2897 855 Exultent
2924 801 3041 856 cteli
3069 801 3309 873 desuper,
3339 811 3385 856 et
3412 802 3561 859 nubes
3582 804 3764 861 induant

2208 890 2499 961 justitiam:
2525 893 2788 963 aperiatur
2813 904 2950 949 terra
2968 936 2983 961 ,
3012 904 3061 950 et
3088 894 3309 965 pullulet
3335 894 3651 954 Salvatorem.
3677 898 3766 971 Ego

2217 986 2352 1040 enim
2394 985 2648 1041 Dominus
2669 986 2808 1042 Deus
2834 988 3002 1042 creavi
3031 1004 3166 1043 eum.
3189 988 3435 1045 Salvator
3458 1005 3579 1045 vero
3605 998 3694 1057 est,
3722 998 3770 1046 ut

2217 1092 2379 1147 supra
2406 1077 2641 1135 diximus
2662 1120 2677 1146 ,
2700 1078 2879 1135 Jesns.
2906 1079 3013 1137 Sed
3035 1091 3088 1135 et
3109 1080 3216 1135 alio
3244 1079 3364 1136 loco
3389 1080 3523 1136 idem
3546 1082 3772 1153 propheta

2218 1169 2297 1225 sic
2329 1169 2667 1240 praedicavit:
2700 1171 2833 1227 Ecce
2859 1182 3015 1228 natus
3042 1181 3117 1227 est
3147 1170 3293 1228 nobis
3315 1189 3461 1245 puer,
3490 1183 3536 1229 et
3563 1174 3695 1229 datus
3711 1184 3772 1232 est

2220 1265 2363 1320 nobis
2387 1266 2528 1336 ﬁlius
2544 1283 2563 1322 :
2588 1268 2733 1333 cuius
2758 1268 3028 1339 imperium
3056 1285 3208 1342 super
3233 1269 3465 1324 humeros
3487 1270 3622 1341 ejus;
3643 1278 3684 1324 et
3702 1284 3774 1325 vo-

2222 1368 2394 1415 catum
2423 1370 2496 1416 est
2527 1378 2711 1417 nomen
2740 1363 2886 1434 ejus,
2919 1363 3097 1436 magni
3125 1363 3328 1419 consilii
3356 1363 3574 1418 nuntius.
3603 1361 3776 1419 Idcirco

2222 1457 2366 1512 enim
2396 1456 2591 1513 missus
2620 1466 2703 1514 est
2729 1473 2759 1513 a
2789 1458 2898 1514 Deo
2927 1458 3121 1527 Patre,
3152 1472 3211 1515 ut
3240 1458 3505 1516 universis
3529 1457 3778 1529 gentibus,

2222 1564 2344 1619 quae
2376 1548 2476 1604 sub
2499 1549 2642 1606 coelo
2668 1561 2829 1617 sunt,
2864 1550 3154 1622 singularis
3192 1561 3249 1607 et
3289 1553 3402 1607 veri
3441 1551 3532 1606 Dei
3568 1558 3777 1606 sanctum

2226 1643 2544 1714 mysterium
2584 1643 2884 1709 revelaret,
2926 1643 3164 1700 ablatum
3206 1642 3414 1716 perlido
3458 1642 3674 1713 populo,
3707 1642 3782 1712 qui

2227 1734 2488 1790 adversus
2520 1734 2687 1791 Deum
2714 1750 2860 1805 saepe
2890 1735 3139 1807 deliquit.
3171 1734 3362 1791 Daniel
3390 1747 3596 1806 quoque
3618 1733 3782 1790 similia

517 1825 718 1882 dicitur
741 1827 1028 1897 salutaris,
1056 1828 1172 1883 sive
1193 1828 1461 1894 salvator;
1487 1828 1609 1899 quia
1633 1827 1842 1883 cunctis
1866 1828 2119 1899 gentibus
2146 1837 2196 1899 Β
2226 1828 2548 1898 praelocutus
2586 1835 2687 1883 est.
2731 1826 3008 1895 Videbam,
3052 1828 3255 1899 inquit,
3299 1829 3356 1883 in
3394 1829 3501 1883 visu
3542 1827 3715 1891 noctis;
3748 1834 3786 1880 et

517 1919 767 1976 salutifer
796 1921 963 1977 venit.
988 1919 1098 1977 Sed
1127 1920 1390 1992 propheta
1411 1920 1705 1976 declaravit
1734 1920 1836 1975 hoc
1866 1920 2084 1976 nomine
2103 1962 2119 1988 ,

517 2012 662 2085 quod
694 2013 837 2070 Deus
864 2013 932 2069 ad
961 2013 1210 2070 homines
1240 2014 1293 2069 in
1322 2029 1486 2069 carne
1515 2023 1775 2069 venturus
1804 2021 1967 2069 esset.
2009 2012 2118 2069 He-

520 2104 739 2163 manuel
765 2106 907 2162 enim
932 2104 1226 2177 signiﬁcat,
1256 2104 1536 2163 nobiscum
1562 2106 1739 2173 Deus;
1768 2106 1974 2163 scilicet
1997 2105 2122 2176 quia

521 2199 617 2255 illo
644 2215 741 2270 per
768 2199 1033 2273 virginem
1068 2209 1227 2264 nato,
1257 2199 1508 2256 conﬁteri
1550 2200 1795 2255 homines
1838 2198 2125 2270 oportebat

519 2292 690 2349 Deum
717 2308 903 2350 secum
933 2308 1055 2350 esse
1075 2335 1090 2361 ,
1121 2293 1172 2349 id
1200 2302 1284 2349 est
1302 2335 1317 2359 ,
1345 2292 1397 2349 in
1428 2304 1566 2349 terra
1587 2335 1600 2360 ,
1632 2303 1689 2349 et
1714 2294 1765 2347 in
1791 2308 1953 2349 carne
1979 2306 2125 2347 mor-

521 2386 634 2443 tali.
666 2386 821 2444 Unde
847 2388 1014 2444 David
1042 2389 1097 2443 in
1127 2387 1337 2459 psalmo
1366 2402 1605 2443 uxnv.
1643 2386 1882 2454 Veritas,
1914 2385 2121 2456 inquit,

518 2480 586 2538 de
614 2491 755 2538 terra
782 2491 900 2538 orta
928 2491 1047 2550 est;
1076 2482 1202 2553 quia
1228 2482 1371 2538 Deus
1394 2523 1407 2545 ,
1437 2482 1488 2536 in
1518 2495 1622 2551 quo
1643 2481 1843 2536 veritas
1868 2488 1951 2535 est
1970 2521 1984 2545 ,
2016 2490 2126 2535 ter-

518 2590 709 2632 renum
750 2592 947 2647 corpus
976 2577 1220 2646 accepit,
1254 2584 1314 2631 ut
1342 2576 1573 2632 terrenis
1600 2576 1740 2632 viam
1773 2576 1964 2630 salutis
1993 2589 2123 2645 ape-

518 2669 670 2727 riret.
711 2669 844 2729 Item
876 2670 1064 2727 Esaias
1095 2671 1243 2741 ipse:
1276 2668 1391 2741 Ipsi
1420 2680 1593 2725 autem
1622 2686 1723 2725 non
1756 2668 2119 2734 crediderunt,

2228 1937 2343 1976 ecce
2367 1920 2421 1974 in
2447 1920 2662 1975 nubibus
2688 1921 2801 1975 coeli
2829 1930 2884 1975 ut
2914 1921 3054 1990 [ilius
3083 1920 3306 1976 hominis
3332 1921 3531 1975 veniens
3548 1962 3563 1987 ,
3590 1927 3639 1974 et
3657 1932 3787 1984 usque

2230 2013 2300 2068 ad
2328 2021 2577 2068 vetustum
2605 2013 2802 2069 dierum
2832 2015 3077 2085 pervenit.
3110 2012 3179 2068 Et
3204 2015 3294 2084 qui
3326 2013 3641 2080 assistebant,
3669 2012 3790 2065 obtu-

2230 2112 2398 2165 lerunt
2423 2126 2537 2164 eum
2553 2151 2568 2175 ,
2599 2118 2645 2164 et
2668 2108 2846 2163 datum
2867 2118 2942 2164 est
2968 2109 3014 2164 ei
3038 2125 3251 2181 regnum
3268 2150 3283 2173 ,
3311 2117 3359 2163 et
3385 2108 3567 2173 honor,
3593 2115 3636 2160 et
3657 2106 3790 2173 impc—

2227 2206 2361 2260 rium
2381 2246 2396 2272 ,
2424 2214 2470 2258 et
2500 2221 2672 2260 omnes
2713 2204 2920 2274 populi,
2963 2204 3154 2269 tribus,
3204 2204 3400 2275 linguae
3427 2202 3632 2257 servient
3657 2197 3729 2264 ei;
3754 2206 3791 2251 et

2232 2306 2454 2369 patestas
2495 2298 2607 2370 ejus
2648 2306 2872 2364 atterna,
2915 2313 3030 2369 quae
3064 2313 3331 2368 nunquam
3369 2294 3630 2359 transibit,
3667 2301 3795 2346 etre-

2232 2408 2389 2464 gnum
2419 2393 2566 2463 ejus,
2610 2392 2747 2462 quod
2785 2407 2888 2446 non
2928 2403 3309 2463 corrumpetur.
3353 2387 3628 2458 Quomodo
3662 2385 3793 2456 igitur

2232 2484 2402 2541 Judaei
2429 2486 2851 2551 etconﬁtentur,
2894 2494 2951 2541 et
2990 2494 3215 2556 sperant
3251 2484 3528 2541 Christum
3569 2479 3687 2537 Dei?
3719 2478 3793 2548 qui

2232 2576 2374 2635 hunc
2412 2577 2614 2635 idcirco
2653 2579 3106 2649 reprobaverunt,
3148 2579 3273 2651 quia
3316 2594 3384 2635 ex
3425 2575 3632 2633 homine
3665 2579 3796 2628 natus

2229 2678 2334 2726 est.
2374 2669 2510 2726 Nam
2557 2685 2679 2728 cum
2719 2671 2792 2728 ita
2831 2671 2903 2729 sit
2940 2687 2971 2727 a
3015 2672 3125 2731 Deo
3164 2673 3550 2737 constitutum,
3589 2676 3643 2724 ut
3676 2666 3795 2734 idem

1873 2805 2235 2864 VARIORUM
2276 2806 2505 2865 NOTAE.

519 2964 639 3021 cap.
681 2949 783 3016 22,
823 2949 921 3005 lib.
945 2965 1071 3015 vni,
1112 2964 1231 3020 cap.
1272 2947 1378 3016 42,
1425 2947 1666 3021 lib.xvt,
1709 2961 1828 3021 cap.
1855 2946 1947 3003 21.
1990 2946 2117 3002 Haec

520 3020 855 3091 comparatio
893 3032 978 3077 est
1016 3037 1046 3077 a
1088 3022 1281 3076 minori
1322 3021 1389 3076 ad
1430 3020 1635 3090 majus:
1680 3020 1775 3075 sed
1814 3034 2011 3091 vereor
2051 3034 2117 3074 ne

523 3090 660 3149 tunc
678 3094 937 3162 temporis
963 3095 1341 3148 auctoritatem
1370 3107 1616 3162 magnam
1645 3106 1750 3145 non
1778 3090 2043 3145 habuerit.

594 3163 869 3220 Gravatam
890 3181 997 3220 esse
1023 3165 1299 3235 Virginem.
1321 3164 1397 3220 Ita
1413 3179 1605 3219 omnes
1627 3163 1755 3235 edil_i
1773 3172 1827 3235 et
1843 3176 1971 3217 mss.
1996 3177 2129 3232 pne-

524 3247 608 3295 ter
632 3239 666 3291 4
694 3252 806 3293 rec.
837 3238 889 3292 in
930 3232 1127 3307 quibus
1155 3246 1240 3291 est
1278 3236 1622 3307 gravidatam.
1654 3233 1681 3289 1
1709 3232 1949 3307 Colliert
1982 3248 2011 3287 a
2041 3248 2130 3307 se-

522 3310 695 3367 cunda
741 3324 899 3381 manu
940 3304 1227 3381 gravidam.
1271 3304 1337 3363 Et
1371 3306 1507 3362 infra
1538 3315 1751 3379 gravata
1781 3315 1853 3360 est
1882 3305 2041 3360 etiam
2075 3304 2127 3359 in

522 3397 655 3438 mss.
682 3380 981 3437 codicibus.

598 3451 848 3509 Salomon
889 3454 963 3507 ita
1001 3452 1143 3507 dicit.
1174 3450 1265 3507 Sic
1292 3450 1470 3507 ferunt
1498 3449 1653 3505 multi
1682 3462 1814 3504 mss.
1849 3448 1996 3504 Inter
2024 3462 2132 3502 ca:-

527 3534 673 3582 teros
698 3524 788 3579 alii
816 3523 1017 3579 addunt
1045 3525 1100 3577 in
1131 3522 1243 3577 Ode
1268 3522 1682 3594 undevigesimo;
1708 3520 1798 3574 alii
1838 3522 1892 3573 in
1916 3518 2130 3594 Psalmo

522 3596 936 3677 undevigesimo;
983 3595 1049 3662 2,
1104 3597 1157 3677 in
1206 3594 1420 3649 Psalmo
1457 3592 1741 3677 vigesimo;
1762 3604 1906 3677 τίμιαι
1949 3592 2130 3677 omnia

524 3670 655 3724 mihi
684 3663 933 3724 videntur
959 3681 1080 3722 esse
1109 3667 1455 3737 glossemata.
1488 3664 1656 3737 Alteri
1698 3666 1733 3717 2
1762 3663 1896 3733 Reg.
1929 3678 2039 3737 rec.
2075 3671 2131 3737 et

524 3741 656 3795 editi
696 3748 853 3804 octo,
887 3734 1141 3794 Salomon
1170 3738 1243 3791 sic
1272 3738 1365 3791 ait.
1397 3736 1525 3792 Haec
1550 3736 1856 3791 Salomonis
1886 3735 2047 3789 verba
2079 3734 2131 3787 in

476 3832 481 3837 ο
524 3812 643 3882 ejus
673 3811 824 3882 libris
852 3825 958 3865 non
1001 3812 1275 3882 leguntur.

598 3881 733 3936 Ecce
770 3880 927 3952 Virgo
954 3876 1166 3951 accipiet
1193 3881 1247 3933 in
1277 3889 1440 3934 utero.
1476 3879 1549 3952 Ita
1583 3892 1686 3952 ms.
1720 3876 2134 3952 antiquissimus

527 3948 1031 4022 Regio-Puteanus,
1063 3948 1086 4005 1
1111 3951 1265 4006 Colb.
1298 3952 1417 4022 Eni.
1448 3962 1501 4004 et
1532 3950 1555 4003 1
1582 3949 1821 4022 Clarum.
1851 3962 1951 4001 nec
1976 3948 2135 4022 aliter

530 4018 660 4093 legit
688 4024 745 4078 S.
777 4023 1081 4094 Cyprianus
1111 4022 1206 4076 lih.
1237 4039 1272 4076 ιι
1304 4021 1695 4094 Testimonior.
1741 4019 2012 4094 adversus
2039 4018 2135 4094 Ju-

529 4089 710 4161 dtéos,
739 4089 938 4164 cati—8.
970 4094 1025 4147 In
1053 4093 1089 4147 2
1114 4094 1243 4164 Reg.
1271 4102 1328 4148 ει
1352 4092 1419 4147 12
1445 4091 1613 4164 editis
1629 4100 1711 4146 est
1736 4092 1788 4144 in
1813 4100 2049 4164 uterum;
2079 4089 2132 4164 in

531 4167 601 4222 19
630 4161 847 4236 scriptis
877 4161 1267 4220 recentissimis
1295 4174 1349 4219 et
1376 4164 1411 4219 8
1436 4163 1651 4218 excusis
1676 4175 1780 4226 est,
1806 4161 2055 4232 concipiet
2081 4162 2135 4214 in

528 4248 691 4293 utero.
724 4235 819 4292 Ed.
852 4236 1066 4292 Sublac.
1103 4236 1261 4291 habet
1289 4235 1557 4303 concipiet.

594 4308 886 4363 Vocabitis.
908 4308 983 4362 Ita
1012 4322 1141 4362 mss.
1166 4308 1200 4363 9
1229 4307 1400 4378 Regii,
1431 4307 1573 4361 inter
1592 4320 1728 4375 quos
1754 4313 1879 4378 sunt
1903 4303 2010 4359 duo
2034 4318 2133 4358 au-

532 4380 857 4451 tiquissimi,
899 4380 1098 4449 aliique
1129 4394 1249 4433 cum
1278 4377 1523 4434 9'etlitis.
1570 4377 1767 4451 scripti
1797 4377 1831 4431 6
1860 4390 1969 4431 rcc.
2014 4390 2133 4451 cum

535 4447 757 4508 toiidcm
787 4447 1227 4506 excusisbabent
1257 4451 1550 4513 vocabitur;
1579 4450 1735 4504 alteri
1769 4464 1877 4503 rec.
1911 4447 2130 4501 vocabis.
2164 4455 2218 4517 1)
2314 4448 2551 4503 Ablutum
2592 4449 2790 4519 perﬁdo
2832 4449 3043 4520 populo.

530 4522 828 4650 giecitgiud
857 4520 1051 4578 Isaiam
1079 4537 1197 4594 cap.
1226 4539 1318 4578 vtt.
1341 4522 1473 4578 Vide
1489 4521 1752 4577 [tenteum
1783 4520 1875 4575 lib.
1904 4535 1983 4585 Ill,
2013 4533 2132 4588 cap.

570 4599 635 4663 t,
666 4599 758 4650 to.

609 4668 711 4734 Qui
734 4682 847 4721 eum
865 4674 1191 4735 negaverunt.
1218 4664 1293 4720 lta
1315 4679 1505 4720 omnes
1530 4664 1657 4720 editi
1688 4678 1809 4719 cum
1839 4677 1968 4717 mss.
2002 4676 2139 4735 prac-

537 4748 618 4794 ter
634 4733 680 4792 2
707 4737 842 4809 Reg.
862 4782 875 4805 ,
908 4733 1134 4791 Torncs.
1158 4736 1239 4809 [2
1265 4737 1505 4809 Colbert.
1526 4778 1542 4801 ,
1576 4739 1598 4790 1
1630 4735 1867 4809 ίοιιιιριη.
1888 4773 1905 4799 ,
1940 4733 2141 4809 inqui-

536 4810 638 4865 bus
668 4802 1140 4873 estfnecaveruut.
1179 4808 1309 4862 Vide
1338 4808 1587 4864 eamdem
1628 4806 1956 4861 locutionem
1999 4802 2138 4859 infra

536 4897 655 4939 can.
694 4881 779 4937 l8.

606 4899 902 5008 lIieitisanuel
922 4961 1088 5006 autent
1118 4967 1377 5021 nunquam
1400 4951 1648 5005 vocitatus
1674 4959 1777 5012 est,
1807 4957 1910 5003 etc.
1938 4945 2137 5021 Verum

537 5035 622 5080 est
644 5041 914 5094 nunquam
941 5023 1104 5079 fuisse
1126 5025 1195 5078 ita
1221 5015 1513 5078 vocitatum
1540 5018 1991 5094 nomineproprio
2009 5015 2141 5094 :_sed

538 5107 748 5151 certum
775 5088 955 5151 lumen
987 5108 1101 5157 est,
1136 5095 1284 5148 illum
1319 5093 1483 5148 fuisse
1510 5108 1696 5147 verum
1728 5088 2139 5146 Einmanuelcm

542 5179 819 5233 nostrmn,
856 5181 964 5221 non
1004 5166 1180 5236 quoad
1224 5164 1639 5236 appellationem
1668 5160 1915 5236 nominis
1956 5168 2140 5236 exter-

542 5254 704 5303 nam,
736 5231 829 5292 sed
860 5239 944 5293 vel
972 5231 1037 5292 ad
1067 5231 1443 5301 efﬁcientiam,
1486 5236 1572 5291 vel
1613 5235 1679 5289 ad
1722 5231 2140 5305 applicationem

543 5310 653 5372 rei,
681 5323 803 5378 quae
833 5324 930 5379 per
958 5324 1153 5364 nomen
1181 5308 1308 5363 illud
1341 5308 1670 5377 designatur.

620 5379 721 5446 Qui
747 5377 1026 5434 suscitavit.
1058 5379 1155 5433 Ms.
1189 5382 1212 5434 1
1246 5379 1453 5432 Bonon.
1482 5380 1652 5449 antiq.
1682 5377 1819 5449 quia.

619 5452 894 5506 Suscitavit
919 5456 982 5504 de
1008 5461 1140 5504 terra
1164 5460 1416 5522 pastorem
1443 5446 1629 5505 ovium.
1653 5446 1758 5503 Pro
1789 5447 1850 5501 de
1876 5458 2029 5514 terra,
2060 5446 2141 5502 le-

543 5523 691 5595 gitur
716 5522 853 5595 apud
880 5537 1012 5595 Lit},
1041 5522 1217 5595 eduxit
1244 5523 1306 5595 de
1330 5524 1483 5595 mari,
1516 5524 1568 5575 ἐκ
1591 5531 1684 5595 τῇς
1703 5522 1985 5595 θαλάσσης,
2019 5536 2138 5595 pas-

546 5591 705 5649 torem
732 5594 918 5646 ovium.
953 5591 1025 5646 Ita
1054 5594 1213 5647 etiam
1247 5594 1504 5648 Hebraeus
1532 5603 1587 5647 et
1613 5593 1670 5649 S.
1702 5593 2059 5649 llieronvmns
2088 5591 2142 5646 in

546 5608 705 5649 torem
732 5610 918 5646 Ot'tttm.
954 5608 1025 5646 tta
1054 5608 1213 5647 etlam
1247 5608 1504 5648 Henricus
1532 5608 1587 5647 et
1613 5608 1670 5649 δ.
1702 5608 1911 5647 Hieron
1944 5608 2059 5645 mus
2088 5608 2142 5646 ιιι

545 5681 643 5722 sua
678 5679 820 5720 vers.
853 5663 909 5717 lu
943 5666 1189 5729 cmteris,
1233 5667 1290 5720 ἐκ
1313 5675 1405 5727 τῆς
1429 5675 1555 5739 γῆς,
1597 5674 1652 5720 ει
1690 5665 1831 5735 apud
1875 5608 2142 5788 Hyieronly—

546 5752 691 5788 mum
718 5736 781 5788 de
801 5746 954 5788 terra.
979 5734 1131 5788 Hunc
1159 5738 1332 5788 locum
1354 5779 1370 5788 .
1397 5753 1555 5788 auem
1578 5736 1643 5788 ad
1664 5737 1864 5788 calcem
1889 5736 2071 5788 Enisto
2098 5750 2142 5788 ae

546 5752 691 5794 mum
718 5736 781 5790 de
801 5734 1131 5807 terraaliunc
1159 5738 1332 5791 locum
1354 5779 1370 5804 ,
1397 5734 1555 5807 quem
1578 5736 1643 5791 ad
1664 5734 1864 5791 calcem
1889 5734 2143 5807 Epistolae

552 5811 619 5865 ad
661 5808 917 5865 Hebraeos
955 5806 1157 5863 Paulus
1195 5806 1498 5879 respexiSse
1535 5810 1749 5864 videtur
1788 5807 1945 5878 paulo
1985 5806 2144 5861 aliter

2225 2948 2481 3019 protulit:
2511 2947 2652 3003 Deus
2674 2988 2687 3003 .
2712 2990 2725 3003 .
2754 2986 2767 3001 .
2796 2950 2883 3019 qui
2913 2948 3088 3004 eduxit
3113 2949 3178 3005 de
3203 2950 3421 3005 mortuis
3445 2957 3686 3021 pastorem
3708 2961 3800 2998 ma-

2224 3038 2380 3095 gnum
2410 3021 2575 3075 ovium
2595 3062 2610 3087 ,
2644 3023 2670 3076 ὁ
2696 3022 2955 3095 ἀναγάγων
2983 3028 3037 3077 ἐκ
3065 3030 3271 3095 νεκρῶν.
3326 3022 3463 3079 Vide
3498 3021 3681 3076 Isaiam
3722 3032 3801 3072 ca-

2231 3093 2343 3163 pite
2367 3103 2492 3147 ant
2518 3102 2627 3163 atq.
2659 3108 2783 3147 xcv.

2304 3162 2415 3234 Ego
2445 3157 2845 3217 enim'domiuus
2878 3162 3017 3219 Deus
3046 3164 3211 3218 (νεαιιὶ
3232 3206 3246 3223 .
3279 3174 3393 3220 etc.
3438 3164 3552 3219 Non
3583 3171 3661 3218 est
3688 3157 3805 3234 quod

2229 3232 2467 3290 somnies
2508 3236 2601 3289 tibi
2642 3244 2882 3289 creatum
2929 3236 3216 3303 quemdam
3270 3237 3368 3291 Dei
3413 3235 3635 3291 Filium:
3680 3232 3807 3301 cujus

2230 3310 2430 3380 erroris
2478 3306 2696 3362 arcendi
2738 3321 2899 3380 causa
2928 3306 3161 3380 ΔΝἰετειιει
3206 3312 3454 3380 synodus
3493 3306 3722 3365 curavit,
3760 3309 3809 3355 ut

2230 3377 2489 3446 deinceps
2531 3380 2581 3432 iu
2633 3377 2879 3450 symbolo
2910 3376 3182 3450 dit-eretur
3207 3376 3571 3443 (remeam,
3596 3380 3653 3450 o-i
3682 3396 3807 3431 ποιη-

2230 3451 2392 3507 tum.
2426 3450 2501 3505 De
2525 3464 2632 3520 quo
2663 3448 2773 3518 lege
2803 3448 2983 3504 Basilii
3015 3451 3299 3520 epistolam
3350 3452 3417 3506 ad
3452 3448 3807 3520 Antiochenses

2233 3520 2511 3590 scriptam.
2536 3516 2591 3576 et
2622 3516 2780 3575 aliam
2809 3516 3228 3591 Eusebii,'quam
3250 3521 3629 3578 Theodoretus
3656 3516 3807 3591 ccclc:

2233 3585 2466 3648 siastica:
2494 3592 2731 3647 historia:
2759 3593 2985 3646 inseruit
3015 3585 3110 3646 lib'.
3144 3609 3193 3657 ι,
3219 3607 3345 3663 cap.
3379 3595 3471 3649 12.
3520 3591 3651 3648 Vide
3689 3585 3808 3657 apud

2239 3665 2618 3733 Epiphaniam,
2655 3664 2925 3736 haereticus
2958 3663 3241 3732 pravitatis
3276 3667 3649 3736 inquisitorem
3680 3674 3809 3736 accr-

2236 3729 2474 3810 rimum,
2525 3729 2970 3810 propheticarum
3010 3751 3203 3810 vocum
3241 3729 3662 3810 conciliatorem
3703 3729 3811 3810 dili:

2234 3803 2645 3876 gentissimum,
2689 3807 2830 3861 libro
2870 3822 2950 3871 ιιι,
2973 3821 3094 3877 qua:
3130 3807 3200 3862 sit
3240 3807 3385 3864 inter
3413 3806 3587 3863 creari
3616 3813 3668 3860 et
3692 3803 3813 3874 gigni

2235 3878 2559 3934 diﬁ‘erentia.
2586 3879 2909 3933 limum-nus.

2314 3948 2443 4004 Ecce
2463 3990 2477 4011 ,
2509 3961 2614 4005 etc.
2648 3949 2769 4003 lSni.
2802 3965 2873 4003 Ix.
2905 3947 3009 4003 Sed
3037 3947 3151 4004 haec
3178 3965 3286 4004 non
3315 3960 3446 4005 sunt
3473 3948 3687 4004 totidem
3710 3957 3814 3998 ver—

2240 4020 2320 4075 his
2361 4022 2413 4075 in
2455 4022 2763 4090 Scriptura:
2807 4019 2949 4075 unde
2986 4020 3258 4089 conjicere
3302 4022 3465 4087 licet,
3511 4017 3816 4077 Lactantiutu

2239 4094 2552 4147 memoriter
2580 4093 2845 4159 allegasse
2869 4091 3181 4159 Scripturas
3208 4108 3415 4148 sacras.

2311 4162 2626 4233 Singularis.
2659 4155 2773 4219 Vox
2805 4155 3105 4232 theologica
3127 4206 3141 4229 ,
3195 4165 3370 4235 inquit
3404 4163 3679 4235 Betuleius
3697 4176 3711 4225 ;
3737 4155 3819 4211 sed

2240 4249 2348 4288 non
2378 4232 2546 4306 magis
2572 4250 2731 4303 quam
2762 4251 2918 4307 unus,
2951 4236 3151 4307 unicus,
3186 4232 3286 4306 pro
3321 4251 3434 4307 quo
3464 4250 3608 4301 smpe
3636 4232 3822 4307 elegan-

2239 4314 2325 4361 ter
2350 4305 2628 4377 singularis
2655 4307 2822 4376 ponit.
2856 4305 3043 4377 Notavi
3075 4306 3141 4360 ad
3174 4305 3266 4361 lib.
3302 4305 3356 4375 ιζ
3394 4322 3445 4363 c.
3480 4308 3515 4362 4
3547 4308 3641 4377 lin.
3670 4305 3822 4377 Agaue

2240 4392 2304 4432 ac
2329 4377 2414 4431 hic
2432 4373 2528 4433 lib.
2557 4394 2604 4444 ι,
2632 4373 2753 4445 cap.
2781 4378 2877 4432 l5:
2905 4375 3001 4431 Dei
3027 4378 3304 4445 singularis
3327 4373 3387 4433 ac
3415 4380 3521 4434 veri
3539 4376 3686 4432 dixit.
3712 4373 3820 4427 BDN.

3087 4397 3103 4431 ι
3146 4394 3304 4434 utaris
3327 4396 3387 4433 ac
3415 4396 3519 4434 vers
3539 4394 3686 4432 atxn.
3713 4394 3820 4427 nua.

3087 4394 3249 4504 (goth.
3280 4467 3291 4503 :
3325 4450 3503 4504 ablato
3533 4446 3719 4521 perﬁdo
3742 4458 3825 4521 p0-

2243 4521 2397 4591 pulo,
2430 4515 2611 4586 prave.
2637 4520 2756 4576 Lib.
2790 4535 2863 4585 tv,
2901 4515 3024 4591 cap.
3056 4519 3126 4574 2:
3163 4521 3429 4576 Statuerat
3465 4515 3599 4575 Deus
3624 4515 3638 4573 ζ
3664 4557 3678 4571 .
3705 4556 3716 4569 .
3740 4515 3826 4567 du-

2242 4590 2351 4645 cem
2391 4593 2623 4656 mittere,
2667 4593 2776 4665 quig
2798 4608 2910 4665 eam
2940 4590 3205 4659 justitiam
3250 4592 3395 4665 (“hoc
3426 4594 3578 4658 loco,
3613 4596 3823 4665 sanctum

2243 4664 2578 4734 mysterium)
2610 4663 2810 4735 perﬁdo
2838 4663 3139 4733 ingrataque
3169 4662 3362 4735 populo
3393 4664 3623 4719 ablatam
3651 4662 3827 4716 steteris

2242 4735 2535 4788 nationibus
2566 4735 2830 4789 revelaret.
2859 4735 2996 4789 BDN.

2321 4804 2500 4860 Daniel
2529 4821 2726 4876 quoque
2754 4806 2942 4860 similia
2970 4805 3278 4876 praelocutus
3305 4816 3400 4861 est.
3448 4806 3579 4876 Cap.
3617 4818 3702 4858 vn.
3741 4798 3830 4876 lle-3

2243 4876 2373 4931 δι’ξεί
2416 4867 2552 4932 eum'
2570 4867 2846 4946 prophetis
2873 4867 2980 4931 non
3010 4887 3334 4942 accensent;
3367 4867 3541 4933 causa
3563 4886 3676 4940 est,
3704 4867 3829 4944 quod

2242 4948 2408 5002 vitam
2437 4950 2611 5019 egerit
2641 4964 2748 5003 non
2793 4949 3196 5019 propheticam.
3244 4950 3337 5004 sed
3387 4949 3747 5019 Satrapicam,
3784 4949 3832 4992 ιιι

2247 5019 2409 5091 David
2440 5018 2694 5091 regalem.
2719 5018 3013 5087 Quare’cos
3036 5020 3183 5073 aiunt
3206 5021 3496 5089 scripsisse
3517 5018 3725 5090 quidem
3749 5025 3832 5083 per

2245 5090 2836 5163 Spiritnm’Sanctum,
2874 5093 2968 5163 sed
3010 5091 3307 5163 Prophetas
3349 5108 3460 5163 non
3495 5091 3681 5163 fuisse:
3712 5093 3832 5163 atta-

2246 5157 2368 5215 men
2407 5173 2462 5216 et
2492 5162 2767 5226 Christus,
2797 5172 2847 5217 et
2877 5157 3179 5233 Iosephus,
3209 5172 3264 5218 et
3303 5162 3575 5218 catholica
3617 5157 3832 5214 Ecclesia

2249 5233 2520 5287 Danielem
2552 5244 2742 5289 vocant
2772 5235 3108 5303 prophetam.
3146 5234 3227 5288 Ex
3257 5235 3527 5290 Pansam.

2320 5303 2469 5375 Quod
2518 5321 2619 5358 non
2668 5316 3042 5375 corrumpetur.
3094 5306 3306 5360 Amittit
3367 5307 3509 5373 quod
3562 5304 3835 5357 Buneman.

2253 5393 2273 5427 ι
2300 5373 2497 5439 Antea,
2523 5375 2714 5445 inquit,
2747 5373 2920 5431 fuerat
2940 5377 3142 5431 editum
3169 5379 3236 5432 ab
3265 5377 3539 5439 omnibus,
3574 5384 3621 5428 et
3646 5382 3838 5442 regnum

2246 5448 2379 5517 ejus,
2414 5448 2553 5516 quod
2584 5464 2685 5501 non
2714 5458 3085 5516 corrtonpetur.
3113 5452 3281 5517 Atque
3298 5449 3501 5503 habent
3521 5446 3654 5517 quod
3668 5451 3838 5517 textus

2247 5511 2817 5592 Iiebr.,"l_'_ertnl|iauus
2837 5511 3049 5590 quoque
3080 5520 3169 5575 lib.
3199 5511 3259 5573 ἰιι
3285 5563 3297 5583 ,
3330 5511 3596 5592 adversus
3638 5511 3841 5592 Ἁρῇζίξξο·

2247 5604 2370 5643 nem
2406 5607 2418 5643 :
2462 5587 2530 5642 Et
2570 5606 2779 5660 regnum
2819 5582 2978 5655 εἰπερ
3002 5591 3138 5660 quod
3178 5582 3291 5644 noni
3326 5591 3611 5644 vitiabitur.
3658 5582 3842 5641 Nihilo-

2248 5661 2426 5715 minus
2471 5661 2628 5716 omisi
2677 5662 2780 5716 [ide
2805 5662 3007 5717 codicis
3036 5661 3289 5728 Gothani,
3320 5665 3412 5730 qui
3446 5662 3645 5730 pariter
3666 5671 3725 5711 ac
3751 5669 3841 5707 au-

2249 5732 2587 5802 tiquissimus
2617 5733 2965 5789 tauriniensis
3007 5734 3059 5788 in
3088 5732 3232 5803 Epit.
3261 5748 3312 5788 c.
3339 5733 3415 5787 47
3444 5733 3592 5788 clare
3636 5730 3836 5799 legunt:

2253 5817 2299 5859 et
2325 5820 2539 5876 regnum
2579 5808 2690 5874 ejus
2730 5821 2835 5859 non
2869 5815 3245 5877 corrumpetur.
3275 5805 3411 5860 Bun.
3441 5822 3462 5856 ι
