4038 6358
213 257 313 314 481

1080 252 1287 311 LIBER
1326 248 1417 312 Ν.
1460 250 1550 312 DE
1592 252 1777 312 VERA
1818 247 2190 312 SAPIENTIA
2224 252 2313 313 ET
2350 250 2580 313 RELlG.

3423 251 3528 312 482

214 371 471 428 Christus
515 371 602 430 his
641 371 893 428 adveniat
936 370 991 427 in
1034 380 1258 440 terram,
1290 373 1482 440 semel,
1540 383 1598 428 ut
1646 387 1811 428 uiuum
1839 376 1890 436 Α
1917 371 2107 440 sibiles,
2134 380 2190 426 ut
2218 373 2351 427 scias
2379 373 2503 442 quia
2524 388 2616 444 ego
2642 387 2758 428 sum
2786 369 3042 428 Dominus
3082 368 3250 441 Deus,
3287 371 3377 445 qui
3405 385 3527 425 voco

214 465 392 523 Deum
432 466 685 538 gentibus
723 465 969 535 nuntiet,
1007 465 1205 523 deinde
1247 482 1465 535 rursus,
1499 475 1555 521 ut
1597 476 1821 539 regnet:

214 558 494 629 quomodo
524 559 578 614 in
608 559 906 616 secundum
936 557 1054 630 ejus
1093 558 1383 615 adventum
1426 557 1690 627 credunt,
1732 557 1826 630 qui

213 652 269 708 in
298 652 536 721 primum
564 668 671 708 non
702 651 1089 710 crediderunt?

290 745 461 818 Atqui
488 746 749 818 pr0pheta
778 755 1037 818 utrosque
1055 744 1320 802 adventus
1348 745 1468 819 ejus
1492 745 1678 815 paucis
1697 760 1827 800 ver-

214 841 300 898 bis
340 840 780 913 comprehendit.
812 840 975 908 Ecce,
1009 840 1205 910 inquit,
1243 840 1296 896 in
1339 840 1577 896 nubibus
1616 840 1741 896 coeli
1769 847 1827 895 ut

214 932 357 990 ﬁlius
388 933 627 990 hominis
672 934 922 991 veniens.
952 932 1071 989 Non
1114 932 1273 999 dixit,
1309 943 1367 988 ut
1412 932 1552 989 ﬁlius
1580 933 1696 1000 Dei,
1729 931 1826 989 sed

216 1024 362 1082 ﬁlius
387 1025 648 1095 hominis,
678 1034 737 1081 ut
760 1028 1101 1094 ostenderet,
1130 1025 1274 1097 quod
1289 1040 1458 1083 carne
1483 1025 1633 1081 indui
1656 1026 1826 1082 habe-

215 1119 380 1175 retin
407 1128 576 1188 terra,
599 1129 658 1174 ut
685 1127 940 1190 suscepta
960 1118 1199 1175 hominis
1228 1118 1421 1190 ﬁgura,
1446 1119 1829 1176 etconditione

215 1211 456 1280 mortali,
483 1211 706 1268 doceret
746 1212 996 1268 homines
1022 1212 1319 1283 justitiam;
1368 1220 1423 1268 et
1450 1226 1573 1267 cum
1604 1211 1831 1267 manda-

221 1307 289 1363 tis
316 1307 419 1363 Dei
445 1308 683 1373 iunctus,
716 1308 1001 1363 veritatem
1032 1307 1283 1377 gentibus
1313 1306 1615 1363 revelasset
1634 1348 1649 1372 ,
1686 1305 1829 1361 mul-

220 1407 433 1456 taretur
457 1400 622 1456 etiam
673 1411 870 1465 morte,
904 1408 964 1454 ut
1002 1398 1209 1455 inferos
1252 1413 1468 1469 quoque
1499 1400 1742 1455 vinceret
1769 1413 1832 1455 ac

220 1491 549 1563 resignaret,
563 1500 726 1562 atque
745 1493 816 1546 ita
834 1490 1053 1546 demum
1070 1490 1453 1561 resurgens,ad
1473 1490 1686 1546 Patrem
1704 1505 1829 1557 pro-

221 1584 562 1640 ﬁcisceretur
591 1584 646 1639 in
676 1583 1101 1655 nubeisublatus.
1132 1582 1350 1654 Adjecit
1368 1584 1513 1639 enim
1544 1585 1829 1655 propheta,

219 1676 465 1734 etaitzEt
478 1693 647 1748 usque
660 1679 727 1733 ad
743 1679 1025 1749 antiquum
1041 1676 1253 1733 dierum
1271 1677 1535 1748 pervenit,
1554 1687 1606 1733 et
1621 1676 1833 1733 oblatus

1926 481 2110 521 nomen
2154 473 2319 533 tuum,
2361 464 2502 522 Deus
2549 465 2738 521 Israel.
2788 466 3030 537 Denique
3067 465 3140 522 ob
3168 466 3426 521 virtutem
3463 478 3529 519 ac

1924 558 2111 628 ﬁdem,
2141 574 2303 631 quam
2337 559 2447 615 Deo
2468 559 2718 616 exhibuit
2749 559 2803 616 in
2834 570 2998 630 terra,
3033 559 3220 616 datum
3251 567 3335 615 est
3361 558 3416 615 ei
3439 572 3529 615 re-

1924 667 2109 725 gnum,
2140 662 2196 708 et
2221 651 2418 721 honor,
2449 661 2506 709 et
2529 652 2860 724 imperium';
2891 664 2946 709 et
2974 666 3165 709 omnes
3184 651 3400 724 populi,
3425 651 3529 706 tri-

1925 743 2031 799 bus
2052 787 2067 812 ,
2108 743 2306 817 linguae
2328 786 2343 812 ,
2376 746 2619 802 servient
2646 746 2730 813 ei;
2782 754 2838 802 et
2862 753 3102 817 potestas
3138 744 3257 816 ejus
3287 757 3524 811 aeterna,

1929 849 2053 908 qua:
2080 851 2356 908 nunquam
2380 838 2649 907 transibit,
2669 847 2723 894 et
2754 853 2982 909 regnum
3002 837 3122 909 ejus
3147 852 3256 893 non
3281 850 3531 892 corrum-

1927 938 2105 1000 petur.
2137 930 2291 999 Quod
2319 930 2538 1003 quidem
2562 930 2773 988 duobus
2808 931 2984 988 modis
3008 932 3369 1003 intelligitur:
3403 929 3536 1005 quia.

1929 1032 1985 1080 et
2015 1039 2159 1081 nunc
2186 1024 2357 1083 habet
2403 1035 2720 1098 perpetuam
2768 1031 3132 1099 potestatem‘,
3187 1042 3532 1098 cum,omnes

1929 1129 2141 1189 gentes,
2161 1128 2215 1174 et
2243 1134 2434 1175 omnes
2454 1119 2653 1192 linguae
2674 1135 2872 1177 nomen
2902 1121 3020 1192 ejus
3033 1129 3387 1188 venerantur,
3410 1135 3532 1175 ma-

1926 1211 2181 1281 jestatem
2208 1212 2559 1283 conﬁtentur,
2590 1214 2893 1271 doctrinam
2921 1224 3243 1287 sequuntur,
3272 1216 3531 1271 virtutem

1933 1307 2242 1376 imitantur;
2307 1309 2471 1366 habet
2509 1310 2795 1381 imperium
2839 1319 3001 1382 atque
3052 1310 3315 1367 honorem
3344 1352 3360 1376 ,
3405 1325 3530 1367 cum

1934 1415 2126 1458 omnes
2157 1402 2326 1458 tribus
2366 1414 2528 1459 terra:
2571 1404 2857 1475 praeceptis
2882 1404 3001 1473 ejus
3027 1403 3445 1474 obtemperant:
3477 1412 3535 1460 et

1935 1495 2077 1552 idem
2127 1506 2313 1565 postea
2365 1512 2487 1553 cum
2536 1512 2727 1554 rursus
2755 1498 3039 1554 advenerit
3068 1500 3122 1553 in
3171 1506 3441 1568 potestate
3471 1512 3537 1555 ac

1935 1588 2200 1653 claritate,
2230 1600 2288 1645 ut
2315 1604 2531 1645 omnem
2563 1592 2796 1645 animam
2815 1590 3048 1661 judicet,
3076 1599 3132 1646 et
3151 1589 3329 1662 justos
3370 1590 3535 1646 resti-

1938 1691 2052 1735 tuat
2074 1682 2139 1735 ad
2170 1681 2355 1747 vitam,
2386 1691 2511 1737 tunc
2542 1698 2671 1739 vere
2700 1683 2867 1738 totius
2915 1691 3074 1738 terrae
3113 1682 3357 1754 regimen
3390 1681 3535 1738 obti-

218 1779 302 1826 est
332 1769 410 1825 ei.
439 1767 734 1841 Antiquum
763 1769 975 1827 dierum
997 1769 1291 1841 appellavit
1321 1770 1487 1827 Deum
1509 1786 1781 1827 summum
1808 1814 1824 1840 ,
1856 1775 1906 1835 B
1934 1774 2113 1839 nebit;
2161 1783 2288 1830 tunc
2334 1775 2549 1831 sublato
2575 1775 2644 1832 de
2674 1775 2838 1832 rebus
2867 1776 3116 1831 humanis
3161 1775 3311 1830 omni
3343 1755 3533 1843 malo:

218 1860 376 1932 cujus
404 1868 559 1927 tetas,
591 1870 647 1917 et
676 1862 833 1933 origo
876 1877 981 1918 non
1031 1871 1212 1932 potest
1238 1863 1666 1933 comprehendi;
1697 1864 1826 1935 quia

218 1954 371 2009 solus
399 1970 431 2008 a
451 1952 669 2010 sarculis
688 1953 810 2022 iuit,
836 1963 893 2011 et
919 1954 1025 2011 erit
1050 1970 1269 2025 semper
1298 1954 1353 2009 in
1386 1955 1605 2011 saecula.
1638 1954 1828 2012 Chris-

221 2056 336 2104 tum
359 2057 546 2104 autem
575 2056 699 2118 post
730 2049 1034 2119 passionem
1052 2062 1116 2103 ac
1147 2049 1601 2104 resurrectionem
1632 2063 1827 2105 ascen-

220 2157 412 2199 surum
428 2157 552 2199 esse
592 2142 661 2199 ad
687 2143 861 2200 Deum
892 2151 1123 2214 patrem,
1161 2143 1329 2199 David
1358 2144 1414 2200 in
1458 2145 1668 2214 psalmo
1696 2159 1831 2200 cen—

223 2234 424 2292 tesimo
446 2250 594 2292 nono
621 2243 957 2293 contestatus
982 2243 1069 2293 est
1097 2234 1183 2291 his
1209 2235 1394 2293 verbis
1422 2254 1435 2290 :
1470 2234 1616 2292 Dixit
1647 2235 1831 2292 Domi—

222 2347 323 2385 nus
353 2328 578 2385 Domino
607 2346 739 2395 meo,
772 2329 893 2384 sede
914 2346 945 2382 a
970 2329 1167 2385 dextris
1182 2331 1345 2394 meis;
1377 2331 1708 2401 quoadusque
1729 2348 1824 2402 po-

222 2436 346 2475 nam
376 2420 613 2476 inimicos
642 2430 755 2476 tuos
780 2420 1169 2494 suppedaneum
1216 2421 1407 2491 pedum
1451 2431 1683 2477 tuorum.
1731 2423 1832 2490 Qui

225 2516 517 2590 propheta,
567 2532 691 2574 cum
718 2532 813 2574 rex
844 2525 1011 2584 esset,
1046 2532 1207 2588 quem
1252 2516 1527 2587 appellare
1554 2517 1834 2573 dominum

224 2625 390 2667 suum
412 2618 617 2681 posset,
641 2610 735 2681 qui
755 2609 971 2667 sederet
998 2609 1066 2665 ad
1091 2608 1372 2666 dexteram
1392 2609 1507 2677 Dei,
1539 2610 1640 2665 nisi
1659 2608 1838 2666 Chris-

228 2714 343 2761 tum
370 2704 571 2761 Filium
606 2704 723 2769 Dei,
756 2704 849 2775 qui
875 2712 961 2760 est
990 2718 1084 2759 rex
1114 2717 1323 2775 regum,
1356 2711 1410 2758 et
1436 2701 1692 2760 dominus
1738 2702 1837 2758 do-

226 2797 547 2855 minorum?
572 2796 728 2867 Quod
750 2797 938 2853 Esaias
967 2796 1208 2867 apertius
1228 2795 1470 2852 ostendit
1492 2795 1680 2851 dicens
1706 2813 1720 2849 :
1748 2795 1839 2851 Sic

229 2892 357 2947 dicit
404 2890 659 2947 Dominus
685 2889 826 2945 Deus
869 2887 1073 2945 Christo
1100 2889 1307 2944 domino
1357 2906 1491 2956 meo,
1521 2890 1672 2959 cujus
1697 2890 1840 2945 tenui

231 2985 534 3051 dexteram;
590 2983 836 3038 obaudire
862 2990 983 3037 ante
1008 2998 1124 3037 eum
1153 2991 1326 3054 gentes
1365 2982 1575 3053 faciam,
1610 2990 1656 3036 et
1685 2983 1838 3054 farti-

231 3079 468 3135 tudinem
486 3094 663 3151 regum
684 3077 1028 3148 disrumpunt.
1048 3076 1291 3147 Aperiam
1315 3084 1433 3130 ante
1460 3076 1612 3131 illum
1639 3084 1834 3146 portas,

1933 1882 2162 1922 aureum
2182 1867 2442 1923 saeculum
2472 1871 2555 1939 (ut
2576 1877 2752 1940 poetae
2776 1867 3022 1941 vocant),
3056 1868 3109 1923 id
3142 1877 3224 1924 est
3234 1867 3441 1939 justum
3470 1883 3535 1925 ac

1936 1960 2215 2031 paciﬁcum
2247 1970 2461 2033 tempus
2486 1962 2711 2019 orietur.
2736 1962 2843 2020 Sed
2872 1962 2990 2019 haec
3011 1963 3235 2020 uberius
3261 1962 3315 2018 in
3340 1962 3535 2020 ultimo

1935 2054 2073 2111 libro
2104 2056 2454 2125 disseremus,
2494 2073 2619 2114 cum
2671 2058 2740 2114 de
2777 2058 3018 2115 secundo
3061 2057 3294 2115 adventu
3340 2057 3531 2131 loque-

1936 2163 2057 2204 mur
2088 2166 2100 2202 :
2128 2164 2271 2206 nunc
2298 2148 2367 2207 de
2402 2151 2601 2222 primo,
2634 2161 2693 2207 ut
2719 2153 3008 2224 coepimus,
3036 2152 3392 2224 explicemus.

2531 2287 2763 2345 CAPUT
2789 2288 2931 2346 XIII.

2010 2401 2089 2457 De
2118 2400 2244 2458 Jesu
2265 2399 2378 2457 Deo
2401 2412 2447 2457 et
2470 2403 2713 2470 homine;
2745 2414 2894 2475 atque
2921 2405 2984 2459 de
3012 2420 3071 2460 eo
3099 2403 3467 2478 praphetarum

2581 2496 2888 2551 testimonia.

2015 2608 2270 2665 Summus
2294 2609 2455 2680 igitur
2483 2609 2624 2666 Deus
2650 2624 2714 2666 ac
2745 2624 2945 2681 parens
2966 2610 3231 2679 omnium,
3258 2624 3381 2667 cum
3408 2610 3538 2667 reli-

1939 2701 2154 2774 gionem
2181 2717 2334 2758 suam
2363 2702 2660 2758 transferre
2688 2703 2978 2773 voluissetf,
3012 2702 3290 2759 doctorem
3317 2704 3540 2775 justitize

1940 2794 2089 2849 misit
2107 2810 2139 2851 e
2161 2795 2323 2862 coelo,
2349 2804 2407 2850 ut
2427 2795 2582 2850 novis
2607 2794 2909 2851 cultoribus
2938 2809 3137 2852 novam
3175 2795 3349 2866 legem
3381 2795 3434 2850 iu
3474 2810 3543 2852 eo

1939 2886 2028 2942 vel
2056 2903 2155 2958 per
2176 2902 2300 2943 eum
2318 2887 2473 2943 daret
2499 2904 2514 2943 :
2542 2902 2651 2943 non
2674 2888 2819 2943 sicut
2842 2897 2969 2945 ante
2993 2888 3195 2946 iecerat
3226 2904 3321 2960 per
3359 2887 3540 2944 homi-

1941 2996 2099 3037 nem:
2122 2982 2219 3037 sed
2235 2991 2413 3038 tamen
2439 2982 2586 3037 nasci
2609 2998 2732 3039 eum
2756 2983 2925 3038 voluit
2948 2992 3220 3055 tamquam
3242 2983 3541 3050 hominem,

1942 3084 2000 3130 ut
2048 3089 2147 3146 per
2187 3075 2369 3129 omnia
2413 3089 2628 3134 summo
2676 3074 2824 3130 Patri
2852 3074 3051 3131 similis
3092 3076 3372 3131 existeret.
3426 3074 3546 3147 Ipse

230 3184 278 3230 et
300 3174 538 3230 ciuitates
561 3189 668 3229 non
691 3168 1016 3227 claudentur.
1048 3168 1166 3243 Ego
1186 3180 1306 3225 ante
1336 3180 1383 3226 te
1420 3170 1525 3238 ibo,
1567 3179 1615 3225 et
1645 3180 1838 3227 montes
1863 3173 1909 3237 C
1941 3172 2087 3226 enim
2116 3178 2270 3241 pater
2294 3169 2456 3232 Deus,
2489 3176 2544 3225 et
2563 3168 2733 3240 origo,
2760 3179 2814 3225 et
2844 3169 3164 3242 principium
3189 3186 3392 3237 rerum,
3420 3184 3546 3242 quo-

232 3267 525 3338 deplanabo
544 3308 560 3335 ,
593 3276 641 3321 et
682 3266 821 3336 [ores
867 3280 1029 3321 cereas
1057 3274 1339 3331 conteram,
1384 3272 1431 3318 et
1461 3280 1601 3319 seras
1642 3268 1837 3336 ferreas

233 3360 590 3433 confringam;
621 3368 670 3415 et
710 3357 842 3413 dabo
872 3359 961 3413 tibi
992 3357 1258 3413 thesauros
1282 3358 1606 3413 absconditos
1635 3368 1682 3413 et
1706 3358 1836 3414 inui-

1940 3266 2083 3320 niam
2115 3263 2429 3335 parentibus
2451 3272 2623 3328 caret,
2654 3264 2866 3340 ἀπάτωρ
2894 3273 3056 3335 atque
3087 3266 3307 3340 ἀμήτωρ
3336 3279 3366 3317 a
3389 3263 3546 3319 Tris-

1943 3358 2172 3430 megisto
2194 3354 2475 3412 verissime
2501 3354 2838 3422 nominatur,
2869 3355 3014 3427 quod
3042 3370 3111 3412 ex
3141 3356 3295 3411 nullo
3322 3356 3392 3411 sit
3412 3370 3544 3426 pro-

1583 3496 1949 3559 VARIORUM.
1984 3496 2216 3555 NOTAE.

243 3646 248 3649 ’
310 3640 386 3700 Ut
422 3641 656 3699 Christus
686 3640 761 3696 bis
790 3640 1025 3696 adveniat
1054 3639 1109 3695 in
1139 3645 1347 3703 terram,
1369 3647 1474 3696 etc.
1501 3638 1722 3696 Falsum
1745 3640 1848 3697 hoc

227 3724 343 3773 est.
373 3714 453 3770 Ita
479 3727 701 3770 sensere
726 3712 963 3783 illiquos
999 3712 1329 3783 Millenarios
1352 3722 1547 3768 vocant
1569 3753 1584 3777 ,
1616 3728 1847 3781 quorum

229 3800 483 3843 errorem
507 3795 693 3855 postea
732 3781 1086 3855 refutabimus
1108 3781 1198 3855 ubi
1228 3783 1580 3853 quaestionem
1604 3783 1750 3839 illam
1778 3800 1844 3840 ex

229 3856 490 3931 professo
514 3854 767 3912 tractabit
793 3854 1122 3910 Lactantius.
1155 3854 1440 3911 GAqus.

308 3948 483 4005 Carne
510 3947 658 4002 indui
679 3946 885 4001 haberet
915 3947 968 3998 in
1008 3956 1166 4001 terra.
1196 3946 1324 4000 Mss.
1355 3946 1505 4011 Jun.,
1537 3947 1559 4001 1
1597 3943 1779 4014 Colb.,
1814 3949 1836 4002 i

231 4019 482 4077 Claram.
512 4030 568 4075 et
592 4018 724 4074 edit.
752 4018 901 4081 Ald.,
934 4016 1163 4087 Graph.,
1190 4015 1364 4076 Crat..
1391 4034 1544 4072 carne
1569 4018 1719 4072 indui
1747 4021 1841 4074 de-

235 4094 382 4147 beret
407 4093 464 4146 in
488 4099 646 4146 terra.
674 4088 780 4145 Sed
809 4089 1015 4143 haberet
1058 4105 1183 4144 vera
1235 4090 1415 4156 lectiu,
1448 4106 1569 4160 qua:
1599 4091 1838 4146 omnium

233 4164 475 4219 aliorum
495 4162 743 4218 codicum
775 4163 1127 4215 conﬁrmatur
1154 4162 1497 4227 auctoritate,
1527 4170 1582 4216 et
1611 4161 1843 4217 Lactan-

238 4236 302 4291 tii
335 4233 479 4289 infra
505 4249 625 4304 cap.
646 4234 738 4300 30,
759 4232 1080 4304 Apaulopost
1101 4233 1335 4304 initium,
1366 4241 1421 4304 et
1450 4234 1542 4288 lib.
1588 4249 1682 4299 vn,
1718 4249 1837 4304 cap.

236 4308 273 4363 6
278 4348 299 4377 ,
332 4315 461 4362 ante
482 4302 911 4377 linem—indui
929 4302 1154 4377 haberet.
1178 4303 1347 4377 Lego,
1375 4303 1550 4374 inquit
1571 4302 1842 4377 Heuman-

234 4375 374 4441 nus,
403 4378 624 4443 deberet,
650 4385 711 4430 ut
736 4376 785 4429 in
826 4375 962 4431 1515
988 4384 1043 4430 et
1072 4377 1232 4430 1515.
1266 4375 1362 4431 Hic
1389 4387 1473 4447 est
1501 4380 1674 4447 stylus
1708 4376 1842 4432 Lac-

240 4450 405 4508 tantii
442 4459 495 4505 et
542 4447 877 4513 Scriptorum
910 4460 1207 4502 sacrorum.
1256 4447 1407 4502 Lact.
1440 4446 1478 4500 Ι.
1529 4446 1604 4513 tv,
1639 4463 1688 4502 c.
1717 4450 1789 4506 20
1823 4466 1836 4503 :

1954 3638 2110 3709 ch.,
2156 3638 2191 3692 2
2218 3636 2471 3709 Colbert.
2513 3651 2625 3692 rec.
2668 3645 2723 3693 et
2765 3636 2832 3693 12
2870 3637 3118 3708 vulgatis.
3164 3639 3256 3695 Est
3294 3640 3347 3696 in
3396 3650 3547 3700 textu

1953 3707 2118 3782 Hebr.
2170 3717 2226 3765 et
2267 3709 2407 3782 apud
2439 3707 2825 3779 Septuaginta;
2871 3719 2926 3764 et
2956 3707 3090 3782 mss.
3145 3710 3543 3782 Lipsiensibus,

1950 3781 2063 3854 Ego
2080 3790 2197 3867 ante
2216 3781 2446 3907 ezntibo.
2469 3782 2535 3837 Et
2561 3798 2686 3836 mox
2713 3790 2836 3852 post
2854 3781 3149 3848 invisibiles,
3176 3799 3287 3839 cxx
3316 3781 3542 3854 addunt,

1950 3871 2179 3907 auertant
2208 3864 2243 3907 lt
2278 3870 2316 3906 ι.

1948 3853 2179 3908 aperiam
2208 3853 2316 3907 tibi.

1982 3873 2479 3999 Ἢΐὺῗιξξτᾌεζίαηι
2518 3933 2670 3999 atque
2698 3924 2981 3999 honorem.
3002 3925 3079 3981 Ita
3108 3941 3241 3983 mss.
3276 3928 3545 3999 antiquis-

1950 3997 2074 4071 simi
2108 4006 2161 4071 et
2192 3996 2221 4050 7
2253 3996 2393 4071 typis
2420 3999 2625 4071 esensi.
2649 3998 2717 4051 At
2743 3998 3027 4071 scripti}?
3056 4015 3167 4054 rec.
3210 4007 3266 4055 et
3294 3996 3493 4071 vulgati
3515 4001 3548 4055 7

1947 4068 2095 4123 habet
2121 4066 2416 4138 imperium,
2447 4066 2596 4123 habet
2619 4071 2883 4123 honorem.
2907 4068 3033 4126 Haec
3048 4071 3234 4125 ultima
3252 4066 3415 4128 lectio
3441 4087 3548 4129 non

1945 4148 2097 4196 caret
2124 4139 2413 4210 elegantia,
2446 4154 2616 4210 eaque
2647 4138 3023 4196 Lactantiana.

2016 4211 2218 4267 Rursus
2235 4210 2514 4283 advenerit.
2534 4210 2741 4266 Rursus
2768 4211 2834 4283 ad
2857 4212 3132 4283 ingenium
3158 4213 3297 4269 redit
3318 4214 3549 4271 Lactan-

1946 4282 2087 4356 tius;
2110 4291 2273 4356 atque
2295 4282 2489 4356 iterum
2513 4284 2749 4356 somniat
2776 4282 2844 4338 de
2872 4282 3042 4355 regno
3063 4284 3216 4340 mille
3253 4300 3546 4356 annorum,

1945 4354 2088 4425 quod
2110 4353 2159 4408 in
2192 4353 2373 4409 mente
2394 4354 2648 4408 habebat.

2021 4447 2234 4523 Summo
2291 4445 2445 4501 Patri
2480 4447 2685 4523 similis.
2719 4447 2862 4523 biss.
2910 4448 3245 4523 Lipsienses,
3294 4451 3321 4506 1
3362 4451 3546 4523 0011).,

242 4491 407 4590 διῖὀᾶ
429 4491 1843 4590 p'e'rEiiihifé."¢i}irii3ig}}2iﬁ'i$1335.36?diali
1871 4491 1923 4551 Ι)
1951 4491 2317 4584 Επῖἶῖὲἑῐηξ
2342 4491 2685 4573 ἔιῖιὶιηῖἴῖὲῖ
2712 4491 2882 4573 ῦῖιῖὶ.
2910 4491 3551 4579 ᾗὶῖἒίὶίὲὗῖἐῑῖιιῦίῖἱιῖίό

242 4588 469 4648 hwreses
490 4591 731 4646 haberent
760 4590 992 4644 existere.
1021 4588 1382 4643 Tcrtullinnus
1396 4588 1465 4645 de
1487 4590 1848 4646 VelandaVir-

240 4666 375 4735 gine
388 4678 437 4719 c.
456 4662 510 4718 5:
531 4661 612 4717 De
623 4679 725 4734 qua
742 4660 977 4735 Christus
997 4661 1140 4735 nasci
1164 4661 1398 4735 hqbebat,
1419 4676 1470 4716 c.
1493 4665 1520 4735 i_
1530 4660 1555 4715 1
1579 4678 1592 4716 :
1610 4660 1849 4735 Respon-

243 4730 364 4791 deri
387 4750 451 4790 ea:
469 4730 678 4789 adverso
703 4733 936 4787 habebat.
952 4730 1032 4786 Ad
1042 4749 1179 4787 vers.
1205 4731 1231 4788 J
1241 4733 1423 4787 udmus
1448 4750 1461 4786 :
1490 4731 1619 4787 Dari
1637 4732 1850 4788 habebat

241 4807 613 4889 circumcisio;
641 4821 691 4889 ρ.
718 4804 783 4859 8:
814 4802 1165 4889 Enterminari
1194 4803 1396 4889 habena
1419 4821 1438 4869 ;
1459 4805 1677 4889 Caunii
1700 4805 1850 4889 ξηα-

244 4879 400 4934 bebat
426 4878 688 4946 expungi;
719 4891 838 4944 cap.
874 4877 938 4930 14
971 4894 985 4930 :
1015 4876 1235 4947 Agnosci
1256 4876 1405 4929 habet
1422 4892 1440 4939 ,'
1470 4876 1536 4930 de
1577 4875 1853 4947 Baptismo

245 4967 375 5029 cap.
422 4950 490 5004 16
515 4968 552 5029 ᾗ.
568 4935 733 5002 Habet
763 4948 911 5029 tingi.
947 4947 1019 5001 De
1043 4947 1219 5029 Carne
1247 4949 1389 5029 μιν.
1424 4948 1609 5029 cap._.7
1643 4948 1855 5029 :_anci

247 5018 491 5087 haberet;
516 5022 739 5077 Resurr.
762 5020 923 5074 Cara.
948 5034 1065 5089 cap.
1101 5020 1200 5074 M:
1239 5018 1438 5073 [labent
1458 5019 1704 5087 iudicari.
1742 5021 1852 5076 Bu-

248 5108 462 5150 NEIAN.

330 5184 507 5256 Usque
528 5185 597 5239 ad
622 5186 909 5254 antiquum.
940 5183 1158 5256 Sublac.
1182 5192 1239 5238 et
1258 5183 1418 5256 Ven;
1453 5183 1588 5239 MM
1622 5204 1635 5240 :
1685 5185 1857 5251 Usque

251 5254 549 5327 antiquum.
581 5256 649 5312 Ut
674 5256 855 5311 notavi
882 5255 947 5310 ad
973 5255 1064 5310 lib.
1098 5271 1136 5320 ι,
1164 5269 1213 5308 c.
1246 5255 1341 5321 92,
1374 5254 1459 5310 hic
1490 5271 1597 5327 non
1644 5257 1853 5324 probo;

252 5330 462 5386 habent
484 5330 626 5383 enim
658 5327 1054 5398 reliquiomnes
1085 5345 1097 5379 :
1126 5328 1296 5381 variat
1328 5337 1504 5398 tamen
1529 5326 1615 5398 hic
1643 5328 1698 5382 in
1730 5343 1855 5384 ver-

252 5403 365 5459 bis.
397 5399 518 5455 Vid.
537 5413 721 5468 supra,
740 5396 895 5467 usque
918 5398 986 5452 ad
1007 5409 1257 5454 vetustum
1284 5397 1500 5452 dierum.
1531 5396 1854 5469 Cyprianus,

253 5474 296 5531 Ι.
331 5488 372 5528 ιι
404 5470 552 5527 Test.
584 5470 679 5538 26,
708 5486 868 5541 usque
891 5470 959 5524 ad
985 5478 1204 5525 ueterum
1249 5470 1464 5523 dierum.
1499 5470 1630 5525 Rus.

330 5543 543 5601 Esaias.
574 5544 759 5611 Capite
778 5541 1118 5598 scilicetxcv.
1144 5542 1472 5612 Atquamvis
1487 5543 1602 5597 tunc
1626 5541 1859 5612 prophe-

255 5617 333 5673 tia
364 5615 512 5686 Cyro
542 5615 859 5670 nominatim
891 5614 1198 5686 conveniat,
1240 5623 1476 5668 attamen
1517 5613 1857 5685 aliquatenus

256 5702 385 5746 eam
413 5684 634 5742 Christo
661 5685 892 5753 theologi
922 5684 1249 5754 adjudicnnt.

334 5757 455 5831 Ego
478 5768 598 5831 ante
617 5767 664 5812 te
688 5758 792 5831 ibo.
826 5757 1152 5831 Sic_reposui
1185 5772 1257 5831 e_x_
1283 5756 1533 5831 ninnibus
1578 5758 1691 5813 fere
1722 5772 1853 5831 mss.

258 5848 330 5895 ac
358 5828 476 5890 vet.
512 5829 644 5887 edit.
688 5829 870 5900 Rom.,
910 5828 1136 5899 Cellar.,
1188 5828 1400 5885 Walch.
1456 5829 1620 5887 Deest
1661 5840 1710 5887 te
1738 5830 1796 5886 in
1821 5830 1857 5887 3

1954 4590 2295 4664 intelligenda
2310 4599 2392 4664 est
2410 4604 2515 4645 non
2536 4591 2839 4664 consistens
2851 4592 3243 4664 accidentibus,
3264 4610 3383 4664 quae
3406 4595 3550 4651 nulla

1953 4663 2007 4718 in
2041 4664 2204 4717 Deum
2232 4661 2453 4726 cadunt,
2483 4662 2577 4717 sed
2602 4664 2860 4718 essentia.
2894 4663 3123 4719 Videtur
3149 4661 3297 4720 enini
3327 4667 3550 4721 omnino

1954 4735 2011 4791 τὸ
2035 4735 2298 4807 anguem
2321 4733 2462 4788 velle
2482 4733 2844 4807 constituere,
2867 4734 3012 4806 quod
3042 4746 3229 4806 postea
3247 4737 3299 4790 in
3331 4737 3549 4793 Nicaena

1955 4805 2165 4878 synodo
2196 4806 2295 4860 fuit
2319 4806 2670 4860 constitutum
2702 4824 2715 4859 :
2741 4805 2938 4878 nempe
2963 4816 3017 4860 ut
3038 4816 3226 4862 contra
3248 4807 3481 4864 Arianos
3496 4818 3552 4864 et

1955 4876 2090 4932 alias
2114 4876 2346 4955 haereses
2367 4877 2758 4955 conﬁterentur
2781 4919 2796 4944 ,
2821 4876 3021 4955 _'lno'oﬁu
3066 4881 3286 4955 Χριστὸν
3326 4881 3431 4955 υἱὸν
3460 4887 3548 4936 τοῦ

1956 4955 2106 5017 Θεοῦ,
2136 4950 2430 5024 γεννηθέντα
2452 4950 2504 5004 ἐκ
2530 4956 2637 5024 ᾐτοῦ
2671 4949 2869 5024 Πατρός
2911 4949 3171 5023 pomerii,
3207 4953 3470 5009 τουτέστιν
3496 4954 3553 5009 ἐκ

1957 5030 2050 5098 τῆς
2074 5022 2352 5098 anatinam?
2382 5022 2598 5098 navos,
2627 5022 2749 5098 Θεὸν
2781 5022 2845 5076 ἔκ
2869 5022 3133 5098 Θεῂηκαὶ
3160 5029 3263 5096 φῶς
3283 5024 3344 5098 in
3351 5026 3548 5098 90916;,

1957 5092 2061 5147 θεὸν
2084 5093 2301 5152 ἀληθινὸν
2327 5094 2381 5148 ἐκ
2402 5091 2512 5148 Osci”:
2538 5093 2784 5161 ἀληθινοῦ,
2813 5103 2919 5149 etc.
2948 5091 3070 5147 Fuit
3098 5091 3278 5149 au'tem
3305 5091 3551 5151 Christus

1960 5163 2165 5234 homini
2193 5164 2353 5234 etiam
2383 5163 2453 5217 ita
2481 5164 2695 5231 similis,
2720 5171 3047 5234 utpeccator
3067 5164 3360 5221 videretur.
3389 5166 3546 5222 Rom.

1960 5251 2082 5310 _v_nt:
2112 5233 2247 5310 Deus
2277 5233 2472 5310 Filium
2491 5234 2629 5289 misit
2655 5236 2709 5289 in
2736 5233 3126 5310 similitudinem
3140 5235 3312 5310 carnis
3332 5239 3549 5310 peccati.

1959 5306 2097 5363 Hinc
2127 5308 2287 5362 etiam
2321 5306 2497 5375 capite
2526 5307 2773 5374 sequenti
2794 5322 2861 5363 ex
2892 5305 3165 5363 Zachariae
3195 5305 3403 5366 visione
3426 5324 3550 5366 sor-

1961 5379 2100 5435 didis
2127 5376 2460 5434 vestimentis
2478 5378 2704 5433 amictus
2731 5386 2973 5450 apparet.
3005 5378 3333 5436 Bsrunems.

2033 5469 2267 5547 ’Δπάτωρ
2283 5480 2435 5548 atque
2448 5472 2683 5548 ἀμῄτωρ.
2702 5469 2815 5548 llnc
2840 5468 2982 5524 idem
3000 5468 3233 5548 Cyr-illus
3258 5481 3445 5528 contra
3459 5473 3554 5529 .lu-

1960 5543 2162 5599 lianum
2178 5541 2381 5597 monet.
2404 5541 2554 5615 Pauli
2580 5541 2831 5615 epistola,
2855 5558 2975 5611 qua:
2991 5543 3057 5597 ad
3074 5541 3333 5600 Hebraeos
3352 5547 3553 5615 scripta

1961 5621 2201 5684 est,cap.
2219 5628 2317 5680 vn,
2343 5612 2570 5667 multum
2594 5612 2730 5685 lucis
2748 5613 2873 5667 hinc
2894 5615 3145 5685 acquirit;
3174 5631 3350 5685 neque
3368 5612 3556 5672 hic'lo~

1962 5699 2059 5741 cus
2085 5686 2204 5740 sine
2221 5684 2311 5739 illo
2335 5692 2480 5757 recte
2503 5684 2855 5757 intelligetur.
2877 5684 3045 5742 Docet
3060 5687 3202 5742 enim
3225 5684 3297 5743 ibi
3319 5689 3555 5757 Aposto-

1962 5758 2047 5812 lus
2070 5799 2084 5821 ,
2112 5771 2295 5828 regem
2328 5755 2511 5828 salem
2537 5756 2956 5828 Melchisedech,
2993 5758 3085 5828 qui
3116 5758 3259 5815 idem
3301 5755 3557 5815 altissimi

1965 5829 2061 5887 Dei
2080 5826 2330 5887 Pontifex
2358 5827 2480 5899 iuit,
2515 5829 2568 5885 in
2596 5843 2663 5886 eo
2686 5826 2887 5887 Christi
2919 5826 3102 5905 typum
3124 5833 3380 5906 gessisse,
3412 5830 3557 5909 quad
