  <div class='ocr_page' id='page_1' title='image "/cluster/home/n/w/nwhite01/storage/ocr_20150623/6/hvd.32044015471238/258.png"; bbox 0 0 4038 6358; ppageno 0'>
   <div class='ocr_carea' id='block_1_1' title="bbox 198 295 304 361">
    <p class='ocr_par' dir='ltr' id='par_1_1' title="bbox 198 295 304 361">
     <span class='ocr_line' id='line_1_1' title="bbox 198 295 304 361; baseline 0.038 -4"><span class='ocrx_word' id='word_1_1' title='bbox 198 295 304 361; x_wconf 71' lang='grc'><strong>485</strong></span> 
     </span>
    </p>
   </div>
   <div class='ocr_carea' id='block_1_2' title="bbox 1049 281 2552 359">
    <p class='ocr_par' dir='ltr' id='par_1_2' title="bbox 1049 281 2552 359">
     <span class='ocr_line' id='line_1_2' title="bbox 1049 281 2552 359; baseline -0.002 -7"><span class='ocrx_word' id='word_1_2' title='bbox 1049 295 1257 354; x_wconf 80' lang='lat' dir='ltr'><strong>LIBER</strong></span> <span class='ocrx_word' id='word_1_3' title='bbox 1295 281 1385 353; x_wconf 87' lang='lat' dir='ltr'><strong>iv.</strong></span> <span class='ocrx_word' id='word_1_4' title='bbox 1431 292 1522 355; x_wconf 86' lang='lat' dir='ltr'><strong>DE</strong></span> <span class='ocrx_word' id='word_1_5' title='bbox 1561 291 1752 353; x_wconf 75' lang='lat' dir='ltr'><strong>VERA</strong></span> <span class='ocrx_word' id='word_1_6' title='bbox 1789 289 2157 359; x_wconf 67' lang='lat' dir='ltr'><strong>SAPIENTIA</strong></span> <span class='ocrx_word' id='word_1_7' title='bbox 2195 294 2283 355; x_wconf 85' lang='lat' dir='ltr'><strong>ET</strong></span> <span class='ocrx_word' id='word_1_8' title='bbox 2324 294 2552 354; x_wconf 75' lang='lat' dir='ltr'><strong>usue.</strong></span> 
     </span>
    </p>
   </div>
   <div class='ocr_carea' id='block_1_3' title="bbox 3400 286 3506 352">
    <p class='ocr_par' dir='ltr' id='par_1_3' title="bbox 3400 286 3506 352">
     <span class='ocr_line' id='line_1_3' title="bbox 3400 286 3506 352; baseline -0.009 0"><span class='ocrx_word' id='word_1_9' title='bbox 3400 286 3506 352; x_wconf 63' lang='lat'><strong>£86</strong></span> 
     </span>
    </p>
   </div>
   <div class='ocr_carea' id='block_1_4' title="bbox 194 409 3509 490">
    <p class='ocr_par' dir='ltr' id='par_1_4' title="bbox 194 409 3509 490">
     <span class='ocr_line' id='line_1_4' title="bbox 194 409 3509 490; baseline -0 -22"><span class='ocrx_word' id='word_1_10' title='bbox 194 415 436 486; x_wconf 77' lang='lat' dir='ltr'><strong>pientes,</strong></span> <span class='ocrx_word' id='word_1_11' title='bbox 471 412 563 487; x_wconf 85' lang='lat' dir='ltr'><strong>qui</strong></span> <span class='ocrx_word' id='word_1_12' title='bbox 587 418 905 486; x_wconf 85' lang='lat' dir='ltr'><strong>sequuntur,</strong></span> <span class='ocrx_word' id='word_1_13' title='bbox 938 426 1040 471; x_wconf 85' lang='lat' dir='ltr'><strong>nec</strong></span> <span class='ocrx_word' id='word_1_14' title='bbox 1058 412 1154 471; x_wconf 84' lang='lat' dir='ltr'><strong>ulli</strong></span> <span class='ocrx_word' id='word_1_15' title='bbox 1179 414 1290 470; x_wconf 92' lang='lat' dir='ltr'><strong>alii.</strong></span> <span class='ocrx_word' id='word_1_16' title='bbox 1321 410 1430 469; x_wconf 90' lang='lat' dir='ltr'><strong>Cur</strong></span> <span class='ocrx_word' id='word_1_17' title='bbox 1451 413 1612 485; x_wconf 79' lang='lat' dir='ltr'><strong>igitur</strong></span> <span class='ocrx_word' id='word_1_18' title='bbox 1632 411 1792 483; x_wconf 86' lang='lat' dir='ltr'><strong>vulgo</strong></span> <span class='ocrx_word' id='word_1_19' title='bbox 1819 411 1873 477; x_wconf 78' lang='grc' dir='ltr'><strong>Α,</strong></span> <span class='ocrx_word' id='word_1_20' title='bbox 1899 409 2123 482; x_wconf 76' lang='lat' dir='ltr'><strong>Spiritus</strong></span> <span class='ocrx_word' id='word_1_21' title='bbox 2150 411 2270 480; x_wconf 88' lang='lat' dir='ltr'><strong>Dei,</strong></span> <span class='ocrx_word' id='word_1_22' title='bbox 2310 414 2519 485; x_wconf 78' lang='lat' dir='ltr'><strong>spiritus</strong></span> <span class='ocrx_word' id='word_1_23' title='bbox 2545 411 2813 486; x_wconf 72' lang='lat' dir='ltr'><strong>sapientia</strong></span> <span class='ocrx_word' id='word_1_24' title='bbox 2848 419 2917 490; x_wconf 31' lang='lat' dir='ltr'><strong>et.</strong></span> <span class='ocrx_word' id='word_1_25' title='bbox 2940 412 3248 478; x_wconf 84' lang='lat' dir='ltr'><strong>intellectus,</strong></span> <span class='ocrx_word' id='word_1_26' title='bbox 3295 411 3509 483; x_wconf 81' lang='lat' dir='ltr'><strong>spiritus</strong></span> 
     </span>
    </p>
   </div>
   <div class='ocr_carea' id='block_1_5' title="bbox 191 507 1799 581">
    <p class='ocr_par' dir='ltr' id='par_1_5' title="bbox 191 507 1799 581">
     <span class='ocr_line' id='line_1_5' title="bbox 191 507 1799 581; baseline -0.001 -18"><span class='ocrx_word' id='word_1_27' title='bbox 191 523 291 581; x_wconf 87' lang='lat' dir='ltr'><strong>pro</strong></span> <span class='ocrx_word' id='word_1_28' title='bbox 334 507 546 578; x_wconf 85' lang='lat' dir='ltr'><strong>stultis,</strong></span> <span class='ocrx_word' id='word_1_29' title='bbox 579 517 634 564; x_wconf 90' lang='lat' dir='ltr'><strong>et</strong></span> <span class='ocrx_word' id='word_1_30' title='bbox 662 510 846 579; x_wconf 81' lang='lat' dir='ltr'><strong>vanis,</strong></span> <span class='ocrx_word' id='word_1_31' title='bbox 875 517 929 567; x_wconf 87' lang='lat' dir='ltr'><strong>et</strong></span> <span class='ocrx_word' id='word_1_32' title='bbox 957 508 1151 581; x_wconf 87' lang='lat' dir='ltr'><strong>ineptis</strong></span> <span class='ocrx_word' id='word_1_33' title='bbox 1183 508 1466 573; x_wconf 88' lang='lat' dir='ltr'><strong>habemur,</strong></span> <span class='ocrx_word' id='word_1_34' title='bbox 1500 507 1591 578; x_wconf 87' lang='lat' dir='ltr'><strong>qui</strong></span> <span class='ocrx_word' id='word_1_35' title='bbox 1621 514 1799 563; x_wconf 87' lang='lat' dir='ltr'><strong>secta-</strong></span> 
     </span>
    </p>
   </div>
   <div class='ocr_carea' id='block_1_6' title="bbox 192 598 1803 675">
    <p class='ocr_par' dir='ltr' id='par_1_6' title="bbox 192 598 1803 675">
     <span class='ocr_line' id='line_1_6' title="bbox 192 598 1803 675; baseline -0.001 -18"><span class='ocrx_word' id='word_1_36' title='bbox 192 618 316 661; x_wconf 89' lang='lat' dir='ltr'><strong>mur</strong></span> <span class='ocrx_word' id='word_1_37' title='bbox 346 603 667 675; x_wconf 86' lang='lat' dir='ltr'><strong>magistrum</strong></span> <span class='ocrx_word' id='word_1_38' title='bbox 689 644 706 671; x_wconf 89' lang='lat'><strong>,</strong></span> <span class='ocrx_word' id='word_1_39' title='bbox 739 603 902 661; x_wconf 87' lang='lat' dir='ltr'><strong>etiam</strong></span> <span class='ocrx_word' id='word_1_40' title='bbox 929 602 1172 674; x_wconf 89' lang='lat' dir='ltr'><strong>ipsorum</strong></span> <span class='ocrx_word' id='word_1_41' title='bbox 1199 600 1426 658; x_wconf 90' lang='lat' dir='ltr'><strong>deorum</strong></span> <span class='ocrx_word' id='word_1_42' title='bbox 1454 598 1803 656; x_wconf 79' lang='lat' dir='ltr'><strong>confessione</strong></span> 
     </span>
    </p>
   </div>
   <div class='ocr_carea' id='block_1_7' title="bbox 190 695 1801 770">
    <p class='ocr_par' dir='ltr' id='par_1_7' title="bbox 190 695 1801 770">
     <span class='ocr_line' id='line_1_7' title="bbox 190 695 1801 770; baseline -0.002 -18"><span class='ocrx_word' id='word_1_43' title='bbox 190 696 705 769; x_wconf 71' lang='lat' dir='ltr'><strong>sapientemiNam</strong></span> <span class='ocrx_word' id='word_1_44' title='bbox 732 697 876 770; x_wconf 89' lang='lat' dir='ltr'><strong>quod</strong></span> <span class='ocrx_word' id='word_1_45' title='bbox 922 698 1029 766; x_wconf 92' lang='lat' dir='ltr'><strong>ait,</strong></span> <span class='ocrx_word' id='word_1_46' title='bbox 1075 697 1415 769; x_wconf 89' lang='lat' dir='ltr'><strong>portentiﬁca</strong></span> <span class='ocrx_word' id='word_1_47' title='bbox 1444 695 1592 751; x_wconf 89' lang='lat' dir='ltr'><strong>illum</strong></span> <span class='ocrx_word' id='word_1_48' title='bbox 1637 708 1801 765; x_wconf 85' lang='lat' dir='ltr'><strong>opera</strong></span> 
     </span>
    </p>
   </div>
   <div class='ocr_carea' id='block_1_8' title="bbox 189 789 1801 865">
    <p class='ocr_par' dir='ltr' id='par_1_8' title="bbox 189 789 1801 865">
     <span class='ocr_line' id='line_1_8' title="bbox 189 789 1801 865; baseline -0.002 -19"><span class='ocrx_word' id='word_1_49' title='bbox 189 790 388 849; x_wconf 76' lang='lat' dir='ltr'><strong>fecisse</strong></span> <span class='ocrx_word' id='word_1_50' title='bbox 406 834 422 861; x_wconf 90' lang='lat'><strong>,</strong></span> <span class='ocrx_word' id='word_1_51' title='bbox 450 807 558 865; x_wconf 91' lang='lat' dir='ltr'><strong>quo</strong></span> <span class='ocrx_word' id='word_1_52' title='bbox 586 793 821 849; x_wconf 82' lang='lat' dir='ltr'><strong>maxime</strong></span> <span class='ocrx_word' id='word_1_53' title='bbox 846 791 1142 849; x_wconf 85' lang='lat' dir='ltr'><strong>divinitatis</strong></span> <span class='ocrx_word' id='word_1_54' title='bbox 1166 789 1330 847; x_wconf 93' lang='lat' dir='ltr'><strong>ﬁdem</strong></span> <span class='ocrx_word' id='word_1_55' title='bbox 1358 789 1577 857; x_wconf 89' lang='lat' dir='ltr'><strong>meruit,</strong></span> <span class='ocrx_word' id='word_1_56' title='bbox 1608 802 1801 844; x_wconf 80' lang='lat' dir='ltr'><strong>assen-</strong></span> 
     </span>
    </p>
   </div>
   <div class='ocr_carea' id='block_1_9' title="bbox 193 882 1802 958">
    <p class='ocr_par' dir='ltr' id='par_1_9' title="bbox 193 882 1802 958">
     <span class='ocr_line' id='line_1_9' title="bbox 193 882 1802 958; baseline -0.001 -18"><span class='ocrx_word' id='word_1_57' title='bbox 193 883 281 940; x_wconf 89' lang='lat' dir='ltr'><strong>tiri</strong></span> <span class='ocrx_word' id='word_1_58' title='bbox 306 886 471 943; x_wconf 90' lang='lat' dir='ltr'><strong>nobis</strong></span> <span class='ocrx_word' id='word_1_59' title='bbox 494 887 606 958; x_wconf 90' lang='lat' dir='ltr'><strong>jam</strong></span> <span class='ocrx_word' id='word_1_60' title='bbox 638 885 870 952; x_wconf 88' lang='lat' dir='ltr'><strong>videtur,</strong></span> <span class='ocrx_word' id='word_1_61' title='bbox 901 901 1025 943; x_wconf 91' lang='lat' dir='ltr'><strong>cum</strong></span> <span class='ocrx_word' id='word_1_62' title='bbox 1053 885 1187 942; x_wconf 92' lang='lat' dir='ltr'><strong>dicit</strong></span> <span class='ocrx_word' id='word_1_63' title='bbox 1212 885 1403 941; x_wconf 88' lang='lat' dir='ltr'><strong>eadem</strong></span> <span class='ocrx_word' id='word_1_64' title='bbox 1425 925 1441 950; x_wconf 91' lang='lat'><strong>,</strong></span> <span class='ocrx_word' id='word_1_65' title='bbox 1476 882 1672 955; x_wconf 86' lang='lat' dir='ltr'><strong>quibus</strong></span> <span class='ocrx_word' id='word_1_66' title='bbox 1703 896 1802 939; x_wconf 85' lang='lat' dir='ltr'><strong>nos</strong></span> 
     </span>
    </p>
   </div>
   <div class='ocr_carea' id='block_1_10' title="bbox 191 976 1804 1053">
    <p class='ocr_par' dir='ltr' id='par_1_10' title="bbox 191 976 1804 1053">
     <span class='ocr_line' id='line_1_10' title="bbox 191 976 1804 1053; baseline 0 -19"><span class='ocrx_word' id='word_1_67' title='bbox 191 977 511 1049; x_wconf 81' lang='lat' dir='ltr'><strong>gloriamur.</strong></span> <span class='ocrx_word' id='word_1_68' title='bbox 546 979 651 1037; x_wconf 89' lang='lat' dir='ltr'><strong>Sed</strong></span> <span class='ocrx_word' id='word_1_69' title='bbox 690 979 895 1053; x_wconf 78' lang='lat' dir='ltr'><strong>colligit.</strong></span> <span class='ocrx_word' id='word_1_70' title='bbox 931 995 990 1036; x_wconf 88' lang='lat' dir='ltr'><strong>se</strong></span> <span class='ocrx_word' id='word_1_71' title='bbox 1018 989 1236 1046; x_wconf 90' lang='lat' dir='ltr'><strong>tamen,</strong></span> <span class='ocrx_word' id='word_1_72' title='bbox 1265 986 1320 1036; x_wconf 90' lang='lat' dir='ltr'><strong>et</strong></span> <span class='ocrx_word' id='word_1_73' title='bbox 1348 977 1416 1033; x_wconf 93' lang='lat' dir='ltr'><strong>ad</strong></span> <span class='ocrx_word' id='word_1_74' title='bbox 1442 976 1804 1034; x_wconf 78' lang='lat' dir='ltr'><strong>dtemoniacas</strong></span> 
     </span>
    </p>
   </div>
   <div class='ocr_carea' id='block_1_11' title="bbox 190 1070 1800 1137">
    <p class='ocr_par' dir='ltr' id='par_1_11' title="bbox 190 1070 1800 1137">
     <span class='ocr_line' id='line_1_11' title="bbox 190 1070 1800 1137; baseline -0.002 -9"><span class='ocrx_word' id='word_1_75' title='bbox 190 1072 413 1129; x_wconf 80' lang='lat' dir='ltr'><strong>fraudes</strong></span> <span class='ocrx_word' id='word_1_76' title='bbox 442 1073 606 1130; x_wconf 81' lang='lat' dir='ltr'><strong>redit.</strong></span> <span class='ocrx_word' id='word_1_77' title='bbox 636 1072 770 1133; x_wconf 88' lang='lat' dir='ltr'><strong>Cum</strong></span> <span class='ocrx_word' id='word_1_78' title='bbox 798 1074 942 1135; x_wconf 85' lang='lat' dir='ltr'><strong>enim</strong></span> <span class='ocrx_word' id='word_1_79' title='bbox 969 1089 1155 1131; x_wconf 87' lang='lat' dir='ltr'><strong>verum</strong></span> <span class='ocrx_word' id='word_1_80' title='bbox 1188 1070 1513 1128; x_wconf 81' lang='lat' dir='ltr'><strong>necessitate</strong></span> <span class='ocrx_word' id='word_1_81' title='bbox 1539 1070 1800 1137; x_wconf 82' lang='lat' dir='ltr'><strong>dixisset,</strong></span> 
     </span>
    </p>
   </div>
   <div class='ocr_carea' id='block_1_12' title="bbox 186 1159 1804 1236">
    <p class='ocr_par' dir='ltr' id='par_1_12' title="bbox 186 1159 1804 1236">
     <span class='ocr_line' id='line_1_12' title="bbox 186 1159 1804 1236; baseline -0.001 -17"><span class='ocrx_word' id='word_1_82' title='bbox 186 1163 297 1235; x_wconf 89' lang='lat' dir='ltr'><strong>jam</strong></span> <span class='ocrx_word' id='word_1_83' title='bbox 324 1164 557 1222; x_wconf 85' lang='lat' dir='ltr'><strong>deorum</strong></span> <span class='ocrx_word' id='word_1_84' title='bbox 583 1180 647 1221; x_wconf 86' lang='lat' dir='ltr'><strong>ac</strong></span> <span class='ocrx_word' id='word_1_85' title='bbox 686 1164 770 1222; x_wconf 90' lang='lat' dir='ltr'><strong>sui</strong></span> <span class='ocrx_word' id='word_1_86' title='bbox 799 1164 1043 1236; x_wconf 88' lang='lat' dir='ltr'><strong>proditor</strong></span> <span class='ocrx_word' id='word_1_87' title='bbox 1083 1162 1405 1229; x_wconf 76' lang='lat' dir='ltr'><strong>videbatur;</strong></span> <span class='ocrx_word' id='word_1_88' title='bbox 1433 1161 1537 1217; x_wconf 90' lang='lat' dir='ltr'><strong>nisi</strong></span> <span class='ocrx_word' id='word_1_89' title='bbox 1557 1159 1703 1232; x_wconf 89' lang='lat' dir='ltr'><strong>quod</strong></span> <span class='ocrx_word' id='word_1_90' title='bbox 1734 1160 1804 1217; x_wconf 86' lang='lat' dir='ltr'><strong>ab</strong></span> 
     </span>
    </p>
   </div>
   <div class='ocr_carea' id='block_1_13' title="bbox 194 1252 1798 1328">
    <p class='ocr_par' dir='ltr' id='par_1_13' title="bbox 194 1252 1798 1328">
     <span class='ocr_line' id='line_1_13' title="bbox 194 1252 1798 1328; baseline -0.005 -15"><span class='ocrx_word' id='word_1_91' title='bbox 194 1270 258 1313; x_wconf 89' lang='lat' dir='ltr'><strong>eo</strong></span> <span class='ocrx_word' id='word_1_92' title='bbox 285 1257 494 1313; x_wconf 87' lang='lat' dir='ltr'><strong>veritas</strong></span> <span class='ocrx_word' id='word_1_93' title='bbox 523 1267 904 1328; x_wconf 85' lang='lat' dir='ltr'><strong>expresserat,</strong></span> <span class='ocrx_word' id='word_1_94' title='bbox 955 1254 1241 1313; x_wconf 89' lang='lat' dir='ltr'><strong>mendacio</strong></span> <span class='ocrx_word' id='word_1_95' title='bbox 1268 1252 1520 1320; x_wconf 84' lang='lat' dir='ltr'><strong>fallente,</strong></span> <span class='ocrx_word' id='word_1_96' title='bbox 1548 1252 1798 1310; x_wconf 83' lang='lat' dir='ltr'><strong>celasset.</strong></span> 
     </span>
    </p>
   </div>
   <div class='ocr_carea' id='block_1_14' title="bbox 192 1344 1804 1421">
    <p class='ocr_par' dir='ltr' id='par_1_14' title="bbox 192 1344 1804 1421">
     <span class='ocr_line' id='line_1_14' title="bbox 192 1344 1804 1421; baseline -0.004 -16"><span class='ocrx_word' id='word_1_97' title='bbox 192 1347 279 1405; x_wconf 79' lang='lat' dir='ltr'><strong>Ait</strong></span> <span class='ocrx_word' id='word_1_98' title='bbox 304 1363 442 1421; x_wconf 88' lang='lat' dir='ltr'><strong>ergo</strong></span> <span class='ocrx_word' id='word_1_99' title='bbox 457 1391 471 1416; x_wconf 91' lang='lat'><strong>,</strong></span> <span class='ocrx_word' id='word_1_100' title='bbox 507 1350 657 1407; x_wconf 88' lang='lat' dir='ltr'><strong>illum</strong></span> <span class='ocrx_word' id='word_1_101' title='bbox 680 1349 875 1407; x_wconf 81' lang='lat' dir='ltr'><strong>fecisse</strong></span> <span class='ocrx_word' id='word_1_102' title='bbox 895 1346 1111 1420; x_wconf 84' lang='lat' dir='ltr'><strong>quidem</strong></span> <span class='ocrx_word' id='word_1_103' title='bbox 1133 1362 1297 1417; x_wconf 85' lang='lat' dir='ltr'><strong>opera</strong></span> <span class='ocrx_word' id='word_1_104' title='bbox 1322 1344 1587 1412; x_wconf 87' lang='lat' dir='ltr'><strong>miranda,</strong></span> <span class='ocrx_word' id='word_1_105' title='bbox 1612 1358 1804 1400; x_wconf 90' lang='lat' dir='ltr'><strong>verum</strong></span> 
     </span>
    </p>
   </div>
   <div class='ocr_carea' id='block_1_15' title="bbox 192 1434 1805 1512">
    <p class='ocr_par' dir='ltr' id='par_1_15' title="bbox 192 1434 1805 1512">
     <span class='ocr_line' id='line_1_15' title="bbox 192 1434 1805 1512; baseline -0.002 -16"><span class='ocrx_word' id='word_1_106' title='bbox 192 1458 298 1497; x_wconf 89' lang='lat' dir='ltr'><strong>non</strong></span> <span class='ocrx_word' id='word_1_107' title='bbox 330 1441 520 1499; x_wconf 89' lang='lat' dir='ltr'><strong>divina</strong></span> <span class='ocrx_word' id='word_1_108' title='bbox 552 1441 756 1499; x_wconf 88' lang='lat' dir='ltr'><strong>virtute</strong></span> <span class='ocrx_word' id='word_1_109' title='bbox 776 1483 792 1510; x_wconf 93' lang='lat'><strong>,</strong></span> <span class='ocrx_word' id='word_1_110' title='bbox 823 1440 920 1499; x_wconf 87' lang='lat' dir='ltr'><strong>sed</strong></span> <span class='ocrx_word' id='word_1_111' title='bbox 946 1440 1177 1512; x_wconf 83' lang='lat' dir='ltr'><strong>magica.</strong></span> <span class='ocrx_word' id='word_1_112' title='bbox 1206 1438 1348 1507; x_wconf 84' lang='lat' dir='ltr'><strong>Quid</strong></span> <span class='ocrx_word' id='word_1_113' title='bbox 1377 1438 1598 1506; x_wconf 90' lang='lat' dir='ltr'><strong>mirum,</strong></span> <span class='ocrx_word' id='word_1_114' title='bbox 1626 1436 1672 1493; x_wconf 89' lang='lat' dir='ltr'><strong>si</strong></span> <span class='ocrx_word' id='word_1_115' title='bbox 1702 1434 1805 1493; x_wconf 87' lang='lat' dir='ltr'><strong>hoc</strong></span> 
     </span>
    </p>
   </div>
   <div class='ocr_carea' id='block_1_16' title="bbox 190 1528 1805 1607">
    <p class='ocr_par' dir='ltr' id='par_1_16' title="bbox 190 1528 1805 1607">
     <span class='ocr_line' id='line_1_16' title="bbox 190 1528 1805 1607; baseline -0.004 -15"><span class='ocrx_word' id='word_1_116' title='bbox 190 1532 393 1607; x_wconf 78' lang='lat' dir='ltr'><strong>Apollo</strong></span> <span class='ocrx_word' id='word_1_117' title='bbox 425 1535 709 1592; x_wconf 82' lang='lat' dir='ltr'><strong>veritatem</strong></span> <span class='ocrx_word' id='word_1_118' title='bbox 736 1534 1114 1607; x_wconf 80' lang='lat' dir='ltr'><strong>ignorantibus</strong></span> <span class='ocrx_word' id='word_1_119' title='bbox 1145 1532 1447 1605; x_wconf 89' lang='lat' dir='ltr'><strong>persuasit,</strong></span> <span class='ocrx_word' id='word_1_120' title='bbox 1478 1546 1605 1589; x_wconf 90' lang='lat' dir='ltr'><strong>cum</strong></span> <span class='ocrx_word' id='word_1_121' title='bbox 1631 1528 1805 1589; x_wconf 72' lang='lat' dir='ltr'><strong>Judaei</strong></span> 
     </span>
    </p>
   </div>
   <div class='ocr_carea' id='block_1_17' title="bbox 190 1626 1806 1702">
    <p class='ocr_par' dir='ltr' id='par_1_17' title="bbox 190 1626 1806 1702">
     <span class='ocr_line' id='line_1_17' title="bbox 190 1626 1806 1702; baseline -0.001 -18"><span class='ocrx_word' id='word_1_122' title='bbox 190 1644 450 1702; x_wconf 86' lang='lat' dir='ltr'><strong>quoque,</strong></span> <span class='ocrx_word' id='word_1_123' title='bbox 481 1629 718 1687; x_wconf 86' lang='lat' dir='ltr'><strong>cultores</strong></span> <span class='ocrx_word' id='word_1_124' title='bbox 763 1630 860 1702; x_wconf 92' lang='lat' dir='ltr'><strong>(ut</strong></span> <span class='ocrx_word' id='word_1_125' title='bbox 910 1628 1250 1701; x_wconf 80' lang='lat' dir='ltr'><strong>videbantur)</strong></span> <span class='ocrx_word' id='word_1_126' title='bbox 1280 1628 1476 1684; x_wconf 87' lang='lat' dir='ltr'><strong>summi</strong></span> <span class='ocrx_word' id='word_1_127' title='bbox 1520 1626 1655 1693; x_wconf 88' lang='lat' dir='ltr'><strong>Dei,</strong></span> <span class='ocrx_word' id='word_1_128' title='bbox 1702 1627 1806 1682; x_wconf 85' lang='lat' dir='ltr'><strong>hoc</strong></span> 
     </span>
    </p>
   </div>
   <div class='ocr_carea' id='block_1_18' title="bbox 191 1718 1806 1793">
    <p class='ocr_par' dir='ltr' id='par_1_18' title="bbox 191 1718 1806 1793">
     <span class='ocr_line' id='line_1_18' title="bbox 191 1718 1806 1793; baseline 0 -17"><span class='ocrx_word' id='word_1_129' title='bbox 191 1720 335 1779; x_wconf 87' lang='lat' dir='ltr'><strong>idem</strong></span> <span class='ocrx_word' id='word_1_130' title='bbox 370 1721 707 1793; x_wconf 86' lang='lat' dir='ltr'><strong>putaverint;</strong></span> <span class='ocrx_word' id='word_1_131' title='bbox 737 1736 860 1777; x_wconf 91' lang='lat' dir='ltr'><strong>eum</strong></span> <span class='ocrx_word' id='word_1_132' title='bbox 907 1731 1035 1778; x_wconf 89' lang='lat' dir='ltr'><strong>ante</strong></span> <span class='ocrx_word' id='word_1_133' title='bbox 1080 1721 1269 1778; x_wconf 91' lang='lat' dir='ltr'><strong>oculos</strong></span> <span class='ocrx_word' id='word_1_134' title='bbox 1322 1736 1512 1778; x_wconf 89' lang='lat' dir='ltr'><strong>eorum</strong></span> <span class='ocrx_word' id='word_1_135' title='bbox 1562 1718 1806 1791; x_wconf 78' lang='lat' dir='ltr'><strong>quoﬁdie</strong></span> 
     </span>
    </p>
   </div>
   <div class='ocr_carea' id='block_1_19' title="bbox 1901 505 3509 578">
    <p class='ocr_par' dir='ltr' id='par_1_19' title="bbox 1901 505 3509 578">
     <span class='ocr_line' id='line_1_19' title="bbox 1901 505 3509 578; baseline 0 -19"><span class='ocrx_word' id='word_1_136' title='bbox 1901 505 2102 560; x_wconf 75' lang='lat' dir='ltr'><strong>consilii</strong></span> <span class='ocrx_word' id='word_1_137' title='bbox 2128 515 2176 560; x_wconf 89' lang='lat' dir='ltr'><strong>et</strong></span> <span class='ocrx_word' id='word_1_138' title='bbox 2205 507 2544 578; x_wconf 75' lang='lat' dir='ltr'><strong>fortitudinis,</strong></span> <span class='ocrx_word' id='word_1_139' title='bbox 2591 508 2803 578; x_wconf 84' lang='lat' dir='ltr'><strong>spiritus</strong></span> <span class='ocrx_word' id='word_1_140' title='bbox 2847 506 3073 562; x_wconf 66' lang='lat' dir='ltr'><strong>scientia</strong></span> <span class='ocrx_word' id='word_1_141' title='bbox 3112 514 3159 560; x_wconf 88' lang='lat' dir='ltr'><strong>et</strong></span> <span class='ocrx_word' id='word_1_142' title='bbox 3197 506 3436 576; x_wconf 85' lang='lat' dir='ltr'><strong>pietatis;</strong></span> <span class='ocrx_word' id='word_1_143' title='bbox 3461 514 3509 560; x_wconf 85' lang='lat' dir='ltr'><strong>et</strong></span> 
     </span>
    </p>
   </div>
   <div class='ocr_carea' id='block_1_20' title="bbox 1900 595 3511 669">
    <p class='ocr_par' dir='ltr' id='par_1_20' title="bbox 1900 595 3511 669">
     <span class='ocr_line' id='line_1_20' title="bbox 1900 595 3511 669; baseline 0.001 -18"><span class='ocrx_word' id='word_1_144' title='bbox 1900 595 2128 667; x_wconf 81' lang='lat' dir='ltr'><strong>implebit</strong></span> <span class='ocrx_word' id='word_1_145' title='bbox 2155 614 2266 653; x_wconf 88' lang='lat' dir='ltr'><strong>eum</strong></span> <span class='ocrx_word' id='word_1_146' title='bbox 2292 599 2506 669; x_wconf 83' lang='lat' dir='ltr'><strong>spiritus</strong></span> <span class='ocrx_word' id='word_1_147' title='bbox 2532 599 2728 654; x_wconf 86' lang='lat' dir='ltr'><strong>timoris</strong></span> <span class='ocrx_word' id='word_1_148' title='bbox 2761 597 2992 653; x_wconf 84' lang='lat' dir='ltr'><strong>Domini.</strong></span> <span class='ocrx_word' id='word_1_149' title='bbox 3024 597 3179 654; x_wconf 71' lang='lat' dir='ltr'><strong>Jesse</strong></span> <span class='ocrx_word' id='word_1_150' title='bbox 3205 605 3385 653; x_wconf 84' lang='lat' dir='ltr'><strong>autem</strong></span> <span class='ocrx_word' id='word_1_151' title='bbox 3411 595 3511 653; x_wconf 77' lang='lat' dir='ltr'><strong>fuit</strong></span> 
     </span>
    </p>
   </div>
   <div class='ocr_carea' id='block_1_21' title="bbox 1899 687 3512 761">
    <p class='ocr_par' dir='ltr' id='par_1_21' title="bbox 1899 687 3512 761">
     <span class='ocr_line' id='line_1_21' title="bbox 1899 687 3512 761; baseline 0.001 -17"><span class='ocrx_word' id='word_1_152' title='bbox 1899 699 2054 761; x_wconf 89' lang='lat' dir='ltr'><strong>pater</strong></span> <span class='ocrx_word' id='word_1_153' title='bbox 2084 688 2273 759; x_wconf 82' lang='lat' dir='ltr'><strong>David,</strong></span> <span class='ocrx_word' id='word_1_154' title='bbox 2302 705 2370 746; x_wconf 85' lang='lat' dir='ltr'><strong>ex</strong></span> <span class='ocrx_word' id='word_1_155' title='bbox 2408 691 2561 761; x_wconf 89' lang='lat' dir='ltr'><strong>cujus</strong></span> <span class='ocrx_word' id='word_1_156' title='bbox 2590 691 2770 747; x_wconf 84' lang='lat' dir='ltr'><strong>radice</strong></span> <span class='ocrx_word' id='word_1_157' title='bbox 2796 705 3143 748; x_wconf 76' lang='lat' dir='ltr'><strong>escensurum</strong></span> <span class='ocrx_word' id='word_1_158' title='bbox 3174 704 3295 747; x_wconf 87' lang='lat' dir='ltr'><strong>esse</strong></span> <span class='ocrx_word' id='word_1_159' title='bbox 3319 687 3512 746; x_wconf 82' lang='lat' dir='ltr'><strong>ﬂorem</strong></span> 
     </span>
    </p>
   </div>
   <div class='ocr_carea' id='block_1_22' title="bbox 1901 784 3513 857">
    <p class='ocr_par' dir='ltr' id='par_1_22' title="bbox 1901 784 3513 857">
     <span class='ocr_line' id='line_1_22' title="bbox 1901 784 3513 857; baseline -0.001 -16"><span class='ocrx_word' id='word_1_160' title='bbox 1901 784 2226 853; x_wconf 69' lang='lat' dir='ltr'><strong>praelocutus</strong></span> <span class='ocrx_word' id='word_1_161' title='bbox 2262 795 2377 851; x_wconf 88' lang='lat' dir='ltr'><strong>est;</strong></span> <span class='ocrx_word' id='word_1_162' title='bbox 2418 800 2542 841; x_wconf 91' lang='lat' dir='ltr'><strong>eum</strong></span> <span class='ocrx_word' id='word_1_163' title='bbox 2581 785 2823 855; x_wconf 81' lang='lat' dir='ltr'><strong>scilicet,</strong></span> <span class='ocrx_word' id='word_1_164' title='bbox 2862 786 2931 844; x_wconf 89' lang='lat' dir='ltr'><strong>de</strong></span> <span class='ocrx_word' id='word_1_165' title='bbox 2972 800 3078 857; x_wconf 89' lang='lat' dir='ltr'><strong>quo</strong></span> <span class='ocrx_word' id='word_1_166' title='bbox 3121 784 3327 857; x_wconf 79' lang='lat' dir='ltr'><strong>Sibylla</strong></span> <span class='ocrx_word' id='word_1_167' title='bbox 3380 784 3513 841; x_wconf 89' lang='lat' dir='ltr'><strong>dicit</strong></span> 
     </span>
    </p>
   </div>
   <div class='ocr_carea' id='block_1_23' title="bbox 1903 873 2627 958">
    <p class='ocr_par' dir='ltr' id='par_1_23' title="bbox 1903 873 2627 958">
     <span class='ocr_line' id='line_1_23' title="bbox 1903 873 2627 958; baseline 0 -24"><span class='ocrx_word' id='word_1_168' title='bbox 1903 878 2114 938; x_wconf 74' lang='grc' dir='ltr'><strong>ἀνθήσει</strong></span> <span class='ocrx_word' id='word_1_169' title='bbox 2142 876 2188 935; x_wconf 80' lang='grc' dir='ltr'>δ’</span> <span class='ocrx_word' id='word_1_170' title='bbox 2221 873 2369 941; x_wconf 75' lang='grc' dir='ltr'>ἄνθος</span> <span class='ocrx_word' id='word_1_171' title='bbox 2389 880 2627 958; x_wconf 75' lang='grc' dir='ltr'><strong>καθαρόν.</strong></span> 
     </span>
    </p>
   </div>
   <div class='ocr_carea' id='block_1_24' title="bbox 1976 973 3511 1050">
    <p class='ocr_par' dir='ltr' id='par_1_24' title="bbox 1976 973 3511 1050">
     <span class='ocr_line' id='line_1_24' title="bbox 1976 973 3511 1050; baseline 0.003 -21"><span class='ocrx_word' id='word_1_172' title='bbox 1976 973 2106 1030; x_wconf 89' lang='lat' dir='ltr'><strong>item</strong></span> <span class='ocrx_word' id='word_1_173' title='bbox 2128 974 2181 1030; x_wconf 92' lang='lat' dir='ltr'><strong>in</strong></span> <span class='ocrx_word' id='word_1_174' title='bbox 2209 976 2478 1049; x_wconf 73' lang='grc' dir='ltr'><strong>βασιλειῶν</strong></span> <span class='ocrx_word' id='word_1_175' title='bbox 2505 978 2645 1033; x_wconf 89' lang='lat' dir='ltr'><strong>libro</strong></span> <span class='ocrx_word' id='word_1_176' title='bbox 2674 977 2936 1047; x_wconf 85' lang='lat' dir='ltr'><strong>secundo,</strong></span> <span class='ocrx_word' id='word_1_177' title='bbox 2989 981 3253 1050; x_wconf 85' lang='lat' dir='ltr'><strong>propheta</strong></span> <span class='ocrx_word' id='word_1_178' title='bbox 3298 976 3511 1034; x_wconf 83' lang='lat' dir='ltr'><strong>Nathan</strong></span> 
     </span>
    </p>
   </div>
   <div class='ocr_carea' id='block_1_25' title="bbox 1903 1067 3508 1142">
    <p class='ocr_par' dir='ltr' id='par_1_25' title="bbox 1903 1067 3508 1142">
     <span class='ocr_line' id='line_1_25' title="bbox 1903 1067 3508 1142; baseline 0.001 -17"><span class='ocrx_word' id='word_1_179' title='bbox 1903 1067 2102 1125; x_wconf 78' lang='lat' dir='ltr'><strong>missus</strong></span> <span class='ocrx_word' id='word_1_180' title='bbox 2130 1078 2216 1124; x_wconf 87' lang='lat' dir='ltr'><strong>est</strong></span> <span class='ocrx_word' id='word_1_181' title='bbox 2236 1069 2304 1123; x_wconf 90' lang='lat' dir='ltr'><strong>ad</strong></span> <span class='ocrx_word' id='word_1_182' title='bbox 2332 1068 2501 1126; x_wconf 87' lang='lat' dir='ltr'><strong>David</strong></span> <span class='ocrx_word' id='word_1_183' title='bbox 2520 1069 2790 1127; x_wconf 83' lang='lat' dir='ltr'><strong>volentem</strong></span> <span class='ocrx_word' id='word_1_184' title='bbox 2813 1071 2923 1126; x_wconf 90' lang='lat' dir='ltr'><strong>Deo</strong></span> <span class='ocrx_word' id='word_1_185' title='bbox 2948 1072 3205 1142; x_wconf 87' lang='lat' dir='ltr'><strong>templum</strong></span> <span class='ocrx_word' id='word_1_186' title='bbox 3224 1071 3508 1138; x_wconf 61' lang='lat' dir='ltr'><strong>fairricare;</strong></span> 
     </span>
    </p>
   </div>
   <div class='ocr_carea' id='block_1_26' title="bbox 1902 1158 3511 1239">
    <p class='ocr_par' dir='ltr' id='par_1_26' title="bbox 1902 1158 3511 1239">
     <span class='ocr_line' id='line_1_26' title="bbox 1902 1158 3511 1239; baseline 0.003 -26"><span class='ocrx_word' id='word_1_187' title='bbox 1902 1168 1957 1214; x_wconf 89' lang='lat' dir='ltr'><strong>et</strong></span> <span class='ocrx_word' id='word_1_188' title='bbox 2005 1158 2107 1215; x_wconf 84' lang='lat' dir='ltr'><strong>fuit</strong></span> <span class='ocrx_word' id='word_1_189' title='bbox 2156 1161 2383 1218; x_wconf 87' lang='lat' dir='ltr'><strong>verbum</strong></span> <span class='ocrx_word' id='word_1_190' title='bbox 2437 1163 2652 1219; x_wconf 88' lang='lat' dir='ltr'><strong>Domini</strong></span> <span class='ocrx_word' id='word_1_191' title='bbox 2699 1163 2769 1221; x_wconf 92' lang='lat' dir='ltr'><strong>ad</strong></span> <span class='ocrx_word' id='word_1_192' title='bbox 2822 1162 3035 1219; x_wconf 82' lang='lat' dir='ltr'><strong>Nathan</strong></span> <span class='ocrx_word' id='word_1_193' title='bbox 3066 1163 3252 1219; x_wconf 90' lang='lat' dir='ltr'><strong>dicens</strong></span> <span class='ocrx_word' id='word_1_194' title='bbox 3281 1162 3433 1239; x_wconf 84' lang='lat' dir='ltr'><strong>(Vid.</strong></span> <span class='ocrx_word' id='word_1_195' title='bbox 3466 1162 3511 1219; x_wconf 89' lang='lat' dir='ltr'><strong>II</strong></span> 
     </span>
    </p>
   </div>
   <div class='ocr_carea' id='block_1_27' title="bbox 1904 1252 3513 1327">
    <p class='ocr_par' dir='ltr' id='par_1_27' title="bbox 1904 1252 3513 1327">
     <span class='ocr_line' id='line_1_27' title="bbox 1904 1252 3513 1327; baseline 0.003 -20"><span class='ocrx_word' id='word_1_196' title='bbox 1904 1252 2061 1326; x_wconf 85' lang='lat' dir='ltr'><strong>Reg.,</strong></span> <span class='ocrx_word' id='word_1_197' title='bbox 2102 1270 2219 1327; x_wconf 91' lang='lat' dir='ltr'><strong>cap.</strong></span> <span class='ocrx_word' id='word_1_198' title='bbox 2252 1255 2326 1326; x_wconf 91' lang='lat'><strong>7).</strong></span> <span class='ocrx_word' id='word_1_199' title='bbox 2382 1254 2547 1324; x_wconf 82' lang='lat' dir='ltr'><strong>Vade,</strong></span> <span class='ocrx_word' id='word_1_200' title='bbox 2600 1266 2647 1312; x_wconf 86' lang='lat' dir='ltr'><strong>et</strong></span> <span class='ocrx_word' id='word_1_201' title='bbox 2676 1258 2758 1312; x_wconf 86' lang='lat' dir='ltr'><strong>dic</strong></span> <span class='ocrx_word' id='word_1_202' title='bbox 2787 1273 2932 1312; x_wconf 83' lang='lat' dir='ltr'><strong>servo</strong></span> <span class='ocrx_word' id='word_1_203' title='bbox 2972 1274 3083 1312; x_wconf 85' lang='lat' dir='ltr'><strong>meo</strong></span> <span class='ocrx_word' id='word_1_204' title='bbox 3130 1256 3299 1319; x_wconf 82' lang='lat' dir='ltr'><strong>David</strong></span> <span class='ocrx_word' id='word_1_205' title='bbox 3333 1273 3351 1312; x_wconf 91' lang='lat'><strong><em>:</em></strong></span> <span class='ocrx_word' id='word_1_206' title='bbox 3385 1256 3513 1314; x_wconf 69' lang='lat' dir='ltr'><strong>Haec</strong></span> 
     </span>
    </p>
   </div>
   <div class='ocr_carea' id='block_1_28' title="bbox 1904 1346 3513 1423">
    <p class='ocr_par' dir='ltr' id='par_1_28' title="bbox 1904 1346 3513 1423">
     <span class='ocr_line' id='line_1_28' title="bbox 1904 1346 3513 1423; baseline 0.004 -22"><span class='ocrx_word' id='word_1_207' title='bbox 1904 1348 2026 1402; x_wconf 85' lang='lat' dir='ltr'><strong>dicit</strong></span> <span class='ocrx_word' id='word_1_208' title='bbox 2049 1346 2304 1405; x_wconf 77' lang='lat' dir='ltr'><strong>Dominus</strong></span> <span class='ocrx_word' id='word_1_209' title='bbox 2327 1352 2682 1422; x_wconf 86' lang='lat' dir='ltr'><strong>omnipotens;</strong></span> <span class='ocrx_word' id='word_1_210' title='bbox 2714 1350 2837 1406; x_wconf 83' lang='lat' dir='ltr'><strong>Non</strong></span> <span class='ocrx_word' id='word_1_211' title='bbox 2865 1361 2920 1407; x_wconf 87' lang='lat' dir='ltr'><strong>tu</strong></span> <span class='ocrx_word' id='word_1_212' title='bbox 2950 1351 3232 1423; x_wconf 79' lang='lat' dir='ltr'><strong>tediﬁcubis</strong></span> <span class='ocrx_word' id='word_1_213' title='bbox 3261 1351 3384 1407; x_wconf 83' lang='lat' dir='ltr'><strong>mihi</strong></span> <span class='ocrx_word' id='word_1_214' title='bbox 3417 1352 3513 1407; x_wconf 90' lang='lat' dir='ltr'><strong>do-</strong></span> 
     </span>
    </p>
   </div>
   <div class='ocr_carea' id='block_1_29' title="bbox 1906 1440 3512 1518">
    <p class='ocr_par' dir='ltr' id='par_1_29' title="bbox 1906 1440 3512 1518">
     <span class='ocr_line' id='line_1_29' title="bbox 1906 1440 3512 1518; baseline 0.004 -24"><span class='ocrx_word' id='word_1_215' title='bbox 1906 1457 2044 1497; x_wconf 83' lang='lat' dir='ltr'><strong>mum</strong></span> <span class='ocrx_word' id='word_1_216' title='bbox 2065 1440 2134 1496; x_wconf 84' lang='lat' dir='ltr'><strong>ad</strong></span> <span class='ocrx_word' id='word_1_217' title='bbox 2152 1441 2545 1502; x_wconf 80' lang='lat' dir='ltr'><strong>inhabitantium</strong></span> <span class='ocrx_word' id='word_1_218' title='bbox 2567 1461 2585 1499; x_wconf 90' lang='lat'><strong><em>:</em></strong></span> <span class='ocrx_word' id='word_1_219' title='bbox 2616 1445 2705 1501; x_wconf 86' lang='lat' dir='ltr'><strong>sed</strong></span> <span class='ocrx_word' id='word_1_220' title='bbox 2721 1462 2838 1501; x_wconf 86' lang='lat' dir='ltr'><strong>aunt</strong></span> <span class='ocrx_word' id='word_1_221' title='bbox 2863 1445 3061 1517; x_wconf 85' lang='lat' dir='ltr'><strong>impleti</strong></span> <span class='ocrx_word' id='word_1_222' title='bbox 3081 1446 3271 1518; x_wconf 77' lang='lat' dir='ltr'><strong>fuerint</strong></span> <span class='ocrx_word' id='word_1_223' title='bbox 3290 1448 3396 1501; x_wconf 85' lang='lat' dir='ltr'><strong>dies</strong></span> <span class='ocrx_word' id='word_1_224' title='bbox 3417 1446 3512 1514; x_wconf 88' lang='lat' dir='ltr'><strong>tui,</strong></span> 
     </span>
    </p>
   </div>
   <div class='ocr_carea' id='block_1_30' title="bbox 1906 1535 3518 1609">
    <p class='ocr_par' dir='ltr' id='par_1_30' title="bbox 1906 1535 3518 1609">
     <span class='ocr_line' id='line_1_30' title="bbox 1906 1535 3518 1609; baseline 0.002 -20"><span class='ocrx_word' id='word_1_225' title='bbox 1906 1543 1952 1589; x_wconf 87' lang='lat' dir='ltr'><strong>et</strong></span> <span class='ocrx_word' id='word_1_226' title='bbox 1994 1535 2263 1591; x_wconf 83' lang='lat' dir='ltr'><strong>dormieris</strong></span> <span class='ocrx_word' id='word_1_227' title='bbox 2292 1552 2406 1593; x_wconf 87' lang='lat' dir='ltr'><strong>cum</strong></span> <span class='ocrx_word' id='word_1_228' title='bbox 2434 1536 2663 1609; x_wconf 87' lang='lat' dir='ltr'><strong>patribus</strong></span> <span class='ocrx_word' id='word_1_229' title='bbox 2714 1539 2816 1597; x_wconf 85' lang='lat' dir='ltr'><strong>tuis</strong></span> <span class='ocrx_word' id='word_1_230' title='bbox 2838 1580 2854 1605; x_wconf 89' lang='lat'><strong>,</strong></span> <span class='ocrx_word' id='word_1_231' title='bbox 2903 1538 3157 1595; x_wconf 88' lang='lat' dir='ltr'><strong>suscitabo</strong></span> <span class='ocrx_word' id='word_1_232' title='bbox 3182 1555 3349 1594; x_wconf 80' lang='lat' dir='ltr'><strong>semen</strong></span> <span class='ocrx_word' id='word_1_233' title='bbox 3373 1548 3518 1593; x_wconf 89' lang='lat' dir='ltr'><strong>tuum</strong></span> 
     </span>
    </p>
   </div>
   <div class='ocr_carea' id='block_1_31' title="bbox 1907 1630 3518 1703">
    <p class='ocr_par' dir='ltr' id='par_1_31' title="bbox 1907 1630 3518 1703">
     <span class='ocr_line' id='line_1_31' title="bbox 1907 1630 3518 1703; baseline 0.002 -20"><span class='ocrx_word' id='word_1_234' title='bbox 1907 1640 2019 1699; x_wconf 84' lang='lat' dir='ltr'><strong>post</strong></span> <span class='ocrx_word' id='word_1_235' title='bbox 2038 1638 2106 1697; x_wconf 84' lang='lat' dir='ltr'><strong>te,</strong></span> <span class='ocrx_word' id='word_1_236' title='bbox 2133 1638 2181 1684; x_wconf 89' lang='lat' dir='ltr'><strong>et</strong></span> <span class='ocrx_word' id='word_1_237' title='bbox 2204 1631 2396 1700; x_wconf 84' lang='lat' dir='ltr'><strong>parabo</strong></span> <span class='ocrx_word' id='word_1_238' title='bbox 2434 1647 2648 1703; x_wconf 81' lang='lat' dir='ltr'><strong>regnum</strong></span> <span class='ocrx_word' id='word_1_239' title='bbox 2675 1631 2807 1701; x_wconf 83' lang='lat' dir='ltr'><strong>ejus.</strong></span> <span class='ocrx_word' id='word_1_240' title='bbox 2843 1630 2943 1687; x_wconf 75' lang='lat' dir='ltr'><strong>llic</strong></span> <span class='ocrx_word' id='word_1_241' title='bbox 2976 1631 3249 1701; x_wconf 74' lang='lat' dir='ltr'><strong>wdi/icabit</strong></span> <span class='ocrx_word' id='word_1_242' title='bbox 3274 1631 3398 1687; x_wconf 81' lang='lat' dir='ltr'><strong>mihi</strong></span> <span class='ocrx_word' id='word_1_243' title='bbox 3424 1631 3518 1687; x_wconf 88' lang='lat' dir='ltr'><strong>do-</strong></span> 
     </span>
    </p>
   </div>
   <div class='ocr_carea' id='block_1_32' title="bbox 1907 1722 3517 1796">
    <p class='ocr_par' dir='ltr' id='par_1_32' title="bbox 1907 1722 3517 1796">
     <span class='ocr_line' id='line_1_32' title="bbox 1907 1722 3517 1796; baseline 0.002 -21"><span class='ocrx_word' id='word_1_244' title='bbox 1907 1737 2045 1776; x_wconf 88' lang='lat' dir='ltr'><strong>mum</strong></span> <span class='ocrx_word' id='word_1_245' title='bbox 2069 1722 2125 1778; x_wconf 86' lang='lat' dir='ltr'><strong>in</strong></span> <span class='ocrx_word' id='word_1_246' title='bbox 2159 1724 2364 1780; x_wconf 81' lang='lat' dir='ltr'><strong>nomine</strong></span> <span class='ocrx_word' id='word_1_247' title='bbox 2404 1740 2515 1779; x_wconf 83' lang='lat' dir='ltr'><strong>utea</strong></span> <span class='ocrx_word' id='word_1_248' title='bbox 2548 1733 2639 1783; x_wconf 88' lang='lat' dir='ltr'><strong>:et</strong></span> <span class='ocrx_word' id='word_1_249' title='bbox 2664 1725 2858 1796; x_wconf 77' lang='lat' dir='ltr'><strong>erigant</strong></span> <span class='ocrx_word' id='word_1_250' title='bbox 2906 1725 3149 1782; x_wconf 77' lang='lat' dir='ltr'><strong>thronum</strong></span> <span class='ocrx_word' id='word_1_251' title='bbox 3198 1726 3311 1796; x_wconf 87' lang='lat' dir='ltr'><strong>ejus</strong></span> <span class='ocrx_word' id='word_1_252' title='bbox 3358 1739 3517 1796; x_wconf 82' lang='lat' dir='ltr'><strong>usque</strong></span> 
     </span>
    </p>
   </div>
   <div class='ocr_carea' id='block_1_33' title="bbox 190 1810 3516 1891">
    <p class='ocr_par' dir='ltr' id='par_1_33' title="bbox 190 1810 3516 1891">
     <span class='ocr_line' id='line_1_33' title="bbox 190 1810 3516 1891; baseline 0 -19"><span class='ocrx_word' id='word_1_253' title='bbox 190 1815 389 1874; x_wconf 84' lang='lat' dir='ltr'><strong>tierent</strong></span> <span class='ocrx_word' id='word_1_254' title='bbox 417 1817 508 1874; x_wconf 89' lang='lat' dir='ltr'><strong>illa</strong></span> <span class='ocrx_word' id='word_1_255' title='bbox 535 1817 827 1884; x_wconf 88' lang='lat' dir='ltr'><strong>miracula,</strong></span> <span class='ocrx_word' id='word_1_256' title='bbox 856 1834 977 1889; x_wconf 78' lang='lat' dir='ltr'><strong>quae</strong></span> <span class='ocrx_word' id='word_1_257' title='bbox 1004 1817 1085 1874; x_wconf 88' lang='lat' dir='ltr'><strong>eis</strong></span> <span class='ocrx_word' id='word_1_258' title='bbox 1133 1816 1421 1889; x_wconf 71' lang='lat' dir='ltr'><strong>Pr0phctae</strong></span> <span class='ocrx_word' id='word_1_259' title='bbox 1451 1817 1629 1873; x_wconf 79' lang='lat' dir='ltr'><strong>futura</strong></span> <span class='ocrx_word' id='word_1_260' title='bbox 1677 1830 1798 1874; x_wconf 89' lang='lat' dir='ltr'><strong>esse</strong></span> <span class='ocrx_word' id='word_1_261' title='bbox 1826 1810 1876 1873; x_wconf 89' lang='lat' dir='ltr'><strong>B</strong></span> <span class='ocrx_word' id='word_1_262' title='bbox 1901 1818 1955 1873; x_wconf 88' lang='lat' dir='ltr'><strong>in</strong></span> <span class='ocrx_word' id='word_1_263' title='bbox 1975 1818 2245 1883; x_wconf 79' lang='lat' dir='ltr'><strong>swculum;</strong></span> <span class='ocrx_word' id='word_1_264' title='bbox 2275 1828 2322 1873; x_wconf 88' lang='lat' dir='ltr'><strong>et</strong></span> <span class='ocrx_word' id='word_1_265' title='bbox 2348 1834 2439 1890; x_wconf 89' lang='lat' dir='ltr'><strong>ego</strong></span> <span class='ocrx_word' id='word_1_266' title='bbox 2469 1834 2555 1873; x_wconf 89' lang='lat' dir='ltr'><strong>ero</strong></span> <span class='ocrx_word' id='word_1_267' title='bbox 2580 1819 2626 1874; x_wconf 84' lang='lat' dir='ltr'><strong>ei</strong></span> <span class='ocrx_word' id='word_1_268' title='bbox 2656 1820 2709 1874; x_wconf 86' lang='lat' dir='ltr'><strong>in</strong></span> <span class='ocrx_word' id='word_1_269' title='bbox 2733 1829 2951 1888; x_wconf 86' lang='lat' dir='ltr'><strong>patrem,</strong></span> <span class='ocrx_word' id='word_1_270' title='bbox 2978 1829 3027 1874; x_wconf 87' lang='lat' dir='ltr'><strong>et</strong></span> <span class='ocrx_word' id='word_1_271' title='bbox 3054 1820 3165 1891; x_wconf 85' lang='lat' dir='ltr'><strong>ipse</strong></span> <span class='ocrx_word' id='word_1_272' title='bbox 3185 1818 3277 1873; x_wconf 87' lang='lat' dir='ltr'><strong>erit</strong></span> <span class='ocrx_word' id='word_1_273' title='bbox 3306 1818 3431 1873; x_wconf 82' lang='lat' dir='ltr'><strong>mihi</strong></span> <span class='ocrx_word' id='word_1_274' title='bbox 3459 1817 3516 1873; x_wconf 86' lang='lat' dir='ltr'><strong>in</strong></span> 
     </span>
    </p>
   </div>
   <div class='ocr_carea' id='block_1_34' title="bbox 192 1911 1796 1983">
    <p class='ocr_par' dir='ltr' id='par_1_34' title="bbox 192 1911 1796 1983">
     <span class='ocr_line' id='line_1_34' title="bbox 192 1911 1796 1983; baseline 0 -17"><span class='ocrx_word' id='word_1_275' title='bbox 192 1912 590 1983; x_wconf 67' lang='lat' dir='ltr'><strong>praedixerant,</strong></span> <span class='ocrx_word' id='word_1_276' title='bbox 619 1928 722 1970; x_wconf 88' lang='lat' dir='ltr'><strong>nec</strong></span> <span class='ocrx_word' id='word_1_277' title='bbox 752 1921 935 1969; x_wconf 85' lang='lat' dir='ltr'><strong>tamen</strong></span> <span class='ocrx_word' id='word_1_278' title='bbox 966 1920 1234 1969; x_wconf 85' lang='lat' dir='ltr'><strong>tantarum</strong></span> <span class='ocrx_word' id='word_1_279' title='bbox 1267 1911 1523 1969; x_wconf 89' lang='lat' dir='ltr'><strong>virtutum</strong></span> <span class='ocrx_word' id='word_1_280' title='bbox 1552 1919 1796 1968; x_wconf 87' lang='lat' dir='ltr'><strong>eontem-</strong></span> 
     </span>
    </p>
   </div>
   <div class='ocr_carea' id='block_1_35' title="bbox 193 2003 1797 2077">
    <p class='ocr_par' dir='ltr' id='par_1_35' title="bbox 193 2003 1797 2077">
     <span class='ocr_line' id='line_1_35' title="bbox 193 2003 1797 2077; baseline 0.001 -17"><span class='ocrx_word' id='word_1_281' title='bbox 193 2003 438 2073; x_wconf 90' lang='lat' dir='ltr'><strong>platione</strong></span> <span class='ocrx_word' id='word_1_282' title='bbox 461 2004 667 2077; x_wconf 79' lang='lat' dir='ltr'><strong>impelli</strong></span> <span class='ocrx_word' id='word_1_283' title='bbox 694 2013 1001 2075; x_wconf 88' lang='lat' dir='ltr'><strong>potuerunt,</strong></span> <span class='ocrx_word' id='word_1_284' title='bbox 1029 2015 1086 2063; x_wconf 89' lang='lat' dir='ltr'><strong>ut</strong></span> <span class='ocrx_word' id='word_1_285' title='bbox 1118 2005 1289 2062; x_wconf 89' lang='lat' dir='ltr'><strong>Deum</strong></span> <span class='ocrx_word' id='word_1_286' title='bbox 1311 2005 1619 2071; x_wconf 88' lang='lat' dir='ltr'><strong>crederent,</strong></span> <span class='ocrx_word' id='word_1_287' title='bbox 1637 2019 1797 2076; x_wconf 88' lang='lat' dir='ltr'><strong>quem</strong></span> 
     </span>
    </p>
   </div>
   <div class='ocr_carea' id='block_1_36' title="bbox 191 2094 1801 2169">
    <p class='ocr_par' dir='ltr' id='par_1_36' title="bbox 191 2094 1801 2169">
     <span class='ocr_line' id='line_1_36' title="bbox 191 2094 1801 2169; baseline 0.003 -21"><span class='ocrx_word' id='word_1_288' title='bbox 191 2094 472 2151; x_wconf 84' lang='lat' dir='ltr'><strong>videbant.</strong></span> <span class='ocrx_word' id='word_1_289' title='bbox 504 2095 799 2169; x_wconf 85' lang='lat' dir='ltr'><strong>Propterea</strong></span> <span class='ocrx_word' id='word_1_290' title='bbox 854 2096 1065 2163; x_wconf 80' lang='lat' dir='ltr'><strong>David,</strong></span> <span class='ocrx_word' id='word_1_291' title='bbox 1114 2111 1273 2168; x_wconf 90' lang='lat' dir='ltr'><strong>quem</strong></span> <span class='ocrx_word' id='word_1_292' title='bbox 1325 2105 1522 2168; x_wconf 71' lang='lat' dir='ltr'><strong>praeter</strong></span> <span class='ocrx_word' id='word_1_293' title='bbox 1569 2106 1801 2153; x_wconf 60' lang='lat' dir='ltr'><strong>caeteros</strong></span> 
     </span>
    </p>
   </div>
   <div class='ocr_carea' id='block_1_37' title="bbox 189 2186 1801 2262">
    <p class='ocr_par' dir='ltr' id='par_1_37' title="bbox 189 2186 1801 2262">
     <span class='ocr_line' id='line_1_37' title="bbox 189 2186 1801 2262; baseline 0.002 -19"><span class='ocrx_word' id='word_1_294' title='bbox 189 2186 499 2260; x_wconf 80' lang='lat' dir='ltr'><strong>PrOphetas</strong></span> <span class='ocrx_word' id='word_1_295' title='bbox 524 2189 614 2247; x_wconf 87' lang='lat' dir='ltr'><strong>vel</strong></span> <span class='ocrx_word' id='word_1_296' title='bbox 665 2191 898 2247; x_wconf 83' lang='lat' dir='ltr'><strong>maxime</strong></span> <span class='ocrx_word' id='word_1_297' title='bbox 950 2190 1155 2262; x_wconf 89' lang='lat' dir='ltr'><strong>legunt,</strong></span> <span class='ocrx_word' id='word_1_298' title='bbox 1186 2191 1240 2246; x_wconf 90' lang='lat' dir='ltr'><strong>in</strong></span> <span class='ocrx_word' id='word_1_299' title='bbox 1269 2191 1474 2260; x_wconf 81' lang='lat' dir='ltr'><strong>psalmo</strong></span> <span class='ocrx_word' id='word_1_300' title='bbox 1520 2205 1695 2257; x_wconf 79' lang='lat' dir='ltr'><strong>xxvu,</strong></span> <span class='ocrx_word' id='word_1_301' title='bbox 1724 2190 1801 2247; x_wconf 88' lang='lat' dir='ltr'><strong>sic</strong></span> 
     </span>
    </p>
   </div>
   <div class='ocr_carea' id='block_1_38' title="bbox 192 2283 1799 2356">
    <p class='ocr_par' dir='ltr' id='par_1_38' title="bbox 192 2283 1799 2356">
     <span class='ocr_line' id='line_1_38' title="bbox 192 2283 1799 2356; baseline 0 -17"><span class='ocrx_word' id='word_1_302' title='bbox 192 2297 286 2339; x_wconf 89' lang='lat' dir='ltr'><strong>eos</strong></span> <span class='ocrx_word' id='word_1_303' title='bbox 336 2283 606 2341; x_wconf 84' lang='lat' dir='ltr'><strong>damnat:</strong></span> <span class='ocrx_word' id='word_1_304' title='bbox 638 2283 818 2341; x_wconf 82' lang='lat' dir='ltr'><strong>Redde</strong></span> <span class='ocrx_word' id='word_1_305' title='bbox 863 2285 969 2342; x_wconf 87' lang='lat' dir='ltr'><strong>illis</strong></span> <span class='ocrx_word' id='word_1_306' title='bbox 999 2284 1380 2340; x_wconf 85' lang='lat' dir='ltr'><strong>retributionem</strong></span> <span class='ocrx_word' id='word_1_307' title='bbox 1433 2300 1628 2351; x_wconf 85' lang='lat' dir='ltr'><strong>eorum,</strong></span> <span class='ocrx_word' id='word_1_308' title='bbox 1670 2299 1799 2356; x_wconf 83' lang='lat' dir='ltr'><strong>quo-</strong></span> 
     </span>
    </p>
   </div>
   <div class='ocr_carea' id='block_1_39' title="bbox 192 2362 1803 2452">
    <p class='ocr_par' dir='ltr' id='par_1_39' title="bbox 192 2362 1803 2452">
     <span class='ocr_line' id='line_1_39' title="bbox 192 2362 1803 2452; baseline 0.001 -19"><span class='ocrx_word' id='word_1_309' title='bbox 192 2382 336 2436; x_wconf 85' lang='lat' dir='ltr'><strong>niam</strong></span> <span class='ocrx_word' id='word_1_310' title='bbox 365 2397 469 2437; x_wconf 89' lang='lat' dir='ltr'><strong>non</strong></span> <span class='ocrx_word' id='word_1_311' title='bbox 516 2382 876 2438; x_wconf 69' lang='lat' dir='ltr'><strong>intellexerunt</strong></span> <span class='ocrx_word' id='word_1_312' title='bbox 906 2382 960 2437; x_wconf 89' lang='lat' dir='ltr'><strong>in</strong></span> <span class='ocrx_word' id='word_1_313' title='bbox 1002 2379 1243 2452; x_wconf 85' lang='lat' dir='ltr'><strong>cperibus</strong></span> <span class='ocrx_word' id='word_1_314' title='bbox 1272 2362 1499 2435; x_wconf 84' lang='lat' dir='ltr'><strong>Domini.</strong></span> <span class='ocrx_word' id='word_1_315' title='bbox 1531 2380 1613 2437; x_wconf 80' lang='lat' dir='ltr'><strong>Ex</strong></span> <span class='ocrx_word' id='word_1_316' title='bbox 1642 2380 1803 2450; x_wconf 87' lang='lat' dir='ltr'><strong>hujus</strong></span> 
     </span>
    </p>
   </div>
   <div class='ocr_carea' id='block_1_40' title="bbox 192 2475 1806 2549">
    <p class='ocr_par' dir='ltr' id='par_1_40' title="bbox 192 2475 1806 2549">
     <span class='ocr_line' id='line_1_40' title="bbox 192 2475 1806 2549; baseline -0.002 -16"><span class='ocrx_word' id='word_1_317' title='bbox 192 2477 366 2548; x_wconf 83' lang='lat' dir='ltr'><strong>ipsius</strong></span> <span class='ocrx_word' id='word_1_318' title='bbox 404 2477 568 2534; x_wconf 89' lang='lat' dir='ltr'><strong>domo</strong></span> <span class='ocrx_word' id='word_1_319' title='bbox 592 2476 867 2539; x_wconf 88' lang='lat' dir='ltr'><strong>Christum</strong></span> <span class='ocrx_word' id='word_1_320' title='bbox 894 2485 1213 2549; x_wconf 84' lang='lat' dir='ltr'><strong>generatum</strong></span> <span class='ocrx_word' id='word_1_321' title='bbox 1251 2476 1316 2532; x_wconf 89' lang='lat' dir='ltr'><strong>iri</strong></span> <span class='ocrx_word' id='word_1_322' title='bbox 1342 2475 1642 2533; x_wconf 88' lang='lat' dir='ltr'><strong>secundum</strong></span> <span class='ocrx_word' id='word_1_323' title='bbox 1685 2490 1806 2531; x_wconf 82' lang='lat' dir='ltr'><strong>car-</strong></span> 
     </span>
    </p>
   </div>
   <div class='ocr_carea' id='block_1_41' title="bbox 194 2568 1804 2641">
    <p class='ocr_par' dir='ltr' id='par_1_41' title="bbox 194 2568 1804 2641">
     <span class='ocr_line' id='line_1_41' title="bbox 194 2568 1804 2641; baseline 0 -16"><span class='ocrx_word' id='word_1_324' title='bbox 194 2585 345 2637; x_wconf 86' lang='lat' dir='ltr'><strong>nem,</strong></span> <span class='ocrx_word' id='word_1_325' title='bbox 376 2578 431 2625; x_wconf 88' lang='lat' dir='ltr'><strong>et</strong></span> <span class='ocrx_word' id='word_1_326' title='bbox 460 2570 574 2640; x_wconf 85' lang='lat' dir='ltr'><strong>ipse</strong></span> <span class='ocrx_word' id='word_1_327' title='bbox 599 2568 786 2637; x_wconf 83' lang='lat' dir='ltr'><strong>David,</strong></span> <span class='ocrx_word' id='word_1_328' title='bbox 817 2577 872 2625; x_wconf 90' lang='lat' dir='ltr'><strong>et</strong></span> <span class='ocrx_word' id='word_1_329' title='bbox 893 2570 981 2625; x_wconf 89' lang='lat' dir='ltr'><strong>alii</strong></span> <span class='ocrx_word' id='word_1_330' title='bbox 1012 2570 1295 2641; x_wconf 62' lang='lat' dir='ltr'><strong>Prophetas</strong></span> <span class='ocrx_word' id='word_1_331' title='bbox 1324 2569 1804 2625; x_wconf 85' lang='lat' dir='ltr'><strong>annuutiaverunt.</strong></span> 
     </span>
    </p>
   </div>
   <div class='ocr_carea' id='block_1_42' title="bbox 192 2661 1806 2735">
    <p class='ocr_par' dir='ltr' id='par_1_42' title="bbox 192 2661 1806 2735">
     <span class='ocr_line' id='line_1_42' title="bbox 192 2661 1806 2735; baseline -0.001 -17"><span class='ocrx_word' id='word_1_332' title='bbox 192 2661 354 2735; x_wconf 75' lang='lat' dir='ltr'><strong>Apud</strong></span> <span class='ocrx_word' id='word_1_333' title='bbox 403 2661 617 2721; x_wconf 83' lang='lat' dir='ltr'><strong>Esaiam</strong></span> <span class='ocrx_word' id='word_1_334' title='bbox 664 2662 804 2735; x_wconf 85' lang='lat' dir='ltr'><strong>(cap.</strong></span> <span class='ocrx_word' id='word_1_335' title='bbox 838 2662 915 2733; x_wconf 82' lang='grc' dir='ltr'><strong>ιι)</strong></span> <span class='ocrx_word' id='word_1_336' title='bbox 946 2663 1017 2720; x_wconf 88' lang='lat' dir='ltr'><strong>ita</strong></span> <span class='ocrx_word' id='word_1_337' title='bbox 1062 2663 1321 2733; x_wconf 84' lang='lat' dir='ltr'><strong>scriptum</strong></span> <span class='ocrx_word' id='word_1_338' title='bbox 1363 2671 1489 2719; x_wconf 86' lang='lat' dir='ltr'><strong>est:</strong></span> <span class='ocrx_word' id='word_1_339' title='bbox 1524 2661 1592 2718; x_wconf 83' lang='lat' dir='ltr'><strong>Et</strong></span> <span class='ocrx_word' id='word_1_340' title='bbox 1619 2662 1712 2717; x_wconf 85' lang='lat' dir='ltr'><strong>erit</strong></span> <span class='ocrx_word' id='word_1_341' title='bbox 1750 2663 1806 2717; x_wconf 87' lang='lat' dir='ltr'><strong>in</strong></span> 
     </span>
    </p>
   </div>
   <div class='ocr_carea' id='block_1_43' title="bbox 194 2754 1807 2828">
    <p class='ocr_par' dir='ltr' id='par_1_43' title="bbox 194 2754 1807 2828">
     <span class='ocr_line' id='line_1_43' title="bbox 194 2754 1807 2828; baseline 0 -18"><span class='ocrx_word' id='word_1_342' title='bbox 194 2757 278 2810; x_wconf 84' lang='lat' dir='ltr'><strong>die</strong></span> <span class='ocrx_word' id='word_1_343' title='bbox 308 2755 404 2809; x_wconf 85' lang='lat' dir='ltr'><strong>illa</strong></span> <span class='ocrx_word' id='word_1_344' title='bbox 432 2755 585 2810; x_wconf 70' lang='lat' dir='ltr'><strong>radix</strong></span> <span class='ocrx_word' id='word_1_345' title='bbox 612 2754 785 2822; x_wconf 70' lang='lat' dir='ltr'><strong>Iesse,</strong></span> <span class='ocrx_word' id='word_1_346' title='bbox 815 2766 861 2811; x_wconf 87' lang='lat' dir='ltr'><strong>et</strong></span> <span class='ocrx_word' id='word_1_347' title='bbox 889 2756 973 2827; x_wconf 88' lang='lat' dir='ltr'><strong>qui</strong></span> <span class='ocrx_word' id='word_1_348' title='bbox 1005 2765 1212 2828; x_wconf 69' lang='lat' dir='ltr'><strong>exurget</strong></span> <span class='ocrx_word' id='word_1_349' title='bbox 1247 2756 1529 2826; x_wconf 82' lang='lat' dir='ltr'><strong>principari</strong></span> <span class='ocrx_word' id='word_1_350' title='bbox 1565 2756 1619 2809; x_wconf 88' lang='lat' dir='ltr'><strong>in</strong></span> <span class='ocrx_word' id='word_1_351' title='bbox 1639 2756 1807 2810; x_wconf 83' lang='lat' dir='ltr'><strong>natio-</strong></span> 
     </span>
    </p>
   </div>
   <div class='ocr_carea' id='block_1_44' title="bbox 195 2848 1806 2921">
    <p class='ocr_par' dir='ltr' id='par_1_44' title="bbox 195 2848 1806 2921">
     <span class='ocr_line' id='line_1_44' title="bbox 195 2848 1806 2921; baseline 0.001 -19"><span class='ocrx_word' id='word_1_352' title='bbox 195 2864 323 2903; x_wconf 87' lang='lat' dir='ltr'><strong>nes:</strong></span> <span class='ocrx_word' id='word_1_353' title='bbox 359 2848 415 2902; x_wconf 86' lang='lat' dir='ltr'><strong>in</strong></span> <span class='ocrx_word' id='word_1_354' title='bbox 459 2864 572 2902; x_wconf 86' lang='lat' dir='ltr'><strong>eum</strong></span> <span class='ocrx_word' id='word_1_355' title='bbox 616 2856 788 2920; x_wconf 86' lang='lat' dir='ltr'><strong>gentes</strong></span> <span class='ocrx_word' id='word_1_356' title='bbox 830 2848 1130 2917; x_wconf 86' lang='lat' dir='ltr'><strong>sperabunt,</strong></span> <span class='ocrx_word' id='word_1_357' title='bbox 1176 2858 1225 2903; x_wconf 86' lang='lat' dir='ltr'><strong>et</strong></span> <span class='ocrx_word' id='word_1_358' title='bbox 1253 2849 1349 2903; x_wconf 89' lang='lat' dir='ltr'><strong>erit</strong></span> <span class='ocrx_word' id='word_1_359' title='bbox 1390 2849 1586 2921; x_wconf 86' lang='lat' dir='ltr'><strong>requies</strong></span> <span class='ocrx_word' id='word_1_360' title='bbox 1614 2849 1724 2920; x_wconf 85' lang='lat' dir='ltr'><strong>ejus</strong></span> <span class='ocrx_word' id='word_1_361' title='bbox 1751 2849 1806 2904; x_wconf 87' lang='lat' dir='ltr'><strong>in</strong></span> 
     </span>
    </p>
   </div>
   <div class='ocr_carea' id='block_1_45' title="bbox 198 2940 1807 3013">
    <p class='ocr_par' dir='ltr' id='par_1_45' title="bbox 198 2940 1807 3013">
     <span class='ocr_line' id='line_1_45' title="bbox 198 2940 1807 3013; baseline -0.001 -17"><span class='ocrx_word' id='word_1_362' title='bbox 198 2942 414 2997; x_wconf 79' lang='lat' dir='ltr'><strong>honore.</strong></span> <span class='ocrx_word' id='word_1_363' title='bbox 437 2941 507 2997; x_wconf 82' lang='lat' dir='ltr'><strong>Et</strong></span> <span class='ocrx_word' id='word_1_364' title='bbox 547 2942 656 2998; x_wconf 87' lang='lat' dir='ltr'><strong>alio</strong></span> <span class='ocrx_word' id='word_1_365' title='bbox 702 2943 821 2999; x_wconf 90' lang='lat' dir='ltr'><strong>loco</strong></span> <span class='ocrx_word' id='word_1_366' title='bbox 856 2958 870 2995; x_wconf 91' lang='lat'><strong>:</strong></span> <span class='ocrx_word' id='word_1_367' title='bbox 903 2940 1055 2997; x_wconf 76' lang='lat' dir='ltr'><strong>Exiet</strong></span> <span class='ocrx_word' id='word_1_368' title='bbox 1085 2942 1229 3013; x_wconf 86' lang='lat' dir='ltr'><strong>virga</strong></span> <span class='ocrx_word' id='word_1_369' title='bbox 1259 2942 1321 2997; x_wconf 89' lang='lat' dir='ltr'><strong>de</strong></span> <span class='ocrx_word' id='word_1_370' title='bbox 1346 2942 1518 2997; x_wconf 85' lang='lat' dir='ltr'><strong>radice</strong></span> <span class='ocrx_word' id='word_1_371' title='bbox 1559 2941 1726 3011; x_wconf 75' lang='lat' dir='ltr'><strong>Iesse,</strong></span> <span class='ocrx_word' id='word_1_372' title='bbox 1760 2950 1807 2996; x_wconf 89' lang='lat' dir='ltr'><strong>et</strong></span> 
     </span>
    </p>
   </div>
   <div class='ocr_carea' id='block_1_46' title="bbox 1902 1912 3514 1986">
    <p class='ocr_par' dir='ltr' id='par_1_46' title="bbox 1902 1912 3514 1986">
     <span class='ocr_line' id='line_1_46' title="bbox 1902 1912 3514 1986; baseline 0 -19"><span class='ocrx_word' id='word_1_373' title='bbox 1902 1913 2093 1983; x_wconf 82' lang='lat' dir='ltr'><strong>ﬁlium,</strong></span> <span class='ocrx_word' id='word_1_374' title='bbox 2123 1923 2170 1968; x_wconf 90' lang='lat' dir='ltr'><strong>et</strong></span> <span class='ocrx_word' id='word_1_375' title='bbox 2197 1914 2351 1982; x_wconf 79' lang='lat' dir='ltr'><strong>[idem</strong></span> <span class='ocrx_word' id='word_1_376' title='bbox 2375 1923 2708 1982; x_wconf 84' lang='lat' dir='ltr'><strong>consequetur</strong></span> <span class='ocrx_word' id='word_1_377' title='bbox 2725 1913 2907 1969; x_wconf 85' lang='lat' dir='ltr'><strong>domus</strong></span> <span class='ocrx_word' id='word_1_378' title='bbox 2927 1914 3061 1986; x_wconf 84' lang='lat' dir='ltr'><strong>ejus,</strong></span> <span class='ocrx_word' id='word_1_379' title='bbox 3087 1922 3135 1969; x_wconf 90' lang='lat' dir='ltr'><strong>et</strong></span> <span class='ocrx_word' id='word_1_380' title='bbox 3160 1929 3376 1986; x_wconf 83' lang='lat' dir='ltr'><strong>regnum</strong></span> <span class='ocrx_word' id='word_1_381' title='bbox 3398 1912 3514 1983; x_wconf 86' lang='lat' dir='ltr'><strong>ejus</strong></span> 
     </span>
    </p>
   </div>
   <div class='ocr_carea' id='block_1_47' title="bbox 1901 2005 3514 2077">
    <p class='ocr_par' dir='ltr' id='par_1_47' title="bbox 1901 2005 3514 2077">
     <span class='ocr_line' id='line_1_47' title="bbox 1901 2005 3514 2077; baseline 0.001 -18"><span class='ocrx_word' id='word_1_382' title='bbox 1901 2021 2057 2077; x_wconf 83' lang='lat' dir='ltr'><strong>usque</strong></span> <span class='ocrx_word' id='word_1_383' title='bbox 2080 2007 2135 2062; x_wconf 85' lang='lat' dir='ltr'><strong>in</strong></span> <span class='ocrx_word' id='word_1_384' title='bbox 2154 2006 2420 2063; x_wconf 78' lang='lat' dir='ltr'><strong>staculunt.</strong></span> <span class='ocrx_word' id='word_1_385' title='bbox 2450 2007 2556 2063; x_wconf 87' lang='lat' dir='ltr'><strong>Sed</strong></span> <span class='ocrx_word' id='word_1_386' title='bbox 2581 2007 2698 2063; x_wconf 57' lang='lat' dir='ltr'><strong>haec</strong></span> <span class='ocrx_word' id='word_1_387' title='bbox 2717 2016 2775 2063; x_wconf 93' lang='lat' dir='ltr'><strong>ut</strong></span> <span class='ocrx_word' id='word_1_388' title='bbox 2796 2006 2971 2063; x_wconf 72' lang='lat' dir='ltr'><strong>Judaei</strong></span> <span class='ocrx_word' id='word_1_389' title='bbox 2990 2022 3097 2063; x_wconf 90' lang='lat' dir='ltr'><strong>non</strong></span> <span class='ocrx_word' id='word_1_390' title='bbox 3127 2005 3514 2077; x_wconf 79' lang='lat' dir='ltr'><strong>intelligerent,</strong></span> 
     </span>
    </p>
   </div>
   <div class='ocr_carea' id='block_1_48' title="bbox 1904 2099 3517 2173">
    <p class='ocr_par' dir='ltr' id='par_1_48' title="bbox 1904 2099 3517 2173">
     <span class='ocr_line' id='line_1_48' title="bbox 1904 2099 3517 2173; baseline 0.001 -18"><span class='ocrx_word' id='word_1_391' title='bbox 1904 2099 1992 2156; x_wconf 85' lang='lat' dir='ltr'><strong>illa</strong></span> <span class='ocrx_word' id='word_1_392' title='bbox 2016 2100 2115 2157; x_wconf 81' lang='lat' dir='ltr'><strong>fuit</strong></span> <span class='ocrx_word' id='word_1_393' title='bbox 2143 2116 2326 2167; x_wconf 84' lang='lat' dir='ltr'><strong>causa,</strong></span> <span class='ocrx_word' id='word_1_394' title='bbox 2360 2101 2504 2173; x_wconf 87' lang='lat' dir='ltr'><strong>quod</strong></span> <span class='ocrx_word' id='word_1_395' title='bbox 2558 2101 2819 2158; x_wconf 91' lang='lat' dir='ltr'><strong>Solomon</strong></span> <span class='ocrx_word' id='word_1_396' title='bbox 2871 2101 3014 2158; x_wconf 84' lang='lat' dir='ltr'><strong>ﬁlius</strong></span> <span class='ocrx_word' id='word_1_397' title='bbox 3043 2101 3207 2157; x_wconf 89' lang='lat' dir='ltr'><strong>David</strong></span> <span class='ocrx_word' id='word_1_398' title='bbox 3241 2102 3353 2158; x_wconf 86' lang='lat' dir='ltr'><strong>Deo</strong></span> <span class='ocrx_word' id='word_1_399' title='bbox 3380 2110 3517 2157; x_wconf 81' lang='lat' dir='ltr'><strong>tem-</strong></span> 
     </span>
    </p>
   </div>
   <div class='ocr_carea' id='block_1_49' title="bbox 1906 2192 3520 2265">
    <p class='ocr_par' dir='ltr' id='par_1_49' title="bbox 1906 2192 3520 2265">
     <span class='ocr_line' id='line_1_49' title="bbox 1906 2192 3520 2265; baseline 0.001 -18"><span class='ocrx_word' id='word_1_400' title='bbox 1906 2192 2050 2262; x_wconf 86' lang='lat' dir='ltr'><strong>plum</strong></span> <span class='ocrx_word' id='word_1_401' title='bbox 2080 2192 2390 2261; x_wconf 84' lang='lat' dir='ltr'><strong>aediﬁcavit,</strong></span> <span class='ocrx_word' id='word_1_402' title='bbox 2421 2202 2478 2249; x_wconf 91' lang='lat' dir='ltr'><strong>et</strong></span> <span class='ocrx_word' id='word_1_403' title='bbox 2502 2192 2800 2262; x_wconf 88' lang='lat' dir='ltr'><strong>civitatem,</strong></span> <span class='ocrx_word' id='word_1_404' title='bbox 2831 2210 2994 2265; x_wconf 88' lang='lat' dir='ltr'><strong>quam</strong></span> <span class='ocrx_word' id='word_1_405' title='bbox 3043 2193 3113 2251; x_wconf 90' lang='lat' dir='ltr'><strong>de</strong></span> <span class='ocrx_word' id='word_1_406' title='bbox 3147 2209 3247 2249; x_wconf 86' lang='lat' dir='ltr'><strong>suo</strong></span> <span class='ocrx_word' id='word_1_407' title='bbox 3298 2193 3520 2249; x_wconf 87' lang='lat' dir='ltr'><strong>nomine</strong></span> 
     </span>
    </p>
   </div>
   <div class='ocr_carea' id='block_1_50' title="bbox 1908 2286 3518 2360">
    <p class='ocr_par' dir='ltr' id='par_1_50' title="bbox 1908 2286 3518 2360">
     <span class='ocr_line' id='line_1_50' title="bbox 1908 2286 3518 2360; baseline 0.001 -19"><span class='ocrx_word' id='word_1_408' title='bbox 1908 2286 2282 2360; x_wconf 84' lang='lat' dir='ltr'><strong>llierosolyma</strong></span> <span class='ocrx_word' id='word_1_409' title='bbox 2343 2288 2694 2359; x_wconf 82' lang='lat' dir='ltr'><strong>nuncupavit.</strong></span> <span class='ocrx_word' id='word_1_410' title='bbox 2748 2288 2935 2360; x_wconf 83' lang='lat' dir='ltr'><strong>Itaque</strong></span> <span class='ocrx_word' id='word_1_411' title='bbox 2969 2289 3036 2344; x_wconf 86' lang='lat' dir='ltr'><strong>ad</strong></span> <span class='ocrx_word' id='word_1_412' title='bbox 3072 2289 3270 2360; x_wconf 87' lang='lat' dir='ltr'><strong>ipsum,</strong></span> <span class='ocrx_word' id='word_1_413' title='bbox 3313 2303 3434 2359; x_wconf 69' lang='lat' dir='ltr'><strong>quae</strong></span> <span class='ocrx_word' id='word_1_414' title='bbox 3484 2302 3518 2343; x_wconf 87' lang='lat' dir='ltr'><strong>a</strong></span> 
     </span>
    </p>
   </div>
   <div class='ocr_carea' id='block_1_51' title="bbox 1908 2379 3517 2453">
    <p class='ocr_par' dir='ltr' id='par_1_51' title="bbox 1908 2379 3517 2453">
     <span class='ocr_line' id='line_1_51' title="bbox 1908 2379 3517 2453; baseline -0.001 -16"><span class='ocrx_word' id='word_1_415' title='bbox 1908 2380 2175 2453; x_wconf 83' lang='lat' dir='ltr'><strong>Propheta</strong></span> <span class='ocrx_word' id='word_1_416' title='bbox 2200 2381 2347 2437; x_wconf 87' lang='lat' dir='ltr'><strong>dicta</strong></span> <span class='ocrx_word' id='word_1_417' title='bbox 2372 2391 2519 2446; x_wconf 89' lang='lat' dir='ltr'><strong>sunt,</strong></span> <span class='ocrx_word' id='word_1_418' title='bbox 2558 2381 2879 2438; x_wconf 88' lang='lat' dir='ltr'><strong>retulerunt.</strong></span> <span class='ocrx_word' id='word_1_419' title='bbox 2922 2382 3179 2440; x_wconf 90' lang='lat' dir='ltr'><strong>Solomon</strong></span> <span class='ocrx_word' id='word_1_420' title='bbox 3219 2392 3402 2436; x_wconf 87' lang='lat' dir='ltr'><strong>autem</strong></span> <span class='ocrx_word' id='word_1_421' title='bbox 3447 2379 3517 2435; x_wconf 85' lang='lat' dir='ltr'><strong>ab</strong></span> 
     </span>
    </p>
   </div>
   <div class='ocr_carea' id='block_1_52' title="bbox 1909 2471 3519 2546">
    <p class='ocr_par' dir='ltr' id='par_1_52' title="bbox 1909 2471 3519 2546">
     <span class='ocr_line' id='line_1_52' title="bbox 1909 2471 3519 2546; baseline 0.001 -17"><span class='ocrx_word' id='word_1_422' title='bbox 1909 2474 2027 2545; x_wconf 85' lang='lat' dir='ltr'><strong>ipso</strong></span> <span class='ocrx_word' id='word_1_423' title='bbox 2056 2481 2207 2543; x_wconf 79' lang='lat' dir='ltr'><strong>patre</strong></span> <span class='ocrx_word' id='word_1_424' title='bbox 2247 2488 2351 2530; x_wconf 85' lang='lat' dir='ltr'><strong>suo</strong></span> <span class='ocrx_word' id='word_1_425' title='bbox 2409 2473 2622 2543; x_wconf 88' lang='lat' dir='ltr'><strong>imperii</strong></span> <span class='ocrx_word' id='word_1_426' title='bbox 2666 2475 2906 2546; x_wconf 82' lang='lat' dir='ltr'><strong>regimen</strong></span> <span class='ocrx_word' id='word_1_427' title='bbox 2946 2475 3176 2546; x_wconf 84' lang='lat' dir='ltr'><strong>accepit.</strong></span> <span class='ocrx_word' id='word_1_428' title='bbox 3229 2471 3519 2544; x_wconf 76' lang='lat' dir='ltr'><strong>Pr0phette</strong></span> 
     </span>
    </p>
   </div>
   <div class='ocr_carea' id='block_1_53' title="bbox 1910 2567 3517 2640">
    <p class='ocr_par' dir='ltr' id='par_1_53' title="bbox 1910 2567 3517 2640">
     <span class='ocr_line' id='line_1_53' title="bbox 1910 2567 3517 2640; baseline 0.001 -19"><span class='ocrx_word' id='word_1_429' title='bbox 1910 2582 2039 2624; x_wconf 88' lang='lat' dir='ltr'><strong>vero</strong></span> <span class='ocrx_word' id='word_1_430' title='bbox 2054 2567 2124 2623; x_wconf 89' lang='lat' dir='ltr'><strong>de</strong></span> <span class='ocrx_word' id='word_1_431' title='bbox 2139 2582 2205 2623; x_wconf 87' lang='lat' dir='ltr'><strong>eo</strong></span> <span class='ocrx_word' id='word_1_432' title='bbox 2227 2567 2608 2639; x_wconf 82' lang='lat' dir='ltr'><strong>loquebantur,</strong></span> <span class='ocrx_word' id='word_1_433' title='bbox 2630 2568 2722 2640; x_wconf 90' lang='lat' dir='ltr'><strong>qui</strong></span> <span class='ocrx_word' id='word_1_434' title='bbox 2742 2578 2853 2623; x_wconf 85' lang='lat' dir='ltr'><strong>tum</strong></span> <span class='ocrx_word' id='word_1_435' title='bbox 2871 2576 3208 2634; x_wconf 87' lang='lat' dir='ltr'><strong>nasceretur,</strong></span> <span class='ocrx_word' id='word_1_436' title='bbox 3231 2574 3517 2638; x_wconf 78' lang='lat' dir='ltr'><strong>postquam</strong></span> 
     </span>
    </p>
   </div>
   <div class='ocr_carea' id='block_1_54' title="bbox 1912 2660 3517 2736">
    <p class='ocr_par' dir='ltr' id='par_1_54' title="bbox 1912 2660 3517 2736">
     <span class='ocr_line' id='line_1_54' title="bbox 1912 2660 3517 2736; baseline -0.002 -16"><span class='ocrx_word' id='word_1_437' title='bbox 1912 2663 2080 2720; x_wconf 82' lang='lat' dir='ltr'><strong>David</strong></span> <span class='ocrx_word' id='word_1_438' title='bbox 2107 2679 2229 2720; x_wconf 84' lang='lat' dir='ltr'><strong>eum</strong></span> <span class='ocrx_word' id='word_1_439' title='bbox 2259 2665 2502 2736; x_wconf 86' lang='lat' dir='ltr'><strong>patribus</strong></span> <span class='ocrx_word' id='word_1_440' title='bbox 2530 2666 2645 2720; x_wconf 86' lang='lat' dir='ltr'><strong>suis</strong></span> <span class='ocrx_word' id='word_1_441' title='bbox 2693 2664 3069 2736; x_wconf 83' lang='lat' dir='ltr'><strong>requievisset.</strong></span> <span class='ocrx_word' id='word_1_442' title='bbox 3114 2664 3383 2719; x_wconf 68' lang='lat' dir='ltr'><strong>Prmterea</strong></span> <span class='ocrx_word' id='word_1_443' title='bbox 3414 2660 3517 2717; x_wconf 86' lang='lat' dir='ltr'><strong>So-</strong></span> 
     </span>
    </p>
   </div>
   <div class='ocr_carea' id='block_1_55' title="bbox 1904 2753 3512 2829">
    <p class='ocr_par' dir='ltr' id='par_1_55' title="bbox 1904 2753 3512 2829">
     <span class='ocr_line' id='line_1_55' title="bbox 1904 2753 3512 2829; baseline -0.004 -15"><span class='ocrx_word' id='word_1_444' title='bbox 1904 2757 2136 2814; x_wconf 90' lang='lat' dir='ltr'><strong>lomonis</strong></span> <span class='ocrx_word' id='word_1_445' title='bbox 2168 2757 2452 2828; x_wconf 87' lang='lat' dir='ltr'><strong>imperium</strong></span> <span class='ocrx_word' id='word_1_446' title='bbox 2499 2766 2820 2829; x_wconf 88' lang='lat' dir='ltr'><strong>perpetuum</strong></span> <span class='ocrx_word' id='word_1_447' title='bbox 2872 2771 2978 2813; x_wconf 91' lang='lat' dir='ltr'><strong>non</strong></span> <span class='ocrx_word' id='word_1_448' title='bbox 3012 2756 3145 2824; x_wconf 86' lang='lat' dir='ltr'><strong>fuit;</strong></span> <span class='ocrx_word' id='word_1_449' title='bbox 3182 2755 3339 2810; x_wconf 89' lang='lat' dir='ltr'><strong>annis</strong></span> <span class='ocrx_word' id='word_1_450' title='bbox 3364 2753 3512 2810; x_wconf 89' lang='lat' dir='ltr'><strong>enim</strong></span> 
     </span>
    </p>
   </div>
   <div class='ocr_carea' id='block_1_56' title="bbox 1908 2846 3519 2921">
    <p class='ocr_par' dir='ltr' id='par_1_56' title="bbox 1908 2846 3519 2921">
     <span class='ocr_line' id='line_1_56' title="bbox 1908 2846 3519 2921; baseline -0.002 -16"><span class='ocrx_word' id='word_1_451' title='bbox 1908 2865 1983 2905; x_wconf 67' lang='grc' dir='ltr'><strong>χι.</strong></span> <span class='ocrx_word' id='word_1_452' title='bbox 2026 2851 2291 2921; x_wconf 76' lang='lat' dir='ltr'><strong>regnavit.</strong></span> <span class='ocrx_word' id='word_1_453' title='bbox 2327 2849 2533 2905; x_wconf 91' lang='lat' dir='ltr'><strong>Deinde</strong></span> <span class='ocrx_word' id='word_1_454' title='bbox 2558 2850 2702 2921; x_wconf 90' lang='lat' dir='ltr'><strong>quod</strong></span> <span class='ocrx_word' id='word_1_455' title='bbox 2733 2865 3008 2921; x_wconf 90' lang='lat' dir='ltr'><strong>nunquam</strong></span> <span class='ocrx_word' id='word_1_456' title='bbox 3042 2849 3185 2904; x_wconf 85' lang='lat' dir='ltr'><strong>illius</strong></span> <span class='ocrx_word' id='word_1_457' title='bbox 3220 2847 3318 2903; x_wconf 88' lang='lat' dir='ltr'><strong>Dei</strong></span> <span class='ocrx_word' id='word_1_458' title='bbox 3341 2846 3519 2903; x_wconf 88' lang='lat' dir='ltr'><strong>dictus</strong></span> 
     </span>
    </p>
   </div>
   <div class='ocr_carea' id='block_1_57' title="bbox 1909 2939 3519 3013">
    <p class='ocr_par' dir='ltr' id='par_1_57' title="bbox 1909 2939 3519 3013">
     <span class='ocr_line' id='line_1_57' title="bbox 1909 2939 3519 3013; baseline -0.002 -15"><span class='ocrx_word' id='word_1_459' title='bbox 1909 2951 2017 3010; x_wconf 90' lang='lat' dir='ltr'><strong>est,</strong></span> <span class='ocrx_word' id='word_1_460' title='bbox 2051 2943 2149 2998; x_wconf 89' lang='lat' dir='ltr'><strong>sed</strong></span> <span class='ocrx_word' id='word_1_461' title='bbox 2180 2940 2325 2997; x_wconf 85' lang='lat' dir='ltr'><strong>ﬁlius</strong></span> <span class='ocrx_word' id='word_1_462' title='bbox 2358 2941 2561 3007; x_wconf 87' lang='lat' dir='ltr'><strong>David;</strong></span> <span class='ocrx_word' id='word_1_463' title='bbox 2604 2951 2658 2998; x_wconf 91' lang='lat' dir='ltr'><strong>et</strong></span> <span class='ocrx_word' id='word_1_464' title='bbox 2682 2940 2876 2997; x_wconf 90' lang='lat' dir='ltr'><strong>domus</strong></span> <span class='ocrx_word' id='word_1_465' title='bbox 2905 2956 3068 3013; x_wconf 90' lang='lat' dir='ltr'><strong>quam</strong></span> <span class='ocrx_word' id='word_1_466' title='bbox 3098 2939 3386 2995; x_wconf 64' lang='lat' dir='ltr'><strong>aediﬁcavit</strong></span> <span class='ocrx_word' id='word_1_467' title='bbox 3412 2953 3519 2994; x_wconf 87' lang='lat' dir='ltr'><strong>non</strong></span> 
     </span>
    </p>
   </div>
   <div class='ocr_carea' id='block_1_58' title="bbox 197 3024 3520 3111">
    <p class='ocr_par' dir='ltr' id='par_1_58' title="bbox 197 3024 3520 3111">
     <span class='ocr_line' id='line_1_58' title="bbox 197 3024 3520 3111; baseline -0.001 -19"><span class='ocrx_word' id='word_1_468' title='bbox 197 3037 297 3108; x_wconf 76' lang='lat' dir='ltr'><strong>ﬂos</strong></span> <span class='ocrx_word' id='word_1_469' title='bbox 334 3035 401 3092; x_wconf 89' lang='lat' dir='ltr'><strong>de</strong></span> <span class='ocrx_word' id='word_1_470' title='bbox 426 3036 601 3094; x_wconf 84' lang='lat' dir='ltr'><strong>radice</strong></span> <span class='ocrx_word' id='word_1_471' title='bbox 650 3038 761 3110; x_wconf 87' lang='lat' dir='ltr'><strong>ejus</strong></span> <span class='ocrx_word' id='word_1_472' title='bbox 807 3037 1069 3108; x_wconf 86' lang='lat' dir='ltr'><strong>ascendet,</strong></span> <span class='ocrx_word' id='word_1_473' title='bbox 1099 3047 1147 3094; x_wconf 86' lang='lat' dir='ltr'><strong>et</strong></span> <span class='ocrx_word' id='word_1_474' title='bbox 1177 3037 1451 3111; x_wconf 87' lang='lat' dir='ltr'><strong>requiescet</strong></span> <span class='ocrx_word' id='word_1_475' title='bbox 1488 3052 1645 3110; x_wconf 86' lang='lat' dir='ltr'><strong>super</strong></span> <span class='ocrx_word' id='word_1_476' title='bbox 1698 3052 1813 3092; x_wconf 88' lang='lat' dir='ltr'><strong>eum</strong></span> <span class='ocrx_word' id='word_1_477' title='bbox 1838 3024 1885 3090; x_wconf 87' lang='lat' dir='ltr'><strong>C</strong></span> <span class='ocrx_word' id='word_1_478' title='bbox 1917 3042 2001 3091; x_wconf 88' lang='lat' dir='ltr'><strong>est</strong></span> <span class='ocrx_word' id='word_1_479' title='bbox 2028 3032 2190 3089; x_wconf 86' lang='lat' dir='ltr'><strong>iidem</strong></span> <span class='ocrx_word' id='word_1_480' title='bbox 2219 3040 2544 3107; x_wconf 82' lang='lat' dir='ltr'><strong>consecuta,</strong></span> <span class='ocrx_word' id='word_1_481' title='bbox 2573 3032 2712 3097; x_wconf 87' lang='lat' dir='ltr'><strong>sicut</strong></span> <span class='ocrx_word' id='word_1_482' title='bbox 2759 3034 3023 3107; x_wconf 85' lang='lat' dir='ltr'><strong>Ecclesia,</strong></span> <span class='ocrx_word' id='word_1_483' title='bbox 3051 3048 3172 3107; x_wconf 66' lang='lat' dir='ltr'><strong>qua:</strong></span> <span class='ocrx_word' id='word_1_484' title='bbox 3213 3039 3305 3093; x_wconf 82' lang='lat' dir='ltr'><strong>est</strong></span> <span class='ocrx_word' id='word_1_485' title='bbox 3330 3045 3520 3090; x_wconf 84' lang='lat' dir='ltr'><strong>verum</strong></span> 
     </span>
    </p>
   </div>
   <div class='ocr_carea' id='block_1_59' title="bbox 1551 3173 2185 3239">
    <p class='ocr_par' dir='ltr' id='par_1_59' title="bbox 1551 3173 2185 3239">
     <span class='ocr_line' id='line_1_59' title="bbox 1551 3173 2185 3239; baseline -0.008 -2"><span class='ocrx_word' id='word_1_486' title='bbox 1551 3174 1917 3239; x_wconf 70' lang='lat' dir='ltr'><strong>VARIORUM</strong></span> <span class='ocrx_word' id='word_1_487' title='bbox 1954 3173 2185 3234; x_wconf 64' lang='lat' dir='ltr'><strong>NOTAE.</strong></span> 
     </span>
    </p>
   </div>
   <div class='ocr_carea' id='block_1_60' title="bbox 271 3315 1794 3390">
    <p class='ocr_par' dir='ltr' id='par_1_60' title="bbox 271 3315 1794 3390">
     <span class='ocr_line' id='line_1_60' title="bbox 271 3315 1794 3390; baseline -0.001 -15"><span class='ocrx_word' id='word_1_488' title='bbox 271 3315 386 3375; x_wconf 81' lang='lat' dir='ltr'><strong>Sed</strong></span> <span class='ocrx_word' id='word_1_489' title='bbox 409 3316 605 3390; x_wconf 85' lang='lat' dir='ltr'><strong>colligit</strong></span> <span class='ocrx_word' id='word_1_490' title='bbox 647 3334 722 3384; x_wconf 87' lang='lat' dir='ltr'><strong>se,</strong></span> <span class='ocrx_word' id='word_1_491' title='bbox 750 3326 858 3374; x_wconf 87' lang='lat' dir='ltr'><strong>etc.</strong></span> <span class='ocrx_word' id='word_1_492' title='bbox 888 3316 1023 3387; x_wconf 84' lang='lat' dir='ltr'><strong>Quia</strong></span> <span class='ocrx_word' id='word_1_493' title='bbox 1064 3315 1248 3373; x_wconf 84' lang='lat' dir='ltr'><strong>furore</strong></span> <span class='ocrx_word' id='word_1_494' title='bbox 1291 3315 1550 3390; x_wconf 78' lang='lat' dir='ltr'><strong>confusus</strong></span> <span class='ocrx_word' id='word_1_495' title='bbox 1579 3316 1794 3373; x_wconf 87' lang='lat' dir='ltr'><strong>diversa</strong></span> 
     </span>
    </p>
   </div>
   <div class='ocr_carea' id='block_1_61' title="bbox 201 3460 1798 3534">
    <p class='ocr_par' dir='ltr' id='par_1_61' title="bbox 201 3460 1798 3534">
     <span class='ocr_line' id='line_1_61' title="bbox 201 3460 1798 3534; baseline -0.002 -15"><span class='ocrx_word' id='word_1_496' title='bbox 201 3463 267 3519; x_wconf 85' lang='lat' dir='ltr'><strong>de</strong></span> <span class='ocrx_word' id='word_1_497' title='bbox 285 3463 590 3534; x_wconf 64' lang='lat' dir='ltr'><strong>Praeparat.</strong></span> <span class='ocrx_word' id='word_1_498' title='bbox 611 3462 864 3534; x_wconf 85' lang='lat' dir='ltr'><strong>Evangel.</strong></span> <span class='ocrx_word' id='word_1_499' title='bbox 886 3460 1217 3533; x_wconf 81' lang='lat' dir='ltr'><strong>Augustinus</strong></span> <span class='ocrx_word' id='word_1_500' title='bbox 1233 3461 1304 3534; x_wconf 87' lang='lat' dir='ltr'><strong>de</strong></span> <span class='ocrx_word' id='word_1_501' title='bbox 1317 3461 1534 3518; x_wconf 81' lang='lat' dir='ltr'><strong>Civitat.</strong></span> <span class='ocrx_word' id='word_1_502' title='bbox 1559 3462 1653 3534; x_wconf 90' lang='lat' dir='ltr'><strong>lib.</strong></span> <span class='ocrx_word' id='word_1_503' title='bbox 1681 3476 1798 3525; x_wconf 67' lang='grc' dir='ltr'>ιιι,</span> 
     </span>
    </p>
   </div>
   <div class='ocr_carea' id='block_1_62' title="bbox 201 3532 1801 3605">
    <p class='ocr_par' dir='ltr' id='par_1_62' title="bbox 201 3532 1801 3605">
     <span class='ocr_line' id='line_1_62' title="bbox 201 3532 1801 3605; baseline -0.003 -14"><span class='ocrx_word' id='word_1_504' title='bbox 201 3550 321 3605; x_wconf 83' lang='lat' dir='ltr'><strong>cap.</strong></span> <span class='ocrx_word' id='word_1_505' title='bbox 369 3532 465 3605; x_wconf 61' lang='lat'><strong>:23.</strong></span> <span class='ocrx_word' id='word_1_506' title='bbox 514 3532 735 3590; x_wconf 82' lang='lat' dir='ltr'><strong>Certum</strong></span> <span class='ocrx_word' id='word_1_507' title='bbox 763 3532 881 3601; x_wconf 80' lang='lat' dir='ltr'><strong>est,</strong></span> <span class='ocrx_word' id='word_1_508' title='bbox 915 3532 1081 3588; x_wconf 88' lang='lat' dir='ltr'><strong>totam</strong></span> <span class='ocrx_word' id='word_1_509' title='bbox 1127 3533 1471 3590; x_wconf 89' lang='lat' dir='ltr'><strong>oraculorum</strong></span> <span class='ocrx_word' id='word_1_510' title='bbox 1513 3533 1801 3589; x_wconf 85' lang='lat' dir='ltr'><strong>vanitatem</strong></span> 
     </span>
    </p>
   </div>
   <div class='ocr_carea' id='block_1_63' title="bbox 201 3602 1107 3662">
    <p class='ocr_par' dir='ltr' id='par_1_63' title="bbox 201 3602 1107 3662">
     <span class='ocr_line' id='line_1_63' title="bbox 201 3602 1107 3662; baseline -0.002 0"><span class='ocrx_word' id='word_1_511' title='bbox 201 3602 327 3662; x_wconf 75' lang='lat' dir='ltr'><strong>nato</strong></span> <span class='ocrx_word' id='word_1_512' title='bbox 355 3602 574 3661; x_wconf 89' lang='lat' dir='ltr'><strong>Christo</strong></span> <span class='ocrx_word' id='word_1_513' title='bbox 597 3606 878 3662; x_wconf 85' lang='lat' dir='ltr'><strong>cecidisse.</strong></span> <span class='ocrx_word' id='word_1_514' title='bbox 903 3605 1107 3661; x_wconf 73' lang='lat' dir='ltr'><strong>Berea.</strong></span> 
     </span>
    </p>
   </div>
   <div class='ocr_carea' id='block_1_64' title="bbox 286 3676 1802 3748">
    <p class='ocr_par' dir='ltr' id='par_1_64' title="bbox 286 3676 1802 3748">
     <span class='ocr_line' id='line_1_64' title="bbox 286 3676 1802 3748; baseline -0.001 -16"><span class='ocrx_word' id='word_1_515' title='bbox 286 3676 489 3732; x_wconf 80' lang='lat' dir='ltr'><strong>Veritas</strong></span> <span class='ocrx_word' id='word_1_516' title='bbox 508 3687 843 3748; x_wconf 70' lang='lat' dir='ltr'><strong>expresserat.</strong></span> <span class='ocrx_word' id='word_1_517' title='bbox 874 3677 1109 3733; x_wconf 79' lang='lat' dir='ltr'><strong>Verbum</strong></span> <span class='ocrx_word' id='word_1_518' title='bbox 1134 3676 1275 3732; x_wconf 84' lang='lat' dir='ltr'><strong>istud</strong></span> <span class='ocrx_word' id='word_1_519' title='bbox 1299 3676 1507 3733; x_wconf 85' lang='lat' dir='ltr'><strong>restitui</strong></span> <span class='ocrx_word' id='word_1_520' title='bbox 1530 3690 1597 3748; x_wconf 79' lang='lat' dir='ltr'><strong>ex</strong></span> <span class='ocrx_word' id='word_1_521' title='bbox 1617 3676 1770 3748; x_wconf 84' lang='lat' dir='ltr'><strong>omni</strong></span> <span class='ocrx_word' id='word_1_522' title='bbox 1786 3705 1802 3718; x_wconf 91' lang='lat'><strong>-</strong></span> 
     </span>
    </p>
   </div>
   <div class='ocr_carea' id='block_1_65' title="bbox 204 3747 1800 3806">
    <p class='ocr_par' dir='ltr' id='par_1_65' title="bbox 204 3747 1800 3806">
     <span class='ocr_line' id='line_1_65' title="bbox 204 3747 1800 3806; baseline -0.001 0"><span class='ocrx_word' id='word_1_523' title='bbox 204 3748 304 3806; x_wconf 86' lang='lat' dir='ltr'><strong>bus</strong></span> <span class='ocrx_word' id='word_1_524' title='bbox 330 3764 466 3803; x_wconf 86' lang='lat' dir='ltr'><strong>mss.</strong></span> <span class='ocrx_word' id='word_1_525' title='bbox 499 3757 555 3804; x_wconf 89' lang='lat' dir='ltr'><strong>et</strong></span> <span class='ocrx_word' id='word_1_526' title='bbox 577 3747 740 3804; x_wconf 85' lang='lat' dir='ltr'><strong>editis</strong></span> <span class='ocrx_word' id='word_1_527' title='bbox 767 3751 802 3805; x_wconf 71' lang='grc' dir='ltr'>ὅ</span> <span class='ocrx_word' id='word_1_528' title='bbox 824 3760 932 3804; x_wconf 86' lang='lat' dir='ltr'><strong>vet.</strong></span> <span class='ocrx_word' id='word_1_529' title='bbox 964 3748 1124 3804; x_wconf 74' lang='lat' dir='ltr'><strong>Rom.</strong></span> <span class='ocrx_word' id='word_1_530' title='bbox 1151 3763 1215 3804; x_wconf 85' lang='lat' dir='ltr'><strong>ac</strong></span> <span class='ocrx_word' id='word_1_531' title='bbox 1237 3748 1410 3805; x_wconf 87' lang='lat' dir='ltr'><strong>Betui.</strong></span> <span class='ocrx_word' id='word_1_532' title='bbox 1437 3759 1493 3805; x_wconf 89' lang='lat' dir='ltr'><strong>et</strong></span> <span class='ocrx_word' id='word_1_533' title='bbox 1511 3747 1716 3805; x_wconf 89' lang='lat' dir='ltr'><strong>Cellar.</strong></span> <span class='ocrx_word' id='word_1_534' title='bbox 1741 3747 1800 3804; x_wconf 87' lang='lat' dir='ltr'><strong>In</strong></span> 
     </span>
    </p>
   </div>
   <div class='ocr_carea' id='block_1_66' title="bbox 206 3820 1083 3877">
    <p class='ocr_par' dir='ltr' id='par_1_66' title="bbox 206 3820 1083 3877">
     <span class='ocr_line' id='line_1_66' title="bbox 206 3820 1083 3877; baseline 0 0"><span class='ocrx_word' id='word_1_535' title='bbox 206 3820 417 3877; x_wconf 68' lang='lat' dir='ltr'><strong>caeteris</strong></span> <span class='ocrx_word' id='word_1_536' title='bbox 441 3822 654 3875; x_wconf 82' lang='lat' dir='ltr'><strong>excusis</strong></span> <span class='ocrx_word' id='word_1_537' title='bbox 677 3832 760 3876; x_wconf 84' lang='lat' dir='ltr'><strong>est</strong></span> <span class='ocrx_word' id='word_1_538' title='bbox 785 3830 1083 3877; x_wconf 76' lang='lat' dir='ltr'><strong>extorserat.</strong></span> 
     </span>
    </p>
   </div>
   <div class='ocr_carea' id='block_1_67' title="bbox 272 3890 1796 3956">
    <p class='ocr_par' dir='ltr' id='par_1_67' title="bbox 272 3890 1796 3956">
     <span class='ocr_line' id='line_1_67' title="bbox 272 3890 1796 3956; baseline -0.001 -9"><span class='ocrx_word' id='word_1_539' title='bbox 272 3891 473 3947; x_wconf 73' lang='lat' dir='ltr'><strong>Judcet&#39;.</strong></span> <span class='ocrx_word' id='word_1_540' title='bbox 509 3892 765 3948; x_wconf 88' lang='lat' dir='ltr'><strong>Dicebant</strong></span> <span class='ocrx_word' id='word_1_541' title='bbox 783 3894 950 3956; x_wconf 87' lang='lat' dir='ltr'><strong>enim,</strong></span> <span class='ocrx_word' id='word_1_542' title='bbox 973 3891 1157 3947; x_wconf 80' lang='lat' dir='ltr'><strong>Jesum</strong></span> <span class='ocrx_word' id='word_1_543' title='bbox 1179 3892 1375 3947; x_wconf 89' lang='lat' dir='ltr'><strong>virtute</strong></span> <span class='ocrx_word' id='word_1_544' title='bbox 1400 3890 1663 3948; x_wconf 68' lang='lat' dir='ltr'><strong>daemonis</strong></span> <span class='ocrx_word' id='word_1_545' title='bbox 1691 3891 1796 3947; x_wconf 74' lang='lat' dir='ltr'><strong>dm-</strong></span> 
     </span>
    </p>
   </div>
   <div class='ocr_carea' id='block_1_68' title="bbox 207 3962 1798 4034">
    <p class='ocr_par' dir='ltr' id='par_1_68' title="bbox 207 3962 1798 4034">
     <span class='ocr_line' id='line_1_68' title="bbox 207 3962 1798 4034; baseline 0.001 -16"><span class='ocrx_word' id='word_1_546' title='bbox 207 3978 425 4019; x_wconf 87' lang='lat' dir='ltr'><strong>monem</strong></span> <span class='ocrx_word' id='word_1_547' title='bbox 457 3962 689 4033; x_wconf 75' lang='lat' dir='ltr'><strong>ejicere;</strong></span> <span class='ocrx_word' id='word_1_548' title='bbox 719 3964 842 4019; x_wconf 89' lang='lat' dir='ltr'><strong>vide</strong></span> <span class='ocrx_word' id='word_1_549' title='bbox 871 3963 1058 4019; x_wconf 78' lang='lat' dir='ltr'><strong>Matth.</strong></span> <span class='ocrx_word' id='word_1_550' title='bbox 1086 3979 1207 4034; x_wconf 88' lang='lat' dir='ltr'><strong>cap.</strong></span> <span class='ocrx_word' id='word_1_551' title='bbox 1240 3979 1348 4031; x_wconf 83' lang='lat' dir='ltr'><strong>xu,</strong></span> <span class='ocrx_word' id='word_1_552' title='bbox 1372 3964 1535 4020; x_wconf 75' lang='lat' dir='ltr'><strong>Marc.</strong></span> <span class='ocrx_word' id='word_1_553' title='bbox 1568 3980 1689 4034; x_wconf 90' lang='lat' dir='ltr'><strong>cap.</strong></span> <span class='ocrx_word' id='word_1_554' title='bbox 1716 3980 1798 4031; x_wconf 82' lang='lat' dir='ltr'><strong>ut,</strong></span> 
     </span>
    </p>
   </div>
   <div class='ocr_carea' id='block_1_69' title="bbox 208 4035 1805 4105">
    <p class='ocr_par' dir='ltr' id='par_1_69' title="bbox 208 4035 1805 4105">
     <span class='ocr_line' id='line_1_69' title="bbox 208 4035 1805 4105; baseline 0.001 -15"><span class='ocrx_word' id='word_1_555' title='bbox 208 4043 262 4090; x_wconf 89' lang='lat' dir='ltr'><strong>et</strong></span> <span class='ocrx_word' id='word_1_556' title='bbox 284 4035 442 4100; x_wconf 90' lang='lat' dir='ltr'><strong>Luc.,</strong></span> <span class='ocrx_word' id='word_1_557' title='bbox 472 4049 523 4091; x_wconf 91' lang='lat' dir='ltr'><strong>c.</strong></span> <span class='ocrx_word' id='word_1_558' title='bbox 552 4051 626 4090; x_wconf 69' lang='grc' dir='ltr'><strong>ιι.</strong></span> <span class='ocrx_word' id='word_1_559' title='bbox 656 4035 731 4089; x_wconf 88' lang='lat' dir='ltr'><strong>Ita</strong></span> <span class='ocrx_word' id='word_1_560' title='bbox 759 4045 816 4090; x_wconf 91' lang='lat' dir='ltr'><strong>et</strong></span> <span class='ocrx_word' id='word_1_561' title='bbox 841 4035 1013 4091; x_wconf 78' lang='lat' dir='ltr'><strong>Judaei</strong></span> <span class='ocrx_word' id='word_1_562' title='bbox 1040 4036 1391 4105; x_wconf 82' lang='lat' dir='ltr'><strong>posteriores,</strong></span> <span class='ocrx_word' id='word_1_563' title='bbox 1422 4045 1481 4091; x_wconf 93' lang='lat' dir='ltr'><strong>ut</strong></span> <span class='ocrx_word' id='word_1_564' title='bbox 1509 4036 1694 4091; x_wconf 86' lang='lat' dir='ltr'><strong>videre</strong></span> <span class='ocrx_word' id='word_1_565' title='bbox 1719 4044 1805 4092; x_wconf 89' lang='lat' dir='ltr'><strong>est</strong></span> 
     </span>
    </p>
   </div>
   <div class='ocr_carea' id='block_1_70' title="bbox 208 4105 1792 4234">
    <p class='ocr_par' dir='ltr' id='par_1_70' title="bbox 208 4105 1792 4234">
     <span class='ocr_line' id='line_1_70' title="bbox 208 4105 1792 4234; baseline 0.001 -74"><span class='ocrx_word' id='word_1_566' title='bbox 208 4105 684 4234; x_wconf 49' lang='grc' dir='ltr'><strong>ἓιαὶήιῖπὸιὲεοιωω</strong></span> <span class='ocrx_word' id='word_1_567' title='bbox 728 4106 992 4163; x_wconf 83' lang='lat' dir='ltr'><strong>Nazareni</strong></span> <span class='ocrx_word' id='word_1_568' title='bbox 1019 4109 1089 4163; x_wconf 85' lang='lat' dir='ltr'><strong>ab</strong></span> <span class='ocrx_word' id='word_1_569' title='bbox 1118 4107 1372 4164; x_wconf 83' lang='lat' dir='ltr'><strong>ﬂuldrieo</strong></span> <span class='ocrx_word' id='word_1_570' title='bbox 1411 4108 1579 4163; x_wconf 79' lang='lat' dir='ltr'><strong>iri-8°.</strong></span> <span class='ocrx_word' id='word_1_571' title='bbox 1626 4105 1792 4181; x_wconf 87' lang='lat' dir='ltr'><strong>Ludg.</strong></span> 
     </span>
    </p>
   </div>
   <div class='ocr_carea' id='block_1_71' title="bbox 279 4248 1803 4307">
    <p class='ocr_par' dir='ltr' id='par_1_71' title="bbox 279 4248 1803 4307">
     <span class='ocr_line' id='line_1_71' title="bbox 279 4248 1803 4307; baseline -0.001 -2"><span class='ocrx_word' id='word_1_572' title='bbox 279 4249 399 4305; x_wconf 79' lang='lat' dir='ltr'><strong>Hoc</strong></span> <span class='ocrx_word' id='word_1_573' title='bbox 439 4250 595 4305; x_wconf 81' lang='lat' dir='ltr'><strong>idem.</strong></span> <span class='ocrx_word' id='word_1_574' title='bbox 627 4248 743 4305; x_wconf 82' lang='lat' dir='ltr'><strong>Hoc</strong></span> <span class='ocrx_word' id='word_1_575' title='bbox 790 4249 1030 4306; x_wconf 89' lang='lat' dir='ltr'><strong>additum</strong></span> <span class='ocrx_word' id='word_1_576' title='bbox 1079 4265 1148 4306; x_wconf 82' lang='lat' dir='ltr'><strong>ex</strong></span> <span class='ocrx_word' id='word_1_577' title='bbox 1173 4250 1383 4307; x_wconf 87' lang='lat' dir='ltr'><strong>cunctis</strong></span> <span class='ocrx_word' id='word_1_578' title='bbox 1414 4265 1546 4306; x_wconf 88' lang='lat' dir='ltr'><strong>mss.</strong></span> <span class='ocrx_word' id='word_1_579' title='bbox 1573 4261 1629 4307; x_wconf 88' lang='lat' dir='ltr'><strong>et</strong></span> <span class='ocrx_word' id='word_1_580' title='bbox 1670 4250 1803 4307; x_wconf 86' lang='lat' dir='ltr'><strong>edit.</strong></span> 
     </span>
    </p>
   </div>
   <div class='ocr_carea' id='block_1_72' title="bbox 210 4319 1808 4394">
    <p class='ocr_par' dir='ltr' id='par_1_72' title="bbox 210 4319 1808 4394">
     <span class='ocr_line' id='line_1_72' title="bbox 210 4319 1808 4394; baseline 0 -17"><span class='ocrx_word' id='word_1_581' title='bbox 210 4320 436 4377; x_wconf 83' lang='lat' dir='ltr'><strong>Tornes.</strong></span> <span class='ocrx_word' id='word_1_582' title='bbox 486 4337 551 4377; x_wconf 89' lang='lat' dir='ltr'><strong>ac</strong></span> <span class='ocrx_word' id='word_1_583' title='bbox 593 4323 867 4379; x_wconf 86' lang='lat' dir='ltr'><strong>Soubron.</strong></span> <span class='ocrx_word' id='word_1_584' title='bbox 892 4319 1116 4378; x_wconf 66' lang='lat' dir='ltr'><strong>Castoris</strong></span> <span class='ocrx_word' id='word_1_585' title='bbox 1160 4322 1388 4394; x_wconf 82' lang='lat' dir='ltr'><strong>vulgatis</strong></span> <span class='ocrx_word' id='word_1_586' title='bbox 1409 4324 1583 4379; x_wconf 87' lang='lat' dir='ltr'><strong>deest.</strong></span> <span class='ocrx_word' id='word_1_587' title='bbox 1617 4323 1675 4378; x_wconf 87' lang='lat' dir='ltr'><strong>in</strong></span> <span class='ocrx_word' id='word_1_588' title='bbox 1707 4338 1808 4379; x_wconf 77' lang='lat' dir='ltr'><strong>sex</strong></span> 
     </span>
    </p>
   </div>
   <div class='ocr_carea' id='block_1_73' title="bbox 210 4393 1480 4464">
    <p class='ocr_par' dir='ltr' id='par_1_73' title="bbox 210 4393 1480 4464">
     <span class='ocr_line' id='line_1_73' title="bbox 210 4393 1480 4464; baseline -0.002 -15"><span class='ocrx_word' id='word_1_589' title='bbox 210 4395 425 4463; x_wconf 85' lang='lat' dir='ltr'><strong>scriptis</strong></span> <span class='ocrx_word' id='word_1_590' title='bbox 449 4410 562 4449; x_wconf 88' lang='lat' dir='ltr'><strong>rec.</strong></span> <span class='ocrx_word' id='word_1_591' title='bbox 592 4403 645 4448; x_wconf 88' lang='lat' dir='ltr'><strong>et</strong></span> <span class='ocrx_word' id='word_1_592' title='bbox 669 4393 757 4449; x_wconf 85' lang='lat' dir='ltr'><strong>ed.</strong></span> <span class='ocrx_word' id='word_1_593' title='bbox 786 4393 1018 4449; x_wconf 87' lang='lat' dir='ltr'><strong>Tornes.</strong></span> <span class='ocrx_word' id='word_1_594' title='bbox 1052 4403 1137 4449; x_wconf 81' lang='lat' dir='ltr'><strong>est</strong></span> <span class='ocrx_word' id='word_1_595' title='bbox 1159 4393 1480 4464; x_wconf 80' lang='lat' dir='ltr'><strong>putaverunt.</strong></span> 
     </span>
    </p>
   </div>
   <div class='ocr_carea' id='block_1_74' title="bbox 1902 3311 3515 3442">
    <p class='ocr_par' dir='ltr' id='par_1_74' title="bbox 1902 3311 3515 3442">
     <span class='ocr_line' id='line_1_74' title="bbox 1902 3311 3515 3442; baseline -0.002 -72"><span class='ocrx_word' id='word_1_596' title='bbox 1902 3322 2145 3387; x_wconf 83' lang='lat' dir='ltr'><strong>pretum,</strong></span> <span class='ocrx_word' id='word_1_597' title='bbox 2189 3313 2461 3389; x_wconf 86' lang='lat' dir='ltr'><strong>etiamque</strong></span> <span class='ocrx_word' id='word_1_598' title='bbox 2488 3311 2749 3442; x_wconf 52' lang='lat' dir='ltr'><strong>Caypriani</strong></span> <span class='ocrx_word' id='word_1_599' title='bbox 2798 3312 2888 3369; x_wconf 90' lang='lat' dir='ltr'><strong>lib.</strong></span> <span class='ocrx_word' id='word_1_600' title='bbox 2925 3329 2965 3368; x_wconf 86' lang='grc' dir='ltr'><strong>ι.</strong></span> <span class='ocrx_word' id='word_1_601' title='bbox 2997 3311 3384 3379; x_wconf 83' lang='lat' dir='ltr'><strong>Testimonior.</strong></span> <span class='ocrx_word' id='word_1_602' title='bbox 3410 3311 3515 3368; x_wconf 86' lang='lat' dir='ltr'><strong>ad-</strong></span> 
     </span>
     <span class='ocr_line' id='line_1_75' title="bbox 1905 3383 3137 3442; baseline -0.002 0"><span class='ocrx_word' id='word_1_603' title='bbox 1905 3400 2093 3442; x_wconf 89' lang='lat' dir='ltr'><strong>versus</strong></span> <span class='ocrx_word' id='word_1_604' title='bbox 2115 3384 2333 3440; x_wconf 80' lang='lat' dir='ltr'><strong>Judaeos</strong></span> <span class='ocrx_word' id='word_1_605' title='bbox 2362 3399 2481 3442; x_wconf 87' lang='lat' dir='ltr'><strong>can.</strong></span> <span class='ocrx_word' id='word_1_606' title='bbox 2558 3424 2571 3438; x_wconf 96' lang='lat'><strong>.</strong></span> <span class='ocrx_word' id='word_1_607' title='bbox 2604 3383 2779 3440; x_wconf 83' lang='lat' dir='ltr'><strong>Editis</strong></span> <span class='ocrx_word' id='word_1_608' title='bbox 2806 3395 2891 3440; x_wconf 87' lang='lat' dir='ltr'><strong>est</strong></span> <span class='ocrx_word' id='word_1_609' title='bbox 2910 3428 2925 3442; x_wconf 94' lang='lat'><strong>.</strong></span> <span class='ocrx_word' id='word_1_610' title='bbox 2958 3402 3137 3442; x_wconf 83' lang='lat' dir='ltr'><strong>onera.</strong></span> 
     </span>
    </p>
   </div>
   <div class='ocr_carea' id='block_1_75' title="bbox 201 3384 2571 3460">
    <p class='ocr_par' dir='ltr' id='par_1_75' title="bbox 201 3384 2571 3460">
     <span class='ocr_line' id='line_1_76' title="bbox 201 3384 2571 3460; baseline -0.002 -13"><span class='ocrx_word' id='word_1_611' title='bbox 201 3389 436 3447; x_wconf 79' lang='lat' dir='ltr'><strong>dixerat.</strong></span> <span class='ocrx_word' id='word_1_612' title='bbox 466 3384 745 3460; x_wconf 78' lang='lat' dir='ltr'><strong>Ejusmodi</strong></span> <span class='ocrx_word' id='word_1_613' title='bbox 789 3384 958 3445; x_wconf 73' lang='lat' dir='ltr'><strong>multa</strong></span> <span class='ocrx_word' id='word_1_614' title='bbox 985 3390 1201 3445; x_wconf 84' lang='lat' dir='ltr'><strong>oracula</strong></span> <span class='ocrx_word' id='word_1_615' title='bbox 1230 3389 1488 3459; x_wconf 84' lang='lat' dir='ltr'><strong>colligunt</strong></span> <span class='ocrx_word' id='word_1_616' title='bbox 1532 3391 1801 3445; x_wconf 82' lang='lat' dir='ltr'><strong>Eusebius</strong></span> <span class='ocrx_word' id='word_1_617' title='bbox 1903 3384 2093 3460; x_wconf 77' lang='lat' dir='ltr'><strong>versus</strong></span> <span class='ocrx_word' id='word_1_618' title='bbox 2115 3384 2333 3460; x_wconf 79' lang='lat' dir='ltr'><strong>Judaeos</strong></span> <span class='ocrx_word' id='word_1_619' title='bbox 2362 3386 2481 3460; x_wconf 78' lang='lat' dir='ltr'><strong>cap.</strong></span> <span class='ocrx_word' id='word_1_620' title='bbox 2516 3384 2571 3460; x_wconf 61' lang='grc' dir='ltr'><strong>ὅ,</strong></span> 
     </span>
    </p>
   </div>
   <div class='ocr_carea' id='block_1_76' title="bbox 2604 3383 3137 3452">
    <p class='ocr_par' dir='ltr' id='par_1_76' title="bbox 2604 3383 3137 3452">
     <span class='ocr_line' id='line_1_77' title="bbox 2604 3383 3137 3452; baseline 0.002 -13"><span class='ocrx_word' id='word_1_621' title='bbox 2604 3383 2779 3440; x_wconf 82' lang='lat' dir='ltr'><strong>Editis</strong></span> <span class='ocrx_word' id='word_1_622' title='bbox 2806 3395 2891 3440; x_wconf 88' lang='lat' dir='ltr'><strong>est</strong></span> <span class='ocrx_word' id='word_1_623' title='bbox 2910 3428 2925 3452; x_wconf 90' lang='lat'><strong>,</strong></span> <span class='ocrx_word' id='word_1_624' title='bbox 2958 3402 3137 3451; x_wconf 85' lang='lat' dir='ltr'><strong>opera.</strong></span> 
     </span>
    </p>
   </div>
   <div class='ocr_carea' id='block_1_77' title="bbox 1982 3454 3517 3528">
    <p class='ocr_par' dir='ltr' id='par_1_77' title="bbox 1982 3454 3517 3528">
     <span class='ocr_line' id='line_1_78' title="bbox 1982 3454 3517 3528; baseline -0.001 -16"><span class='ocrx_word' id='word_1_625' title='bbox 1982 3457 2134 3513; x_wconf 72' lang='lat' dir='ltr'><strong>Exiet</strong></span> <span class='ocrx_word' id='word_1_626' title='bbox 2172 3458 2313 3528; x_wconf 82' lang='lat' dir='ltr'><strong>virga</strong></span> <span class='ocrx_word' id='word_1_627' title='bbox 2356 3454 2442 3511; x_wconf 62' lang='lat' dir='ltr'><strong>de&#39;</strong></span> <span class='ocrx_word' id='word_1_628' title='bbox 2469 3457 2644 3510; x_wconf 88' lang='lat' dir='ltr'><strong>radice</strong></span> <span class='ocrx_word' id='word_1_629' title='bbox 2680 3454 2846 3512; x_wconf 78' lang='lat' dir='ltr'><strong>Iesse.</strong></span> <span class='ocrx_word' id='word_1_630' title='bbox 2880 3456 2976 3512; x_wconf 82' lang='lat' dir='ltr'><strong>Ms.</strong></span> <span class='ocrx_word' id='word_1_631' title='bbox 3007 3460 3032 3512; x_wconf 74' lang='grc' dir='ltr'>ί</span> <span class='ocrx_word' id='word_1_632' title='bbox 3067 3457 3299 3513; x_wconf 81' lang='lat' dir='ltr'><strong>Merton.</strong></span> <span class='ocrx_word' id='word_1_633' title='bbox 3328 3455 3478 3511; x_wconf 83' lang='lat' dir='ltr'><strong>solus</strong></span> <span class='ocrx_word' id='word_1_634' title='bbox 3502 3496 3517 3521; x_wconf 91' lang='lat'><strong>,</strong></span> 
     </span>
    </p>
   </div>
   <div class='ocr_carea' id='block_1_78' title="bbox 1910 3528 3520 3603">
    <p class='ocr_par' dir='ltr' id='par_1_78' title="bbox 1910 3528 3520 3603">
     <span class='ocr_line' id='line_1_79' title="bbox 1910 3528 3520 3603; baseline -0.001 -18"><span class='ocrx_word' id='word_1_635' title='bbox 1910 3529 2140 3603; x_wconf 76' lang='lat' dir='ltr'><strong>Exurgct</strong></span> <span class='ocrx_word' id='word_1_636' title='bbox 2163 3545 2182 3593; x_wconf 88' lang='lat'><strong>;</strong></span> <span class='ocrx_word' id='word_1_637' title='bbox 2205 3529 2299 3603; x_wconf 83' lang='lat' dir='ltr'><strong>sed</strong></span> <span class='ocrx_word' id='word_1_638' title='bbox 2330 3542 2638 3603; x_wconf 80' lang='lat' dir='ltr'><strong>perperam.</strong></span> <span class='ocrx_word' id='word_1_639' title='bbox 2672 3528 2892 3603; x_wconf 78' lang='lat' dir='ltr'><strong>Legitur</strong></span> <span class='ocrx_word' id='word_1_640' title='bbox 2921 3530 3065 3603; x_wconf 77' lang='lat' dir='ltr'><strong>enim</strong></span> <span class='ocrx_word' id='word_1_641' title='bbox 3098 3544 3261 3603; x_wconf 74' lang='lat' dir='ltr'><strong>supra</strong></span> <span class='ocrx_word' id='word_1_642' title='bbox 3295 3528 3520 3603; x_wconf 84' lang='lat' dir='ltr'><strong>hujusce</strong></span> 
     </span>
    </p>
   </div>
   <div class='ocr_carea' id='block_1_79' title="bbox 1908 3599 3522 3675">
    <p class='ocr_par' dir='ltr' id='par_1_79' title="bbox 1908 3599 3522 3675">
     <span class='ocr_line' id='line_1_80' title="bbox 1908 3599 3522 3675; baseline -0.002 -18"><span class='ocrx_word' id='word_1_643' title='bbox 1908 3599 2099 3675; x_wconf 75' lang='lat' dir='ltr'><strong>capitis</strong></span> <span class='ocrx_word' id='word_1_644' title='bbox 2123 3601 2276 3675; x_wconf 71' lang='lat' dir='ltr'><strong>initio</strong></span> <span class='ocrx_word' id='word_1_645' title='bbox 2304 3601 2544 3675; x_wconf 70' lang='lat' dir='ltr'><strong>exiet,_ut</strong></span> <span class='ocrx_word' id='word_1_646' title='bbox 2572 3601 2809 3675; x_wconf 72' lang='lat' dir='ltr'><strong>prodierit</strong></span> <span class='ocrx_word' id='word_1_647' title='bbox 2837 3599 3023 3675; x_wconf 84' lang='lat' dir='ltr'><strong>in__ﬁne</strong></span> <span class='ocrx_word' id='word_1_648' title='bbox 3048 3599 3287 3675; x_wconf 62' lang='lat' dir='ltr'><strong>capfiii,</strong></span> <span class='ocrx_word' id='word_1_649' title='bbox 3318 3599 3410 3654; x_wconf 91' lang='lat' dir='ltr'><strong>lib.</strong></span> <span class='ocrx_word' id='word_1_650' title='bbox 3447 3614 3522 3675; x_wconf 68' lang='lat' dir='ltr'><strong>vn</strong></span> 
     </span>
    </p>
   </div>
   <div class='ocr_carea' id='block_1_80' title="bbox 1909 3671 3521 3746">
    <p class='ocr_par' dir='ltr' id='par_1_80' title="bbox 1909 3671 3521 3746">
     <span class='ocr_line' id='line_1_81' title="bbox 1909 3671 3521 3746; baseline -0.002 -18"><span class='ocrx_word' id='word_1_651' title='bbox 1909 3671 2145 3746; x_wconf 77' lang='lat' dir='ltr'><strong>Institut.</strong></span> <span class='ocrx_word' id='word_1_652' title='bbox 2181 3672 2244 3727; x_wconf 83' lang='lat' dir='ltr'><strong>Et</strong></span> <span class='ocrx_word' id='word_1_653' title='bbox 2274 3672 2414 3743; x_wconf 90' lang='lat' dir='ltr'><strong>apud</strong></span> <span class='ocrx_word' id='word_1_654' title='bbox 2440 3671 2839 3746; x_wconf 27' lang='lat' dir='ltr'><strong>Mattltteumuiu</strong></span> <span class='ocrx_word' id='word_1_655' title='bbox 2884 3671 3143 3746; x_wconf 82' lang='lat' dir='ltr'><strong>Vulgata,</strong></span> <span class='ocrx_word' id='word_1_656' title='bbox 3187 3671 3250 3726; x_wconf 74' lang='lat' dir='ltr'><strong>ea:</strong></span> <span class='ocrx_word' id='word_1_657' title='bbox 3294 3680 3342 3746; x_wconf 70' lang='lat' dir='ltr'><strong>te</strong></span> <span class='ocrx_word' id='word_1_658' title='bbox 3386 3671 3521 3746; x_wconf 74' lang='lat' dir='ltr'><strong>_ean&#39;et</strong></span> 
     </span>
    </p>
   </div>
   <div class='ocr_carea' id='block_1_81' title="bbox 1907 3741 3519 3814">
    <p class='ocr_par' dir='ltr' id='par_1_81' title="bbox 1907 3741 3519 3814">
     <span class='ocr_line' id='line_1_82' title="bbox 1907 3741 3519 3814; baseline 0 -14"><span class='ocrx_word' id='word_1_659' title='bbox 1907 3746 2033 3810; x_wconf 69' lang='lat' dir='ltr'><strong>dum,</strong></span> <span class='ocrx_word' id='word_1_660' title='bbox 2064 3741 2334 3814; x_wconf 83' lang='lat' dir='ltr'><strong>etiamque</strong></span> <span class='ocrx_word' id='word_1_661' title='bbox 2362 3742 2503 3814; x_wconf 90' lang='lat' dir='ltr'><strong>apud</strong></span> <span class='ocrx_word' id='word_1_662' title='bbox 2551 3744 2945 3801; x_wconf 84' lang='lat' dir='ltr'><strong>Tertullianum</strong></span> <span class='ocrx_word' id='word_1_663' title='bbox 2993 3741 3257 3811; x_wconf 73' lang='lat' dir='ltr'><strong>adversus</strong></span> <span class='ocrx_word' id='word_1_664' title='bbox 3299 3741 3519 3800; x_wconf 69' lang='lat' dir='ltr'><strong>Judaaos</strong></span> 
     </span>
    </p>
   </div>
   <div class='ocr_carea' id='block_1_82' title="bbox 1907 3814 2500 3903">
    <p class='ocr_par' dir='ltr' id='par_1_82' title="bbox 1907 3814 2500 3903">
     <span class='ocr_line' id='line_1_83' title="bbox 1907 3814 2500 3903; baseline -0.007 1"><span class='ocrx_word' id='word_1_665' title='bbox 1907 3832 2027 3903; x_wconf 66' lang='lat' dir='ltr'><strong>car:</strong></span> <span class='ocrx_word' id='word_1_666' title='bbox 2060 3816 2129 3903; x_wconf 56' lang='lat' dir='ltr'><strong>se</strong></span> <span class='ocrx_word' id='word_1_667' title='bbox 2159 3831 2225 3871; x_wconf 66' lang='lat' dir='ltr'><strong>ex</strong></span> <span class='ocrx_word' id='word_1_668' title='bbox 2256 3814 2500 3903; x_wconf 54' lang='lat' dir='ltr'><strong>actae.-</strong></span> 
     </span>
    </p>
   </div>
   <div class='ocr_carea' id='block_1_83' title="bbox 1990 3886 2615 3957">
    <p class='ocr_par' dir='ltr' id='par_1_83' title="bbox 1990 3886 2615 3957">
     <span class='ocr_line' id='line_1_84' title="bbox 1990 3886 2615 3957; baseline -0.008 -9"><span class='ocrx_word' id='word_1_669' title='bbox 1990 3889 2219 3957; x_wconf 80' lang='grc' dir='ltr'><strong>Δνθήσει,</strong></span> <span class='ocrx_word' id='word_1_670' title='bbox 2244 3897 2350 3945; x_wconf 88' lang='lat' dir='ltr'><strong>etc.</strong></span> <span class='ocrx_word' id='word_1_671' title='bbox 2379 3886 2569 3945; x_wconf 86' lang='lat' dir='ltr'><strong>Latine</strong></span> <span class='ocrx_word' id='word_1_672' title='bbox 2601 3904 2615 3943; x_wconf 90' lang='lat'><strong>:</strong></span> 
     </span>
    </p>
   </div>
   <div class='ocr_carea' id='block_1_84' title="bbox 2155 4001 2923 4067">
    <p class='ocr_par' dir='ltr' id='par_1_84' title="bbox 2155 4001 2923 4067">
     <span class='ocr_line' id='line_1_85' title="bbox 2155 4001 2923 4067; baseline -0.001 -13"><span class='ocrx_word' id='word_1_673' title='bbox 2155 4001 2413 4054; x_wconf 84' lang='lat' dir='ltr'><strong>Florescet</strong></span> <span class='ocrx_word' id='word_1_674' title='bbox 2434 4010 2605 4055; x_wconf 83' lang='lat' dir='ltr'><strong>autem</strong></span> <span class='ocrx_word' id='word_1_675' title='bbox 2636 4002 2729 4056; x_wconf 82' lang='lat' dir='ltr'><strong>llos</strong></span> <span class='ocrx_word' id='word_1_676' title='bbox 2752 4016 2923 4067; x_wconf 87' lang='lat' dir='ltr'><strong>purus.</strong></span> 
     </span>
    </p>
   </div>
   <div class='ocr_carea' id='block_1_85' title="bbox 1914 4106 2488 4180">
    <p class='ocr_par' dir='ltr' id='par_1_85' title="bbox 1914 4106 2488 4180">
     <span class='ocr_line' id='line_1_86' title="bbox 1914 4106 2488 4180; baseline -0.003 -14"><span class='ocrx_word' id='word_1_677' title='bbox 1914 4107 2122 4180; x_wconf 78' lang='lat' dir='ltr'><strong>Sibylla</strong></span> <span class='ocrx_word' id='word_1_678' title='bbox 2152 4106 2403 4164; x_wconf 88' lang='lat' dir='ltr'><strong>Sermon.</strong></span> <span class='ocrx_word' id='word_1_679' title='bbox 2432 4106 2488 4180; x_wconf 83' lang='lat'><strong>6.</strong></span> 
     </span>
    </p>
   </div>
   <div class='ocr_carea' id='block_1_86' title="bbox 1984 4176 3521 4261">
    <p class='ocr_par' dir='ltr' id='par_1_86' title="bbox 1984 4176 3521 4261">
     <span class='ocr_line' id='line_1_87' title="bbox 1984 4176 3521 4261; baseline 0 -28"><span class='ocrx_word' id='word_1_680' title='bbox 1984 4176 2141 4261; x_wconf 47' lang='lat' dir='ltr'><strong>{Libro</strong></span> <span class='ocrx_word' id='word_1_681' title='bbox 2165 4181 2418 4261; x_wconf 63' lang='lat' dir='ltr'><strong>secundo.</strong></span> <span class='ocrx_word' id='word_1_682' title='bbox 2446 4178 2667 4236; x_wconf 90' lang='lat' dir='ltr'><strong>Scilicet</strong></span> <span class='ocrx_word' id='word_1_683' title='bbox 2691 4179 2867 4251; x_wconf 88' lang='lat' dir='ltr'><strong>capite</strong></span> <span class='ocrx_word' id='word_1_684' title='bbox 2893 4179 2948 4246; x_wconf 89' lang='lat'><strong>7,</strong></span> <span class='ocrx_word' id='word_1_685' title='bbox 2980 4176 3521 4261; x_wconf 70' lang='lat' dir='ltr'><strong>ubi_quaeda_m_iitte-</strong></span> 
     </span>
    </p>
   </div>
   <div class='ocr_carea' id='block_1_87' title="bbox 1913 4249 3519 4379">
    <p class='ocr_par' dir='ltr' id='par_1_87' title="bbox 1913 4249 3519 4379">
     <span class='ocr_line' id='line_1_88' title="bbox 1913 4249 3519 4379; baseline -0.003 -72"><span class='ocrx_word' id='word_1_686' title='bbox 1913 4252 2014 4379; x_wconf 60' lang='lat' dir='ltr'><strong>ralri</strong></span> <span class='ocrx_word' id='word_1_687' title='bbox 2042 4267 2203 4307; x_wconf 74' lang='lat' dir='ltr'><strong>sensu</strong></span> <span class='ocrx_word' id='word_1_688' title='bbox 2231 4253 2299 4307; x_wconf 87' lang='lat' dir='ltr'><strong>ad</strong></span> <span class='ocrx_word' id='word_1_689' title='bbox 2332 4251 2700 4321; x_wconf 85' lang='lat' dir='ltr'><strong>Salomouem,</strong></span> <span class='ocrx_word' id='word_1_690' title='bbox 2724 4249 2779 4307; x_wconf 80' lang='lat' dir='ltr'><strong>at</strong></span> <span class='ocrx_word' id='word_1_691' title='bbox 2803 4249 3133 4308; x_wconf 79' lang='lat' dir='ltr'><strong>secundario</strong></span> <span class='ocrx_word' id='word_1_692' title='bbox 3148 4249 3215 4311; x_wconf 83' lang='lat' dir='ltr'><strong>ad</strong></span> <span class='ocrx_word' id='word_1_693' title='bbox 3242 4249 3519 4307; x_wconf 82' lang='lat' dir='ltr'><strong>Christum</strong></span> 
     </span>
     <span class='ocr_line' id='line_1_89' title="bbox 1913 4333 2241 4379; baseline -0.009 0"><span class='ocrx_word' id='word_1_694' title='bbox 1913 4340 1972 4379; x_wconf 89' lang='lat' dir='ltr'><strong>re</strong></span> <span class='ocrx_word' id='word_1_695' title='bbox 2001 4333 2241 4379; x_wconf 85' lang='lat' dir='ltr'><strong>cruntur.</strong></span> 
     </span>
    </p>
   </div>
   <div class='ocr_carea' id='block_1_88' title="bbox 1913 4333 2241 4380">
    <p class='ocr_par' dir='ltr' id='par_1_88' title="bbox 1913 4333 2241 4380">
     <span class='ocr_line' id='line_1_90' title="bbox 1913 4333 2241 4380; baseline -0.012 0"><span class='ocrx_word' id='word_1_696' title='bbox 1913 4333 2241 4380; x_wconf 25' lang='lat' dir='ltr'><strong>I&#39;CIVCl&#39;UlilUl‘.</strong></span> 
     </span>
    </p>
   </div>
   <div class='ocr_carea' id='block_1_89' title="bbox 1989 4392 3517 4466">
    <p class='ocr_par' dir='ltr' id='par_1_89' title="bbox 1989 4392 3517 4466">
     <span class='ocr_line' id='line_1_91' title="bbox 1989 4392 3517 4466; baseline -0.003 -16"><span class='ocrx_word' id='word_1_697' title='bbox 1989 4394 2286 4450; x_wconf 79' lang='lat' dir='ltr'><strong>Fabricare.</strong></span> <span class='ocrx_word' id='word_1_698' title='bbox 2330 4395 2462 4466; x_wconf 83' lang='lat' dir='ltr'><strong>Mss.</strong></span> <span class='ocrx_word' id='word_1_699' title='bbox 2493 4409 2603 4451; x_wconf 84' lang='lat' dir='ltr'><strong>rec.</strong></span> <span class='ocrx_word' id='word_1_700' title='bbox 2653 4395 2686 4450; x_wconf 75' lang='grc'>4</span> <span class='ocrx_word' id='word_1_701' title='bbox 2736 4394 2894 4466; x_wconf 67' lang='lat' dir='ltr'><strong>Reg,</strong></span> <span class='ocrx_word' id='word_1_702' title='bbox 2941 4392 2979 4448; x_wconf 74' lang='lat'><strong>2</strong></span> <span class='ocrx_word' id='word_1_703' title='bbox 3002 4392 3241 4450; x_wconf 89' lang='lat' dir='ltr'><strong>Colbert.</strong></span> <span class='ocrx_word' id='word_1_704' title='bbox 3266 4434 3283 4462; x_wconf 93' lang='lat'><strong>,</strong></span> <span class='ocrx_word' id='word_1_705' title='bbox 3314 4392 3517 4463; x_wconf 83' lang='lat' dir='ltr'><strong>Belui.,</strong></span> 
     </span>
    </p>
   </div>
   <div class='ocr_carea' id='block_1_90' title="bbox 283 4464 2945 4561">
    <p class='ocr_par' dir='ltr' id='par_1_90' title="bbox 283 4464 2945 4561">
     <span class='ocr_line' id='line_1_92' title="bbox 283 4464 2945 4561; baseline 0.001 -42"><span class='ocrx_word' id='word_1_706' title='bbox 283 4466 416 4561; x_wconf 56' lang='lat' dir='ltr'><strong>Quae</strong></span> <span class='ocrx_word' id='word_1_707' title='bbox 455 4467 526 4520; x_wconf 84' lang='lat' dir='ltr'><strong>eis</strong></span> <span class='ocrx_word' id='word_1_708' title='bbox 552 4464 826 4545; x_wconf 76' lang='lat' dir='ltr'><strong>Propheta:</strong></span> <span class='ocrx_word' id='word_1_709' title='bbox 852 4468 1026 4561; x_wconf 39' lang='lat' dir='ltr'><strong>f‘utur‘a</strong></span> <span class='ocrx_word' id='word_1_710' title='bbox 1055 4482 1160 4548; x_wconf 81' lang='lat' dir='ltr'><strong>esse</strong></span> <span class='ocrx_word' id='word_1_711' title='bbox 1189 4467 1552 4561; x_wconf 41' lang='lat' dir='ltr'><strong>pt&#39;wdiner’q‘nt.</strong></span> <span class='ocrx_word' id='word_1_712' title='bbox 1584 4465 1675 4522; x_wconf 85' lang='lat' dir='ltr'><strong>Sic</strong></span> <span class='ocrx_word' id='word_1_713' title='bbox 1706 4480 1807 4561; x_wconf 57' lang='lat' dir='ltr'><strong>t‘ns.</strong></span> <span class='ocrx_word' id='word_1_714' title='bbox 1835 4495 1892 4561; x_wconf 66' lang='grc' dir='ltr'><strong>Β</strong></span> <span class='ocrx_word' id='word_1_715' title='bbox 1918 4467 2098 4561; x_wconf 53' lang='lat' dir='ltr'><strong>Bodl,</strong></span> <span class='ocrx_word' id='word_1_716' title='bbox 2123 4466 2293 4561; x_wconf 54' lang='lat' dir='ltr'><strong>(20th,</strong></span> <span class='ocrx_word' id='word_1_717' title='bbox 2314 4465 2351 4519; x_wconf 76' lang='lat'><strong>‘2</strong></span> <span class='ocrx_word' id='word_1_718' title='bbox 2378 4464 2945 4561; x_wconf 55' lang='lat' dir='ltr'><strong>Clarcnt.,&#39;azdiﬁcare;</strong></span> 
     </span>
    </p>
   </div>
   <div class='ocr_carea' id='block_1_91' title="bbox 214 4537 1806 4608">
    <p class='ocr_par' dir='ltr' id='par_1_91' title="bbox 214 4537 1806 4608">
     <span class='ocr_line' id='line_1_93' title="bbox 214 4537 1806 4608; baseline -0.001 -16"><span class='ocrx_word' id='word_1_719' title='bbox 214 4537 247 4608; x_wconf 14' lang='lat' dir='ltr'><strong>7i</strong></span> <span class='ocrx_word' id='word_1_720' title='bbox 292 4539 462 4608; x_wconf 45' lang='lat' dir='ltr'><strong>Bon,</strong></span> <span class='ocrx_word' id='word_1_721' title='bbox 499 4538 740 4593; x_wconf 85' lang='lat' dir='ltr'><strong>omnium</strong></span> <span class='ocrx_word' id='word_1_722' title='bbox 796 4538 1233 4608; x_wconf 87' lang='lat' dir='ltr'><strong>antiquissimus,</strong></span> <span class='ocrx_word' id='word_1_723' title='bbox 1277 4538 1403 4593; x_wconf 87' lang='lat' dir='ltr'><strong>edd.</strong></span> <span class='ocrx_word' id='word_1_724' title='bbox 1439 4537 1657 4606; x_wconf 86' lang='lat' dir='ltr'><strong>’l‘hom.,</strong></span> <span class='ocrx_word' id='word_1_725' title='bbox 1709 4537 1806 4605; x_wconf 87' lang='lat' dir='ltr'><strong>ls.,</strong></span> 
     </span>
    </p>
   </div>
   <div class='ocr_carea' id='block_1_92' title="bbox 210 4607 1812 4680">
    <p class='ocr_par' dir='ltr' id='par_1_92' title="bbox 210 4607 1812 4680">
     <span class='ocr_line' id='line_1_94' title="bbox 210 4607 1812 4680; baseline 0.002 -19"><span class='ocrx_word' id='word_1_726' title='bbox 210 4607 403 4680; x_wconf 59' lang='lat' dir='ltr'><strong>Thys,</strong></span> <span class='ocrx_word' id='word_1_727' title='bbox 434 4607 575 4665; x_wconf 85' lang='lat' dir='ltr'><strong>Gali.</strong></span> <span class='ocrx_word' id='word_1_728' title='bbox 603 4609 729 4665; x_wconf 72' lang='lat' dir='ltr'><strong>Haec</strong></span> <span class='ocrx_word' id='word_1_729' title='bbox 749 4607 947 4676; x_wconf 87' lang='lat' dir='ltr'><strong>verba,</strong></span> <span class='ocrx_word' id='word_1_730' title='bbox 978 4623 1101 4679; x_wconf 66' lang='lat' dir='ltr'><strong>quae</strong></span> <span class='ocrx_word' id='word_1_731' title='bbox 1144 4610 1360 4665; x_wconf 58' lang='lat' dir='ltr'><strong>caeteris</strong></span> <span class='ocrx_word' id='word_1_732' title='bbox 1389 4609 1625 4675; x_wconf 91' lang='lat' dir='ltr'><strong>desunt,</strong></span> <span class='ocrx_word' id='word_1_733' title='bbox 1654 4609 1812 4665; x_wconf 85' lang='lat' dir='ltr'><strong>valde</strong></span> 
     </span>
    </p>
   </div>
   <div class='ocr_carea' id='block_1_93' title="bbox 212 4678 1811 4751">
    <p class='ocr_par' dir='ltr' id='par_1_93' title="bbox 212 4678 1811 4751">
     <span class='ocr_line' id='line_1_95' title="bbox 212 4678 1811 4751; baseline 0.001 -16"><span class='ocrx_word' id='word_1_734' title='bbox 212 4678 505 4735; x_wconf 81' lang='lat' dir='ltr'><strong>Thomasio</strong></span> <span class='ocrx_word' id='word_1_735' title='bbox 529 4690 584 4736; x_wconf 88' lang='lat' dir='ltr'><strong>et</strong></span> <span class='ocrx_word' id='word_1_736' title='bbox 612 4681 746 4735; x_wconf 70' lang='lat' dir='ltr'><strong>lsaeo</strong></span> <span class='ocrx_word' id='word_1_737' title='bbox 768 4678 1064 4751; x_wconf 84' lang='lat' dir='ltr'><strong>probantur</strong></span> <span class='ocrx_word' id='word_1_738' title='bbox 1090 4699 1104 4736; x_wconf 86' lang='lat'><strong>:</strong></span> <span class='ocrx_word' id='word_1_739' title='bbox 1134 4698 1257 4735; x_wconf 87' lang='lat' dir='ltr'><strong>nam</strong></span> <span class='ocrx_word' id='word_1_740' title='bbox 1283 4681 1387 4736; x_wconf 89' lang='lat' dir='ltr'><strong>hoc</strong></span> <span class='ocrx_word' id='word_1_741' title='bbox 1410 4681 1570 4736; x_wconf 91' lang='lat' dir='ltr'><strong>modo</strong></span> <span class='ocrx_word' id='word_1_742' title='bbox 1595 4680 1811 4737; x_wconf 80' lang='lat' dir='ltr'><strong>Judaeu-</strong></span> 
     </span>
    </p>
   </div>
   <div class='ocr_carea' id='block_1_94' title="bbox 212 4751 1811 4823">
    <p class='ocr_par' dir='ltr' id='par_1_94' title="bbox 212 4751 1811 4823">
     <span class='ocr_line' id='line_1_96' title="bbox 212 4751 1811 4823; baseline 0.001 -17"><span class='ocrx_word' id='word_1_743' title='bbox 212 4766 327 4823; x_wconf 82' lang='lat' dir='ltr'><strong>rum</strong></span> <span class='ocrx_word' id='word_1_744' title='bbox 355 4753 558 4807; x_wconf 88' lang='lat' dir='ltr'><strong>malitia</strong></span> <span class='ocrx_word' id='word_1_745' title='bbox 589 4754 792 4809; x_wconf 85' lang='lat' dir='ltr'><strong>clarius</strong></span> <span class='ocrx_word' id='word_1_746' title='bbox 819 4751 1259 4821; x_wconf 83' lang='lat' dir='ltr'><strong>demonstratur;</strong></span> <span class='ocrx_word' id='word_1_747' title='bbox 1293 4761 1348 4807; x_wconf 90' lang='lat' dir='ltr'><strong>et</strong></span> <span class='ocrx_word' id='word_1_748' title='bbox 1371 4755 1710 4823; x_wconf 77' lang='lat' dir='ltr'><strong>explicantur</strong></span> <span class='ocrx_word' id='word_1_749' title='bbox 1733 4763 1811 4808; x_wconf 85' lang='lat' dir='ltr'><strong>ta-</strong></span> 
     </span>
    </p>
   </div>
   <div class='ocr_carea' id='block_1_95' title="bbox 211 4822 1814 4895">
    <p class='ocr_par' dir='ltr' id='par_1_95' title="bbox 211 4822 1814 4895">
     <span class='ocr_line' id='line_1_97' title="bbox 211 4822 1814 4895; baseline 0.002 -17"><span class='ocrx_word' id='word_1_750' title='bbox 211 4822 280 4878; x_wconf 87' lang='lat' dir='ltr'><strong>lia</strong></span> <span class='ocrx_word' id='word_1_751' title='bbox 305 4824 478 4895; x_wconf 77' lang='lat' dir='ltr'><strong>fuisse</strong></span> <span class='ocrx_word' id='word_1_752' title='bbox 519 4825 608 4879; x_wconf 89' lang='lat' dir='ltr'><strong>illa</strong></span> <span class='ocrx_word' id='word_1_753' title='bbox 636 4824 915 4892; x_wconf 87' lang='lat' dir='ltr'><strong>miracula,</strong></span> <span class='ocrx_word' id='word_1_754' title='bbox 966 4825 1161 4895; x_wconf 83' lang='lat' dir='ltr'><strong>quibus</strong></span> <span class='ocrx_word' id='word_1_755' title='bbox 1212 4826 1358 4894; x_wconf 87' lang='lat' dir='ltr'><strong>ipsos</strong></span> <span class='ocrx_word' id='word_1_756' title='bbox 1403 4822 1564 4879; x_wconf 85' lang='lat' dir='ltr'><strong>ﬁdem</strong></span> <span class='ocrx_word' id='word_1_757' title='bbox 1613 4825 1814 4881; x_wconf 87' lang='lat' dir='ltr'><strong>habere</strong></span> 
     </span>
    </p>
   </div>
   <div class='ocr_carea' id='block_1_96' title="bbox 212 4894 1815 4968">
    <p class='ocr_par' dir='ltr' id='par_1_96' title="bbox 212 4894 1815 4968">
     <span class='ocr_line' id='line_1_98' title="bbox 212 4894 1815 4968; baseline 0.002 -20"><span class='ocrx_word' id='word_1_758' title='bbox 212 4894 657 4968; x_wconf 44' lang='lat' dir='ltr'><strong>oportuitr-e-Illa</strong></span> <span class='ocrx_word' id='word_1_759' title='bbox 676 4896 948 4961; x_wconf 85' lang='lat' dir='ltr'><strong>miracula,</strong></span> <span class='ocrx_word' id='word_1_760' title='bbox 973 4894 1090 4967; x_wconf 74' lang='lat' dir='ltr'><strong>qua:</strong></span> <span class='ocrx_word' id='word_1_761' title='bbox 1102 4897 1174 4951; x_wconf 80' lang='lat' dir='ltr'><strong>eis</strong></span> <span class='ocrx_word' id='word_1_762' title='bbox 1197 4896 1460 4967; x_wconf 65' lang='lat' dir='ltr'><strong>prophetae</strong></span> <span class='ocrx_word' id='word_1_763' title='bbox 1481 4898 1657 4968; x_wconf 76' lang='lat' dir='ltr'><strong>futura</strong></span> <span class='ocrx_word' id='word_1_764' title='bbox 1682 4912 1815 4966; x_wconf 79' lang='lat' dir='ltr'><strong>prte-</strong></span> 
     </span>
    </p>
   </div>
   <div class='ocr_carea' id='block_1_97' title="bbox 213 4967 1813 5038">
    <p class='ocr_par' dir='ltr' id='par_1_97' title="bbox 213 4967 1813 5038">
     <span class='ocr_line' id='line_1_99' title="bbox 213 4967 1813 5038; baseline 0.002 -18"><span class='ocrx_word' id='word_1_765' title='bbox 213 4967 471 5021; x_wconf 69' lang='lat' dir='ltr'><strong>dixerant.</strong></span> <span class='ocrx_word' id='word_1_766' title='bbox 502 4967 676 5036; x_wconf 85' lang='lat' dir='ltr'><strong>Quum</strong></span> <span class='ocrx_word' id='word_1_767' title='bbox 696 4968 1019 5023; x_wconf 85' lang='lat' dir='ltr'><strong>&#39;l‘homasius</strong></span> <span class='ocrx_word' id='word_1_768' title='bbox 1044 4984 1113 5023; x_wconf 80' lang='lat' dir='ltr'><strong>ex</strong></span> <span class='ocrx_word' id='word_1_769' title='bbox 1142 4970 1365 5038; x_wconf 83' lang='lat' dir='ltr'><strong>antiquo</strong></span> <span class='ocrx_word' id='word_1_770' title='bbox 1388 4967 1598 5022; x_wconf 81' lang='lat' dir='ltr'><strong>Bonon.</strong></span> <span class='ocrx_word' id='word_1_771' title='bbox 1624 4970 1813 5036; x_wconf 86' lang='lat' dir='ltr'><strong>verba,</strong></span> 
     </span>
    </p>
   </div>
   <div class='ocr_carea' id='block_1_98' title="bbox 212 5039 1814 5110">
    <p class='ocr_par' dir='ltr' id='par_1_98' title="bbox 212 5039 1814 5110">
     <span class='ocr_line' id='line_1_100' title="bbox 212 5039 1814 5110; baseline 0.001 -18"><span class='ocrx_word' id='word_1_772' title='bbox 212 5053 327 5108; x_wconf 83' lang='lat' dir='ltr'><strong>qute</strong></span> <span class='ocrx_word' id='word_1_773' title='bbox 354 5040 430 5092; x_wconf 83' lang='lat' dir='ltr'><strong>eis</strong></span> <span class='ocrx_word' id='word_1_774' title='bbox 473 5040 735 5110; x_wconf 69' lang='lat' dir='ltr'><strong>prophetis</strong></span> <span class='ocrx_word' id='word_1_775' title='bbox 761 5041 936 5109; x_wconf 72' lang='lat' dir='ltr'><strong>futura</strong></span> <span class='ocrx_word' id='word_1_776' title='bbox 965 5041 1306 5110; x_wconf 68' lang='lat' dir='ltr'><strong>prtedimerant</strong></span> <span class='ocrx_word' id='word_1_777' title='bbox 1334 5039 1621 5107; x_wconf 75' lang='lat' dir='ltr'><strong>addiderit,</strong></span> <span class='ocrx_word' id='word_1_778' title='bbox 1669 5050 1724 5095; x_wconf 88' lang='lat' dir='ltr'><strong>et</strong></span> <span class='ocrx_word' id='word_1_779' title='bbox 1747 5055 1814 5097; x_wconf 75' lang='lat' dir='ltr'><strong>ex</strong></span> 
     </span>
    </p>
   </div>
   <div class='ocr_carea' id='block_1_99' title="bbox 214 5110 1814 5182">
    <p class='ocr_par' dir='ltr' id='par_1_99' title="bbox 214 5110 1814 5182">
     <span class='ocr_line' id='line_1_101' title="bbox 214 5110 1814 5182; baseline 0.001 -19"><span class='ocrx_word' id='word_1_780' title='bbox 214 5111 408 5182; x_wconf 76' lang='lat' dir='ltr'><strong>eodem</strong></span> <span class='ocrx_word' id='word_1_781' title='bbox 437 5110 607 5167; x_wconf 70' lang='lat' dir='ltr'><strong>Isaeus</strong></span> <span class='ocrx_word' id='word_1_782' title='bbox 645 5113 999 5177; x_wconf 90' lang='lat' dir='ltr'><strong>coulirmarit,</strong></span> <span class='ocrx_word' id='word_1_783' title='bbox 1024 5112 1146 5182; x_wconf 87' lang='lat' dir='ltr'><strong>jure</strong></span> <span class='ocrx_word' id='word_1_784' title='bbox 1188 5113 1621 5167; x_wconf 81' lang='lat' dir='ltr'><strong>ea‘restituanda</strong></span> <span class='ocrx_word' id='word_1_785' title='bbox 1666 5121 1814 5182; x_wconf 90' lang='lat' dir='ltr'><strong>puto.</strong></span> 
     </span>
    </p>
   </div>
   <div class='ocr_carea' id='block_1_100' title="bbox 214 5179 1819 5253">
    <p class='ocr_par' dir='ltr' id='par_1_100' title="bbox 214 5179 1819 5253">
     <span class='ocr_line' id='line_1_102' title="bbox 214 5179 1819 5253; baseline 0.002 -18"><span class='ocrx_word' id='word_1_786' title='bbox 214 5179 449 5237; x_wconf 79' lang='lat' dir='ltr'><strong>Maxime</strong></span> <span class='ocrx_word' id='word_1_787' title='bbox 474 5200 561 5238; x_wconf 88' lang='lat' dir='ltr'><strong>me</strong></span> <span class='ocrx_word' id='word_1_788' title='bbox 592 5194 772 5238; x_wconf 87' lang='lat' dir='ltr'><strong>movet</strong></span> <span class='ocrx_word' id='word_1_789' title='bbox 792 5184 963 5240; x_wconf 88' lang='lat' dir='ltr'><strong>nostri</strong></span> <span class='ocrx_word' id='word_1_790' title='bbox 994 5179 1097 5238; x_wconf 82' lang='lat' dir='ltr'><strong>ioci</strong></span> <span class='ocrx_word' id='word_1_791' title='bbox 1123 5184 1371 5253; x_wconf 75' lang='lat' dir='ltr'><strong>Epitome</strong></span> <span class='ocrx_word' id='word_1_792' title='bbox 1390 5198 1440 5240; x_wconf 89' lang='lat' dir='ltr'><strong>c.</strong></span> <span class='ocrx_word' id='word_1_793' title='bbox 1473 5185 1563 5251; x_wconf 67' lang='grc'><strong>45,</strong></span> <span class='ocrx_word' id='word_1_794' title='bbox 1597 5179 1686 5240; x_wconf 85' lang='lat' dir='ltr'><strong>ubi</strong></span> <span class='ocrx_word' id='word_1_795' title='bbox 1708 5184 1819 5240; x_wconf 84' lang='lat' dir='ltr'><strong>cia-</strong></span> 
     </span>
    </p>
   </div>
   <div class='ocr_carea' id='block_1_101' title="bbox 216 5253 1814 5326">
    <p class='ocr_par' dir='ltr' id='par_1_101' title="bbox 216 5253 1814 5326">
     <span class='ocr_line' id='line_1_103' title="bbox 216 5253 1814 5326; baseline 0.003 -20"><span class='ocrx_word' id='word_1_796' title='bbox 216 5267 297 5326; x_wconf 85' lang='lat' dir='ltr'><strong>re,</strong></span> <span class='ocrx_word' id='word_1_797' title='bbox 322 5254 549 5309; x_wconf 81' lang='lat' dir='ltr'><strong>uidentes</strong></span> <span class='ocrx_word' id='word_1_798' title='bbox 578 5256 670 5310; x_wconf 83' lang='lat' dir='ltr'><strong>illa</strong></span> <span class='ocrx_word' id='word_1_799' title='bbox 691 5253 885 5322; x_wconf 60' lang='lat' dir='ltr'><strong>Judaei,</strong></span> <span class='ocrx_word' id='word_1_800' title='bbox 913 5255 1111 5326; x_wconf 86' lang='lat' dir='ltr'><strong>magica</strong></span> <span class='ocrx_word' id='word_1_801' title='bbox 1140 5258 1362 5324; x_wconf 82' lang='lat' dir='ltr'><strong>potentia</strong></span> <span class='ocrx_word' id='word_1_802' title='bbox 1393 5255 1507 5325; x_wconf 79' lang='lat' dir='ltr'><strong>ﬁeri</strong></span> <span class='ocrx_word' id='word_1_803' title='bbox 1537 5257 1814 5325; x_wconf 80' lang='lat' dir='ltr'><strong>putabant,</strong></span> 
     </span>
    </p>
   </div>
   <div class='ocr_carea' id='block_1_102' title="bbox 220 5324 1819 5452">
    <p class='ocr_par' dir='ltr' id='par_1_102' title="bbox 220 5324 1819 5452">
     <span class='ocr_line' id='line_1_104' title="bbox 220 5324 1819 5452; baseline 0.002 -73"><span class='ocrx_word' id='word_1_804' title='bbox 220 5324 518 5452; x_wconf 53' lang='lat' dir='ltr'><strong>ignorantes</strong></span> <span class='ocrx_word' id='word_1_805' title='bbox 541 5343 603 5382; x_wconf 85' lang='lat' dir='ltr'><strong>ea</strong></span> <span class='ocrx_word' id='word_1_806' title='bbox 624 5328 816 5395; x_wconf 86' lang='lat' dir='ltr'><strong>omnia,</strong></span> <span class='ocrx_word' id='word_1_807' title='bbox 843 5343 963 5397; x_wconf 72' lang='lat' dir='ltr'><strong>quae</strong></span> <span class='ocrx_word' id='word_1_808' title='bbox 989 5324 1176 5397; x_wconf 70' lang='lat' dir='ltr'><strong>ﬁebant</strong></span> <span class='ocrx_word' id='word_1_809' title='bbox 1192 5327 1256 5380; x_wconf 86' lang='lat' dir='ltr'><strong>ab</strong></span> <span class='ocrx_word' id='word_1_810' title='bbox 1277 5343 1336 5383; x_wconf 90' lang='lat' dir='ltr'><strong>eo</strong></span> <span class='ocrx_word' id='word_1_811' title='bbox 1358 5324 1666 5400; x_wconf 80' lang='lat' dir='ltr'><strong>(miracula)</strong></span> <span class='ocrx_word' id='word_1_812' title='bbox 1690 5343 1819 5398; x_wconf 77' lang='lat' dir='ltr'><strong>prae-</strong></span> 
     </span>
     <span class='ocr_line' id='line_1_105' title="bbox 258 5398 1819 5452; baseline 0 0"><span class='ocrx_word' id='word_1_813' title='bbox 258 5399 362 5452; x_wconf 78' lang='lat' dir='ltr'><strong>&#39;cla</strong></span> <span class='ocrx_word' id='word_1_814' title='bbox 384 5414 496 5452; x_wconf 84' lang='lat' dir='ltr'><strong>esse</strong></span> <span class='ocrx_word' id='word_1_815' title='bbox 514 5413 544 5452; x_wconf 91' lang='lat' dir='ltr'><strong>a</strong></span> <span class='ocrx_word' id='word_1_816' title='bbox 571 5401 865 5452; x_wconf 78' lang='lat' dir='ltr'><strong>prophetis.</strong></span> <span class='ocrx_word' id='word_1_817' title='bbox 898 5399 966 5452; x_wconf 86' lang='lat' dir='ltr'><strong>Et</strong></span> <span class='ocrx_word' id='word_1_818' title='bbox 994 5402 1186 5452; x_wconf 85' lang='lat' dir='ltr'><strong>iterum</strong></span> <span class='ocrx_word' id='word_1_819' title='bbox 1213 5414 1336 5452; x_wconf 86' lang='lat' dir='ltr'><strong>can.</strong></span> <span class='ocrx_word' id='word_1_820' title='bbox 1365 5399 1458 5452; x_wconf 76' lang='grc'><strong>46.</strong></span> <span class='ocrx_word' id='word_1_821' title='bbox 1491 5398 1617 5452; x_wconf 66' lang='lat' dir='ltr'><strong>Haec</strong></span> <span class='ocrx_word' id='word_1_822' title='bbox 1646 5399 1819 5452; x_wconf 87' lang='lat' dir='ltr'><strong>omnia</strong></span> 
     </span>
    </p>
   </div>
   <div class='ocr_carea' id='block_1_103' title="bbox 258 5398 1820 5472">
    <p class='ocr_par' dir='ltr' id='par_1_103' title="bbox 258 5398 1820 5472">
     <span class='ocr_line' id='line_1_106' title="bbox 258 5398 1820 5472; baseline 0.003 -21"><span class='ocrx_word' id='word_1_823' title='bbox 258 5399 496 5472; x_wconf 76' lang='lat' dir='ltr'><strong>ictaesse</strong></span> <span class='ocrx_word' id='word_1_824' title='bbox 514 5413 544 5452; x_wconf 92' lang='lat' dir='ltr'><strong>a</strong></span> <span class='ocrx_word' id='word_1_825' title='bbox 568 5401 865 5470; x_wconf 85' lang='lat' dir='ltr'><strong>prophetis.</strong></span> <span class='ocrx_word' id='word_1_826' title='bbox 898 5399 966 5455; x_wconf 86' lang='lat' dir='ltr'><strong>Et</strong></span> <span class='ocrx_word' id='word_1_827' title='bbox 994 5402 1186 5472; x_wconf 85' lang='lat' dir='ltr'><strong>iterum</strong></span> <span class='ocrx_word' id='word_1_828' title='bbox 1213 5414 1336 5472; x_wconf 88' lang='lat' dir='ltr'><strong>cap.</strong></span> <span class='ocrx_word' id='word_1_829' title='bbox 1365 5398 1458 5455; x_wconf 62' lang='grc'><strong>46.</strong></span> <span class='ocrx_word' id='word_1_830' title='bbox 1491 5398 1617 5456; x_wconf 69' lang='lat' dir='ltr'><strong>Hac</strong></span> <span class='ocrx_word' id='word_1_831' title='bbox 1646 5399 1820 5455; x_wconf 86' lang='lat' dir='ltr'><strong>omnia</strong></span> 
     </span>
    </p>
   </div>
   <div class='ocr_carea' id='block_1_104' title="bbox 222 5470 1222 5543">
    <p class='ocr_par' dir='ltr' id='par_1_104' title="bbox 222 5470 1222 5543">
     <span class='ocr_line' id='line_1_107' title="bbox 222 5470 1222 5543; baseline 0.003 -21"><span class='ocrx_word' id='word_1_832' title='bbox 222 5470 504 5543; x_wconf 74' lang='lat' dir='ltr'><strong>prapltette.</strong></span> <span class='ocrx_word' id='word_1_833' title='bbox 516 5512 528 5526; x_wconf 93' lang='lat'><strong>.</strong></span> <span class='ocrx_word' id='word_1_834' title='bbox 539 5509 552 5523; x_wconf 93' lang='lat'><strong>.</strong></span> <span class='ocrx_word' id='word_1_835' title='bbox 585 5472 779 5541; x_wconf 76' lang='lat' dir='ltr'><strong>futura.</strong></span> <span class='ocrx_word' id='word_1_836' title='bbox 791 5513 804 5527; x_wconf 97' lang='lat'><strong>.</strong></span> <span class='ocrx_word' id='word_1_837' title='bbox 814 5508 830 5526; x_wconf 91' lang='lat'><strong>.</strong></span> <span class='ocrx_word' id='word_1_838' title='bbox 858 5471 1222 5543; x_wconf 74' lang='lat' dir='ltr'><strong>prtedixerant.</strong></span> 
     </span>
    </p>
   </div>
   <div class='ocr_carea' id='block_1_105' title="bbox 348 5541 1818 5610">
    <p class='ocr_par' dir='ltr' id='par_1_105' title="bbox 348 5541 1818 5610">
     <span class='ocr_line' id='line_1_108' title="bbox 348 5541 1818 5610; baseline 0.003 -15"><span class='ocrx_word' id='word_1_839' title='bbox 348 5551 500 5597; x_wconf 68' lang='lat' dir='ltr'><strong>rieter</strong></span> <span class='ocrx_word' id='word_1_840' title='bbox 523 5554 749 5598; x_wconf 77' lang='lat' dir='ltr'><strong>cwteros.</strong></span> <span class='ocrx_word' id='word_1_841' title='bbox 792 5541 872 5599; x_wconf 69' lang='lat' dir='ltr'><strong>ex</strong></span> <span class='ocrx_word' id='word_1_842' title='bbox 903 5544 1033 5599; x_wconf 88' lang='lat' dir='ltr'><strong>edit.</strong></span> <span class='ocrx_word' id='word_1_843' title='bbox 1062 5541 1262 5599; x_wconf 89' lang='lat' dir='ltr'><strong>Cellar.</strong></span> <span class='ocrx_word' id='word_1_844' title='bbox 1295 5551 1352 5601; x_wconf 84' lang='lat' dir='ltr'><strong>et</strong></span> <span class='ocrx_word' id='word_1_845' title='bbox 1388 5543 1639 5600; x_wconf 84' lang='lat' dir='ltr'><strong>omnibus</strong></span> <span class='ocrx_word' id='word_1_846' title='bbox 1683 5558 1818 5610; x_wconf 87' lang='lat' dir='ltr'><strong>mss,</strong></span> 
     </span>
    </p>
   </div>
   <div class='ocr_carea' id='block_1_106' title="bbox 224 5614 1819 5694">
    <p class='ocr_par' dir='ltr' id='par_1_106' title="bbox 224 5614 1819 5694">
     <span class='ocr_line' id='line_1_109' title="bbox 224 5614 1819 5694; baseline 0.002 -26"><span class='ocrx_word' id='word_1_847' title='bbox 224 5624 446 5694; x_wconf 64' lang='lat' dir='ltr'><strong>praeter.</strong></span> <span class='ocrx_word' id='word_1_848' title='bbox 474 5614 511 5669; x_wconf 73' lang='grc'><strong>2</strong></span> <span class='ocrx_word' id='word_1_849' title='bbox 531 5614 666 5687; x_wconf 79' lang='lat' dir='ltr'><strong>lleg.</strong></span> <span class='ocrx_word' id='word_1_850' title='bbox 694 5616 1115 5683; x_wconf 84' lang='lat' dir='ltr'><strong>recentissimos,</strong></span> <span class='ocrx_word' id='word_1_851' title='bbox 1138 5614 1232 5686; x_wconf 87' lang='lat' dir='ltr'><strong>qui</strong></span> <span class='ocrx_word' id='word_1_852' title='bbox 1260 5624 1319 5675; x_wconf 84' lang='lat' dir='ltr'><strong>ut</strong></span> <span class='ocrx_word' id='word_1_853' title='bbox 1345 5614 1438 5672; x_wconf 87' lang='lat' dir='ltr'><strong>alii</strong></span> <span class='ocrx_word' id='word_1_854' title='bbox 1464 5615 1595 5674; x_wconf 79' lang='lat' dir='ltr'><strong>editi</strong></span> <span class='ocrx_word' id='word_1_855' title='bbox 1617 5614 1819 5674; x_wconf 86' lang='lat' dir='ltr'><strong>habent</strong></span> 
     </span>
    </p>
   </div>
   <div class='ocr_carea' id='block_1_107' title="bbox 220 5693 374 5745">
    <p class='ocr_par' dir='ltr' id='par_1_107' title="bbox 220 5693 374 5745">
     <span class='ocr_line' id='line_1_110' title="bbox 220 5693 374 5745; baseline 0.013 -4"><span class='ocrx_word' id='word_1_856' title='bbox 220 5693 374 5745; x_wconf 74' lang='grc' dir='ltr'><strong>ιηιιν.</strong></span> 
     </span>
    </p>
   </div>
   <div class='ocr_carea' id='block_1_108' title="bbox 299 5756 1823 5835">
    <p class='ocr_par' dir='ltr' id='par_1_108' title="bbox 299 5756 1823 5835">
     <span class='ocr_line' id='line_1_111' title="bbox 299 5756 1823 5835; baseline 0.005 -23"><span class='ocrx_word' id='word_1_857' title='bbox 299 5756 427 5835; x_wconf 77' lang='lat' dir='ltr'><strong>Non</strong></span> <span class='ocrx_word' id='word_1_858' title='bbox 448 5757 802 5821; x_wconf 71' lang='lat' dir='ltr'><strong>intellexerunt</strong></span> <span class='ocrx_word' id='word_1_859' title='bbox 826 5760 880 5816; x_wconf 88' lang='lat' dir='ltr'><strong>in</strong></span> <span class='ocrx_word' id='word_1_860' title='bbox 899 5760 1134 5835; x_wconf 85' lang='lat' dir='ltr'><strong>operibus</strong></span> <span class='ocrx_word' id='word_1_861' title='bbox 1152 5757 1386 5835; x_wconf 63' lang='lat' dir='ltr'><strong>Domini.</strong></span> <span class='ocrx_word' id='word_1_862' title='bbox 1411 5759 1540 5818; x_wconf 73' lang='lat' dir='ltr'><strong>Haec</strong></span> <span class='ocrx_word' id='word_1_863' title='bbox 1559 5759 1720 5835; x_wconf 74' lang='lat' dir='ltr'><strong>lectio</strong></span> <span class='ocrx_word' id='word_1_864' title='bbox 1736 5769 1823 5819; x_wconf 89' lang='lat' dir='ltr'><strong>est</strong></span> 
     </span>
    </p>
   </div>
   <div class='ocr_carea' id='block_1_109' title="bbox 220 5830 1821 5905">
    <p class='ocr_par' dir='ltr' id='par_1_109' title="bbox 220 5830 1821 5905">
     <span class='ocr_line' id='line_1_112' title="bbox 220 5830 1821 5905; baseline 0 -12"><span class='ocrx_word' id='word_1_865' title='bbox 220 5830 471 5893; x_wconf 77' lang='lat' dir='ltr'><strong>Omnium</strong></span> <span class='ocrx_word' id='word_1_866' title='bbox 509 5846 650 5905; x_wconf 88' lang='lat' dir='ltr'><strong>pene</strong></span> <span class='ocrx_word' id='word_1_867' title='bbox 696 5847 827 5892; x_wconf 86' lang='lat' dir='ltr'><strong>mss.</strong></span> <span class='ocrx_word' id='word_1_868' title='bbox 872 5830 942 5893; x_wconf 77' lang='lat' dir='ltr'><strong>ac</strong></span> <span class='ocrx_word' id='word_1_869' title='bbox 961 5842 1068 5893; x_wconf 86' lang='lat' dir='ltr'><strong>vet.</strong></span> <span class='ocrx_word' id='word_1_870' title='bbox 1102 5833 1233 5896; x_wconf 87' lang='lat' dir='ltr'><strong>edit.</strong></span> <span class='ocrx_word' id='word_1_871' title='bbox 1280 5831 1462 5905; x_wconf 72' lang='grc' dir='ltr'><strong>Βοω..</strong></span> <span class='ocrx_word' id='word_1_872' title='bbox 1510 5849 1625 5895; x_wconf 76' lang='lat' dir='ltr'><strong>Lxx</strong></span> <span class='ocrx_word' id='word_1_873' title='bbox 1649 5831 1821 5896; x_wconf 84' lang='lat' dir='ltr'><strong>luter-</strong></span> 
     </span>
    </p>
   </div>
   <div class='ocr_carea' id='block_1_110' title="bbox 1990 4536 3519 4610">
    <p class='ocr_par' dir='ltr' id='par_1_110' title="bbox 1990 4536 3519 4610">
     <span class='ocr_line' id='line_1_113' title="bbox 1990 4536 3519 4610; baseline -0.001 -18"><span class='ocrx_word' id='word_1_874' title='bbox 1990 4537 2196 4610; x_wconf 78' lang='lat' dir='ltr'><strong>Parnbo</strong></span> <span class='ocrx_word' id='word_1_875' title='bbox 2223 4554 2435 4610; x_wconf 79' lang='lat' dir='ltr'><strong>regnum</strong></span> <span class='ocrx_word' id='word_1_876' title='bbox 2481 4540 2609 4610; x_wconf 85' lang='lat' dir='ltr'><strong>ejus.</strong></span> <span class='ocrx_word' id='word_1_877' title='bbox 2637 4538 2713 4594; x_wconf 86' lang='lat' dir='ltr'><strong>lla</strong></span> <span class='ocrx_word' id='word_1_878' title='bbox 2742 4554 2864 4594; x_wconf 87' lang='lat' dir='ltr'><strong>cum</strong></span> <span class='ocrx_word' id='word_1_879' title='bbox 2898 4537 3157 4594; x_wconf 82' lang='lat' dir='ltr'><strong>Versioue</strong></span> <span class='ocrx_word' id='word_1_880' title='bbox 3186 4553 3294 4594; x_wconf 80' lang='lat' dir='ltr'><strong>Lxx</strong></span> <span class='ocrx_word' id='word_1_881' title='bbox 3341 4536 3519 4610; x_wconf 81' lang='lat' dir='ltr'><strong>luter-</strong></span> 
     </span>
    </p>
   </div>
   <div class='ocr_carea' id='block_1_111' title="bbox 1915 4608 3519 4683">
    <p class='ocr_par' dir='ltr' id='par_1_111' title="bbox 1915 4608 3519 4683">
     <span class='ocr_line' id='line_1_114' title="bbox 1915 4608 3519 4683; baseline -0.004 -15"><span class='ocrx_word' id='word_1_882' title='bbox 1915 4620 2080 4683; x_wconf 88' lang='lat' dir='ltr'><strong>pret.,</strong></span> <span class='ocrx_word' id='word_1_883' title='bbox 2104 4608 2367 4683; x_wconf 74' lang='lat' dir='ltr'><strong>Vulgata,</strong></span> <span class='ocrx_word' id='word_1_884' title='bbox 2400 4608 2656 4683; x_wconf 75' lang='lat' dir='ltr'><strong>Cypriau.</strong></span> <span class='ocrx_word' id='word_1_885' title='bbox 2686 4611 2808 4666; x_wconf 89' lang='lat' dir='ltr'><strong>adv.</strong></span> <span class='ocrx_word' id='word_1_886' title='bbox 2836 4609 3054 4683; x_wconf 66' lang='lat' dir='ltr'><strong>Judieos</strong></span> <span class='ocrx_word' id='word_1_887' title='bbox 3079 4611 3173 4683; x_wconf 88' lang='lat' dir='ltr'><strong>lib.</strong></span> <span class='ocrx_word' id='word_1_888' title='bbox 3206 4626 3247 4683; x_wconf 80' lang='lat' dir='ltr'><strong>t,</strong></span> <span class='ocrx_word' id='word_1_889' title='bbox 3272 4608 3519 4683; x_wconf 75' lang='lat' dir='ltr'><strong>cap._i£_i,</strong></span> 
     </span>
    </p>
   </div>
   <div class='ocr_carea' id='block_1_112' title="bbox 1916 4680 3522 4750">
    <p class='ocr_par' dir='ltr' id='par_1_112' title="bbox 1916 4680 3522 4750">
     <span class='ocr_line' id='line_1_115' title="bbox 1916 4680 3522 4750; baseline -0.002 -13"><span class='ocrx_word' id='word_1_890' title='bbox 1916 4680 2012 4738; x_wconf 85' lang='lat' dir='ltr'><strong>lib.</strong></span> <span class='ocrx_word' id='word_1_891' title='bbox 2045 4697 2110 4745; x_wconf 87' lang='lat' dir='ltr'><strong>tt,</strong></span> <span class='ocrx_word' id='word_1_892' title='bbox 2143 4695 2262 4749; x_wconf 88' lang='lat' dir='ltr'><strong>cap.</strong></span> <span class='ocrx_word' id='word_1_893' title='bbox 2289 4680 2377 4749; x_wconf 83' lang='lat' dir='ltr'><strong>ii,</strong></span> <span class='ocrx_word' id='word_1_894' title='bbox 2405 4680 2537 4739; x_wconf 82' lang='lat' dir='ltr'><strong>edit.</strong></span> <span class='ocrx_word' id='word_1_895' title='bbox 2571 4681 2774 4750; x_wconf 88' lang='lat' dir='ltr'><strong>Betul.,</strong></span> <span class='ocrx_word' id='word_1_896' title='bbox 2804 4682 3057 4750; x_wconf 87' lang='lat' dir='ltr'><strong>Torues.,</strong></span> <span class='ocrx_word' id='word_1_897' title='bbox 3088 4682 3359 4747; x_wconf 86' lang='lat' dir='ltr'><strong>Soubrou,</strong></span> <span class='ocrx_word' id='word_1_898' title='bbox 3391 4680 3522 4735; x_wconf 85' lang='lat' dir='ltr'><strong>Cel-</strong></span> 
     </span>
    </p>
   </div>
   <div class='ocr_carea' id='block_1_113' title="bbox 1917 4750 3520 4825">
    <p class='ocr_par' dir='ltr' id='par_1_113' title="bbox 1917 4750 3520 4825">
     <span class='ocr_line' id='line_1_116' title="bbox 1917 4750 3520 4825; baseline -0.002 -16"><span class='ocrx_word' id='word_1_899' title='bbox 1917 4753 2044 4817; x_wconf 85' lang='lat' dir='ltr'><strong>lar.,</strong></span> <span class='ocrx_word' id='word_1_900' title='bbox 2090 4750 2304 4810; x_wconf 88' lang='lat' dir='ltr'><strong>Walch.</strong></span> <span class='ocrx_word' id='word_1_901' title='bbox 2340 4762 2395 4808; x_wconf 91' lang='lat' dir='ltr'><strong>et</strong></span> <span class='ocrx_word' id='word_1_902' title='bbox 2424 4768 2617 4809; x_wconf 90' lang='lat' dir='ltr'><strong>omnes</strong></span> <span class='ocrx_word' id='word_1_903' title='bbox 2661 4770 2793 4810; x_wconf 90' lang='lat' dir='ltr'><strong>mss.</strong></span> <span class='ocrx_word' id='word_1_904' title='bbox 2826 4764 3020 4825; x_wconf 72' lang='lat' dir='ltr'><strong>prmter</strong></span> <span class='ocrx_word' id='word_1_905' title='bbox 3049 4765 3158 4809; x_wconf 86' lang='lat' dir='ltr'><strong>tres</strong></span> <span class='ocrx_word' id='word_1_906' title='bbox 3186 4752 3520 4808; x_wconf 85' lang='lat' dir='ltr'><strong>recentiores</strong></span> 
     </span>
    </p>
   </div>
   <div class='ocr_carea' id='block_1_114' title="bbox 1918 4825 3475 4900">
    <p class='ocr_par' dir='ltr' id='par_1_114' title="bbox 1918 4825 3475 4900">
     <span class='ocr_line' id='line_1_117' title="bbox 1918 4825 3475 4900; baseline -0.003 -19"><span class='ocrx_word' id='word_1_907' title='bbox 1918 4827 1972 4891; x_wconf 83' lang='lat' dir='ltr'><strong>in</strong></span> <span class='ocrx_word' id='word_1_908' title='bbox 1999 4825 2222 4900; x_wconf 77' lang='lat' dir='ltr'><strong>quibus,</strong></span> <span class='ocrx_word' id='word_1_909' title='bbox 2257 4826 2395 4900; x_wconf 86' lang='lat' dir='ltr'><strong>sicut</strong></span> <span class='ocrx_word' id='word_1_910' title='bbox 2423 4826 2484 4900; x_wconf 91' lang='lat' dir='ltr'><strong>in_</strong></span> <span class='ocrx_word' id='word_1_911' title='bbox 2498 4826 2663 4900; x_wconf 76' lang='lat' dir='ltr'><strong>editis</strong></span> <span class='ocrx_word' id='word_1_912' title='bbox 2692 4826 2757 4900; x_wconf 67' lang='grc'><strong>14</strong></span> <span class='ocrx_word' id='word_1_913' title='bbox 2788 4835 2903 4900; x_wconf 85' lang='lat' dir='ltr'><strong>est,</strong></span> <span class='ocrx_word' id='word_1_914' title='bbox 2933 4826 3132 4900; x_wconf 70' lang='lat' dir='ltr'><strong>parabo</strong></span> <span class='ocrx_word' id='word_1_915' title='bbox 3148 4840 3317 4900; x_wconf 56' lang='lat' dir='ltr'><strong>semen</strong></span> <span class='ocrx_word' id='word_1_916' title='bbox 3350 4825 3475 4900; x_wconf 71' lang='lat' dir='ltr'><strong>ejus.</strong></span> 
     </span>
    </p>
   </div>
   <div class='ocr_carea' id='block_1_115' title="bbox 2042 4893 3526 4967">
    <p class='ocr_par' dir='ltr' id='par_1_115' title="bbox 2042 4893 3526 4967">
     <span class='ocr_line' id='line_1_118' title="bbox 2042 4893 3526 4967; baseline -0.002 -17"><span class='ocrx_word' id='word_1_917' title='bbox 2042 4908 2058 4950; x_wconf 89' lang='lat' dir='ltr'><strong>t</strong></span> <span class='ocrx_word' id='word_1_918' title='bbox 2078 4913 2293 4967; x_wconf 85' lang='lat' dir='ltr'><strong>regnum</strong></span> <span class='ocrx_word' id='word_1_919' title='bbox 2314 4897 2443 4967; x_wconf 87' lang='lat' dir='ltr'><strong>ejus.</strong></span> <span class='ocrx_word' id='word_1_920' title='bbox 2468 4897 2596 4965; x_wconf 60' lang='lat' dir='ltr'><strong>Haec</strong></span> <span class='ocrx_word' id='word_1_921' title='bbox 2620 4899 2786 4953; x_wconf 82' lang='lat' dir='ltr'><strong>verba</strong></span> <span class='ocrx_word' id='word_1_922' title='bbox 2810 4893 3004 4953; x_wconf 77' lang='lat' dir='ltr'><strong>desunt</strong></span> <span class='ocrx_word' id='word_1_923' title='bbox 3024 4898 3075 4952; x_wconf 92' lang='lat' dir='ltr'><strong>iu</strong></span> <span class='ocrx_word' id='word_1_924' title='bbox 3102 4896 3136 4952; x_wconf 81' lang='lat'><strong>&#39;5</strong></span> <span class='ocrx_word' id='word_1_925' title='bbox 3158 4896 3316 4966; x_wconf 61' lang='lat' dir='ltr'><strong>Reg,</strong></span> <span class='ocrx_word' id='word_1_926' title='bbox 3338 4893 3377 4950; x_wconf 66' lang='grc'>4</span> <span class='ocrx_word' id='word_1_927' title='bbox 3398 4893 3526 4967; x_wconf 77' lang='lat' dir='ltr'><strong>Cpi-</strong></span> 
     </span>
    </p>
   </div>
   <div class='ocr_carea' id='block_1_116' title="bbox 1919 4965 3519 5040">
    <p class='ocr_par' dir='ltr' id='par_1_116' title="bbox 1919 4965 3519 5040">
     <span class='ocr_line' id='line_1_119' title="bbox 1919 4965 3519 5040; baseline -0.002 -14"><span class='ocrx_word' id='word_1_928' title='bbox 1919 4968 2086 5040; x_wconf 86' lang='lat' dir='ltr'><strong>bert.,</strong></span> <span class='ocrx_word' id='word_1_929' title='bbox 2134 4965 2278 5036; x_wconf 66' lang='lat' dir='ltr'><strong>Enn,</strong></span> <span class='ocrx_word' id='word_1_930' title='bbox 2325 4965 2508 5037; x_wconf 62' lang='lat' dir='ltr'><strong>Carm,</strong></span> <span class='ocrx_word' id='word_1_931' title='bbox 2537 4970 2572 5025; x_wconf 78' lang='grc'>5</span> <span class='ocrx_word' id='word_1_932' title='bbox 2602 4980 2709 5025; x_wconf 90' lang='lat' dir='ltr'><strong>vet.</strong></span> <span class='ocrx_word' id='word_1_933' title='bbox 2753 4970 2882 5026; x_wconf 88' lang='lat' dir='ltr'><strong>edit.</strong></span> <span class='ocrx_word' id='word_1_934' title='bbox 2908 4969 3091 5034; x_wconf 57' lang='lat' dir='ltr'><strong>Bouh,</strong></span> <span class='ocrx_word' id='word_1_935' title='bbox 3120 4965 3313 5024; x_wconf 77' lang='lat' dir='ltr'><strong>Venet.</strong></span> <span class='ocrx_word' id='word_1_936' title='bbox 3354 4965 3519 5037; x_wconf 72' lang='lat' dir='ltr'><strong>M90,</strong></span> 
     </span>
    </p>
   </div>
   <div class='ocr_carea' id='block_1_117' title="bbox 1921 5040 3228 5098">
    <p class='ocr_par' dir='ltr' id='par_1_117' title="bbox 1921 5040 3228 5098">
     <span class='ocr_line' id='line_1_120' title="bbox 1921 5040 3228 5098; baseline -0.003 -1"><span class='ocrx_word' id='word_1_937' title='bbox 1921 5055 2073 5097; x_wconf 84' lang='lat' dir='ltr'><strong>erasa</strong></span> <span class='ocrx_word' id='word_1_938' title='bbox 2103 5042 2158 5095; x_wconf 89' lang='lat' dir='ltr'><strong>in</strong></span> <span class='ocrx_word' id='word_1_939' title='bbox 2189 5040 2515 5098; x_wconf 65' lang='lat' dir='ltr'><strong>Victorino:</strong></span> <span class='ocrx_word' id='word_1_940' title='bbox 2548 5051 2734 5097; x_wconf 83' lang='lat' dir='ltr'><strong>extant</strong></span> <span class='ocrx_word' id='word_1_941' title='bbox 2764 5058 2891 5097; x_wconf 88' lang='lat' dir='ltr'><strong>vero</strong></span> <span class='ocrx_word' id='word_1_942' title='bbox 2924 5044 2977 5097; x_wconf 90' lang='lat' dir='ltr'><strong>in</strong></span> <span class='ocrx_word' id='word_1_943' title='bbox 2998 5043 3228 5097; x_wconf 79' lang='lat' dir='ltr'><strong>cznteris.</strong></span> 
     </span>
    </p>
   </div>
   <div class='ocr_carea' id='block_1_118' title="bbox 1994 5112 3518 5185">
    <p class='ocr_par' dir='ltr' id='par_1_118' title="bbox 1994 5112 3518 5185">
     <span class='ocr_line' id='line_1_121' title="bbox 1994 5112 3518 5185; baseline -0.001 -18"><span class='ocrx_word' id='word_1_944' title='bbox 1994 5112 2105 5167; x_wconf 86' lang='lat' dir='ltr'><strong>Deo</strong></span> <span class='ocrx_word' id='word_1_945' title='bbox 2133 5114 2378 5185; x_wconf 85' lang='lat' dir='ltr'><strong>templum</strong></span> <span class='ocrx_word' id='word_1_946' title='bbox 2426 5113 2721 5182; x_wconf 73' lang='lat' dir='ltr'><strong>wdiﬁcavit,</strong></span> <span class='ocrx_word' id='word_1_947' title='bbox 2754 5114 3150 5184; x_wconf 46' lang='lat' dir='ltr'><strong>egcivitatem...</strong></span> <span class='ocrx_word' id='word_1_948' title='bbox 3183 5112 3518 5185; x_wconf 77' lang='lat' dir='ltr'><strong>nuncupavit.</strong></span> 
     </span>
    </p>
   </div>
   <div class='ocr_carea' id='block_1_119' title="bbox 1921 5182 3522 5257">
    <p class='ocr_par' dir='ltr' id='par_1_119' title="bbox 1921 5182 3522 5257">
     <span class='ocr_line' id='line_1_122' title="bbox 1921 5182 3522 5257; baseline -0.001 -18"><span class='ocrx_word' id='word_1_949' title='bbox 1921 5182 2153 5257; x_wconf 83' lang='lat' dir='ltr'><strong>Fallitur</strong></span> <span class='ocrx_word' id='word_1_950' title='bbox 2182 5182 2371 5241; x_wconf 84' lang='lat' dir='ltr'><strong>auctor</strong></span> <span class='ocrx_word' id='word_1_951' title='bbox 2396 5196 2615 5252; x_wconf 88' lang='lat' dir='ltr'><strong>noster;</strong></span> <span class='ocrx_word' id='word_1_952' title='bbox 2646 5182 2822 5257; x_wconf 83' lang='lat' dir='ltr'><strong>neque</strong></span> <span class='ocrx_word' id='word_1_953' title='bbox 2862 5188 3005 5243; x_wconf 89' lang='lat' dir='ltr'><strong>enim</strong></span> <span class='ocrx_word' id='word_1_954' title='bbox 3033 5184 3304 5257; x_wconf 16' lang='lat' dir='ltr'><strong>Salomon,</strong></span> <span class='ocrx_word' id='word_1_955' title='bbox 3331 5182 3522 5257; x_wconf 79' lang='lat' dir='ltr'><strong>urbem</strong></span> 
     </span>
    </p>
   </div>
   <div class='ocr_carea' id='block_1_120' title="bbox 1922 5253 3523 5325">
    <p class='ocr_par' dir='ltr' id='par_1_120' title="bbox 1922 5253 3523 5325">
     <span class='ocr_line' id='line_1_123' title="bbox 1922 5253 3523 5325; baseline -0.002 -14"><span class='ocrx_word' id='word_1_956' title='bbox 1922 5256 2064 5312; x_wconf 87' lang='lat' dir='ltr'><strong>hanc</strong></span> <span class='ocrx_word' id='word_1_957' title='bbox 2093 5257 2333 5312; x_wconf 87' lang='lat' dir='ltr'><strong>condidit</strong></span> <span class='ocrx_word' id='word_1_958' title='bbox 2354 5298 2368 5317; x_wconf 88' lang='lat'><strong>.</strong></span> <span class='ocrx_word' id='word_1_959' title='bbox 2404 5273 2503 5312; x_wconf 88' lang='lat' dir='ltr'><strong>nec</strong></span> <span class='ocrx_word' id='word_1_960' title='bbox 2528 5259 2598 5313; x_wconf 87' lang='lat' dir='ltr'><strong>de</strong></span> <span class='ocrx_word' id='word_1_961' title='bbox 2627 5253 2975 5313; x_wconf 46' lang='lat' dir='ltr'><strong>suo-nomine</strong></span> <span class='ocrx_word' id='word_1_962' title='bbox 3005 5256 3353 5325; x_wconf 83' lang='lat' dir='ltr'><strong>nuncupavit.</strong></span> <span class='ocrx_word' id='word_1_963' title='bbox 3378 5253 3523 5308; x_wconf 87' lang='lat' dir='ltr'><strong>Con-</strong></span> 
     </span>
    </p>
   </div>
   <div class='ocr_carea' id='block_1_121' title="bbox 1923 5326 3524 5397">
    <p class='ocr_par' dir='ltr' id='par_1_121' title="bbox 1923 5326 3524 5397">
     <span class='ocr_line' id='line_1_124' title="bbox 1923 5326 3524 5397; baseline -0.004 -10"><span class='ocrx_word' id='word_1_964' title='bbox 1923 5327 2064 5387; x_wconf 88' lang='lat' dir='ltr'><strong>ditor</strong></span> <span class='ocrx_word' id='word_1_965' title='bbox 2092 5328 2209 5397; x_wconf 90' lang='lat' dir='ltr'><strong>ejus</strong></span> <span class='ocrx_word' id='word_1_966' title='bbox 2240 5327 2338 5383; x_wconf 85' lang='lat' dir='ltr'><strong>l&#39;uit</strong></span> <span class='ocrx_word' id='word_1_967' title='bbox 2358 5327 2777 5395; x_wconf 83' lang='lat' dir='ltr'><strong>Melchisedech,</strong></span> <span class='ocrx_word' id='word_1_968' title='bbox 2803 5328 2892 5384; x_wconf 89' lang='lat' dir='ltr'><strong>Ps.</strong></span> <span class='ocrx_word' id='word_1_969' title='bbox 2927 5341 3115 5395; x_wconf 79' lang='lat' dir='ltr'><strong>Lxxvt,</strong></span> <span class='ocrx_word' id='word_1_970' title='bbox 3165 5326 3220 5390; x_wconf 80' lang='grc'><strong>5,</strong></span> <span class='ocrx_word' id='word_1_971' title='bbox 3273 5334 3332 5381; x_wconf 89' lang='lat' dir='ltr'><strong>ut</strong></span> <span class='ocrx_word' id='word_1_972' title='bbox 3371 5326 3524 5397; x_wconf 88' lang='lat' dir='ltr'><strong>colli-</strong></span> 
     </span>
    </p>
   </div>
   <div class='ocr_carea' id='block_1_122' title="bbox 1922 5396 3524 5470">
    <p class='ocr_par' dir='ltr' id='par_1_122' title="bbox 1922 5396 3524 5470">
     <span class='ocr_line' id='line_1_125' title="bbox 1922 5396 3524 5470; baseline 0 -16"><span class='ocrx_word' id='word_1_973' title='bbox 1922 5401 2067 5470; x_wconf 88' lang='lat' dir='ltr'><strong>gitur</strong></span> <span class='ocrx_word' id='word_1_974' title='bbox 2094 5396 2163 5454; x_wconf 26' lang='lat' dir='ltr'><strong>e’x</strong></span> <span class='ocrx_word' id='word_1_975' title='bbox 2211 5399 2348 5455; x_wconf 88' lang='lat' dir='ltr'><strong>Gen.</strong></span> <span class='ocrx_word' id='word_1_976' title='bbox 2396 5416 2512 5468; x_wconf 72' lang='lat' dir='ltr'><strong>xxv,</strong></span> <span class='ocrx_word' id='word_1_977' title='bbox 2560 5401 2652 5468; x_wconf 84' lang='grc'><strong>18,</strong></span> <span class='ocrx_word' id='word_1_978' title='bbox 2682 5401 2771 5459; x_wconf 91' lang='lat' dir='ltr'><strong>ubi</strong></span> <span class='ocrx_word' id='word_1_979' title='bbox 2797 5410 3023 5456; x_wconf 89' lang='lat' dir='ltr'><strong>vocatur</strong></span> <span class='ocrx_word' id='word_1_980' title='bbox 3060 5414 3155 5457; x_wconf 81' lang='lat' dir='ltr'><strong>rex</strong></span> <span class='ocrx_word' id='word_1_981' title='bbox 3188 5398 3388 5467; x_wconf 75' lang='lat' dir='ltr'><strong>Solem,</strong></span> <span class='ocrx_word' id='word_1_982' title='bbox 3419 5396 3524 5470; x_wconf 83' lang='lat' dir='ltr'><strong>hoc</strong></span> 
     </span>
    </p>
   </div>
   <div class='ocr_carea' id='block_1_123' title="bbox 1922 5469 3523 5540">
    <p class='ocr_par' dir='ltr' id='par_1_123' title="bbox 1922 5469 3523 5540">
     <span class='ocr_line' id='line_1_126' title="bbox 1922 5469 3523 5540; baseline -0.003 -12"><span class='ocrx_word' id='word_1_983' title='bbox 1922 5469 2313 5539; x_wconf 78' lang='lat' dir='ltr'><strong>est,conditor</strong></span> <span class='ocrx_word' id='word_1_984' title='bbox 2352 5472 2565 5540; x_wconf 69' lang='lat' dir='ltr'><strong>Solem;</strong></span> <span class='ocrx_word' id='word_1_985' title='bbox 2611 5472 2921 5530; x_wconf 88' lang='lat' dir='ltr'><strong>conditores</strong></span> <span class='ocrx_word' id='word_1_986' title='bbox 2961 5472 3103 5531; x_wconf 88' lang='lat' dir='ltr'><strong>enim</strong></span> <span class='ocrx_word' id='word_1_987' title='bbox 3133 5471 3348 5527; x_wconf 87' lang='lat' dir='ltr'><strong>urbium</strong></span> <span class='ocrx_word' id='word_1_988' title='bbox 3390 5469 3523 5525; x_wconf 87' lang='lat' dir='ltr'><strong>olim</strong></span> 
     </span>
    </p>
   </div>
   <div class='ocr_carea' id='block_1_124' title="bbox 1924 5541 3523 5616">
    <p class='ocr_par' dir='ltr' id='par_1_124' title="bbox 1924 5541 3523 5616">
     <span class='ocr_line' id='line_1_127' title="bbox 1924 5541 3523 5616; baseline -0.001 -17"><span class='ocrx_word' id='word_1_989' title='bbox 1924 5557 2083 5616; x_wconf 77' lang='lat' dir='ltr'><strong>reges</strong></span> <span class='ocrx_word' id='word_1_990' title='bbox 2135 5543 2348 5598; x_wconf 89' lang='lat' dir='ltr'><strong>urbium</strong></span> <span class='ocrx_word' id='word_1_991' title='bbox 2399 5543 2547 5600; x_wconf 91' lang='lat' dir='ltr'><strong>dicti.</strong></span> <span class='ocrx_word' id='word_1_992' title='bbox 2580 5543 2808 5613; x_wconf 83' lang='lat' dir='ltr'><strong>Quidam</strong></span> <span class='ocrx_word' id='word_1_993' title='bbox 2864 5553 3054 5616; x_wconf 90' lang='lat' dir='ltr'><strong>putant</strong></span> <span class='ocrx_word' id='word_1_994' title='bbox 3103 5542 3405 5616; x_wconf 84' lang='lat' dir='ltr'><strong>Jerusalem</strong></span> <span class='ocrx_word' id='word_1_995' title='bbox 3437 5541 3523 5616; x_wconf 81' lang='lat' dir='ltr'><strong>vel</strong></span> 
     </span>
    </p>
   </div>
   <div class='ocr_carea' id='block_1_125' title="bbox 1923 5614 3526 5687">
    <p class='ocr_par' dir='ltr' id='par_1_125' title="bbox 1923 5614 3526 5687">
     <span class='ocr_line' id='line_1_128' title="bbox 1923 5614 3526 5687; baseline -0.002 -16"><span class='ocrx_word' id='word_1_996' title='bbox 1923 5614 2357 5687; x_wconf 71' lang='lat' dir='ltr'><strong>Hierosolymam</strong></span> <span class='ocrx_word' id='word_1_997' title='bbox 2386 5631 2587 5673; x_wconf 88' lang='lat' dir='ltr'><strong>nomen</strong></span> <span class='ocrx_word' id='word_1_998' title='bbox 2625 5631 2749 5673; x_wconf 88' lang='lat' dir='ltr'><strong>esse</strong></span> <span class='ocrx_word' id='word_1_999' title='bbox 2792 5614 3039 5673; x_wconf 67' lang='lat' dir='ltr'><strong>Graecum</strong></span> <span class='ocrx_word' id='word_1_1000' title='bbox 3066 5659 3082 5687; x_wconf 93' lang='lat'><strong>,</strong></span> <span class='ocrx_word' id='word_1_1001' title='bbox 3112 5630 3233 5677; x_wconf 89' lang='lat' dir='ltr'><strong>cum</strong></span> <span class='ocrx_word' id='word_1_1002' title='bbox 3267 5615 3426 5686; x_wconf 89' lang='lat' dir='ltr'><strong>plane</strong></span> <span class='ocrx_word' id='word_1_1003' title='bbox 3454 5614 3526 5668; x_wconf 89' lang='lat' dir='ltr'><strong>sit</strong></span> 
     </span>
    </p>
   </div>
   <div class='ocr_carea' id='block_1_126' title="bbox 1922 5685 3525 5760">
    <p class='ocr_par' dir='ltr' id='par_1_126' title="bbox 1922 5685 3525 5760">
     <span class='ocr_line' id='line_1_129' title="bbox 1922 5685 3525 5760; baseline -0.002 -15"><span class='ocrx_word' id='word_1_1004' title='bbox 1922 5685 2229 5760; x_wconf 62' lang='lat' dir='ltr'><strong>Hebraeum.</strong></span> <span class='ocrx_word' id='word_1_1005' title='bbox 2261 5687 2460 5744; x_wconf 83' lang='lat' dir='ltr'><strong>Euseb.</strong></span> <span class='ocrx_word' id='word_1_1006' title='bbox 2495 5697 2646 5760; x_wconf 90' lang='lat' dir='ltr'><strong>putat</strong></span> <span class='ocrx_word' id='word_1_1007' title='bbox 2670 5704 2791 5760; x_wconf 79' lang='lat' dir='ltr'><strong>esse</strong></span> <span class='ocrx_word' id='word_1_1008' title='bbox 2838 5703 3023 5746; x_wconf 90' lang='lat' dir='ltr'><strong>vocem</strong></span> <span class='ocrx_word' id='word_1_1009' title='bbox 3068 5685 3431 5760; x_wconf 69' lang='lat' dir='ltr'><strong>compositam</strong></span> <span class='ocrx_word' id='word_1_1010' title='bbox 3456 5700 3525 5741; x_wconf 79' lang='lat' dir='ltr'><strong>ex</strong></span> 
     </span>
    </p>
   </div>
   <div class='ocr_carea' id='block_1_127' title="bbox 1923 5756 3527 5845">
    <p class='ocr_par' dir='ltr' id='par_1_127' title="bbox 1923 5756 3527 5845">
     <span class='ocr_line' id='line_1_130' title="bbox 1923 5756 3527 5845; baseline -0.003 -28"><span class='ocrx_word' id='word_1_1011' title='bbox 1923 5759 2092 5817; x_wconf 83' lang='lat' dir='ltr'><strong>verbo</strong></span> <span class='ocrx_word' id='word_1_1012' title='bbox 2139 5756 2345 5845; x_wconf 63' lang='lat' dir='ltr'><strong>Cresco</strong></span> <span class='ocrx_word' id='word_1_1013' title='bbox 2372 5756 2513 5845; x_wconf 59' lang='lat' dir='ltr'><strong>_ispéi</strong></span> <span class='ocrx_word' id='word_1_1014' title='bbox 2540 5769 2612 5845; x_wconf 89' lang='lat' dir='ltr'><strong>_et</strong></span> <span class='ocrx_word' id='word_1_1015' title='bbox 2654 5758 2813 5845; x_wconf 82' lang='lat' dir='ltr'><strong>_Heb.</strong></span> <span class='ocrx_word' id='word_1_1016' title='bbox 2875 5761 3117 5845; x_wconf 64' lang='grc' dir='ltr'><strong>Σολομῶγ.</strong></span> <span class='ocrx_word' id='word_1_1017' title='bbox 3177 5756 3326 5845; x_wconf 38' lang='grc' dir='ltr'><strong>,ρυοε</strong></span> <span class='ocrx_word' id='word_1_1018' title='bbox 3361 5757 3527 5845; x_wconf 73' lang='lat' dir='ltr'><strong>etiam</strong></span> 
     </span>
    </p>
   </div>
   <div class='ocr_carea' id='block_1_128' title="bbox 1925 5830 3526 5908">
    <p class='ocr_par' dir='ltr' id='par_1_128' title="bbox 1925 5830 3526 5908">
     <span class='ocr_line' id='line_1_131' title="bbox 1925 5830 3526 5908; baseline 0.003 -20"><span class='ocrx_word' id='word_1_1019' title='bbox 1925 5831 2263 5905; x_wconf 85' lang='lat' dir='ltr'><strong>propendere</strong></span> <span class='ocrx_word' id='word_1_1020' title='bbox 2297 5830 2508 5893; x_wconf 86' lang='lat' dir='ltr'><strong>videiur</strong></span> <span class='ocrx_word' id='word_1_1021' title='bbox 2538 5833 2882 5904; x_wconf 86' lang='lat' dir='ltr'><strong>Lactantius,</strong></span> <span class='ocrx_word' id='word_1_1022' title='bbox 2914 5830 3005 5908; x_wconf 90' lang='lat' dir='ltr'><strong>qui</strong></span> <span class='ocrx_word' id='word_1_1023' title='bbox 3033 5831 3193 5895; x_wconf 86' lang='lat' dir='ltr'><strong>simul</strong></span> <span class='ocrx_word' id='word_1_1024' title='bbox 3220 5844 3283 5888; x_wconf 90' lang='lat' dir='ltr'><strong>ac</strong></span> <span class='ocrx_word' id='word_1_1025' title='bbox 3311 5830 3526 5893; x_wconf 77' lang='lat' dir='ltr'><strong>locutus</strong></span> 
     </span>
    </p>
   </div>
  </div>
