4038 6358
481 272 588 330 495

1576 257 1763 319 FIRM.
1804 253 2175 317 LACTANTII
2212 250 2419 312 DlVlN.
2458 248 2709 312 INSTIT.

3648 252 3743 311 196

482 394 583 451 His
614 387 937 449 testimoniis
966 382 1183 457 quidam
1207 380 1421 449 revicti,
1452 378 1631 438 solent
1655 395 1721 436 eo
1762 377 2081 449 confugere,
2110 378 2161 439 Α
2188 373 2391 431 ciatum
2418 371 2695 437 colamus;
2723 375 2784 425 ut
2808 367 3032 426 doceam
3055 377 3174 424 eam
3195 360 3362 435 ipsam
3387 340 3669 437 passionum)
3687 371 3745 428 ab

486 498 548 545 ut
575 489 723 543 aiant
749 499 853 539 non
884 494 1006 538 esse
1050 477 1137 533 illa
1168 476 1407 534 carmina
1453 473 1739 548 Sibyllina,
1782 471 1877 529 sed
1902 488 1933 527 a
1960 485 2089 526 nos-

484 580 586 636 tris
614 578 734 633 ficta
763 585 926 645 atque
947 571 1266 641 composita.
1300 567 1455 636 Quod
1478 564 1720 637 profecto
1749 579 1855 621 non
1883 562 2090 636 putabit

486 672 581 745 qui
603 670 920 728 Ciceronem
943 665 1354 734 Varronemque
1398 660 1610 732 legerit,
1661 659 1904 729 aliosque
1938 665 2088 712 vete-

484 781 598 830 res,
630 762 719 834 qui
748 760 1088 832 Erythrxeam
1115 755 1376 827 Sibyllam
1406 760 2089 822 creterasquecommemo-

484 866 642 914 rant:
670 868 898 925 quarum
923 866 992 906 ex
1018 849 1171 906 libris
1190 849 1291 903 ista
1314 844 1565 913 exempla
1597 841 1924 914 proferimus
1956 858 1969 894 :
1995 841 2087 911 qui

486 957 738 1005 auctores
763 954 887 999 ante
917 943 1169 1000 obierunt
1188 954 1348 1010 quam
1365 936 1611 992 Christus
1639 932 1935 990 secundum
1964 944 2088 986 car-

487 1058 612 1099 nem
666 1048 995 1096 nasceretur.
1052 1034 1251 1090 Verum
1292 1046 1397 1087 non
1453 1029 1638 1085 dubito
1686 1027 1815 1098 quin
1845 1026 1933 1081 illa
1964 1038 2090 1079 car-

487 1138 634 1194 mina
668 1134 940 1204 prioribus
967 1127 1300 1199 temporibus
1339 1139 1436 1196 pro
1489 1118 1857 1178 deliramentis
1908 1115 2091 1171 habita

489 1232 618 1297 sint,
657 1242 781 1283 cum
831 1240 892 1282 ea
925 1235 1085 1279 nemo
1132 1229 1247 1275 tum
1297 1215 1639 1285 intelligeret.
1697 1207 2092 1266 Denuntiabant

488 1324 635 1379 enim
666 1327 1011 1376 monstruosa
1041 1311 1286 1385 quaedam
1318 1307 1597 1369 miracula,
1625 1318 1854 1376 quorum
1884 1317 1983 1359 nec
2006 1316 2093 1356 ra-

489 1419 590 1483 tio,
626 1429 726 1471 nec
774 1421 1006 1481 tempus,
1036 1421 1135 1462 nec
1172 1412 1359 1460 auctor
1388 1400 1793 1471 designabatur.
1846 1393 2091 1465 Denique

491 1508 775 1582 Erythraea
802 1504 919 1561 fore
937 1502 1033 1570 ait,
1051 1510 1111 1556 ut
1130 1498 1400 1554 diceretur
1426 1494 1638 1559 insana,
1664 1500 1719 1548 et
1747 1489 2003 1547 mendax.
2026 1489 2094 1543 At

487 1604 636 1661 enim
670 1620 684 1656 :

931 1761 941 1773 .
980 1760 992 1771 .
1034 1755 1046 1768 .
1086 1755 1098 1767 .
1139 1754 1151 1766 .
1192 1753 1204 1765 .
1238 1727 1405 1775 Orico-aut
1428 1723 1605 1771 xta-mm.

1227 1792 1240 1828 ἒ
1267 1790 1356 1828 tutu
1380 1785 1424 1827 δι
1443 1789 1589 1836 γίνηται
1610 1785 1755 1823 ἅπαντα
1768 1812 1779 1830 ,

1178 1856 1336 1898 cuius“,
1354 1853 1387 1889 ι’
1409 1851 1473 1889 οὒκ
1495 1847 1551 1887 ἱτι
1567 1850 1604 1898 μ’
1628 1843 1748 1892 οὐδεὶς

1422 1926 1455 1952 to
1487 1916 1683 1963 προγῆτιν.

489 2054 781 2110 Jacuerunt
807 2046 967 2117 igitur
995 2040 1177 2096 multis
1208 2035 1445 2101 smculis;
1473 2042 1660 2106 postea
1694 2046 1828 2087 vero
1850 2025 2095 2085 animad-

490 2159 647 2200 versa
675 2148 822 2206 sunt,
856 2152 1014 2207 quam
1045 2131 1245 2188 Christi
1284 2127 1539 2184 nativitas
1577 2134 1632 2181 et
1661 2122 1839 2195 passio
1886 2119 2092 2192 patefe-

489 2239 565 2295 cit
606 2248 845 2291 arcana:
885 2229 1023 2285 sicut
1067 2225 1228 2282 etiam
1278 2236 1440 2295 voces
1497 2217 1918 2289 prophetarum,
1972 2227 2094 2285 quae

490 2347 613 2388 cum
638 2344 732 2401 per
760 2338 930 2382 annos
966 2321 1116 2377 mille
1145 2317 1489 2388 quingentos,
1512 2312 1599 2393 vel
1621 2326 1687 2368 eo
1714 2308 1948 2381 amplius
1978 2306 2086 2362 lec-

492 2434 560 2480 ta:
591 2398 821 2478 fuissent
849 2433 879 2472 a
923 2413 1123 2488 populo
1152 2410 1488 2475 Judteorum,
1518 2419 1621 2461 nec
1643 2416 1822 2459 tamen
1847 2398 2093 2456 intellec-

492 2529 564 2575 tae
584 2525 728 2583 sunt,
759 2514 859 2571 nisi
892 2517 1176 2582 postquam
1230 2504 1353 2559 illas
1390 2500 1661 2567 Christus,
1708 2506 1765 2554 et
1813 2494 2008 2560 verbo,
2041 2498 2096 2547 et

493 2609 748 2683 operibus
779 2607 1163 2674 interpretatus
1191 2607 1295 2654 est.
1328 2595 1482 2651 Illum
1511 2592 1655 2649 enim
1708 2587 1985 2661 propheta:
2008 2600 2095 2640 ano

495 2677 914 2763 nuntiaverunt;
962 2709 1064 2751 nec
1091 2692 1199 2749 ullo
1228 2688 1391 2746 modo
1418 2690 1692 2758 poterant,
1734 2697 1853 2753 quae
1905 2679 1982 2734 illi
2020 2677 2096 2733 lo-

492 2798 830 2870 quebantur,
881 2788 1138 2858 intelligi,
1196 2784 1300 2840 nisi
1350 2781 1578 2837 fuissent
1632 2776 1885 2832 universa
1938 2787 2092 2828 com-

494 2892 658 2962 pleta.

1102 2971 1330 3031 CAPUT
1368 2969 1510 3026 XVI.

600 3078 681 3135 De
699 3077 827 3133 Jesu
858 3072 1048 3131 Christi
1075 3068 1338 3141 passione;
1367 3061 1503 3136 quod
1531 3059 1685 3132 fuerit
1712 3055 1977 3129 prwdicta.

566 3195 739 3254 Venio
787 3207 929 3248 nunc
957 3188 1025 3244 ad
1077 3188 1249 3258 ipsam
1307 3180 1637 3253 passionem,
1668 3188 1791 3248 quae
1820 3173 1968 3229 velut
1994 3186 2095 3242 op-

2189 482 2257 524 eo
2277 482 2399 523 cum
2428 481 2616 537 magna
2647 472 2702 521 et
2745 462 2926 520 divina
2963 460 3173 518 ratione
3210 470 3520 531 susceptam,
3549 472 3599 518 et
3622 462 3670 518 in
3691 479 3746 522 ea

2191 560 2305 616 sola
2335 571 2392 616 et
2419 559 2700 625 virtutem,
2731 566 2788 613 et
2811 557 3120 623 veritatem,
3151 564 3207 610 et
3234 553 3540 625 sapientiam
3585 556 3739 611 conti-

2193 652 2330 711 neri.
2354 654 2541 722 Neque
2565 651 2734 717 enim,
2763 649 2809 705 si
2837 648 3184 704 beatissimus
3213 645 3267 700 in
3308 654 3445 702 terra
3484 644 3675 714 fuisset,
3703 659 3751 705 et

2192 759 2289 815 per
2339 757 2555 797 omnem
2603 742 2772 796 vitam
2825 740 2877 795 in
2926 753 3139 794 summa
3192 735 3442 793 felicitate
3482 746 3750 809 regnasset,

2192 835 2477 906 quisquam
2530 832 2680 888 illum
2732 830 2952 903 sapiens
2994 840 3088 886 aut
3127 829 3297 885 Deum
3327 828 3648 897 credidisset,
3674 840 3753 887 aut

2193 928 2401 984 honore
2430 927 2615 984 divino
2637 926 2859 997 dignum
2883 925 3185 997 iudicasset
3215 941 3229 977 :
3258 924 3398 994 quod
3426 923 3616 979 faciunt
3634 940 3756 981 vera:

2193 1023 2496 1080 divinitatis
2539 1032 2816 1093 expertes,
2845 1020 2938 1092 qui
2986 1018 3219 1076 caducas
3261 1032 3411 1089 Opes,
3453 1027 3505 1073 et
3542 1016 3755 1089 fragilem

2195 1115 2521 1188 potentiam,
2554 1126 2607 1171 et
2634 1111 2798 1169 alieni
2835 1109 3085 1169 beneﬁcii
3127 1109 3268 1166 bona
3314 1123 3418 1165 non
3448 1116 3637 1164 tantum
3660 1123 3761 1165 sus-

2192 1209 2421 1281 piciunt,
2450 1225 2638 1266 verum
2667 1210 2829 1267 etiam
2880 1215 3225 1274 consecrant,
3250 1214 3306 1263 et
3330 1208 3553 1263 scientes
3580 1222 3760 1262 memo-

2194 1303 2290 1360 rias
2306 1314 2644 1361 mortuorum
2677 1304 3017 1370 deserviunt,
3051 1303 3322 1358 fortunam
3350 1302 3456 1372 jam
3498 1301 3761 1357 extinctam

2193 1397 2469 1463 colentes;
2509 1412 2670 1469 quam
2710 1412 2780 1453 ne
2808 1397 2985 1452 vivam
3007 1395 3226 1468 quidem
3258 1403 3667 1466 praesentemque
3689 1410 3762 1451 sa-

2196 1488 2411 1560 pientes
2431 1488 2715 1545 colendam
2741 1488 2847 1546 sibi
2868 1504 3122 1560 umquam
3154 1496 3493 1558 putaverunt.
3519 1486 3618 1544 Nec
3638 1488 3761 1544 enim

2194 1592 2381 1651 potest
2410 1581 2617 1653 aliquid
2659 1582 2712 1638 in
2738 1582 2901 1638 rebus
2930 1580 3161 1638 terrenis
3187 1593 3312 1637 esse
3343 1579 3638 1636 venerabile
3663 1594 3761 1635 εω·

2197 1674 2363 1747 loque
2391 1674 2610 1746 dignum
2642 1691 2657 1730 :
2688 1674 2783 1731 sed
2810 1675 2925 1731 sola
2950 1683 3037 1730 est
3060 1673 3256 1740 virtus,
3285 1672 3398 1729 sola
3433 1673 3645 1744 iustitia,
3664 1686 3764 1743 qua:

2122 1780 2172 1841 Β
2199 1776 2379 1839 potest
2401 1783 2590 1824 verum
2619 1767 2844 1836 bonum,
2876 1774 2931 1823 et
2962 1766 3206 1834 caeleste,
3232 1774 3289 1823 et
3324 1774 3624 1836 perpetuum
3643 1761 3765 1833 judi-

2196 1864 2307 1918 cari
2328 1878 2343 1928 ;
2359 1862 2482 1933 quia
2495 1876 2597 1918 nec
2607 1859 2768 1917 datur
2780 1862 3053 1930 cuiquam,
3069 1874 3173 1917 nec
3184 1857 3448 1914 aufertur.
3463 1855 3572 1925 Qua
3595 1856 3767 1911 virtute

2200 1968 2265 2009 ac
2279 1954 2485 2025 justitia
2506 1953 2761 2025 quoniam
2784 1952 3029 2010 Christus
3047 1952 3343 2007 lnstructus
3356 1951 3558 2007 venitin
3577 1958 3764 2015 terram,

2203 2046 2372 2101 immo
2388 2060 2537 2113 vero,
2555 2046 2809 2116 quoniam
2825 2045 2940 2117 ipse
2950 2045 3141 2110 virtus,
3158 2052 3212 2100 et
3224 2043 3545 2115 ipsejustitia
3557 2050 3649 2108 est,
3663 2040 3769 2097 des-

2198 2138 2381 2195 cendit
2398 2147 2585 2195 uteam
2599 2139 2842 2205 doceret,
2866 2138 3250 2210 hominemque
3266 2137 3537 2194 farmaret.
3553 2136 3661 2206 Quo
3673 2150 3769 2191 ma-

2198 2230 2422 2303 gisterio
2434 2245 2498 2287 ac
2520 2230 2613 2287 Dei
2630 2230 2899 2302 legatione
2911 2230 3252 2302 perfunctus,
3280 2230 3350 2286 ob
3371 2229 3658 2301 eamjipsam
3680 2228 3769 2283 vir-

2196 2332 2386 2392 tutem,
2407 2340 2569 2395 quam
2581 2324 2743 2380 simul
2755 2334 2810 2379 et
2823 2323 3030 2391 docuit,
3053 2332 3107 2379 et
3125 2322 3275 2392 fecit,
3291 2323 3359 2380 ab
3372 2323 3607 2380 omnibus
3619 2321 3770 2395 genti-

2199 2416 2324 2483 bus,
2347 2425 2401 2473 et
2422 2417 2641 2486 meruit,
2665 2425 2721 2474 et
2743 2416 2915 2488 potuit
2930 2416 3075 2474 Deus
3091 2417 3264 2474 credi.
3285 2417 3424 2490 Ergo
3440 2431 3558 2474 cum
3577 2430 3771 2487 magnus

2200 2510 2433 2582 populus
2457 2509 2527 2567 ad
2555 2526 2703 2580 eum,
2732 2510 2817 2567 vel
2837 2510 2909 2567 ob
2933 2511 3202 2582 justitiam
3234 2527 3398 2584 quam
3431 2510 3666 2579 docebat,
3692 2509 3768 2566 vel

2199 2603 2272 2660 ob
2315 2603 2575 2660 miracula
2626 2619 2749 2676 qua:
2797 2603 3050 2671 faciebat,
3098 2603 3333 2660 subinde
3380 2601 3680 2668 conﬂueret,
3718 2608 3765 2657 et

2202 2706 2473 2768 praecepta
2504 2696 2622 2767 ejus
2650 2695 2884 2764 audiret,
2930 2706 2987 2752 et
3009 2710 3041 2752 a
3070 2695 3181 2752 Deo
3210 2697 3438 2752 missum
3480 2694 3668 2765 Deique
3692 2692 3771 2748 Fi-

2197 2788 2330 2846 lium
2350 2789 2599 2846 crederet
2625 2807 2639 2843 :
2673 2798 2787 2845 tum
2811 2789 3078 2861 primores
3102 2787 3416 2846 Iudaeorum
3456 2796 3512 2845 et
3546 2784 3771 2844 sacerdo-

2203 2896 2286 2943 tes
2313 2888 2392 2941 ira
2420 2883 2701 2953 stimulati,
2731 2882 2875 2956 quod
2901 2883 2971 2938 ab
2995 2898 3064 2940 eo
3086 2892 3363 2955 tamquam
3387 2891 3686 2956 peccatores
3705 2879 3773 2934 in-

2201 2981 2586 3053 crepabantur,
2616 2986 2672 3035 et
2711 2977 2915 3035 invidia
2956 2977 3261 3050 depravati,
3305 2977 3471 3050 quod,
3500 2974 3773 3033 confluente

2203 3074 2271 3130 ad
2301 3088 2424 3130 eum
2455 3070 2826 3140 multitudine,
2857 3072 3133 3128 contemni
3152 3086 3211 3128 se
3235 3088 3303 3128 ac
3322 3071 3499 3128 deseri
3526 3068 3771 3134 videbant,

2203 3176 2259 3223 et
2285 3165 2454 3239 (quod
2479 3173 2643 3237 caput
2677 3164 2899 3221 sceleris
2943 3164 3162 3220 illorum
3207 3163 3336 3238 fuit)
3367 3163 3586 3220 stultitia
3620 3170 3675 3217 et
3704 3174 3775 3215 er-

494 3288 771 3363 probrium
803 3282 957 3339 nobis
986 3236 1250 3348 objerctari
1304 3236 1465 3335 solet,
1514 3267 1657 3341 quod
1708 3275 1764 3322 et
1795 3262 2095 3327 hominem,
2124 3236 2169 3301 (ἶ
2206 3274 2330 3316 rore
2351 3258 2562 3325 caecati,
2590 3267 2647 3314 et
2684 3258 3036 3314 immemores
3061 3236 3458 3329 praeceptorum
3498 3255 3771 3314 ctelestium

495 3362 549 3444 et
574 3385 642 3442 ab
668 3379 974 3439 hominibus
1003 3372 1200 3444 insigni
1241 3367 1508 3441 supplicio
1533 3362 1787 3420 affectum
1830 3368 1885 3415 et
1910 3371 2103 3414 excru-

2208 3368 2272 3410 ac
2297 3352 2706 3425 prophetarum,
2731 3352 2979 3408 coierunt
3005 3348 3270 3408 adversus
3290 3366 3438 3419 eum,
3477 3349 3775 3422 impiumque

1825 3475 1916 3533 VA
1926 3470 2189 3530 RIORUM
2226 3466 2460 3525 NOTAE.

491 3635 600 3691 quo
626 3632 808 3691 supra,
838 3612 1058 3691 quinque
1109 3622 1278 3691 panes.
1294 3612 1342 3658 et
1389 3600 1516 3691 duos
1572 3597 1733 3691 piscis
2032 3609 2086 3691 sf

497 3667 988 3747 λῖιίεῖῗξίἶῶεἶνωιιί
1032 3667 1217 3750 ιιίιὶιιιε
1268 3667 1581 3750 legendum;
1602 3668 1734 3750 mihi
1788 3667 2084 3750 videtur_in

497 3739 687 3818 erit};
719 3739 866 3815 testu
890 3760 1095 3831 mipnc;
1124 3739 1230 3831 ιἰρη
1256 3739 1447 3831 .
1473 3742 1611 3831 utin
1638 3749 1765 3831 octo
1790 3739 2089 3809 rec.scrip—

496 3814 683 3890 ιῖἐΪιέὶ
700 3814 868 3886 facilis
908 3814 1133 3881 mutatio
1159 3820 1320 3877 fuerit
1334 3814 1524 3896 ;‘mipﬁ;
1544 3814 1816 3896 inﬁmae.
1969 3882 1980 3893 .

572 3881 864 3960 Ficiii'sié
890 3896 1183 3967 repositum
1219 3907 1285 3945 ex
1406 3881 1509 3943 v'et.
1546 3881 1722 3967 editis
1743 3892 1800 3939 et
1817 3881 2090 3967 pruni-bus

500 3953 863 4046 ms'si'iiiic'EE
890 3972 928 4046 _l
955 3953 1119 4046 Ilieg:
1162 3978 1276 4020 rec.
1308 3961 1381 4046 ‘iu
1433 3974 1539 4028 quo
1570 3965 1655 4010 est
1673 3954 1945 4046 “con/icta.
1978 3953 2031 4007 lu
2060 3955 2085 4007 ί

501 4027 638 4117 iiég;
668 4027 779 4101 iec.
805 4027 1416 4117 ethBt'unfdeestnatque
1452 4027 1758 4117 composita;
1792 4027 1924 4117 [gluttu
1961 4041 2093 4080 vero

501 4096 638 4173 iid'é’sl
660 4096 1056 4172 suaenam-nua
1085 4104 1303 4180 sutyuts
1325 4096 1446 4157 vide
1472 4096 1633 4180 supra
1661 4097 1765 4153 col.
1789 4096 1918 4180 ρος)ἶ

575 4168 883 4243 Ciceronem.
912 4182 1031 4238 Ltb.
1064 4196 1123 4245 tt,
1151 4168 1218 4233 de
1245 4178 1440 4230 Natura
1490 4168 1737 4245 deorum.
1786 4170 1852 4224 Et
1908 4168 2096 4245 Varro-

501 4240 735 4327 nemﬂlc
756 4240 1027 4328 quolegc,
1051 4240 1171 4322 cap.
1198 4248 1253 4316 6,
1288 4246 1406 4301 libri
1440 4244 1597 4316 primi
1628 4256 1810 4312 supra,
1834 4251 1887 4297 et
1917 4255 1966 4296 c.
1994 4240 2093 4307 Ἡ,

504 4333 628 4388 libri
656 4331 725 4387 de
754 4327 838 4384 Ira
864 4327 976 4381 Dei.

573 4385 819 4464 eaeam.
876 4396 1021 4455 [Stud
1071 4403 1155 4451 est
1209 4404 1463 4449 sermone
1511 4389 1545 4443 5
1589 4385 1733 4458 quod
1765 4386 1843 4441 sic
1869 4387 2099 4441 vertitur

504 4477 669 4531 latine
701 4491 716 4528 :
1670 4472 1673 4473 ⁷

818 4542 1001 4593 Dicent
1021 4535 1251 4601 Sibyllam

595 4608 839 4665 Insanum,
857 4592 1162 4654 mendacem.
1190 4598 1309 4665 Cum
1329 4606 1448 4665 vero
1471 4592 1595 4645 facta
1620 4592 1805 4665 fuerint
1826 4593 2007 4665 omnia,

593 4656 739 4722 Tunc
756 4656 853 4719 mei
878 4665 1167 4716 memoriam
1189 4659 1402 4717 facietis,
1422 4669 1590 4720 neque
1613 4671 1694 4707 me
1716 4664 1818 4707 tum
1840 4656 2102 4720 quisquam

596 4735 819 4785 Insanam
837 4732 970 4780 dicet
995 4740 1075 4776 me
1099 4725 1193 4774 Dei
1218 4722 1381 4785 magni
1405 4728 1582 4785 vatem.

575 4780 905 4873 illisiiipag.
933 4792 1022 4873 Sic
1050 4780 1338 4873 emendavi
1387 4799 1450 4873 es
1483 4783 1530 4865 ‘2_
1557 4780 1939 4873 vetustissimis
1965 4795 2096 4836 mss.

503 4853 800 4925 codicibus'
858 4865 1057 4933 Regiis,
1118 4858 1331 4914 favente
1368 4854 1578 4933 “Regio
1633 4854 1805 4933 altero
1866 4853 1928 4933 in
1992 4867 2100 4920 quo

502 4923 797 5021 Ὶ-εάρείραν.
816 4923 1011 5006 δονίβιὶ
1028 4923 1123 5021 se):
1148 4945 1253 4985 rec.
1288 4936 1343 4983 et
1363 4923 1766 5021 Ele_dit._habent
1780 4925 2092 5021 πῐτξύξαενριοινΞ

501 4995 783 5081 meantis,
833 4995 1020 5065 conira
1073 5005 1244 5081 legem
1295 4999 1488 5081 metri;
1544 4996 1780 5065 itemth
1813 4995 1840 5050 1
1877 4995 2008 5065 Reg.
2043 5003 2100 5049 ct

505 5085 635 5141 edit.
662 5070 820 5140 Rom.
850 5081 1007 5141 M70,
1042 5070 1232 5143 quibus
1267 5079 1351 5126 est
1367 5070 1697 5145 ‘l’esua't'ptatu.

575 5137 839 5233 llpogangnu.
873 5152 907 5207 5
1115 5155 1308 5233 veterr.
1333 5137 1598 5233 rspopr‘rrtu;
1627 5139 1678 5204 5,
1716 5137 1786 5191 al.
1812 5140 2090 5214 προφήτην,

502 5235 565 5281 ut
590 5222 741 5290 e'dd.,
776 5222 1074 5279 masculino
1094 5230 1315 5290 genere,
1352 5222 1510 5266 male.

577 5280 882 5350 Iacuerunt.
912 5292 986 5347 Ita
1033 5280 1243 5344 restitui
1292 5298 1359 5339 ex
1405 5295 1536 5337 mss.
1587 5280 1664 5343 2,

504 5348 791 5438 Regiis};
822 5366 894 5419 al.
922 5363 1054 5438 [ieg-
1101 5360 1253 5438 bm'“:
1281 5363 1442 5438 ἐρίων
1479 5350 1823 5438 ἑέρωθέην
1846 5348 1891 5438 ί¹κ
1917 5348 2090 5438 “Ps-'3

503 5420 880 5504 ii.ii’.’,'isaht.,
928 5420 1123 5496 Brutu,
1179 5428 1272 5504 cd_._
1299 5427 1457 5504 Rom.
1701 5420 2007 5504 Iacuerunt,
2037 5421 2089 5475 id

506 5492 617 5575 est,
640 5492 697 5564 in
726 5492 937 5563 occulto
967 5492 1200 5575 fuerunt.
1229 5498 1340 5554 Hac
1370 5494 1762 5575 significatipne
1791 5492 1929 5574 istud
1964 5507 2089 5575 ver-

504 5564 631 5635 bum
660 5579 917 5649 accipitur
942 5592 970 5630 a
1005 5574 1265 5649 Cicerone
1303 5578 1376 5649 et_
1399 5564 1606 5649 Plauto.
1640 5564 1989 5619 Recentiores
2021 5564 2087 5618 li-

504 5653 666 5707 brarii
691 5639 970 5719 perperam
999 5643 1327 5719 substituere
1357 5639 1637 5692 latuerunt.

576 5705 765 5776 Postea
787 5705 904 5775 uero
933 5713 1288 5771 animadversa
1338 5718 1477 5775 sunt,
1523 5724 1698 5778 quam.
1733 5705 1788 5761 ld
1826 5714 1930 5771 est,
1963 5706 2086 5761 Ani-

503 5793 770 5854 madversa
820 5805 940 5847 vero
984 5795 1123 5854 sunt,
1156 5793 1483 5856 posteaquam
1519 5779 1708 5833 Christi
1757 5778 1995 5833 nativitas
2036 5787 2085 5833 et

1709 5278 2094 5349 antiquissimis

2193 3586 2365 3659 passio
2391 3583 2631 3657 patefecit
2666 3581 2999 3659 arcanasSic
3017 3582 3288 3659 _de_Mort.
3321 3599 3554 3655 perscc.,
3583 3600 3692 3655 cap.
3727 3583 3773 3644 5.

2194 3654 2524 3713 Postea'uero
2553 3672 2775 3726 quam...
2802 3655 2987 3728 ﬁnivit.
3017 3654 3121 3728 Vid
3153 3666 3268 3711 not.
3302 3654 3487 3728 supra.
3520 3654 3769 3713 Bonnam.

2281 3728 2371 3784 Vel
2409 3745 2467 3783 eo
2511 3729 2755 3796 amplius.
2806 3726 3123 3799 Haeqleclio
3181 3726 3662 3799 manuscriptorum
3705 3735 3776 3782 est

2195 3799 2550 3872 Regio-PaL,
2578 3800 2614 3852 2
2656 3799 2821 3872 Bon._,
2861 3798 2890 3853 ι
2914 3796 3099 3872 Colb._.
3130 3799 3279 3872 Em.,
3326 3796 3508 3868 Cant},
3550 3802 3775 3872 aliorum-

2196 3869 2325 3943 qué,
2376 3870 2507 3927 edit.
2551 3872 2607 3938 5,
2638 3879 2746 3943 vet.
2780 3869 2938 3925 Rom.
2986 3878 3043 3925 et
3067 3870 3124 3939 '5,
3170 3871 3241 3926 al.
3278 3871 3336 3927 In
3368 3872 3399 3926 7
3428 3886 3539 3929 rec.
3586 3870 3774 3940 scriptis

2201 3941 2537 4014 totidemque
2559 3941 2776 3999 excusis
2802 3952 2886 4014 est
2915 3951 2963 3996 et
2991 3957 3069 3997 eo.

2276 4014 2404 4083 Quae
2451 4012 2593 4069 ‘uelut
2647 4013 3015 4086 opprobrium,
3075 4022 3181 4071 etc.
3232 4013 3437 4086 Pagani
3481 4012 3775 4086 objiciebant

2197 4086 2509 4143 cbristianis
2533 4084 2687 4141 velut
2722 4084 3098 4155 approbrium,
3141 4087 3287 4156 quod
3318 4084 3589 4143 hominem
3618 4084 3773 4139 cruci-

2200 4162 2367 4213 fixum
2397 4173 2462 4213 ac
2492 4158 2674 4212 servili
2713 4164 2893 4227 marte
2937 4156 3247 4212 defunctum
3280 4158 3543 4215 colerent.
3586 4161 3774 4227 Augus-

2200 4230 2298 4285 tin.
2332 4230 2400 4284 de
2431 4229 2697 4285 Convers.
2753 4226 2809 4283 S.
2845 4228 2996 4283 Pauli
3027 4227 3206 4285 Serm.
3244 4231 3268 4285 1
3307 4248 3322 4285 :
3356 4229 3497 4285 Noto
3534 4226 3772 4283 erubesca-

2201 4318 2314 4356 mus
2344 4300 2408 4354 de
2436 4300 2627 4356 Christi
2651 4300 2872 4355 nomine.
2916 4298 3200 4355 [multetur
3240 4302 3408 4366 nobis,
3460 4300 3593 4371 quod
3618 4297 3776 4371 peredi-

2204 4390 2317 4428 mus
2343 4373 2397 4426 in
2428 4372 2773 4442 cruciﬁxum,
2782 4370 3030 4442 occisum.
3061 4370 3206 4428 Idem
3237 4372 3419 4429 Serm.
3443 4368 3482 4429 8
3507 4374 3573 4428 de
3611 4368 3774 4442 Verbis

2125 4454 2182 4516 Ι)
2210 4448 2402 4529 ᾼροει.
2438 4461 2452 4497 :
2483 4440 2731 4529 pecruee
2751 4440 2957 4529 Citristi
2974 4443 3121 4529 nobis
3143 4445 3675 4529 insultantsapiente:
3690 4440 3774 4493 Im-

2198 4510 2292 4587 ju's
2338 4516 2539 4581 mundi,
2560 4525 2633 4588 et,
2657 4515 2831 4588 dicunt
2864 4530 2883 4569 :
2913 4514 3078 4583 Quale
3103 4531 3192 4571 cor
3236 4510 3591 4588 habetisfqui
3632 4510 3774 4568 Deum

2206 4586 2374 4644 colitis
2394 4586 2714 4656 cruciﬁxum.
2740 4586 3123 4642 Enusuuoas'r.

2282 4678 2598 4734 Divinitatis.
2622 4678 2713 4735 Sic
2741 4679 2948 4735 restitui
2975 4695 3044 4734 ex
3069 4679 3199 4735 edit.
3240 4679 3313 4736 Is.
3346 4690 3402 4738 et
3430 4678 3621 4737 Cellar.
3663 4689 3776 4732 neco

2207 4765 2314 4823 non
2345 4768 2413 4823 ex
2453 4750 2703 4823 omnibus
2747 4764 2878 4805 mss.
2913 4762 3109 4823 praeter
3153 4767 3262 4809 rec.
3298 4754 3325 4808 1
3362 4752 3496 4823 Reg.
3537 4759 3591 4807 et
3616 4750 3638 4804 l
3668 4747 3775 4823 Col-

2202 4821 2348 4896 bert.
2376 4822 2429 4877 in
2455 4822 2652 4896 quibus
2700 4818 2955 4893 corrupte
3000 4822 3197 4896 legitur
3222 4818 3491 4896 dignitatis
3518 4836 3613 4896 pro
3656 4818 3773 4873 divi--

2201 4894 2498 4966 nitatis;iac
2521 4892 2558 4946 2
2590 4893 2720 4966 Reg.
2755 4892 2873 4966 rec.
2894 4902 2950 4949 et
2996 4892 3075 4952 l3
3105 4892 3374 4966 vulgatos,
3407 4899 3457 4950 in
3499 4892 3777 4966 quibusest

2200 4965 2483 5037 religionis.
2504 4994 2577 5006 —
2613 4961 2758 5020 Vera!
2784 4965 3066 5020 divinitatis
3091 4961 3343 5037 expirtes.
3360 4961 3495 5023 Lib.
3518 4961 3583 5029 'v,
3612 4961 3773 5037 calo:

2204 5033 2412 5103 Quanto
2433 5037 2721 5108 religiosius
2750 5039 2963 5092 terrenis
2992 5039 3103 5092 istis
3150 5033 3458 5094 simulacris
3502 5033 3772 5108 inserviunt,

2199 5115 2341 5161 tanto
2364 5104 2783 5178 magis'seelerati
2809 5109 3051 5164 adversus
3089 5126 3272 5165 nomen
3312 5125 3457 5166 vera:
3496 5104 3768 5165 divinitatis

2197 5180 2440 5233 existunt.
2473 5179 2757 5234 Bassum.

2235 5278 2397 5362 ⁸Νοη
2440 5289 2638 5362 tantum
2670 5281 2988 5362 _suspiciunt.
3020 5282 3096 5339 Ita
3148 5283 3432 5362 emendavi
3473 5298 3540 5362 ex
3569 5292 3663 5336 ms.
3692 5290 3772 5332 co-

2195 5348 2315 5426 dice
2344 5352 2495 5421 regio
2518 5350 2627 5426 4ρο
2653 5348 2911 5426 duntaxat
2928 5370 3220 5426 annorum,
3250 5356 3345 5410 scd
3391 5356 3603 5426 optimae
3630 5357 3770 5426 notat.

2193 5422 2308 5505 et?
2340 5420 2460 5505 vet.
2486 5423 2637 5505 _edit.
2666 5425 2860 5505 _llom._
2881 5424 3041 5505 {470,
3092 5426 3365 5505 i§74._l_‘3t
3390 5420 3468 5482 sic
3504 5420 3769 5505 Bentleius:

2193 5491 2443 5569 Bivetus,
2485 5494 2770 5563 Meursius,
2820 5491 3080 5564 Gallaeu's,
3128 5497 3390 5569 Sparkius
3434 5507 3487 5553 et
3530 5493 3772 5569 Cellarius

2191 5564 2373 5633 legere
2400 5569 2629 5642 malunt,
2674 5584 2833 5638 quam
2860 5564 3184 5642 suscipiunt
3212 5583 3552 5642 cteterorunt.
3595 5565 3768 5642 Eadem

2189 5638 2461 5714 correctio
2513 5649 2598 5714 est
2643 5635 2804 5714 supra
2860 5639 2955 5714 lib.
2990 5635 3047 5708 ti,
3094 5657 3213 5714 cap.
3258 5640 3314 5709 2,
3368 5642 3507 5698 circa
3538 5635 3769 5694 medium.

2190 5706 2515 5776 Suspiciunt,
2531 5710 2581 5766 id
2611 5723 2689 5765 est
2702 5706 3085 5777 ,‘admirantu'r.

2248 5774 2557 5836 Primores.
2585 5774 2784 5839 Noster
2806 5784 3083 5855 expressit
3121 5784 3286 5858 Cypr.
3309 5782 3445 5841 Idol.
3478 5782 3605 5837 Van.
3636 5774 3771 5833 Hum:
