4038 6358
294 311 404 375 497

1190 314 1395 374 LIBER
1429 313 1516 372 IV.
1560 314 1650 373 DE
1687 315 1877 373 VERA
1911 314 2275 375 SAPIENTIA
2312 317 2401 376 ET
2439 318 2698 388 BELIGJ

3495 315 3604 374 498

291 432 581 491 consilium
627 435 695 490 de
744 449 811 490 eo
853 432 1091 491 tollendo
1136 433 1534 507 cruciandoque
1577 445 1838 508 ceperunt
1869 457 1883 494 :
1912 436 1968 498 Α
1994 436 2096 493 illis
2125 448 2340 508 peccata
2370 447 2425 495 et
2453 438 2761 508 injustitias,
2809 444 2864 492 et
2903 452 2930 490 a
2965 417 3163 507 poliqu
3202 450 3337 507 pene
3367 433 3592 504 deserti,

294 528 438 600 quod
462 528 739 599 prophetae
768 528 944 584 multo
972 538 1099 584 ante
1125 527 1548 601 descripserant.

367 620 501 677 Nam
517 632 573 677 et
592 621 781 687 David,
801 622 855 677 in
879 621 1143 694 principio
1160 622 1496 679 l’salmorum
1520 623 1540 695 (
1551 624 1688 683 Psal.
1713 630 1755 700 ι)
1773 645 1901 685 suo-

292 732 440 784 rum,
468 718 758 789 providens
784 719 837 772 in
866 717 1055 789 spiritu
1085 726 1342 788 quantum
1369 717 1576 777 facinus
1604 721 1898 781 admissuri

293 819 500 876 essent,
532 809 750 866 Beatum
774 826 882 866 esse
910 810 1004 878 ait,
1035 812 1123 883 qui
1151 827 1253 866 non
1273 812 1453 867 abierit
1478 814 1533 868 in
1561 815 1776 872 consilio
1797 819 1901 873 im-

295 904 517 975 piorum.
554 904 622 960 Et
650 903 906 962 Salomon
932 905 986 961 in
1013 906 1154 962 libro
1194 905 1486 977 Sapientia:
1512 908 1655 982 (cap.
1700 912 1783 984 ιι),
1812 913 1897 971 his

291 997 472 1053 verbis
503 1013 629 1053 usus
653 1006 737 1054 est
762 1018 776 1055 :
800 996 1270 1055 Circumveniamus
1289 1000 1512 1071 justum,
1542 1005 1786 1074 quoniam
1811 1006 1895 1062 in-

290 1090 465 1145 suavis
491 1100 564 1145 est
591 1091 756 1159 nobis,
790 1102 837 1147 et
865 1091 1137 1164 exprobrat
1162 1092 1308 1148 nobis
1339 1105 1551 1164 peccata
1578 1096 1703 1169 legis
1728 1113 1748 1153 :
1772 1116 1899 1169 pro-

292 1181 445 1237 mittit
471 1198 525 1238 se
542 1183 805 1238 scientiam
829 1182 925 1237 Dei
945 1183 1148 1249 habere,
1176 1194 1224 1240 et
1245 1184 1413 1255 ﬁlium
1436 1184 1535 1241 Dei
1556 1203 1610 1243 se
1630 1188 1860 1244 nominat
1882 1208 1898 1247 :

291 1277 460 1349 factus
489 1286 564 1332 est
602 1276 827 1332 nobisin
868 1277 1241 1333 traductionem
1279 1278 1647 1349 cogitationum
1692 1292 1899 1337 nostra-

289 1386 402 1425 rum
428 1388 450 1425 :
478 1370 646 1443 gravis
672 1380 745 1426 est
762 1371 904 1425 nobis
929 1372 1083 1425 etiam
1103 1370 1173 1425 ad
1191 1370 1466 1426 videndum
1480 1390 1501 1439 ;
1524 1374 1767 1441 quoniam
1791 1375 1899 1430 dis-

289 1463 476 1519 similis
505 1472 577 1519 est
604 1464 724 1518 aliis
744 1464 846 1518 vita
874 1464 1034 1531 illius,
1073 1472 1120 1519 et
1143 1464 1423 1520 immutata
1450 1475 1569 1521 sunt
1593 1467 1690 1522 vita
1709 1468 1850 1525 illius
1880 1485 1899 1524 :

289 1566 555 1629 tamquam
582 1573 805 1630 nugaces
829 1558 1070 1613 aestimati
1098 1574 1272 1613 sumus
1299 1559 1365 1613 ab
1403 1575 1462 1614 eo
1493 1578 1505 1613 :
1540 1561 1762 1616 continet
1788 1579 1842 1617 se
1864 1580 1898 1618 a

285 1650 384 1706 viis
416 1652 629 1715 nostris.
655 1651 805 1723 quasi
828 1651 892 1706 ab
918 1651 1279 1718 immunditiis,
1312 1660 1360 1706 et
1386 1656 1595 1725 prterert
1621 1654 1898 1710 novissima

270 1744 561 1815 justorum,
592 1752 641 1799 et
667 1734 925 1816 gloriatur
946 1754 1143 1814 patrem
1172 1761 1226 1800 se
1254 1745 1441 1801 habere
1482 1745 1665 1801 Deum.
1709 1746 1894 1803 Videa-

2002 530 2254 586 concitati
2283 539 2408 586 sunt
2428 529 2495 585 ad
2520 545 2641 585 eum
2669 528 2991 585 necandum.

2071 621 2236 691 Cujus
2266 622 2344 676 rei
2375 620 2652 677 audaciam
2682 620 2828 676 dedit
2856 620 2964 676 illis
2991 619 3262 676 humilitas
3289 620 3427 690 ejus.
3459 619 3595 676 Nam

2003 732 2123 772 cum
2152 717 2412 785 legerent,
2443 730 2565 770 cum
2590 724 2787 786 quanta
2816 714 3011 769 virtute
3054 723 3109 769 et
3138 713 3382 769 claritate
3431 712 3601 769 Filius

2006 809 2101 865 Dei
2138 820 2395 865 venturus
2421 818 2566 864 esset
2596 823 2625 863 e
2670 808 2831 872 caelo,
2874 806 3057 864 Jesum
3103 818 3283 862 autem
3311 814 3603 861 cernerent

2004 905 2283 973 humilem,
2314 905 2575 975 quietum,
2606 903 2905 967 sordidum,
2937 902 3241 967 informem,
3278 916 3387 956 non
3413 899 3604 955 crede-

2006 996 2139 1052 bant
2163 994 2330 1051 lilium
2362 996 2455 1051 Dei
2482 1010 2625 1062 esse,
2678 994 2990 1066 ignorantes
3031 994 3167 1049 duos
3191 993 3309 1064 ejus
3335 993 3600 1048 adventus

2002 1106 2030 1144 a
2072 1090 2349 1161 prophetis
2393 1105 2515 1146 esse
2561 1091 2890 1161 praedictos:
2922 1090 3152 1161 primum
3201 1091 3253 1144 in
3299 1089 3601 1146 humilitate

2002 1183 2179 1238 carnis
2208 1184 2518 1251 obscurum,
2553 1183 2846 1239 secundum
2877 1184 2931 1238 in
2962 1182 3275 1238 fortitudine
3302 1183 3601 1254 maiestatis

2004 1279 2366 1334 manifestum.
2398 1278 2473 1334 De
2506 1278 2680 1348 primo
2704 1277 2868 1332 David
2891 1278 2942 1333 iu
2969 1276 3174 1346 psalmo
3200 1276 3598 1348 septuagesimo

2002 1375 2178 1444 primo
2206 1374 2285 1430 sic
2322 1375 2435 1429 ait:
2466 1371 2750 1429 Descendet
2770 1375 2898 1430 sicut
2919 1374 3092 1445 pluvia
3112 1373 3166 1427 in
3192 1371 3376 1437 vellus,
3400 1382 3445 1427 et
3468 1372 3601 1426 orie-

2002 1476 2086 1523 tur
2105 1468 2161 1523 in
2185 1467 2361 1523 diebus
2400 1468 2511 1538 ejus
2530 1467 2755 1540 justitia,
2797 1478 2845 1522 et
2874 1467 3190 1523 abundantia
3232 1468 3394 1540 pacis,
3437 1468 3599 1523 donec

2000 1562 2276 1617 extollatur
2315 1562 2459 1619 luna.
2489 1560 2639 1617 Sicut
2685 1562 2827 1618 enim
2877 1562 3077 1633 pluvia,
3123 1563 3167 1617 si
3205 1560 3499 1618 descendat
3546 1561 3605 1616 iu

2000 1656 2192 1719 vellus,
2224 1655 2580 1712 animadverti
2613 1671 2718 1713 non
2766 1666 2962 1728 potest,
3006 1658 3127 1728 quia
3160 1658 3443 1728 strepitum
3491 1672 3601 1712 non

1998 1746 2127 1803 facit
2149 1763 2163 1802 :
2189 1749 2260 1803 ita
2290 1746 2562 1804 Christum
2590 1749 2642 1804 in
2685 1758 2881 1806 terram
2910 1750 3027 1806 sine
3067 1751 3384 1822 cujusquam
3417 1750 3598 1820 suspi-

281 1853 397 1891 mus
428 1853 550 1908 ergo
578 1838 624 1893 si
665 1853 921 1892 sermones
951 1836 1090 1892 illius
1115 1839 1220 1892 ueri
1254 1838 1389 1904 sint;
1423 1848 1471 1893 et
1500 1847 1746 1895 tentemus
1775 1856 1891 1910 qua:
1920 1841 1969 1902 B
1994 1840 2150 1896 cione
2181 1850 2470 1896 venturum
2495 1857 2617 1898 esse
2635 1842 2790 1907 dixit,
2821 1852 2877 1897 ut
2895 1843 3156 1917 justitiam
3185 1843 3405 1898 doceret
3426 1852 3483 1898 et
3506 1856 3601 1912 pa-

277 1940 498 1984 ventum
517 1939 637 1984 sunt
664 1929 762 1984 illi.
790 1927 1123 1985 Contumeliis
1152 1938 1199 1984 et
1230 1931 1493 1984 tormentis
1519 1931 1890 2003 interrogemus
1990 1949 2132 1991 cem.
2162 1934 2350 1990 Esaias
2378 1950 2594 2006 quoque
2624 1935 2696 1991 ita
2729 1935 2948 1991 tradidit
2992 1935 3130 2005 (cap.
3163 1934 3278 2007 Lm)
3312 1955 3324 1989 :
3358 1933 3598 2000 Domine,

276 2038 395 2077 eum
421 2038 441 2077 :
464 2031 518 2076 ut
544 2025 766 2077 sciamus
789 2023 1119 2077 reverentiam
1138 2022 1302 2090 illius,
1329 2031 1377 2076 et
1402 2022 1671 2091 probemus
1691 2027 1888 2094 patien-
1990 2031 2104 2100 quis
2133 2029 2348 2085 credidit
2389 2030 2587 2085 auditu:
2632 2039 2826 2095 ηοειιοο,
2868 2040 2914 2085 ει
2958 2032 3223 2086 brachium
3266 2028 3477 2084 Domini
3515 2028 3601 2082 cui

277 2116 405 2169 tiam
433 2113 598 2180 illius,
642 2123 804 2168 morte
831 2113 1129 2184 turpissima
1169 2114 1560 2168 condemnemus
1589 2130 1723 2168 eum.
1761 2113 1887 2171 ch
1986 2123 2265 2178 revelatum
2299 2123 2408 2178 est?
2433 2122 2861 2177 Annunuauimu;
2889 2140 3062 2177 εοναηι
3105 2124 3218 2193 ipso
3255 2122 3387 2177 εξεηι
3428 2121 3600 2193 pum"

274 2211 649 2282 cogitaverunt,
679 2218 725 2264 et
754 2218 1072 2265 erraverunt.
1107 2205 1400 2263 Excwcavit
1439 2209 1573 2263 enim
1601 2209 1719 2264 illos
1737 2210 1887 2264 stul-

274 2304 389 2359 titia
414 2304 679 2376 ipsorum;
707 2313 754 2359 et
780 2303 1068 2359 nescierunt
1105 2310 1424 2356 sacramenta
1448 2300 1564 2355 Dei.
1592 2300 1783 2358 Nonne
1812 2303 1883 2357 ita

277 2399 570 2469 descripsit
598 2397 864 2454 nefarium
897 2396 1025 2453 illud
1053 2397 1337 2454 consilium
1367 2397 1437 2453 ab
1479 2397 1658 2469 impiis
1688 2398 1880 2454 initum

272 2500 463 2548 contra
492 2491 686 2559 Deum,
725 2499 786 2547 ut
812 2491 968 2562 plane
995 2490 1304 2548 interfuisse
1329 2490 1619 2548 videatur?
1662 2493 1824 2564 Atqui
1852 2509 1883 2549 a

274 2587 595 2657 Salomone,
627 2592 720 2659 qui
744 2587 859 2643 haec
882 2585 1096 2653 cecinit,
1131 2602 1302 2658 usque
1330 2586 1399 2642 ad
1430 2586 1482 2642 id
1506 2595 1740 2658 tempus,
1774 2604 1882 2659 quo

270 2691 426 2756 gesta
456 2698 540 2738 res
570 2691 675 2750 est,
707 2681 857 2737 mille
886 2697 949 2737 ac
975 2680 1161 2737 decem
1192 2681 1318 2736 anni
1348 2680 1582 2739 fuerunt.
1613 2682 1754 2738 Nihil
1784 2698 1883 2739 nos

270 2774 601 2847 altiugimus,
646 2773 781 2830 nihil
812 2772 1082 2829 addimus.
1111 2772 1393 2830 Habebunt
1424 2774 1562 2841 haec,
1603 2775 1692 2846 qui
1734 2775 1881 2832 fece-

271 2878 401 2925 runt
427 2887 441 2923 :
467 2869 737 2941 legebant,
768 2868 820 2923 in
849 2883 985 2939 quos
1011 2868 1128 2924 haec
1157 2868 1301 2924 dicta
1332 2878 1477 2924 sunt.
1507 2869 1615 2925 Sed
1660 2880 1715 2925 et
1740 2887 1884 2928 nunc

271 2961 523 3018 hacredes
552 2962 785 3018 nominis
810 2976 873 3017 ac
910 2960 1135 3018 sceleris
1163 2960 1377 3017 illorum
1420 2960 1539 3017 haec
1567 2972 1621 3018 et
1660 2962 1879 3029 habent,

272 3065 328 3113 et
355 3056 759 3112 damnationem
807 3071 959 3111 suam
990 3057 1373 3128 prophetarum
1406 3069 1541 3111 voce
1568 3056 1881 3127 przedictam

270 3148 602 3223 quotidiauis
646 3149 964 3205 lectionibus
1008 3159 1335 3219 personant;
1381 3164 1481 3204 nec
1510 3149 1802 3220 aliquando
1829 3152 1880 3206 in

1988 2224 2035 2270 et
2064 2215 2191 2268 sicut
2212 2214 2367 2269 radiat
2390 2216 2444 2268 in
2470 2223 2605 2269 terra
2629 2215 2819 2269 sitienti
2846 2231 2865 2269 :
2892 2231 2995 2269 non
3025 2223 3098 2268 est
3124 2214 3293 2285 ﬁgura
3334 2214 3469 2285 ejus,
3503 2228 3595 2266 ne-

1985 2325 2083 2381 que
2107 2308 2349 2372 claritas;
2393 2319 2439 2363 et
2466 2308 2686 2363 vidimus
2713 2309 2881 2376 illum,
2923 2319 2970 2363 et
3001 2325 3103 2363 non
3143 2307 3316 2362 habuit
3350 2308 3595 2379 ﬁguram,

1985 2419 2147 2475 neque
2171 2410 2436 2460 decorent:
2462 2402 2547 2458 sed
2572 2404 2739 2476 ﬁgura
2761 2404 2871 2474 ejus
2895 2403 3003 2457 sine
3026 2404 3235 2469 honore,
3265 2411 3314 2455 et
3340 2400 3585 2467 deﬁciens

1987 2505 2172 2569 prwtcr
2207 2506 2415 2551 cisteros
2444 2496 2690 2550 homines.
2743 2494 2910 2549 Homo
2955 2496 3008 2548 in
3048 2494 3203 2567 plaga
3250 2493 3444 2564 positus
3487 2502 3587 2559 est,

1986 2593 2150 2648 sciens
2182 2594 2314 2664 ferre
2341 2589 2763 2655 imbecillitatem,
2792 2590 2912 2660 quia
2953 2604 3159 2643 aversus
3188 2596 3283 2653 est,
3314 2596 3364 2640 et
3391 2602 3493 2640 non
3521 2595 3591 2639 est

1984 2694 2326 2755 computatus.
2355 2681 2458 2737 Hic
2480 2694 2690 2755 peccata
2719 2693 2895 2738 nostra
2920 2690 3111 2753 portat,
3140 2692 3188 2736 et
3210 2697 3301 2748 pro
3331 2678 3475 2734 nobis
3511 2678 3597 2731 hic

1986 2779 2161 2847 dolet;
2187 2787 2234 2832 et
2264 2795 2356 2834 nos
2382 2779 2674 2850 putavimus
2693 2778 2863 2850 ipsum
2891 2776 3073 2831 essein
3100 2774 3294 2841 dolore,
3323 2783 3367 2828 et
3394 2772 3448 2826 in
3481 2773 3596 2842 pla-

1986 2890 2075 2947 ga,
2102 2884 2149 2929 et
2178 2874 2231 2929 in
2257 2875 2541 2930 vexatione.
2577 2873 2699 2945 Ipse
2739 2883 2909 2929 autem
2950 2872 3244 2926 vulneratus
3285 2877 3359 2923 est
3385 2875 3598 2939 promer

1987 2967 2220 3040 facinora
2237 2978 2434 3033 nostra,
2458 2977 2506 3021 et
2531 2966 2822 3036 inﬁrmatus
2844 2975 2915 3021 est
2936 2974 3144 3035 propter
3168 2972 3373 3033 peccata
3390 2968 3563 3013 nostra
3579 2973 3600 3012 :

1987 3061 2219 3116 doctrina
2242 3062 2382 3130 pacis
2414 3071 2602 3115 ιιοεινω
2620 3075 2774 3130 super
2794 3059 2940 3113 illum
2962 3074 2981 3123 ;
3007 3059 3163 3113 livore
3182 3058 3291 3128 ejus
3316 3070 3406 3108 nos
3426 3053 3601 3107 sanati

1987 3171 2183 3210 sumus.
2208 3154 2396 3210 Omnes
2412 3156 2539 3210 sicut
2556 3170 2671 3210 oves
2687 3155 2989 3219 erravimus,
3007 3163 3053 3207 et
3075 3151 3208 3205 Deus
3223 3148 3435 3205 tradidit
3450 3148 3593 3202 illum

271 3258 369 3301 θον
391 3258 571 3309 suum,
601 3258 723 3314 (1³³⁸
751 3256 875 3313 Pars
901 3253 984 3298 εει
1014 3249 1069 3298 el
1096 3241 1211 3312 ipsa
1241 3240 1637 3308 damnationis,
1681 3243 1879 3299 admit-
1911 3229 1956 3293 C
1988 3267 2082 3321 pro
2108 3252 2534 3322 peccatisnostris.
2555 3250 2626 3306 Et
2647 3249 2851 3323 Sibylla
2869 3247 3059 3305 eodem
3079 3246 3241 3303 modo
3266 3246 3444 3301 locuta
3468 3251 3552 3299 est
3578 3258 3591 3295 :

273 3345 416 3392 tunt.
443 3335 691 3408 lncrepiti
711 3350 840 3407 ergo
868 3350 895 3390 a
922 3332 1139 3390 Christo
1159 3347 1305 3405 saepe
1325 3332 1495 3389 Judaei
1519 3348 1580 3391 es
1591 3334 1885 3404 probrante

2240 3367 2408 3418 οἰκτρὸς,
2428 3363 2575 3417 ἄτιμος,
2594 3363 2770 3418 impone,
2799 3368 2836 3405 ιν
2859 3368 3017 3418 οἰκτροῖς
3041 3358 3175 3404 ἐλπίδα.
3194 3356 3321 3401 Missi.

1620 3456 1988 3517 VARIORUM
2024 3459 2256 3519 NOTAE.

275 3578 514 3662 magigtri
542 3593 718 3662 eorum
743 3592 802 3631 ac
831 3575 1150 3662 primores...
1181 3573 1542 3662 tradiderunt“;
1572 3583 1627 3656 et
1653 3572 1885 3662 Cypria-

275 3643 387 3708 nus
426 3643 902 3707 Tertullianum'in
929 3645 1156 3717 Apolog.
1183 3660 1304 3717 cap.
1330 3645 1391 3700 ‘21
1438 3662 1450 3697 :
1488 3643 1751 3701 Primores
1780 3644 1880 3700 Ju-

276 3724 534 3789 dararam,
560 3722 787 3792 reliqua.
813 3720 1092 3775 Bassum.

352 3816 662 3872 (.‘ruciando.
697 3814 851 3870 Conl'.
880 3828 999 3886 cap.
1036 3812 1281 3886 l8;‘cap_.
1310 3809 1413 3875 Ὧς
1437 3810 1577 3881 Epit.
1607 3825 1728 3886 cap.
1784 3810 1884 3886 Q6,

278 3887 375 3945 48.
407 3888 644 3944 Illustrat
690 3887 900 3956 Lipsius
935 3881 1025 3940 lib.
1057 3902 1092 3951 ι,
1126 3883 1195 3938 tle
1237 3882 1434 3946 Cruce,
1463 3898 1584 3956 cap.
1606 3883 1668 3956 ξ,
1698 3889 1753 3937 et
1781 3881 1886 3936 Co-

279 3961 496 4017 lumbus
542 3960 608 4014 ad
655 3954 855 4013 libIde
904 3957 1059 4011 Mort.
1092 3956 1308 4011 Persec.
1341 3969 1461 4023 cap.
1505 3954 1561 4008 2.
1605 3954 1885 4009 ΒυΝειιΑΝ.

357 4031 424 4086 Et
450 4031 698 4087 Salomon
730 4030 781 4083 in
805 4030 932 4083 libro
971 4028 1272 4096 Sapientiae.
1307 4026 1662 4097 Hieronymus
1689 4023 1886 4097 corda-

281 4106 391 4161 tior
416 4103 729 4175 praefatione
748 4101 818 4175 in,
839 4100 1121 4175 proverbia
1156 4098 1458 4175 Salomonis
1488 4096 1571 4152 est
1594 4099 1610 4167 (
1632 4112 1749 4175 qua}
1771 4096 1889 4175 epi-

280 4167 531 4234 stola-est
558 4171 705 4245 HS).
739 4167 905 4246 Liber,
938 4173 1129 4246 inquit,
1176 4168 1609 4246 ψευδεπίγρᾳφρς,
1660 4167 1746 4238 qui
1790 4168 1892 4224 Sa-

284 4247 478 4320 pientia
510 4241 807 4320 Salomonis
846 4243 1157 4320 inscribitur,
1190 4241 1291 4312 qui
1332 4241 1470 4320 apud
1500 4241 1892 4320 Hebrwos‘nus-

283 4310 439 4392 quam
470 4329 581 4392 est,
609 4327 656 4373 et
698 4316 807 4392 ipse
848 4315 1012 4386 stylus
1053 4310 1272 4392 graecam
1311 4310 1891 4392 eloquentium-redolet,

283 4379 335 4447 et
365 4379 602 4444 nonnulli
631 4379 934 4458 scriptorum
960 4379 1184 4440 veterum
1209 4384 1342 4438 hunc
1370 4379 1478 4438 esse
1504 4381 1678 4438 Judati
1704 4379 1891 4437 Phila-

282 4465 369 4519 m's
398 4461 691 4532 afﬁrmant.
748 4459 879 4515 BUN.

1988 3592 2091 3650 nes
2114 3578 2265 3634 editi.
2294 3579 2351 3635 lu
2384 3580 2417 3634 7
2446 3594 2580 3635 mss.
2616 3594 2727 3635 rec.
2758 3586 2841 3635 est
2863 3579 3054 3650 ipsum.

2063 3649 2323 3717 Quietum.
2354 3652 2524 3707 Abest
2548 3668 2578 3707 a
2608 3651 2640 3706 7
2670 3662 2802 3707 mss.
2832 3649 2945 3707 rec.

2065 3721 2367 3778 Sordidum.
2403 3724 2467 3778 ll.
2494 3723 2530 3777 Ι.
2565 3739 2672 3779 non
2703 3722 2969 3794 significat
2995 3721 3340 3794 immundum,
3363 3735 3606 3794 necava-

1990 3810 2128 3856 rum,
2160 3809 2326 3866 parco
2351 3794 2683 3866 oppositum,
2710 3792 2840 3866 utc.
2868 3794 2918 3858 1,
2945 3794 2983 3848 1.
3011 3809 3086 3857 γι,
3111 3809 3161 3866 c.
3192 3793 3279 3856 14,
3306 3792 3399 3847 sed
3423 3793 3602 3866 obscu-

1992 3882 2129 3932 rum,
2158 3864 2525 3936 contemptum,
2551 3866 2690 3920 haud
2727 3864 2925 3920 clarum
2954 3882 2975 3920 :
2995 3864 3136 3935 quod
3168 3874 3312 3933 patet
3343 3879 3408 3918 ex
3438 3864 3603 3920 citato

1997 3938 2145 3992 dicto
2175 3938 2368 4004 Esaiae,
2400 3956 2454 3993 n.
2488 3939 2581 4005 l5;
2612 3946 2669 3994 et
2694 3938 2843 3992 Lact.
2878 3952 2950 4002 vt,
2979 3952 3029 3992 c.
3062 3938 3150 3991 lt.
3175 3936 3310 3991 Bmv.

2075 4007 2139 4062 In
2183 4010 2468 4065 humilitate
2497 4012 2687 4065 carnis.
2739 4009 3044 4065 Secundum
3088 4007 3317 4064 Tertull.
3368 4007 3600 4077 Apolog.

2000 4096 2119 4151 cap.
2171 4081 2284 4136 2|:
2333 4080 2399 4136 In
2449 4080 2739 4135 humilitate
2784 4081 3089 4135 conditionis
3138 4081 3395 4133 Immanis.
3450 4078 3599 4132 Lact.

2003 4154 2096 4207 lib.
2128 4170 2200 4218 ιγ,
2238 4169 2357 4222 cap.
2390 4154 2492 4219 14;
2522 4153 2676 4208 Conf.
2706 4170 2755 4207 c.
2787 4153 2859 4207 22
2880 4170 2894 4207 :
2914 4153 3017 4206 Cur
3036 4169 3090 4206 se
3120 4162 3223 4204 tant
3247 4151 3488 4204 humilem
3510 4152 3607 4202 im-

2005 4224 2337 4297 becillamque
2363 4226 2517 4296 fecit;
2542 4240 2660 4295 cap.
2694 4223 2765 4279 26
2792 4242 2804 4278 :
2843 4222 3070 4297 Humilis
3095 4224 3387 4297 advenerat,
3435 4232 3486 4275 ut
3510 4226 3608 4297 liu—

2004 4298 2206 4351 milibus
2233 4292 2279 4351 et
2310 4292 2502 4365 inﬁmis
2532 4292 2679 4366 opem
2702 4300 2877 4365 ferret,
2901 4306 3004 4349 etc.
3034 4292 3216 4357 Conf.,
3249 4293 3284 4366 |_.
3314 4309 3370 4357 ιι,
3393 4307 3512 4366 cap.
3551 4293 3603 4359 1,

2004 4382 2053 4421 c.
2083 4368 2140 4433 ‘2,
2171 4384 2220 4423 c.
2251 4369 2285 4423 5
2310 4363 2443 4424 etc.
2471 4368 2535 4435 4;
2567 4363 2612 4422 'l.
2654 4363 2711 4433 ν,
2740 4383 2789 4422 c.
2824 4367 2890 4422 14
2927 4386 2938 4421 :
2969 4366 3043 4421 Ab
3085 4364 3359 4419 humilibus
3404 4363 3471 4418 ad
3514 4378 3608 4434 po-

2005 4447 2187 4494 tentes.
2259 4440 2390 4495 BUN.

359 4506 923 4589 voce
951 4528 1148 4598 passim
1182 4527 1348 4582 utitur
1368 4526 1682 4583 Lactantius
1708 4525 1804 4581 lib.
1834 4541 1892 4593 v,

2074 4512 2518 4598 Annuntiavimus,
2549 4517 2654 4566 ctc.
2697 4509 3167 4598 llebrmi‘lcgunt:
3199 4517 3245 4598 et
3286 4506 3514 4598 ascendit
3539 4506 3609 4559 si-

282 4621 412 4678 cap.
438 4605 491 4669 1,
519 4606 750 4678 Epitom.
784 4617 903 4672 cap.
927 4602 1074 4678 lbet
1096 4600 1187 4678 6_t_,
1214 4599 1310 4654 lib.
1325 4598 1406 4678 _d_e
1431 4599 1508 4652 Ira
1539 4598 1632 4678 Dei
1659 4613 1778 4668 cap.
1802 4598 1893 4678 9.0.

391 4668 551 4745 Quasi
566 4668 660 4730 'ab
708 4668 1066 4745 immunditiis.
1098 4670 1238 4745 (Non
1290 4669 1545 4745 abhorret
1589 4668 1900 4745 Lactantius

284 4765 316 4805 a
346 4739 501 4804 vare.
536 4748 596 4802 L.
626 4763 699 4812 iv,
729 4763 846 4815 cap.
880 4744 968 4809 17,
987 4743 1062 4815 Ab
1088 4741 1445 4815 immunditiis.
1466 4739 1678 4815 Lipsius
1703 4741 1900 4815 aduSe-

286 4836 412 4878 nec.
445 4822 480 4875 l.
513 4836 569 4876 tu
595 4820 660 4874 de
683 4812 862 4883 Ira,‘c.
893 4817 985 4882 51»,
1013 4814 1397 4880 Inununditias,
1428 4827 1491 4868 ex
1517 4814 1739 4884 antiquo
1762 4812 1901 4868 libro

285 4893 546 4951 malebat.
606 4891 739 4946 BDN.

302 4978 314 4987 ’
366 4984 434 5040 Et
455 4984 705 5057 gloriatur
732 4991 928 5057 patrem
962 4979 1146 5057 De_um.
1181 4977 1474 5057 Edidcrant
1503 4988 1696 5057 antea;
1726 4987 1774 5032 et
1798 4976 1904 5048 glo-

287 5050 679 5126 riatur'patrem
705 5050 760 5109 se
788 5053 972 5126 habere
1014 5052 1201 5126 Deum.
1245 5051 1316 5106 At
1357 5050 1900 5126 antiquis_simus_co-

288 5132 400 5185 dex
422 5121 669 5193 Τέω-ῆι,
692 5142 742 5182 c.
765 5126 857 5181 45.
886 5124 950 5178 Et
971 5124 1224 5196 gloriatur
1241 5132 1439 5193 patrem
1465 5121 1739 5177 Dominum
1771 5121 1905 5191 (lege

290 5198 511 5272 Deum).
545 5200 744 5271 Atque,
776 5207 834 5253 ut
862 5194 1113 5267 ego'edo.
1149 5194 1284 5251 Buu.

373 5292 526 5348 Mille
544 5307 605 5345 ac
630 5292 801 5346 decem
828 5290 972 5344 anni.
1013 5287 1109 5344 Sat
1137 5295 1285 5342 recte
1312 5284 1379 5340 ad
1403 5296 1639 5341 mentem
1667 5283 1906 5341 chrono-

296 5365 462 5438 logim
488 5362 967 5438 sacrm._Sa_lon_inn
1014 5361 1161 5416 enim
1205 5357 1525 5438 obiit_ai_ipo
1568 5365 1694 5412 ante
1742 5370 1905 5438 atram

294 5426 577 5508 vulgarem
606 5436 731 5508 980.
762 5431 1009 5508 Christus
1049 5446 1177 5508 vero
1203 5429 1358 5508 cruci
1391 5430 1584 5508 afﬁxus
1613 5437 1695 5483 est
1716 5426 1907 5508 .juxta

298 5498 517 5565 vetcres
533 5507 787 5562 Ecclesiae
804 5506 1076 5566 doctores,
1090 5502 1298 5557 duobus
1314 5500 1556 5557 Geminis
1571 5498 1907 5565 consulibus,

298 5581 357 5637 id
384 5588 465 5634 est
498 5593 641 5632 anno
665 5575 983 5632 ChriStianzu
1010 5591 1132 5628 :crae
1157 5573 1249 5629 29.
1279 5572 1427 5627 Hanc
1451 5587 1717 5627 sumntum
1743 5568 1788 5625 si
1816 5573 1912 5625 ad-

300 5652 402 5708 das
427 5650 494 5705 ad
524 5664 644 5704 eam
670 5648 797 5712 980.
826 5647 1027 5703 efﬁcies
1056 5661 1225 5700 annos
1249 5644 1408 5700 1009.

380 5721 533 5776 Nihil
562 5720 817 5775 addimus.
845 5719 972 5775 Mss.
1006 5718 1123 5773 Em.
1156 5724 1211 5772 et
1236 5716 1428 5782 Bruu.,
1456 5712 1606 5769 Nihil
1628 5729 1718 5767 nos
1760 5711 1911 5766 addi—

304 5811 443 5850 "HIS.

383 5866 581 5921 Jesum.
617 5863 689 5921 Ita
719 5860 1095 5936 quamplurimi
1115 5869 1169 5918 et
1186 5857 1544 5931 antiquissimi
1567 5871 1696 5914 mss.
1723 5862 1779 5915 et
1796 5869 1913 5913 0m-

2002 4592 2087 4637 cut
2112 4584 2383 4654 virgultum
2409 4578 2582 4637 coram
2611 4598 2686 4637 eo.
2706 4599 2809 4638 ιιι
2830 4592 2884 4637 et
2902 4578 3159 4654 Aug—rust;
3183 4578 3610 4654 Annutttiabimus

2003 4650 2328 4717 coram'illo,
2369 4665 2423 4708 ut
2458 4656 2651 4724 infans.
2696 4654 2834 4724 Quid
2871 4650 3092 4709 multis?
3123 4650 3280 4724 Apud
3313 4650 3606 4724 humanum

1999 4725 2260 4805 judicium
2291 4721 2582 4805 rratpa'tdogou
2604 4721 3004 4805 es_t_‘,'s_uu-uuam
3031 4722 3321 4805 potentiam
3348 4724 3399 4805 in
3429 4721 3607 4775 humi-

2005 4793 2152 4853 litate
2178 4793 2442 4867 quaercre.
2470 4797 2719 4853 Carualis
2747 4793 3056 4853 Judaconun
3080 4793 3342 4867 sapientia
3378 4803 3483 4867 tatu
3514 4806 3604 4845 sa-

2003 4884 2105 4939 gax
2151 4865 2256 4926 non
2308 4880 2443 4937 erat,
2492 4880 2547 4926 ut
2589 4868 2914 4941 intelligeret
2958 4867 3210 4938 quidnam
3250 4865 3409 4941 illud
3443 4871 3608 4925 esset,

2005 4936 2147 5011 quod
2171 4941 2399 4998 Zachar.
2435 4936 2799 5013 praedixerat}
2833 4941 2947 4995 Rex
2980 4936 3102 4994 tuus
3142 4936 3289 4991 venit
3318 4936 3411 4991 tibi
3455 4951 3610 4990 tuan-

2004 5024 2210 5069 suetus.
2380 5014 2703 5070 Berunems.

2081 5083 2189 5140 Pro
2212 5086 2357 5141 nobis
2396 5084 2553 5142 dolet.
2590 5085 2832 5140 Restituo
2854 5097 3036 5139 veram
3058 5081 3343 5136 lectionem
3367 5094 3432 5135 ex
3457 5078 3608 5145 Lips.

2007 5165 2158 5221 tert.,
2192 5156 2381 5223 GOth.,
2416 5156 2673 5220 Reimut.,
2704 5156 2885 5220 Rost.,
2920 5154 3053 5208 Ven.
3082 5152 3242 5219 M71,
3266 5158 3493 5223 utraque
3518 5152 3610 5214 78,

2008 5229 2099 5295 95,
2131 5229 2223 5294 97,
2254 5221 2420 5283 Paris.
2446 5229 2612 5283 Toru.
2647 5227 2808 5292 1587,
2842 5226 3011 5287 1615,
3062 5221 3609 5295 ιιοιιῖονιιιθηιληθιιι.

2008 5310 2063 5356 et
2088 5293 2218 5363 ιιι,
2252 5302 2378 5355 item
2405 5300 2683 5372 Cypriano
2709 5301 2744 5353 Ι.
2782 5314 2839 5372 ιι.
2872 5298 2994 5372 adv.
3023 5296 3148 5351 Jud.
3179 5311 3229 5351 c.
3280 5295 3364 5349 15.
3399 5293 3612 5372 Recen-

2011 5373 2176 5428 tiores
2204 5372 2420 5432 Parrh.,
2451 5368 2597 5438 lilii,
2646 5369 2832 5441 Gryph
2866 5412 2881 5435 ,
2914 5368 3170 5441 Thomas.
3217 5375 3291 5441 et_
3310 5380 3460 5436 seqq.
3494 5368 3613 5421 siue

2012 5444 2336 5500 necessitate
2364 5458 2456 5513 pro
2488 5440 2631 5497 nobis
2658 5439 2739 5496 hic
2764 5439 2899 5494 dolet
2928 5440 3230 5513 ediderant.
3265 5439 3396 5494 BUN.

2081 5516 2321 5593 Οὶκτρὸς,
2348 5511 2455 5569 etc.
2484 5514 2671 5586 Sibyll.
2706 5514 2881 5569 Serm.
2907 5513 2961 5567 8.
2981 5511 3100 5567 Lat.
3134 5529 3148 5566 :

2013 5653 2331 5713 Miserabilis,
2378 5651 2730 5715 iuhonoratus,
2779 5652 2888 5702 sine
2926 5651 3115 5716 specie,
3163 5649 3213 5716 in
3252 5649 3619 5716 miserabilibus

3172 5712 3334 5778 (spem
3351 5713 3614 5776 praebebit.

2087 5852 2292 5909 Ε’λπίδα
2342 5849 2514 5910 δώσει.
2544 5850 2621 5909 lta
2648 5864 2802 5926 _mss.
2833 5850 2963 5924 Reg.
2992 5848 3111 5907 Put.
3137 5857 3190 5908 et
3219 5848 3254 5904 ὅ
3280 5848 3368 5921 μαι.
3398 5847 3557 5918 “03.,
3588 5847 3614 5900 1
