4038 6358
307 329 412 392 ιηι

1222 332 1425 390 LIBER
1461 332 1553 389 IV.
1596 332 1684 388 DE
1716 331 1903 389 YERA
1945 331 2308 391 SAPIEN'I‘IA
2338 333 2430 390 ET
2468 333 2698 394 RELIG.

3517 334 3624 392 502

305 454 677 523 ditChristtls,
700 455 790 525 qui
814 464 977 510 Verus
996 452 1158 509 Jesus
1178 451 1299 508 fuit.
1331 452 1447 508 Non
1473 451 1618 508 enim
1635 450 1910 521 Propheta
1937 455 1988 515 Α
2015 452 2304 508 stinerent.
2354 451 2453 509 Est
2495 454 2640 509 enim
2683 454 3009 511 lutulentum
3039 453 3142 511 hoc
3179 454 3403 522 animal,
3433 466 3490 514 et
3518 458 3623 513 im-

307 548 389 603 sic
418 548 495 603 ait
521 565 535 602 :
568 546 636 601 Et
665 547 795 603 dicit
826 545 1078 601 Dominus
1105 544 1175 598 ad
1202 561 1301 609 me,
1346 544 1466 611 sed,
1508 544 1576 598 ad
1602 543 1825 611 Iesum;
1855 553 1915 599 ut

308 640 626 697 ostenderet
643 639 783 709 quod
812 654 920 694 non
942 638 1011 693 de
1032 653 1091 693 se
1110 638 1440 706 loqueretur,
1465 636 1560 692 sed
1583 636 1649 691 de
1673 636 1907 704 Christo,

306 734 375 790 ad
400 744 560 805 quem
585 743 713 791 tunc
740 735 884 789 Deus
913 733 1254 804 loquebatur.
1286 731 1489 788 Christi
1510 733 1655 787 enim
1685 731 1911 802 figuram

306 828 534 900 gerebat
571 829 663 884 ille
691 828 850 884 Jesus
881 845 896 883 :
928 827 1020 898 qui
1047 841 1172 882 cum
1205 827 1438 897 primum
1482 828 1655 881 Auses
1682 838 1908 881 vocare-

305 930 419 989 tur,
448 921 628 978 Moses
655 920 832 976 futura
859 921 1239 992 prtesentiens,
1269 920 1427 991 jussit
1452 935 1575 974 eam
1606 919 1791 975 Jesum
1816 934 1913 975 vos

303 1016 456 1082 cari;
487 1023 547 1070 ut
565 1015 819 1086 quoniam
850 1014 957 1068 dux
983 1013 1187 1068 militia:
1211 1013 1454 1068 delectus
1477 1020 1624 1069 esset
1643 1013 1911 1068 advenas

302 1106 589 1177 Amalech,
622 1108 712 1178 qui
758 1108 1103 1177 cpptignabat
1147 1107 1286 1162 filios
1334 1107 1522 1171 Israel,
1554 1117 1609 1163 et
1650 1107 1909 1163 adversa-

301 1202 449 1257 rium
474 1201 776 1257 debellaret
801 1212 899 1271 per
926 1201 1163 1255 nominis
1192 1200 1445 1272 figuram,
1478 1210 1533 1256 et
1563 1200 1819 1272 populum
1854 1201 1906 1255 in

297 1304 509 1352 terram
541 1297 911 1365 promissionis
934 1296 1233 1352 induceret.
1263 1296 1332 1351 Et
1357 1296 1562 1351 idcirco
1585 1298 1747 1352 etiam
1774 1294 1908 1350 Mosi

297 1389 604 1454 successit,
633 1398 691 1445 ut
726 1389 1042 1445 ostenderet
1079 1404 1273 1445 novam
1304 1390 1476 1460 legem
1506 1404 1604 1461 per
1631 1389 1905 1444 Christum

296 1479 487 1536 Iesum
519 1481 698 1537 datam
727 1483 896 1537 veteri
923 1482 1024 1553 legi
1051 1496 1451 1548 successuram,
1482 1496 1605 1553 quae
1646 1481 1770 1537 data
1808 1495 1908 1551 per

294 1575 490 1631 Mosen
516 1573 633 1629 fuit.
663 1574 794 1629 Nam
827 1575 915 1630 illa
943 1576 1122 1629 carnis
1149 1575 1494 1631 circumcisio
1531 1585 1682 1631 caret
1720 1574 1905 1646 utique

294 1670 548 1733 ratione;
579 1670 704 1739 quia
748 1669 794 1724 si
844 1670 989 1725 Dens
1020 1669 1071 1724 id
1106 1669 1287 1735 vellet,
1318 1671 1397 1725 sic
1432 1685 1459 1723 a
1493 1669 1757 1741 principio
1789 1668 1901 1724 i‘or-

298 1770 506 1818 tnasset
552 1759 848 1825 hominem,
896 1771 954 1816 ut
992 1762 1313 1832 praeputium
1365 1778 1470 1819 non
1517 1761 1758 1818 haberet.
1796 1759 1901 1819 Sed

2016 546 2307 613 mundum;
2343 561 2442 602 nec
2473 563 2728 616 umquam
2772 549 2968 604 cmlum
2996 548 3187 619 cepicit
3216 568 3230 605 :
3263 548 3361 605 sed
3390 550 3443 605 in
3477 562 3622 607 terra

2017 647 2130 692 toto
2178 647 2232 692 et
2269 650 2501 708 corpore
2538 650 2593 694 et
2634 654 2729 695 ore
2763 640 3086 711 projectum,
3117 643 3294 697 ventri
3325 656 3541 712 semper
3565 651 3623 699 et

2015 731 2213 801 pabulo
2244 730 2453 796 servit;
2485 748 2585 788 nec
2628 733 2793 787 ullum
2833 733 2997 788 alium
3030 733 3157 789 dum
3186 736 3320 790 vivit
3359 749 3620 807 praestare

2015 836 2172 880 usum
2213 834 2420 895 potest,
2453 826 2589 881 sicut
2620 837 2831 882 caetera:
2872 828 3197 896 animantes,
3230 831 3479 909 quaevel
3528 847 3617 888 se-

2014 917 2175 974 dendi
2208 918 2507 973 vehiculum
2552 920 2819 991 praebent,
2849 922 2935 976 vel
2984 922 3037 976 in
3081 923 3316 979 cultibus
3358 938 3612 994 agrorum

2009 1011 2218 1083 juvant,
2255 1012 2337 1068 vel
2385 1013 2619 1082 plaustra
2666 1013 2808 1068 collo
2838 1014 3091 1083 trahunt,
3123 1015 3209 1071 vel
3252 1032 3418 1072 onera
3461 1026 3616 1090 tergo

2012 1115 2248 1178 gestant,
2279 1106 2363 1161 vel
2408 1106 2782 1161 indumentum
2813 1109 3028 1163 cxuviis
3072 1110 3187 1164 suis
3214 1109 3497 1176 exhibent,
3531 1116 3614 1167 vel

2013 1200 2164 1269 copia
2192 1200 2349 1255 lactis
2387 1200 2709 1265 exuberant.
2741 1200 2828 1256 vel
2854 1202 3225 1257 custodiendis
3252 1203 3506 1258 demihus
3533 1204 3615 1259 in-

2012 1292 2252 1362 vigilant.
2278 1292 2561 1348 lntertlisit
2588 1308 2720 1365 ergo
2768 1308 2836 1349 ne
2867 1295 3085 1364 porcina
3116 1310 3281 1350 carne
3310 1305 3612 1361 uterentur,

2011 1386 2065 1442 id
2094 1394 2199 1451 est,
2230 1403 2299 1440 ne
2321 1388 2486 1441 vitam
2514 1402 2798 1457 porcorum
2828 1387 3189 1453 imitarentur,
3218 1391 3309 1459 qui
3346 1388 3415 1443 ad
3442 1388 3615 1444 solam

2012 1482 2245 1537 mortctn
2273 1481 2615 1547 nutriuntur;
2652 1496 2719 1538 ne
2760 1483 2934 1537 ventri
2963 1522 2978 1549 ,
3010 1498 3075 1538 ac
3101 1482 3470 1553 voluptatibus
3498 1494 3617 1538 ser-

2009 1575 2240 1642 vientes,
2273 1576 2339 1630 ad
2371 1576 2674 1632 faciendam
2712 1577 2978 1648 justitiam
3027 1578 3245 1633 inutiles
3293 1587 3508 1645 essent,
3551 1591 3616 1632 ac

2010 1677 2186 1723 morte
2217 1669 2583 1724 afficerentur.
2613 1669 2743 1724 item
2779 1686 2846 1725 nc
2876 1686 2936 1725 se
2981 1670 3137 1726 laedis
3167 1671 3482 1726 libidinibus
3514 1672 3617 1727 im-

2008 1772 2338 1833 mergerent,
2384 1764 2526 1818 sicut
2569 1779 2682 1827 sus,
2715 1779 2834 1833 qua)
2883 1779 2942 1819 se
2988 1764 3277 1836 ingurgitat
3306 1780 3498 1830 coeno;
3531 1764 3615 1820 vel

299 1855 465 1923 hujus
494 1855 750 1911 secundae
778 1856 1205 1913 circumcisionis
1233 1856 1399 1928 ﬁgura
1427 1866 1563 1923 erat,
1594 1858 1903 1927 signiﬁcans
1936 1863 1983 1922 B
2012 1872 2080 1911 ne
2111 1857 2344 1910 terrenis
2372 1858 2613 1911 serviant
2633 1856 2959 1923 simulacris,
2987 1871 3051 1911 ac
3079 1872 3139 1911 se
3166 1856 3280 1911 luto
3306 1856 3608 1925 inquinent.

294 1933 610 2004 nitdandhm
655 1962 779 2006 esse
828 1959 1054 2019 peetus,
1086 1949 1139 2005 id
1183 1960 1286 2015 est,
1331 1960 1523 2022 aperto
1568 1960 1626 2006 et
1672 1950 1905 2019 simplici

292 2042 465 2098 corde
494 2050 749 2114 oportere
778 2058 879 2097 nos
901 2044 1120 2109 vivere;
1152 2044 1407 2114 quoniam
1441 2050 1566 2114 pars
1594 2043 1685 2099 illa
1714 2048 1907 2114 corpus

293 2138 397 2203 ris.
430 2154 550 2210 qua:
582 2136 1011 2204 circumciditur,
1044 2136 1208 2194 habet
1255 2136 1544 2208 quamdam
1591 2128 1903 2194 similitudi-

292 2247 425 2287 nem
454 2230 660 2296 cordis,
692 2241 750 2287 et
778 2243 863 2287 est
894 2230 1167 2302 pudenda.
1212 2230 1296 2286 0b
1325 2229 1466 2286 hanc
1494 2245 1712 2285 causam
1763 2231 1906 2287 Deus

295 2322 491 2377 nudari
520 2332 644 2377 eam
670 2321 848 2392 jussit,
879 2331 938 2377 ut
966 2322 1070 2377 Itoc
1089 2331 1412 2393 argumento
1459 2334 1557 2377 nos
1586 2321 1908 2378 admoneret

294 2426 368 2470 ne
398 2413 700 2469 involutum
728 2422 918 2484 pectus
948 2414 1295 2480 haberemus,
1326 2414 1378 2470 id
1404 2422 1509 2482 est,
1546 2422 1613 2470 ne
1640 2412 1784 2486 quod
1807 2426 1906 2486 pu-

293 2505 538 2564 dendum
576 2506 782 2564 facinus
822 2506 964 2563 intra
1001 2509 1355 2564 conscientiae
1398 2517 1605 2564 secreta
1639 2498 1903 2563 vetemus.

295 2599 429 2655 lith
453 2607 540 2654 est
560 2599 740 2653 cordis
765 2599 1126 2666 circumcisio,
1151 2601 1221 2655 de
1243 2613 1352 2670 qua
1378 2600 1653 2670 propheta:
1675 2598 1906 2671 loquun-

297 2698 409 2754 tur,
442 2705 605 2760 quam
641 2689 783 2745 Deus
812 2704 842 2744 a
864 2696 1029 2745 earne
1069 2689 1284 2747 mortali
1312 2689 1380 2745 ad
1408 2691 1639 2746 animam
1670 2698 1907 2747 transtu-

296 2782 384 2848 lit,
418 2798 540 2852 qua:
572 2782 685 2838 sola
731 2799 980 2838 titansura
1008 2795 1110 2839 est.
1151 2780 1352 2839 Volens
1375 2783 1519 2840 enim
1553 2783 1674 2839 vitm
1714 2800 1778 2840 ac
1820 2799 1907 2840 sa-

300 2873 399 2929 luti
434 2882 635 2929 nostrae
669 2890 767 2945 pro
797 2886 998 2931 aeterna
1036 2892 1133 2932 sua
1165 2878 1364 2947 pietate
1392 2878 1695 2945 consulere,
1731 2878 1905 2948 ι)ωηί-

297 2968 526 3022 tentiam
557 2967 796 3023 nobisin
841 2968 937 3023 illa
976 2969 1395 3025 circumcisione
1440 2972 1741 3041 proposuit,
1775 2980 1832 3024 ut
1859 2970 1906 3025 si

295 3074 396 3115 cor
426 3060 833 3130 nudaverimus,
865 3061 916 3116 id
946 3070 1029 3117 est
1054 3106 1068 3127 ,
1099 3064 1145 3117 si
1176 3073 1400 3133 peccata
1443 3073 1626 3118 nostra
1670 3062 1906 3119 confessi

299 3154 435 3208 satis
464 3153 576 3208 Deo
604 3154 912 3224 fecerimus,
939 3157 1151 3214 veniam
1179 3173 1606 3229 consequamur;
1634 3172 1754 3229 quae
1776 3174 1905 3216 con-

2010 1947 2149 2004 Luto
2181 1949 2322 2003 enim
2354 1963 2413 2003 se
2443 1948 2712 2015 oblinunt,
2744 1949 2833 2020 qui
2865 1949 3018 2013 deos,
3064 1948 3115 2004 id
3157 1960 3261 2013 εει,
3307 1951 3397 2020 qni
3439 1949 3610 2004 lutum

2012 2053 2319 2113 terramque
2342 2053 2687 2097 venerantur.
2714 2041 2803 2097 Sic
2821 2040 3072 2097 universa
3098 2051 3363 2114 praecepta
3385 2042 3614 2115 judaicm

2010 2134 2146 2205 legis
2165 2135 2231 2188 ad
2262 2134 2620 2190 exhibendam
2645 2135 2913 2206 justitiam
2943 2144 3213 2208 spectant,
3236 2138 3491 2208 quoniam
3517 2152 3615 2209 per

2008 2228 2290 2296 ambagum
2319 2225 2440 2282 data
2472 2235 2633 2293 sunt;
2663 2235 2721 2281 ut
2752 2242 2846 2299 per
2872 2227 3168 2284 carnalium
3200 2228 3424 2301 figuram
3454 2229 3613 2301 spiri-

2012 2320 2173 2379 tualia
2204 2330 2579 2380 noscerentur.

2584 2445 2813 2504 CAPUT
2846 2442 3033 2502 XVIII.

2014 2561 2088 2617 De
2129 2561 2366 2634 passione
2393 2560 2688 2630 Dominica,
2724 2571 2770 2617 et
2796 2561 2931 2632 quod
2956 2577 3016 2616 ea
3044 2561 3394 2632 praenuntiata
3433 2562 3605 2632 fuerit.

2080 2700 2215 2756 Cum
2264 2699 2425 2771 igitur
2464 2714 2529 2754 ea
2570 2714 2691 2769 qute
2719 2686 2863 2754 Deus
2896 2695 3011 2753 fieri
3041 2694 3232 2763 voluit,
3261 2710 3491 2767 quaeque
3516 2709 3614 2765 per

2011 2791 2304 2861 prophetas
2327 2804 2456 2845 suos
2483 2790 2666 2844 multis
2696 2789 2911 2845 sarculis
2932 2797 3057 2844 ante
3079 2786 3345 2859 praedixit,
3364 2786 3614 2843 Christus

2010 2882 2281 2955 impleret,
2304 2884 2373 2939 ob
2401 2898 2463 2939 ea
2492 2882 2720 2949 incitati,
2738 2888 2793 2938 et
2817 2880 3027 2937 divinas
3049 2882 3253 2937 litteras
3280 2880 3613 2947 nescientes,

2008 2977 2258 3033 coierunt
2302 2993 2361 3032 ut
2417 2977 2581 3032 Demn
2625 2992 2781 3032 suum
2813 2973 3260 3031 condemnarent.
3292 2970 3446 3042 Quod
3487 2988 3611 3029 cum

2008 3073 2172 3129 sciret
2200 3072 2460 3136 futurum,
2490 3085 2553 3125 ac
2579 3070 2805 3126 subinde
2833 3070 3042 3125 diceret
3080 3076 3333 3139 oportere
3359 3084 3418 3122 se
3460 3067 3566 3138 pati
3590 3106 3606 3131 ,

2009 3184 2072 3223 ac
2094 3165 2321 3223 interfici
2354 3181 2451 3237 pro
2478 3166 2653 3221 salute
2680 3164 2999 3231 multormn,
3028 3163 3257 3220 secessit
3284 3170 3460 3216 tamen
3489 3172 3613 3215 cum

300 3244 607 3300 tumacibns
654 3257 707 3301 et
753 3247 988 3303 admissa
1038 3265 1133 3302 sua
1170 3250 1473 3307 celantibus
1501 3252 1798 3321 denegatur
1824 3252 1905 3307 'hh
1931 3264 1977 3328 ο
2010 3258 2289 3330 discipulis
2313 3258 2428 3313 suis
2464 3256 2666 3330 (Marc.
2706 3255 2832 3329 ιιι),
2867 3268 2971 3311 non
3018 3263 3074 3310 nt
3105 3254 3295 3309 vitaret
3333 3250 3475 3323 quod
3516 3267 3613 3307 ne.

296 3352 364 3392 eo
389 3338 485 3408 qui
514 3354 622 3394 non
648 3336 861 3405 faciem,
892 3340 1032 3396 sicut
1059 3340 1247 3408 homo,
1290 3341 1385 3398 sed
1418 3343 1603 3398 intima
1626 3351 1682 3398 et
1706 3357 1903 3400 arcana

296 3431 540 3501 pectoris
572 3432 831 3488 intuetur.

370 3522 578 3580 Eodem
623 3529 831 3597 spectat
863 3526 1025 3582 etiam
1055 3526 1236 3584 carnis
1282 3526 1456 3584 suillae
1503 3526 1843 3597 interdictio;
1874 3545 1905 3588 a

296 3633 399 3688 qua
426 3633 552 3673 eum
600 3633 696 3674 eos
742 3619 1018 3678 abstinere
1053 3622 1194 3677 Deus
1234 3622 1417 3693 jussit,
1465 3623 1516 3679 id
1565 3626 1905 3695 potissimum

294 3709 470 3766 voluit
499 3710 749 3783 intelligi,
775 3721 832 3767 ut
856 3728 920 3770 sc
937 3728 969 3768 a
992 3714 1229 3784 peccatis
1253 3724 1416 3786 atque
1440 3716 1797 3773 immunditiis
1815 3718 1908 3774 nh-

2007 3366 2162 3407 cessc
2191 3359 2309 3406 erat
2359 3350 2562 3419 perpeti
2605 3364 2671 3405 ac
2716 3348 3008 3413 sustinere,
3053 3346 3149 3402 sed
3196 3353 3252 3401 ut
3297 3342 3613 3400 ostenderet

2007 3444 2151 3515 quod
2177 3443 2247 3497 ita
2282 3443 2395 3498 fieri
2441 3449 2719 3512 oporteret
2756 3442 2806 3495 in
2831 3442 2977 3495 omni
3003 3438 3400 3510 persecutione,
3424 3450 3491 3492 ne
3512 3448 3610 3490 sua

2007 3537 2129 3609 quis
2155 3537 2309 3609 culpa
2344 3534 2594 3592 incidisse
2621 3528 2895 3600 videatur;
2920 3549 2983 3589 ac
3016 3530 3351 3588 denuntiavit
3384 3524 3500 3585 l‘orc
3551 3536 3611 3584 ut

2008 3629 2078 3685 ab
2099 3644 2204 3684 uno
2230 3644 2416 3685 eorum
2443 3626 2777 3697 proderetur.
2798 3626 2980 3696 Itaque
3005 3622 3190 3691 ludas,
3214 3621 3435 3693 praemio
3455 3618 3607 3676 illec-

2011 3730 2119 3789 tus,
2170 3720 2390 3777 tradidit
2420 3720 2613 3776 Filium
2646 3720 2739 3777 Dei
2793 3720 3016 3777 iudicis.
3050 3719 3118 3774 At
3144 3719 3221 3774 illi
3248 3715 3610 3788 compreheno

1626 3854 1987 3915 VABIORUM
2024 3857 2251 3914 NOTE.

367 3997 439 4053 Et
464 3997 598 4053 dixit
624 3996 879 4053 Dominus
920 3998 990 4051 ad
1030 4015 1129 4051 me.
1161 3998 1252 4053 Sic
1280 4012 1310 4052 a
1337 4013 1424 4051 me
1464 3996 1807 4052 emendatum
1837 4012 1904 4053 ex

298 4085 431 4125 mss.
458 4071 491 4123 Ἰ
523 4070 656 4139 Reg.
687 4070 1088 4138 vetustioribus,
1120 4085 1182 4123 ac
1207 4064 1461 4134 Tornes.,
1491 4068 1685 4134 Betui.,
1711 4068 1903 4135 60th.,

298 4142 446 4208 Em.,
476 4141 508 4194 6
539 4141 804 4209 Colhert.,
838 4142 861 4195 l
896 4141 1152 4205 Sorbon.,
1195 4143 1230 4194 Ξ
1268 4142 1527 4205 t3larom.,
1564 4141 1727 4195 Brun.
1756 4151 1811 4195 et
1837 4156 1904 4197 ει

297 4214 535 4283 ipsemet
572 4212 849 4268 Lactantio
888 4213 1048 4283 paulo
1086 4228 1266 4282 supra.
1298 4212 1355 4266 ln
1404 4213 1649 4282 pluribus
1677 4227 1807 4268 mss.
1851 4222 1907 4268 et

295 4285 463 4340 editis
488 4285 681 4355 legitur
709 4283 884 4346 Jews.
914 4286 1193 4340 mendose.

374 4376 530 4445 Quod
556 4393 654 4431 non
682 4378 745 4432 de
773 4394 827 4432 se
851 4377 1157 4448 loqueretur.
1190 4376 1266 4433 Ex
1293 4386 1422 4434 mss.
1448 4388 1502 4432 et
1529 4378 1716 4434 dccmn
1746 4376 1906 4434 editis

296 4452 544 4505 restituta
574 4449 735 4503 lectio
761 4466 772 4503 τ
808 4450 858 4503 in
888 4450 921 4504 8
952 4450 1228 4519 impressis
1255 4454 1337 4505 est
1367 4450 1430 4503 de
1458 4467 1536 4504 eo.

371 4520 642 4603 Quintum
694 4522 939 4603 priiitunt_
970 4522 1128 4603 Auses
1162 4522 1730 4603 λαρςηνειιιικηΝιιιιιετ.
1761 4534 1899 4603 λιιιι.
1930 4541 1983 4603 D

294 4591 457 4647 Prius
487 4588 661 4646 Hosea
695 4588 1113 4646 nominabatur:
1145 4590 1341 4646 di’cltnr
1378 4603 1430 4646 et
1469 4593 1633 4661 Hose,
1668 4592 1807 4661 unde
1847 4595 1899 4648 in

292 4664 742 4736 editionegrmi-a
762 4663 935 4736 iAuse,
958 4664 1101 4735 quod
1130 4663 1496 4736 aspirandum,
1529 4678 1583 4719 ut
1609 4658 1677 4719 sit
1701 4658 1898 4736 HauSc.

293 4734 515 4789 Patrem
546 4734 729 4789 linltnit
758 4735 899 4800 Nttti,
930 4734 1015 4803 qui
1046 4734 1298 4806 corrupte
1325 4734 1469 4790 Nave
1494 4740 1734 4790 vocatur.
1758 4735 1902 4790 Duce

293 4812 437 4862 stus.
463 4806 688 4861 -'-Vide
726 4807 783 4861 S.
821 4809 1102 4876 Atigtntin.
1150 4805 1223 4862 de
1264 4805 1421 4861 Civit.
1475 4807 1586 4873 Dei,
1644 4807 1733 4861 lib.
1786 4812 1899 4874 XVI,

292 4894 343 4933 c.
375 4880 467 4932 45.
502 4877 635 4933 Vide
667 4879 827 4932 etiam
854 4877 1245 4933 Tertullianum
1271 4878 1527 4933 adverstts
1554 4878 1794 4934 Iudaeos.

370 4949 579 5003 Νυυηηι
632 4950 811 5021 legem.
854 4948 1103 5006 Christus
1144 4964 1252 5005 non
1299 4948 1470 5021 legem
1521 4964 1714 5005 novam
1760 4944 1902 5019 tulit,

292 5021 394 5078 sed
424 5032 658 5076 veterem
693 5021 937 5091 perfecit,

373 5090 672 5165 Invalidum
695 5089 888 5161 pectus.
921 5089 987 5150 Ut
1015 5090 1241 5165 Seneca,
1269 5091 1360 5149 lib.
1386 5108 1401 5148 ι
1427 5091 1528 5162 Qu.
1557 5091 1703 5159 Nat.,
1727 5092 1903 5165 praet:

296 5164 427 5221 Non
450 5175 527 5238 est
546 5164 635 5219 tibi
660 5167 802 5236 frons
824 5164 966 5238 ﬁcto,
989 5180 1078 5238 nec
1105 5167 1155 5219 in
1178 5164 1397 5238 alienum
1417 5164 1908 5238 voluptatemsel‘uto

293 5237 633 5300 compositus,
660 5230 763 5290 nec
799 5230 885 5289 cor
914 5237 1213 5291 involutum.
1260 5230 1388 5291 BUN.
1534 5230 1544 5238 ’
1846 5296 1871 5303 ν,

380 5306 643 5362 Veianius.
683 5306 872 5362 Dicere
910 5307 1186 5363 debuisset
1215 5316 1421 5373 attetor,
1457 5304 1772 5363 Velm-emus.
1819 5302 1911 5365 Sit:

299 5392 481 5505 usque:
506 5377 574 5433 ad
604 5380 763 5436 linem
793 5380 983 5449 capitis
1013 5381 1238 5434 lnutalio
1262 5384 1562 5452 temporum
1592 5383 1780 5436 vitiosa
1803 5388 1908 5435 non

299 5460 452 5505 seme
482 5492 494 5503 .

292 5460 494 5508 semet.

375 5520 577 5576 Eodem
617 5526 809 5591 spectat
836 5522 986 5577 etiam
1014 5524 1183 5579 carnis
1225 5521 1412 5589 suillae,
1456 5528 1561 5581 etc.
1601 5520 1732 5590 Quae
1775 5518 1910 5579 facta

296 5600 385 5651 est
437 5590 751 5665 Levitgtx,
811 5593 1246 5650 Dettteron.x1v.
1301 5594 1472 5665 Supra
1529 5590 1753 5650 indicari
1789 5600 1911 5665 por-

296 5666 441 5721 clnre
479 5664 659 5719 carnis
703 5665 1133 5722 interdictionem
1181 5680 1441 5736 nusquam
1484 5664 1826 5736 tunicopatim
1859 5668 1909 5724 in

302 5736 627 5807 Evangelica
663 5736 832 5792 tuxarl
874 5736 1117 5792 historia.
1164 5736 1219 5792 ln
1251 5748 1451 5809 genere
1481 5752 1610 5794 Sane
1651 5739 1912 5809 supersti-

304 5810 510 5863 tionem
540 5820 754 5863 omnem
787 5816 958 5871 notat,
985 5806 1295 5882 signiﬁcans
1334 5824 1401 5882 ea
1430 5806 1911 5882 inquinarehomi:

306 5886 435 5938 nem
485 5896 605 5952 qua:
648 5882 867 5956 eseunt,
899 5888 1004 5941 non
1042 5880 1185 5961 quae.
1212 5880 1432 5940 intrant.
1463 5880 1621 5943 certe
1649 5881 1913 5940 Creditum

2012 4000 2463 4073 observatumque
2505 4007 2607 4061 est,
2654 3997 2900 4053 homines
2943 4009 3127 4051 eorum
3171 3992 3480 4073 animalium
3527 3991 3614 4073 in.

2014 4072 2180 4127 duere
2225 4063 2433 4137 mores,
2476 4085 2703 4140 quorum
2734 4077 3079 4140 vescerentur
3119 4066 3389 4140 ca_rnibu_s.
3431 4063 3617 4140 Qualis

2013 4154 2193 4198 autem
2227 4134 2429 4196 natura
2459 4134 2646 4196 suibus
2688 4141 2780 4205 sit,
2827 4139 3027 4195 indicat
3075 4137 3279 4206 Optime
3324 4134 3517 4191 Petrus
3560 4137 3617 4188 in

2013 4230 2109 4269 sua
2142 4215 2441 4288 posteriore
2468 4213 2760 4288 Canonica,
2788 4226 2837 4266 c.
2867 4210 2922 4273 2,
2962 4209 3056 4273 22,
3084 4210 3171 4263 ubi
3202 4207 3617 4288 eos;_qui‘po.~t4-

2014 4278 2173 4356 quam
2202 4286 2441 4340 veritatis
2471 4286 2610 4337 viam
2653 4293 3043 4356 cognoverunt,
3062 4292 3254 4356 rursus
3282 4278 3616 4356 nd'prio‘rem

2016 4348 2404 4411 iiumnnditiem
2429 4348 2795 4422 revolvuntur,
2822 4362 2971 4408 nutat
2995 4348 3079 4409 his
3105 4350 3284 4408 Verbis
3309 4366 3322 4403 :
3355 4350 3457 4404 Sus
3483 4348 3613 4414 tota,

2013 4429 2068 4481 in
2099 4429 2364 4482 volutabra
2389 4428 2506 4481 luti.
2537 4425 2741 4482 Βετυι..

2087 4498 2155 4553 In
2186 4510 2416 4553 terram.
2443 4499 2747 4568 projectum.
2769 4495 3085 4568 Legendumr
3110 4491 3490 4568 suspicantusirt
3514 4498 3618 4545 (erd-

2007 4587 2139 4637 ram,
2174 4569 2370 4624 offendi
2404 4562 2458 4623 in
2484 4562 2568 4624 ed.
2600 4568 2831 4624 Tornes.
2851 4562 3021 4635 ⁷1587,
3068 4562 3228 4625 “illi.
3258 4562 3464 4637 Walch.
3496 4576 3617 4619 rec-

2005 4643 2229 4697 tissime.
2261 4641 2430 4711 Opil.,
2461 4654 2511 4694 c.
2544 4639 2578 4696 8
2604 4658 2615 4695 :
2654 4638 2789 4695 Ut.“
2818 4650 2921 4694 toto
2941 4654 3156 4711 corpore
3182 4638 3235 4691 in
3260 4636 3471 4690 humum
3499 4650 3616 4705 pro-

1996 4714 2134 4785 jecta
2160 4714 2318 4767 ventri
2345 4710 2627 4838 pabulozite
2654 4713 2916 4766 seruirent.
2958 4710 3090 4766 Bon.

2088 4783 2261 4838 Ventri
2288 4800 2501 4838 senmer.
2591 4803 2632 4837 δ.
2666 4783 2831 4838 Torn.
2861 4782 3046 4838 veneri.

2088 4783 2261 4860 [antri
2288 4800 2501 4860 semper.
2536 4782 2632 4838 Ms.
2666 4783 2831 4839 Torn.
2861 4782 3061 4860 veneri;
3104 4852 3115 4860 _
3178 4848 3234 4860 υ
3380 4858 3386 4860 Α
3422 4847 3437 4860 _
3510 4848 3543 4860 ,,

2080 4854 2163 4910 Ne
2182 4847 2568 4927 porcina'carne
2584 4865 2864 4927 uterentur.
2882 4855 2988 4910 Mss
2997 4894 3016 4927 .A
3026 4852 3141 4927 Pal1
3148 4893 3164 4919 ,
3178 4848 3325 4919 Lips.
3339 4858 3393 4904 ει
3409 4847 3614 4927 ιράῃι,

2004 4920 2345 5002 vescerentur.
2392 4928 2467 4983 De
2513 4926 2670 5002 suilla
2703 4942 2885 5002 .carne
2933 4925 3056 5002 vide
3101 4921 3502 5002 Varronemude
3531 4920 3613 5002 Re

2008 5001 2225 5064 fustica,
2262 5001 2354 5055 lih.
2387 5015 2447 5065 ιι,
2496 5016 2545 5055 c.
2591 5001 2645 5054 4.
2693 4996 2895 5065 Cicer.,
2939 4996 3033 5052 lib.
3081 5010 3137 5062 v,
3178 4992 3247 5048 de
3290 4991 3531 5059 Finibus,
3559 5000 3618 5048 et

2008 5070 2123 5126 Plin
2156 5113 2169 5135 ,
2202 5072 2293 5126 lib.
2329 5087 2442 5137 vnt,
2472 5086 2521 5126 ε.
2554 5071 2643 5126 5t.

2084 5133 2436 5200 Seoblimmt.
2461 5141 2621 5197 Geni.
2657 5151 2812 5199 notas
2839 5155 2984 5194 ineas
3027 5136 3094 5192 ad
3128 5135 3222 5190 lib.
3250 5148 3306 5198 ν,
3333 5148 3384 5189 c.
3428 5135 3478 5189 l.
3511 5133 3616 5191 lte-

2010 5229 2131 5270 rum
2157 5215 2331 5278 Lact.,
2366 5229 2438 5278 vt,
2480 5228 2529 5269 c.
2555 5213 2667 5269 ‘25:
2700 5213 2801 5281 Qui
2827 5227 2882 5266 se
2920 5225 3060 5265 emno
3100 5208 3434 5274 imtnerserit,
3470 5221 3614 5262 caeno

2010 5288 2075 5342 sit
2102 5286 2321 5348 oblitus.
2358 5302 2556 5341 necesse
2586 5295 2678 5339 est.
2707 5285 2835 5339 Bon.

2087 5356 2356 5428 Oportere.
2409 5356 2542 5412 Vide
2589 5355 2775 5412 Matth.
2818 5369 2911 5421 ss,
2960 5353 3123 5408 Mare.
3169 5360 3225 5417 ι,
3273 5349 3404 5406 Luc.
3457 5360 3617 5419 svnt,

2011 5429 2165 5487 Joan.
2197 5444 2268 5484 vn
2292 5437 2347 5484 et
2372 5444 2461 5485 vnt
2486 5437 2543 5485 et
2568 5442 2641 5483 ιι.

2089 5520 2239 5593 Quod
2265 5521 2339 5575 ita
2378 5521 2489 5590 fieri
2533 5528 2803 5593 oporteret.
2849 5516 2927 5573 Ex
2973 5515 3183 5593 cunctis
3208 5514 3391 5593 [clune
3420 5518 3617 5593 manus

2012 5582 2229 5662 scriptis
2264 5602 2317 5647 et
2346 5582 2387 5647 7'
2418 5602 2522 5647 vet.
2556 5582 2716 5648 editis
2744 5590 2823 5669 ita
2851 5590 3087 5716 reposui.
3118 5587 3177 5643 In
3203 5587 3238 5642 2
3279 5586 3436 5673 ᾔει,
3466 5582 3615 5654 [inm

2014 5660 2348 5716 Cantabria”
2382 5663 2568 5716 Brun..
2600 5674 2654 5716 et
2682 5663 2716 5716 9
2744 5672 2906 5716 excns
2932 5679 2955 5715 s
2986 5666 3068 5716 est
3097 5667 3346 5716 onortrat.

2014 5660 2348 5730 Catiialu-ig.,
2382 5663 2568 5729 Brun.,
2600 5674 2654 5718 et
2682 5663 2716 5719 9
2744 5660 2955 5718 excusis
2986 5666 3068 5717 est
3097 5666 3346 5732 oporteat.

2089 5722 2424 5789 Proderetur.
2473 5733 2660 5791 Matth.
2705 5738 2870 5801 xxvii,
2928 5733 3090 5790 Mare.
3146 5730 3433 5803 xlthuc.
3478 5738 3612 5798 nn,-

2014 5804 2170 5863 JOan.
2202 5820 2352 5863 xvm.
2378 5806 2404 5874 Ι
2762 5818 3044 5873 μικρᾉά
3585 5812 3621 5871 ,ἔ

2087 5875 2326 5936 Tradidit
2371 5876 2569 5936 Flllltm
2615 5874 2714 5936 Del
2740 5877 2960 5935 Indicis.
2992 5874 3334 5952 Siericstitul
3360 5876 3442 5948 ,εἰ
3487 5884 3627 5929 mss;
