4038 6358
202 307 307 367 815

200 434 342 481 rant.
383 421 537 479 Illum
568 428 747 478 autem
782 417 925 492 apud
971 418 1176 477 inferos
1215 437 1324 477 non
1377 435 1750 478 remansurum
1777 462 1792 488 ,
1825 423 1879 483 Α

199 516 298 573 sed
329 515 417 572 die
459 516 619 571 tertio
651 524 1103 582 resurrecturum,
1154 514 1433 585 prophetae
1461 513 1791 570 cecinerant.

197 607 367 664 David
390 607 444 663 in
471 607 681 678 psalmo
705 623 811 662 xv:
839 606 961 661 Non
1004 607 1322 679 derelinques
1369 608 1594 661 animum
1634 620 1793 660 meant

196 701 339 774 apud
360 702 575 772 inferos,
604 718 695 757 nec
722 699 870 757 dabis
894 709 1124 757 sanctum
1150 711 1294 755 tuum
1319 701 1489 756 uidere
1510 700 1794 755 interitum.

196 797 331 855 Item
355 797 410 853 in
437 796 596 852 tertio
626 812 641 851 :
674 794 785 868 Ego
813 796 1030 850 dormivi
1057 805 1104 849 et
1127 811 1361 850 somnum
1382 795 1517 864 cepi,
1553 803 1599 849 et
1628 808 1799 848 resur-

193 891 331 959 recci;
341 891 585 962 quoniam
600 889 858 945 Dominus
874 887 1155 944 aumiliatus
1169 897 1243 944 est
1258 889 1403 944 mihi.
1419 888 1658 957 Oseas(c.
1679 886 1798 957 xm)

195 1001 416 1058 quoque
434 985 639 1055 primus
664 999 738 1038 xu
774 982 1154 1054 prophetarum
1172 981 1241 1038 de
1265 980 1664 1039 resurrectione
1681 980 1809 1050 ejus

196 1078 518 1136 testiﬁcatus
540 1087 623 1134 est
650 1095 667 1135 :
701 1075 802 1131 Hic
820 1076 959 1146 ﬁlius
980 1092 1121 1131 meus
1144 1076 1350 1145 sapiens
1374 1093 1388 1143 ;
1426 1076 1639 1147 propter
1664 1071 1800 1144 quod

194 1188 337 1227 nunc
360 1188 464 1227 non
493 1172 689 1226 resistet
716 1170 770 1225 in
799 1169 1128 1224 tribulatione
1155 1167 1384 1237 filiorum
1405 1183 1637 1233 suorum,
1660 1177 1707 1221 et
1737 1165 1802 1223 de

193 1282 358 1321 manu
402 1264 685 1335 inferorum
712 1279 887 1318 eruam
917 1278 1053 1318 eum.
1101 1259 1200 1316 Ubi
1229 1268 1303 1315 est
1345 1259 1606 1332 judicium
1633 1267 1798 1323 tuum,

191 1376 358 1427 mors,
379 1367 468 1414 aut
496 1358 578 1413 ubi
607 1367 682 1412 est
708 1356 916 1412 aculeus
937 1355 1096 1410 tuus?
1118 1353 1269 1409 Idem
1299 1353 1406 1408 alio
1428 1352 1550 1408 loco
1578 1369 1591 1404 :
1619 1349 1802 1419 Viviﬁ-

190 1455 330 1510 cabit
360 1469 453 1509 nos
488 1463 601 1525 post
626 1451 836 1507 biduum
866 1451 948 1505 die
976 1450 1145 1505 tertio.
1190 1448 1256 1503 Et
1301 1448 1421 1504 ideo
1469 1446 1672 1519 Sibylla
1702 1447 1801 1500 im-

190 1548 498 1621 positurum
550 1561 673 1603 esse
722 1544 892 1602 morti
948 1544 1239 1601 terminum
1288 1541 1425 1598 dixit
1473 1551 1595 1613 post
1642 1538 1803 1595 tridui

188 1654 449 1699 somnum
474 1658 488 1695 2

448 1768 525 1808 Καὶ
544 1766 708 1806 θανάτου
723 1769 853 1818 μοῖραν
874 1764 1030 1811 salost,
1042 1764 1166 1815 τριτον
1187 1757 1286 1815 ἦμαρ
1303 1760 1470 1809 busti-aug
1486 1789 1499 1809 ,

449 1830 526 1870 Kal
548 1831 628 1870 τότ’
650 1829 892 1881 ἀποφθίμην
913 1828 1103 1873 rivalis“;
1133 1829 1183 1873 ιὶς
1205 1828 1294 1878 φάας
1316 1824 1395 1874 {Est

452 1896 597 1945 Πρϋτος
618 1892 870 1939 inﬁtiante,
890 1891 1037 1940 κλητοῖς
1057 1891 1170 1941 ἀρχὴν
1191 1885 1403 1935 hebethe-

189 1989 380 2046 Vitam
404 1988 551 2044 enim
602 1986 759 2043 nobis
801 1984 1086 2057 acquisivit
1116 1993 1291 2041 morte
1335 1989 1609 2052 superata.
1641 1977 1804 2035 Nulla

192 2082 367 2153 igitur
398 2095 525 2152 spes
556 2080 658 2135 alia
701 2077 1096 2149 consequendaa
1136 2074 1558 2131 immortalitatis
1595 2071 1800 2127 homini

191 2176 386 2243 datur,
428 2174 531 2231 nisi
568 2172 862 2230 crediderit
900 2172 954 2226 in
985 2186 1135 2229 eum.
1168 2178 1223 2227 et
1264 2168 1411 2225 illam
1433 2180 1649 2224 crucem
1680 2178 1803 2236 por-

191 2268 423 2325 tandam
452 2265 870 2339 patientiamque
895 2260 1213 2336 susceperit.

1130 302 1335 361 LIBER
1380 304 1470 363 1V.
1502 303 1587 360 DE
1628 303 1811 362 VERA
1845 298 2214 361 SAPIENTIA
2254 301 2342 360 ΕΤ
2379 300 2609 361 RELIG.
3398 302 3507 361 5M

2501 414 2733 474 CAPUT
2775 414 2896 471 XX.

1898 533 1978 590 De
2000 534 2127 590 Jesu
2154 534 2205 588 in
2238 533 2509 589 Galilaeam
2540 540 2653 600 post
2691 528 3115 586 resurrectionem
3145 529 3504 601 profectione;

2021 639 2176 700 atque
2201 629 2267 684 de
2290 638 2504 699 utroque
2528 625 2875 693 Testamento,
2918 622 3093 680 Vetere
3123 634 3170 679 et
3199 623 3370 682 Novo.

1975 789 2257 846 Profectus
2296 803 2426 859 ergo
2472 786 2524 842 in
2573 784 2850 842 Galilaeam
2882 781 2903 857 (
2930 782 3103 838 noluit
3142 782 3290 839 enim
3325 797 3385 839 se
3411 781 3506 840 Ju-

1899 881 2036 938 daiis
2057 881 2367 949 ostendere,
2399 895 2468 936 ne
2490 878 2783 934 adduceret
2801 891 2896 933 eos
2924 877 2977 931 in
3003 876 3395 947 paenitentiam,
3418 885 3504 932 at-

1900 993 2006 1047 que
2037 977 2229 1047 impios
2259 983 2541 1032 resanaret
2561 980 2602 1044 ),
2630 972 2909 1043 discipulis
2933 971 3129 1027 iterum
3160 971 3502 1045 congregatis

1904 1069 2202 1139 Scriptura:
2219 1078 2420 1123 sanctae
2443 1067 2674 1131 litteras,
2700 1064 2749 1119 id
2773 1076 2854 1121 est
2879 1064 3261 1136 prophetarum
3282 1080 3504 1135 arcana,

1902 1161 2193 1234 patefecit;
2226 1176 2345 1230 quise
2390 1169 2676 1230 antequam
2719 1167 3033 1229 pateretur,
3082 1159 3315 1229 perspici
3362 1161 3508 1216 nullo

1902 1253 2066 1310 modo
2097 1264 2365 1325 poterant,
2410 1253 2534 1324 quia
2563 1253 2736 1322 ipsum
2784 1249 3201 1322 passionemque
3240 1250 3359 1322 ejus
3406 1267 3506 1306 an-

1902 1347 2240 1403 nuntiabant.
2273 1345 2479 1402 Idcirco
2528 1345 2740 1412 Moses,
2781 1352 2837 1399 et
2875 1343 3039 1400 iidem
3086 1344 3188 1415 ipsi
3224 1347 3505 1417 prophetat

1904 1442 2101 1513 legem,
2132 1458 2252 1513 quae
2282 1439 2486 1497 Judaeis
2513 1439 2634 1495 data
2665 1447 2804 1504 erat,
2839 1437 3246 1495 Testamentum
3277 1449 3505 1508 vocant;

1904 1539 2027 1610 quia
2051 1537 2155 1593 nisi
2173 1546 2399 1593 teStator
2419 1544 2666 1591 mortuus
2685 1533 2867 1602 fuerit,
2892 1549 2991 1589 nec
3013 1535 3323 1590 confirmari
3346 1544 3514 1591 testa-

1906 1639 2150 1686 mentum
2183 1637 2382 1699 potest,
2413 1643 2512 1685 nec
2550 1626 2678 1683 sciri
2721 1626 2849 1697 quid
2902 1627 2953 1682 in
3001 1640 3069 1682 eo
3113 1627 3374 1697 scriptum
3415 1626 3509 1695 sit,

1907 1725 2031 1796 quia
2062 1723 2306 1779 clausum
2338 1730 2394 1779 et
2418 1722 2760 1792 obsignatum
2787 1729 2892 1776 est.
2923 1719 3108 1792 Itaque
3137 1721 3239 1776 nisi
3266 1719 3513 1778 Christus

1835 1852 1885 1914 Β
1913 1829 2141 1872 mortem
2171 1816 2522 1886 suscepisset,
2552 1814 2751 1886 aperiri
2774 1823 3177 1880 testamentum,
3212 1815 3265 1871 id
3292 1824 3392 1884 est,
3426 1831 3512 1873 re-

1911 1910 2079 1966 velari
2109 1918 2165 1965 et
2192 1907 2416 1978 intelligi
2446 1908 2762 1979 mysterium
2792 1906 2888 1963 Dei
2919 1922 3027 1964 non
3058 1909 3340 1978 potuisset.

1986 2005 2183 2061 Verum
2213 2003 2491 2072 Scriptura
2518 2001 2695 2057 omnis
2747 2001 2803 2055 in
2827 1999 2936 2057 duo
2962 1999 3309 2057 Testamenta
3336 2001 3508 2060 divisa

1911 2109 2014 2156 est.
2044 2097 2175 2154 Illud
2201 2095 2345 2168 quod
2370 2094 2661 2151 adventum
2689 2094 3103 2166 passionemque
3131 2094 3333 2152 Christi
3354 2104 3511 2154 ante-

1909 2192 2096 2259 cessit,
2121 2190 2172 2245 id
2197 2198 2281 2245 est
2305 2188 2391 2244 lex
2419 2196 2477 2244 et
2503 2187 2804 2259 prophetae,
2836 2185 3002 2243 Vetus
3023 2186 3257 2256 dicitur;
3288 2204 3352 2245 ea
3382 2202 3514 2247 vero

1909 2301 2031 2357 qua:
2060 2294 2177 2356 post
2219 2281 2676 2340 resurrectionem
2716 2280 2836 2352 ejus
2872 2281 3071 2352 scripta
3107 2290 3255 2351 sunt,
3304 2282 3513 2339 Novum

1907 2382 2321 2439 Testamentum
2338 2377 2708 2434 nominantur.
2727 2374 2902 2434 Judaei
2924 2375 3111 2433 Veteri
3143 2385 3388 2445 utuntur,
3411 2392 3515 2435 nos

1515 2522 1875 2585 VARIORUM
1916 2518 2149 2579 NOTAE.

190 2710 382 2759 terum
411 2706 518 2756 n’on
548 2696 857 2756 condidisse
878 2697 929 2752 in
962 2695 1122 2759 arcis,
1154 2703 1246 2751 aut
1273 2692 1507 2759 lectulis,
1532 2690 1647 2747 sive
1683 2703 1793 2744 sar-

190 2774 484 2845 Cnphagis,
517 2772 611 2845 sed
636 2772 770 2826 solis
801 2769 959 2825 lineis
1000 2769 1257 2845 tatnjatim
1288 2766 1474 2821 scissis
1497 2770 1714 2845 operta
1746 2768 1802 2816 et

190 2833 409 2902 amicta
430 2833 674 2899 intulisse
702 2848 1071 2896 monumento.
1097 2840 1153 2894 ln
1177 2835 1515 2894 monumenti
1542 2833 1803 2890 lateribus

190 2916 474 2987 exsculpti
500 2925 654 2987 erant
680 2914 800 2987 cavi
846 2910 1074 2987 singulis
1103 2909 1423 2987 corporibus
1472 2904 1802 2987 recipiendis

191 2976 415 3071 idonei:
437 2986 633 3071 quibus
663 3002 725 3040 ea
745 2976 1220 3071 i'tnrttitt'ebanlur;
1247 2983 1387 3037 sicut
1426 2976 1803 3071 erantLtaeniis
1830 2997 1876 3061 ρ

191 3062 281 3117 vel
312 3050 504 3115 insciis
523 3059 718 3114 velata.
745 3056 807 3111 Hi
834 3056 948 3111 cavi
973 3059 1024 3108 itt
1049 3056 1254 3125 pariete
1283 3050 1618 3125 monumenti
1643 3062 1805 3125 excat-

192 3134 335 3195 vati,
370 3132 423 3185 in
444 3144 581 3202 quos
611 3128 923 3202 tradebatur
951 3119 1206 3202 cadaver,
1226 3126 1403 3202 vicem
1426 3124 1691 3178 lectorum
1721 3119 1805 3202 vel

191 3190 515 3259 arcularuiu
547 3200 881 3270 prmbehant,
913 3198 1109 3268 quibus
1139 3190 1425 3253 in’Griecia
1456 3207 1685 3265 corpora
1708 3190 1805 3247 de-

196 3274 521 3332 functorum
550 3272 708 3328 condi
736 3270 1006 3326 solebant.

275 3345 522 3401 Psalmo.
552 3343 761 3399 Citatur
790 3341 933 3397 idem
963 3340 1205 3413 psalmus
1239 3355 1270 3395 a
1297 3339 1358 3395 Β.
1382 3337 1552 3393 Paulo
1594 3336 1646 3391 iu
1672 3349 1804 3391 con-

197 3420 371 3476 cinne
397 3424 631 3487 quaeest
658 3413 780 3487 Act.
809 3428 930 3468 xm.

280 3476 471 3544 Osea's.
526 3485 624 3542 Hie
671 3486 878 3556 primus
920 3485 1188 3540 minorum
1240 3482 1643 3556 prophetarum.
1701 3476 1810 3534 Sed

196 3561 330 3618 inec
359 3575 484 3631 quae
511 3574 580 3613 ex
618 3553 870 3613 versione
884 3571 1008 3631 _t.xx
1036 3553 1412 3631 interpretum,
1460 3553 1679 3631 minime
1703 3558 1810 3631 ,εει-

199 3650 338 3689 men
367 3621 436 3686 ad
466 3631 690 3685 verbum
731 3628 989 3683 translata
1020 3621 1307 3695 sunt,'non
1345 3627 1593 3696 leguntur
1619 3624 1671 3696 in
1703 3621 1810 3696 l_le-

199 3706 364 3762 braco
401 3701 608 3758 codice.
644 3700 769 3755 Haec
810 3698 975 3755 refert
1003 3693 1164 3754 etiam
1207 3698 1269 3753 B.
1302 3693 1498 3753 Paulus
1531 3696 1553 3751 1
1593 3694 1661 3750 ad
1702 3693 1812 3748 Co-

200 3775 413 3841 rinth.,
458 3788 577 3844 cap.
630 3771 870 3837 xv,‘scd
907 3771 1226 3844 quihusdam
1279 3768 1606 3844 immutatis;
1654 3774 1815 3835 atque

202 3847 468 3903 aculeum
494 3842 684 3900 mortis
709 3842 999 3911 Apostolus
1021 3853 1296 3912 peccatum
1327 3843 1730 3912 interpretatur.

292 3916 452 3972 Nunc
480 3933 582 3970 non
626 3918 821 3969 resistet
861 3914 915 3968 in
961 3911 1306 3969 tribulatione.
1355 3913 1480 3967 llaec
1527 3911 1686 3965 lectio
1732 3917 1817 3964 est

205 3989 749 4062 quamplurimurum
775 4001 905 4062 mss.
940 3985 974 4042 9
1011 3984 1522 4062 editorum._Scripti
1548 3997 1738 4062 novem
1761 3990 1815 4034 et

204 4054 421 4132 vulgati
481 4069 686 4129 septem
741 4058 940 4112 habent
988 4057 1430 4124 contribulatione,
1483 4054 1579 4109 sed
1624 4054 1815 4109 borum

205 4136 462 4206 quinque
483 4132 601 4185 sine
623 4132 930 4206 negatione;

299 4198 415 4258 Atio
446 4205 579 4256 loco.
622 4198 746 4255 "ac
790 4201 841 4255 in
890 4200 1206 4272 Osemcap.
1241 4215 1331 4267 vr,
1377 4198 1581 4269 integre
1637 4205 1816 4251 tamen

206 4292 331 4336 nOn
356 4275 571 4330 citatur.
605 4272 738 4327 Vide
765 4275 925 4328 etiam
954 4272 1011 4326 S.
1046 4271 1453 4344 Hieronymum.

298 4348 596 4404 Somnum..
627 4344 685 4400 Id
711 4355 796 4399 est
825 4354 1076 4410 uturtem,
1112 4339 1357 4414 figurate,
1388 4351 1447 4397 ut
1467 4339 1608 4412 apud
1633 4352 1816 4396 sacros

208 4423 541 4489 scriptores.

294 4477 392 4567 uia
416 4511 655 4567 θανάτου.
687 4507 811 4563 llaec
849 4521 917 4562 ex
957 4507 1211 4579 Sibyllar.
1245 4508 1525 4564 carminih.
1563 4507 1737 4563 Serm.
1772 4506 1826 4571 8,
1856 4477 1911 4540 D

211 4601 351 4657 quae
380 4584 459 4638 sic
491 4583 656 4636 latine
687 4580 935 4651 leguntur
965 4596 979 4634 :

353 4700 420 4751 Et
439 4699 610 4750 mortis
628 4697 777 4747 fatum
802 4695 962 4755 ﬁniet,
984 4695 1149 4747 triduo
1183 4696 1256 4808 sa)
1280 4696 1551 4755 dormiens,

354 4762 416 4808 Et
438 4770 555 4808 tunc
574 4766 783 4808 mortem
803 4759 1001 4808 solvens
1025 4758 1095 4808 (bl
1119 4760 1167 4808 in
1211 4773 1353 4808 ucem
1380 4762 1551 4808 veniet

352 4762 416 4813 Et
438 4770 555 4812 tunc
574 4766 783 4811 mortem
803 4759 1001 4824 solvens
1025 4758 1095 4824 (lt)
1119 4760 1167 4809 in
1192 4758 1353 4824 lucem
1380 4762 1551 4810 veniet

352 4825 551 4876 Primus
568 4823 965 4880 resurrectionis,
992 4822 1172 4872 vacatis
1192 4823 1381 4871 initium
1398 4822 1685 4873 ostendens.

298 4949 596 5013 Α’ναλύσας.
622 4950 713 5005 Sic
737 4946 940 5020 I‘CSllltt‘l
965 4962 1026 5002 ex
1053 4963 1183 5002 mss.
1214 4948 1249 5002 2
1283 4948 1413 5020 Reg.
1439 4965 1665 5020 quorum
1692 4965 1829 5005 unus

216 5035 311 5081 est
341 5022 769 5088 antiquissimus,
818 5017 1080 5094 licuit)”
1108 5027 1167 5073 et
1191 5035 1255 5076 ex
1304 5017 1826 5094 euilice_Siliyllitto.

1903 2682 1959 2738 in
2009 2680 2167 2736 Joan.
2198 2678 2394 2755 tx,_2_'i_7.
2413 2685 2630 2755 3993m-
2658 2692 2755 2755 "1v
2779 2676 2887 2755 ,δῖ’
2928 2677 3087 2755 Rom:
3108 2695 3147 2744 ¹⁹
3166 2678 3270 2755 ειν
3299 2681 3389 2752 ²6’
3420 2685 3516 2755 28’

1902 2763 1959 2809 et
1981 2767 2102 2825 cap.
2149 2767 2226 2818 ιχ,
2281 2750 2369 2825 15..
2413 2748 2549 2825 Vide
2584 2748 3179 2825 prolixissimamjsaei
3228 2748 3409 2811 notam
3463 2748 3517 2815 in

1905 2821 2060 2880 hunc
2072 2824 2273 2887 locum,
2292 2821 2359 2877 ad
2384 2822 2587 2877 calcem
2608 2821 2833 2893 hujusce
2851 2822 3171 2891 voluminis;
3195 2825 3284 2881 ubi
3306 2828 3519 2888 videbis

1904 2895 2025 2951 haec
2049 2895 2315 2950 Lactantii
2345 2896 2505 2949 verba
2543 2906 2665 2948 esse
2710 2893 3027 2961 mollienda,
3056 2904 3116 2951 ut
3152 2896 3222 2952 ad
3269 2912 3517 2958 normam

1907 2967 2229 3024 catholicam
2254 2964 2756 3021 accommodentur.

1982 3037 2216 3110 Pcrspici
2245 3037 2390 3110 nullo
2418 3038 2569 3110 modo
2592 3045 2846 3110 poterant.
2874 3035 3107 3110 Gallicus
3128 3039 3256 3095 dicit
3286 3040 3519 3100 Lactan-

1912 3110 2045 3166 tium
2076 3107 2129 3164 in
2154 3111 2249 3163 ltoc
2278 3107 2556 3162 allucinari
2583 3117 2770 3163 contra
2804 3108 2847 3164 ΙΙ
2876 3107 3021 3165 Petr.
3053 3126 3094 3176 ι,
3130 3112 3216 3167 19.
3252 3113 3358 3169 Sed
3385 3117 3518 3173 satis

1911 3180 2173 3250 esplicari
2207 3188 2383 3250 potest
2413 3195 2479 3234 ex
2525 3179 2646 3234 aliis
2687 3180 2840 3235 locis.
2874 3178 2937 3234 L.
2979 3196 3055 3247 tv,
3117 3196 3168 3237 c.
3203 3184 3271 3241 15
3301 3203 3314 3238 :
3356 3184 3520 3243 Illum

1913 3252 2657 3329 propheta:annuntiaverunt,
2690 3267 2788 3306 nec
2814 3251 2923 3329 ullo
2944 3255 3094 3329 modo
3123 3264 3376 3325 poterant,
3406 3275 3523 3329 qua:

1911 3322 1993 3379 illi
2012 3322 2367 3395 loquebantur
2388 3322 2628 3393 intelligi,
2656 3338 2753 3395 NB:
2772 3324 2870 3395 nisi
2894 3322 3133 3392 fuissent,
3157 3329 3393 3383 universa
3417 3322 3520 3385 im-

1911 3396 2069 3468 pleta.
2099 3394 2181 3450 De
2208 3395 2365 3449 Μαι-ι.
2388 3409 2620 3469 per-sem,
2651 3409 2703 3449 c.
2731 3394 2803 3448 2:
2839 3394 3136 3469 Scripturas
3161 3397 3522 3469 interpretatus

1912 3465 2008 3533 est,
2039 3482 2155 3539 qua:
2176 3481 2344 3539 usque
2368 3466 2434 3539 ad
2464 3465 2516 3521 id
2549 3474 2758 3539 tempus
2801 3465 3059 3539 obscurae,
3092 3481 3243 3538 atque
3284 3465 3524 3530 inuoluite

1915 3537 2141 3610 fuerunt.
2175 3537 2360 3610 Vides,
2384 3538 2467 3593 his
2504 3538 2760 3593 omnibus
2801 3538 2935 3610 locis
2968 3540 3051 3609 agi
3080 3537 3437 3600 de'vaticiniis
3466 3556 3524 3602 et

1915 3608 2188 3685 mysteriis
2208 3610 2276 3665 de
2302 3608 2517 3685 Christo
2550 3608 3085 3685 ante‘impletionem
3132 3628 3237 3685 non
3268 3629 3523 3685 ρει-δρας)-

1917 3679 2009 3747 tis,
2040 3682 2164 3751 quia
2188 3690 2446 3736 utnostro
2477 3681 2596 3736 loco
2624 3679 2756 3735 infra
2796 3679 3045 3752 sequitur
3071 3700 3085 3738 :
3109 3679 3285 3739 clausa
3314 3695 3360 3740 et
3389 3679 3524 3743 obsi-

1915 3763 2192 3824 gnata.....
2224 3754 2293 3806 ad
2317 3762 2508 3807 certum
2537 3763 2754 3821 tempus,
2781 3768 2888 3808 non
2920 3768 3099 3810 omne.
3126 3755 3258 3812 BUN.

1994 3824 2367 3904 Testamentum
2395 3834 2594 3878 vocant.
2629 3827 2890 3887 Διαθήκην,
2928 3841 3049 3904 quae
3078 3842 3179 3904 vox
3208 3828 3360 3904 apud,
3378 3830 3520 3904 Sep-

1919 3898 2159 3972 t_uag_inta
2193 3906 2596 3972 testamentum,
2651 3907 2863 3972 pactum
2910 3907 2966 3952 et
3009 3897 3184 3953 lmdus
3227 3897 3520 3972 significat.

1917 3968 1996 4022 Ex
2014 3968 2158 4022 Mose
2168 3967 2541 4044 testimonium
2558 3977 2697 4032 esto,
2725 3968 2938 4044 Denter.
2962 3984 3088 4024 χιιι
3109 3987 3121 4023 :
3139 3974 3233 4044 sai
3253 3967 3524 4044 φῦλάξεσθε

1917 4048 2081 4095 ποιεῖν
2109 4041 2305 4102 πάντας
2338 4042 2455 4102 τοὺς
2484 4038 2664 4112 λόγους
2701 4048 2794 4103 τῆς
2819 4037 3058 4103 διαθήκης
3082 4037 3293 4106 ταύτηξ.
3328 4037 3527 4103 Ρὼιιιιε

1923 4116 2023 4182 huc
2042 4112 2161 4167 locu
2180 4111 2465 4182 significat,
2486 4111 2640 4182 et;sic
2663 4112 3000 4178 transfertur,
3033 4115 3240 4171 ratium:
3266 4118 3525 4175 nimirum

1921 4181 1993 4236 ita
2023 4180 2349 4253 postulante.
2379 4182 2510 4238 Nam
2539 4180 2714 4256 fmdus
2741 4183 2996 4256 vivigcum
3022 4186 3155 4242 vivis
3186 4188 3393 4256 ineunt,
3421 4200 3525 4246 tes-

1922 4261 2219 4331 tamentum
2248 4264 2491 4331 mortuus
2518 4267 2640 4331 cum
2664 4253 2817 4331 vivis.
2844 4254 3133 4331 lll_ud_ju_ris
3158 4253 3397 4329 gentium
3420 4273 3525 4331 est,

1924 4324 2027 4380 hoc
2052 4325 2189 4396 juris
2217 4327 2412 4380 civilis.
2447 4326 2826 4394 Prupheticum
2869 4327 2913 4380 si
2955 4324 3233 4387 desideras
3279 4324 3526 4386 testimol

1938 4398 2108 4479 nultum.
2138 4398 2323 4479 accipe
2351 4396 2623 4479 Mala-clum
2649 4412 2714 4479 ex
2742 4397 2918 4479 capite
2963 4401 3200 4479 secundo
3230 4420 3244 4457 :
3276 4402 3410 4479 Δεότι
3429 4405 3529 4479 ἐγώ

1935 4470 2277 4547 ξξαπέσταλκα
2301 4470 2603 4547 πρόςᾳύμᾶς
2625 4473 2715 4528 τὴν
2742 4469 2937 4547 sarcina
2961 4469 3153 4547 τᾳύτην
3171 4481 3259 4529 τοῦ
3281 4472 3405 4531 εἶναι
3424 4469 3532 4533 δὶα-

1933 4543 2200 4628 ρήξηνήεξοῦ
2221 4540 2508 4628 nptias-obs
2520 4548 2779 4628 Ιξευξῑτεις,
2796 4540 2927 4628 λέγει
2941 4541 3120 4617 Κύριος
3144 4548 3527 4628 παντοκράτωρ.

1935 4609 2198 4694 alaeam
2228 4609 2325 4694 μὸξῦ
2351 4609 2409 4673 ἦν
2437 4611 2727 4694 μιῇ-’.αὺτοῦ
2757 4609 3024 4694 tricliniis
3052 4620 3139 4671 καὶ
3160 4628 3266 4694 ,τῆς
3307 4609 3528 4694 ripam}-

1936 4681 2064 4737 Haec
2096 4681 2269 4754 igitur
2290 4681 2447 4754 juxta
2474 4682 2790 4738 Hebraicatn
2822 4689 3103 4742 veritatem
3128 4687 3207 4744 sic
3234 4681 3532 4746 redduntur

1936 4768 2102 4828 vers.
2132 4754 2165 4809 1
2189 4773 2203 4811 :
2224 4753 2404 4811 Nostis
2426 4772 2504 4809 me
2535 4756 2729 4828 misisse
2749 4755 2817 4809 ad
2843 4770 2929 4810 vos
2953 4771 3262 4828 prmccptum
3282 4763 3441 4822 istud.
3472 4772 3528 4817 ut

1935 4827 1998 4901 sit
2015 4825 2183 4901 fwdus
2204 4844 2367 4881 meum
2389 4844 2504 4881 cunt
2531 4827 2666 4881 tribu
2695 4825 3164 4901 _l_.evi,gait'.leltooa
3190 4836 3532 4901 exercituum;

1939 4898 2108 4977 fmdus
2140 4902 2493 4977 meum_fuiss_e
2517 4916 2632 4953 cum
2685 4898 2781 4977 illa
2810 4899 2924 4977 vitta
2948 4911 2994 4953 et
3020 4904 3180 4977 pacis.
3216 4905 3407 4977 Ibique
3430 4898 3532 4961 fus;

1937 4969 2038 5043 dus
2064 4973 2283 5043 συνθήκη
2304 4969 2504 5027 Graecis
2521 4980 2624 5036 est,
2654 4970 2793 5025 sicut
2820 4979 2876 5025 et
2895 4969 3238 5043 Symmacho.
3260 4969 3364 5032 Sed
3392 4976 3531 5031 Pau-

1935 5039 2019 5095 lus
2046 5043 2112 5096 ad
2127 5041 2405 5117 Hebrzeos,
2423 5058 2629 5117 capax.
2660 5057 2764 5097 ιιι
2776 5039 3015 5117 secutus,
3032 5046 3281 5117 utrinque
3297 5047 3535 5110 διαθήκην

214 5095 706 5165 Regio-Puteanus
753 5090 1000 5165 et_lual.
1039 5089 1168 5160 Ιὶυε.
1220 5106 1297 5165 ac
1335 5093 1465 5165 edit.
1498 5089 1656 5146 Runt'.
1688 5093 1831 5149 1470

214 5161 453 5234 habent,
485 5164 761 5228 avoiding;
810 5162 846 5217 2
896 5161 1216 5234 Beg._rec.,
1262 5163 1442 5219 Culb..
1491 5165 1515 5219 1
1567 5165 1827 5230 Sorbon.,

214 5232 481 5300 'l‘ornes.,
505 5238 530 5293 1
556 5237 819 5301 Clarum.,
864 5233 995 5288 edit.
1041 5232 1198 5287 Rom.
1244 5234 1407 5301 1468,
1442 5235 1562 5290 Ald.
1593 5246 1648 5290 et
1675 5238 1707 5292 4
1741 5238 1829 5291 alii

217 5309 514 5381 impressi,
542 5305 808 5381 ἀναδείξας
852 5305 1018 5381 Cauc.
1053 5313 1108 5360 et
1134 5306 1168 5360 4
1194 5311 1399 5381 ςξοιιξὶ,
1432 5307 1720 5381 ἀνακύψας..

301 5380 594 5436 Galilteam.
645 5379 795 5436 Sicut
839 5377 1165 5448 pra'dixerat
1207 5377 1395 5432 Matth.
1425 5395 1551 5435 xxvi
1577 5377 1630 5436 et
1661 5379 1825 5435 Marc.

217 5469 344 5511 XIV.

302 5523 388 5578 Ne
407 5522 681 5578 adduceret
707 5536 793 5575 eos
805 5521 857 5574 in
880 5518 1250 5589 paenitentiam.
1277 5519 1346 5575 Et
1374 5521 1451 5576 sic
1467 5521 1831 5578 Tertullianus

221 5595 592 5668 Apolngetic.,
625 5609 746 5665 cap.
769 5592 860 5646 21.
888 5590 1106 5648 Similes
1130 5591 1244 5647 fere
1267 5594 1568 5649 locutiones
1594 5598 1831 5664 reperies

1933 5122 2112 5179 vocat,
2147 5125 2298 5169 vetus
2329 5112 2582 5189 nimirum
2612 5128 2735 5169 cum
2768 5112 3037 5189 Abraham
3069 5125 3133 5189 et
3152 5112 3296 5174 M'ose
3320 5121 3533 5189 initum,

1934 5193 1988 5239 et
2016 5199 2211 5238 novum
2241 5200 2337 5255 per
2365 5184 2635 5241 Christum
2665 5200 2784 5255 cum
2820 5184 3079 5241 Ecclesia.
3109 5187 3435 5249 BETULBIUS.

2011 5257 2146 5322 Quia
2174 5254 2272 5311 nisi
2313 5266 2543 5324 testator,
2576 5266 2681 5312 etc.
2735 5254 2904 5312 Verba
2949 5257 3096 5313 Pauli
3152 5262 3269 5318 hinc
3321 5278 3538 5321 asseve-

1932 5336 2057 5382 rant
2105 5327 2270 5383 Hebr.
2321 5343 2395 5383 ιχ.
2448 5327 2709 5397 Ulpianus
2759 5335 3138 5386 testamentum
3188 5334 3378 5390 definit
3429 5336 3538 5393 hoc

1935 5399 2098 5481 modo
2128 5417 2140 5452 :
2172 5398 2689 5481 :l‘estatnentutnest
2714 5398 3002 5456 voluntatis
3033 5413 3229 5461 nostrm
3243 5406 3387 5477 justa
3415 5423 3538 5464 sen-

1936 5470 2317 5553 tentiaudeneo
2343 5472 2483 5542 quod
2508 5471 2627 5542 quis
2658 5480 2779 5553 post
2809 5484 3037 5528 mortem
3065 5470 3364 5553 suant_lieri
3386 5479 3533 5535 velit.

1937 5540 2028 5596 lib.
2055 5557 2095 5610 ι,
2131 5542 2187 5596 ff.
2212 5542 2312 5610 Qui
2342 5540 2722 5599 testamentum
2746 5543 2922 5601 facere
2945 5548 3170 5615 possint.
3206 5548 3535 5608 Bn'ruuuus.

2013 5635 2161 5690 Ea...
2189 5650 2392 5707 quia...
2417 5635 2610 5707 scripta
2635 5645 2775 5703 sunt,
2822 5653 3007 5692 novum
3044 5649 3398 5699 testamentum
3438 5660 3538 5700 no-

1939 5709 2240 5781 minantur;
2270 5716 2325 5761 at
2346 5706 2563 5762 obstant
2584 5722 2774 5781 omnes
2804 5708 2948 5781 libri.
2980 5711 3106 5768 Ha-c
3135 5713 3296 5781 dicta,
3330 5725 3387 5771 ut
3429 5714 3538 5772 Te-

1940 5791 2078 5837 rent.
2112 5778 2283 5835 Andr.
2314 5782 2435 5835 Act.
2467 5793 2548 5845 ut,
2580 5794 2658 5835 sc.
2689 5778 2743 5834 5.
2775 5780 3072 5838 Amantium
3101 5786 3193 5841 ira:
3233 5778 3424 5842 amoris
3451 5789 3537 5841 in-

1945 5852 2285 5926 tegratioest.
2311 5851 2533 5919 Sallust.
2557 5850 2843 5926 Jugurtha,
2864 5855 2930 5910 18
2961 5874 2975 5912 :
3004 5853 3250 5915 Numidia
3271 5859 3540 5930 possedere

292 5737 368 5799 (a)
402 5732 675 5796 Dormiens,
700 5745 762 5783 ex
784 5743 876 5799 ms.
903 5726 1103 5799 υἷι-ιιι]ἶ
1124 5738 1282 5799 recte,
1309 5732 1371 5783 al.
1399 5733 1596 5799 sopitus.

289 5791 363 5866 (b5
397 5800 498 5849 Pro
522 5791 725 5866 mortem
745 5792 971 5866 wlvetwh
984 5791 1279 5866 alii‘habent
1298 5809 1331 5847 a
1349 5791 1553 5849 mortuis
1573 5808 1797 5862 egressus
1817 5810 1836 5861 ;

224 5866 257 5921 1
281 5855 437 5917 Βτὶιιι.
463 5874 577 5914 cum
600 5858 899 5925 Augustino,
921 5858 984 5913 ab
1005 5855 1178 5923 inferis
1198 5870 1465 5926 regressus.
