4038 6358
614 256 721 313 519

1655 250 1876 312 TFIRM.
1920 245 2287 311 LACTANTII
2328 247 2538 306 DIVIN.
2578 245 2834 308 INSTIT.
3757 263 3843 325 διο

613 372 784 437 facta;
815 383 973 443 quam
1005 369 1328 441 quicumque
1360 369 1681 440 perceperit,
1713 386 1820 425 non
1851 379 2055 424 tantum
2104 371 2206 422 mi—
2237 368 2288 427 A
2323 365 2559 435 corrigas
2579 407 2594 430 ,
2629 373 2746 419 tuos
2774 363 3006 434 corrige.
3038 362 3170 432 Quis
3200 371 3353 436 neget
3376 365 3563 437 justam
3602 386 3708 430 esse
3732 376 3843 436 hanc

612 464 718 520 rari
747 462 960 518 desinet
989 462 1158 517 Deum
1189 462 1257 516 ab
1286 460 1593 515 hominibus
1621 477 1743 517 esse
1769 463 2090 526 cruciatum,
2122 476 2214 514 ve-

611 573 729 613 rum
753 555 915 610 etiam
938 554 1090 608 facile
1115 553 1413 623 pervidebit
1455 570 1521 608 ne
1547 553 1711 608 Deum
1733 553 1947 625 quidem
1973 552 2214 624 potuisse

608 647 776 714 credi,
808 647 854 704 si
882 662 941 702 ea
973 647 1086 717 ipsa
1115 661 1236 718 quzn
1266 647 1438 717 arguit
1465 645 1601 702 facta
1625 661 1728 702 non
1754 658 1955 703 essent.

1175 762 1404 820 CAPUT
1444 762 1636 818 XXIII.

1026 859 1105 913 De
1133 858 1478 930 praecipiendo
1501 869 1548 914 et
1573 858 1792 930 agendo.

675 975 1006 1044 Quicumque
1065 983 1331 1044 praecepta
1392 971 1482 1027 dat
1538 973 1842 1027 hominibus
1889 971 1956 1026 ad
2007 972 2206 1037 vitam,

603 1083 887 1138 maresque
917 1065 1063 1136 fingit
1087 1066 1340 1132 aliorum,
1368 1081 1550 1136 (fller
1578 1066 1842 1120 debeatne
1877 1066 1992 1134 ipse
2032 1065 2210 1119 facere

602 1182 720 1235 qna-
753 1163 1013 1235 praecipit,
1063 1181 1128 1217 an
1177 1179 1281 1217 non
1315 1163 1542 1218 debeat?
1567 1164 1623 1219 Si
1655 1180 1758 1218 non
1793 1164 2000 1230 fecerit,
2033 1164 2207 1218 soluta

602 1267 871 1329 praecepta
911 1268 1056 1311 sunt.
1093 1256 1147 1313 Si
1176 1257 1319 1312 enim
1362 1257 1499 1311 bona
1541 1266 1666 1311 sunt
1712 1249 1831 1327 qua:
1881 1257 2206 1327 prtecipiun-

603 1360 709 1418 tur,
755 1350 800 1404 si
833 1351 993 1404 vitam
1044 1349 1318 1404 hominum
1371 1349 1424 1404 in
1465 1349 1669 1419 optimo
1717 1359 1856 1404 statu
1913 1350 2202 1414 collocant,

601 1458 706 1497 non
753 1457 812 1497 se
857 1442 1017 1498 debet
1082 1442 1196 1512 ipse
1241 1452 1538 1512 prmceptor
1595 1457 1625 1495 a
1673 1458 1900 1498 numero
1957 1451 2210 1513 cmtuqne

601 1535 881 1592 hominum
927 1551 1210 1607 segregare
1255 1537 1396 1591 inter
1442 1552 1576 1606 quos
1623 1537 1761 1606 agit;
1805 1545 1859 1591 et
1890 1535 1988 1604 ipsi
2016 1536 2206 1590 eodem

599 1630 760 1684 modo
810 1629 1103 1684 vivendum
1147 1641 1248 1693 est,
1292 1644 1399 1700 quo
1437 1629 1590 1685 docet
1633 1645 1754 1685 csse
1787 1629 2096 1696 vivendum,
2142 1645 2209 1685 ne

597 1723 641 1778 si
684 1722 840 1778 aliter
865 1723 1077 1790 vixerit,
1105 1723 1220 1792 ipse
1266 1721 1545 1793 praeceptis
1575 1721 1686 1777 suis
1731 1724 1889 1778 fidem
1934 1722 2202 1783 detrahat.
2240 1752 2285 1812 Β

597 1813 958 1886 levioremque.
979 1814 1278 1870 doctrinam
1305 1830 1457 1869 suam
1482 1815 1722 1878 faciat,si
1745 1815 1918 1886 reipsa
1945 1816 2202 1880 resolvat,

595 1906 738 1976 quod
784 1907 962 1961 verbis
992 1907 1191 1961 nitatur
1239 1907 1597 1977 adstringere.
1633 1905 2008 1978 Unusquisque
2035 1908 2202 1974 enim,

595 2020 716 2058 cum
747 2001 894 2056 audit
921 2002 1344 2073 prtecipientem,
1379 2018 1483 2057 non
1515 2003 1627 2056 vult
1654 2003 1854 2072 imponi
1883 2003 1982 2056 sibi
2015 2018 2203 2058 neces-

594 2099 806 2153 sitatem
832 2098 1072 2168 parendi,
1093 2109 1364 2168 tamquam
1389 2098 1486 2151 sibi
1507 2097 1596 2168 jus
1621 2097 1884 2152 libertatis
1910 2098 2198 2163 adimatur;

594 2189 882 2258 respondet
914 2191 1090 2260 itaque
1122 2189 1327 2245 doctori
1366 2191 1466 2244 hoc
1493 2190 1651 2243 modo
1684 2207 1698 2244 :
1731 2189 1844 2244 Non
1877 2205 2090 2259 possum
2123 2190 2198 2246 fa-

592 2298 716 2339 cere
743 2299 861 2354 quae
887 2283 1066 2353 jnbes,
1092 2283 1343 2354 quoniam
1372 2294 1496 2338 sunt
1530 2284 1901 2354 impossibilia.
1929 2283 2091 2339 Vetas
2115 2301 2200 2341 me

590 2378 774 2445 irasci,
805 2388 954 2433 vetas
993 2393 1207 2448 cupere,
1243 2387 1393 2434 vetas
1424 2377 1645 2432 libidine
1671 2378 2021 2444 commoveri,
2050 2388 2196 2434 vetas

589 2472 852 2538 dolorem,
886 2481 1035 2526 vetas
1066 2481 1293 2526 mortem
1325 2471 1513 2526 timere
1546 2489 1560 2526 :
1589 2471 1683 2526 sed
1717 2472 1817 2526 hoc
1844 2470 1980 2528 adeo
2008 2481 2192 2527 contra

589 2576 834 2621 naturam
864 2573 966 2631 est,
1000 2574 1054 2618 ut
1080 2563 1164 2618 his
1191 2562 1470 2619 affectibus
1500 2564 1750 2618 animalia
1783 2564 2031 2619 universa
2060 2565 2189 2619 sub-

581 2656 724 2728 jecta
756 2657 898 2724 sint;
928 2657 1010 2712 vel
1039 2658 1082 2712 si
1113 2656 1247 2711 adeo
1275 2666 1428 2726 putas
1455 2656 1740 2728 repugnari
1775 2673 1931 2728 posse
1961 2669 2188 2727 naturae,

587 2762 642 2807 et
664 2761 718 2807 tu
743 2752 855 2822 ipse
879 2767 998 2822 qua:
1027 2749 1274 2821 praecipis
1301 2749 1406 2816 fac,
1436 2760 1492 2804 ut
1516 2751 1682 2806 sitiam
1708 2752 1820 2806 fieri
1854 2767 2033 2822 posse.
2056 2751 2188 2808 Cum

585 2855 766 2902 autem
808 2847 924 2916 ipse
950 2860 1055 2899 non
1087 2844 1270 2912 facias,
1302 2859 1422 2914 quae
1453 2843 1736 2900 insolentia
1765 2855 1868 2913 est,
1903 2856 1959 2900 ut
1989 2847 2189 2904 homini

588 2939 759 2995 libero
789 2940 1066 3008 imponere
1096 2937 1226 2993 velis
1254 2938 1400 3009 leges
1427 2938 1618 3008 quibus
1651 2939 1765 3008 ipse
1820 2956 1927 2996 non
1966 2944 2192 3012 pareas?

2324 459 2768 528 responsionem?
2795 457 2938 525 Quin
2958 457 3119 512 etiam
3150 457 3202 512 in
3223 468 3568 532 contemptum
3590 467 3740 520 veniet
3766 467 3842 524 hu-

2313 551 2549 622 jusmodi
2582 553 2792 619 doctor,
2824 561 2879 608 et
2905 552 3190 608 deludetur
3216 553 3462 623 vicissim,
3488 559 3600 628 quia
3624 559 3846 619 videbitur

2317 653 2370 697 et
2400 644 2512 714 ipse
2543 644 2818 699 deludere.

2388 739 2527 807 Quid
2559 755 2687 809 ergo
2740 739 2900 794 faciet
2947 739 3036 796 ille
3077 751 3391 811 princeptor,
3421 741 3463 796 si
3488 741 3595 798 haec
3615 744 3658 799 ei
3684 744 3841 802 fuerint

2317 833 2612 901 Opposita?
2641 832 2912 902 quomodo
2943 832 3145 886 adimet
3193 835 3576 890 excusationem
3615 847 3844 894 contmna-

2317 925 2492 993 cibus,
2523 928 2621 981 nisi
2654 937 2710 982 ut
2741 929 3102 998 praesentibus
3133 928 3284 984 factis
3303 929 3506 996 doceat,
3539 933 3776 1002 possibilia
3799 953 3844 993 se

2320 1023 2568 1080 docere?
2603 1026 2756 1083 Unde
2806 1029 3010 1093 evenit,
3058 1039 3114 1082 ut
3155 1028 3582 1100 philosophorum
3614 1039 3844 1106 prmceptis

2318 1118 2498 1172 nullus
2539 1120 2900 1190 obtemperet.
2932 1121 3188 1176 Homines
3226 1123 3368 1177 enim
3410 1125 3842 1198 maluntexempla,

2315 1225 2475 1279 quam
2511 1211 2669 1266 verba
2698 1227 2712 1277 ;
2745 1213 2866 1283 quia
2896 1213 3041 1283 loqui
3065 1213 3223 1269 facile
3251 1223 3354 1280 est,
3385 1225 3625 1285 praestare
3648 1219 3840 1278 difficile.

2317 1299 2531 1356 Utinam
2563 1303 2778 1372 quidem
2809 1315 2914 1359 tam
2943 1304 3096 1359 multi
3126 1306 3265 1362 bene
3293 1309 3696 1378 facerent,quam
3724 1313 3845 1369 multi

2317 1391 2610 1461 loquuntur
2640 1395 2798 1450 bene.
2845 1394 2952 1451 Sed
3005 1397 3094 1466 qui
3144 1399 3477 1468 przecipinnt,
3525 1415 3618 1456 nec
3665 1401 3842 1471 faciunt,

2317 1487 2467 1542 abest
2497 1490 2563 1542 ab
2589 1488 2653 1544 iis
2696 1489 2847 1544 fides.
2877 1489 2943 1543 Et
2972 1491 3017 1544 si
3049 1489 3296 1545 homines
3321 1490 3530 1558 fuerint,
3555 1504 3846 1549 contemnen-

2316 1590 2404 1635 tur
2431 1591 2486 1636 ut
2510 1583 2691 1648 leves;
2717 1583 2760 1637 si
2789 1583 2951 1647 Deus,
2996 1593 3302 1654 opponetur
3323 1585 3369 1641 ei
3393 1588 3651 1641 excusatio
3684 1585 3845 1658 fragili-

2315 1674 2439 1729 tatis
2486 1675 2754 1730 humanae.
2789 1677 3051 1746 Superest
3103 1687 3161 1732 ut
3203 1677 3360 1734 factis
3389 1679 3545 1734 verba
3595 1680 3840 1747 firmentur,

2312 1769 2454 1838 quod
2510 1770 2814 1840 philosophi
2866 1770 3044 1827 facere
3074 1781 3395 1843 nequeunt:
3437 1774 3605 1844 itaque
3628 1791 3730 1829 cum
3769 1775 3843 1846 ipsi

2313 1872 2678 1932 praeceptores
2730 1866 3017 1920 vincantur
3045 1864 3354 1931 affectibus,
3381 1851 3524 1936 quos
3537 1867 3664 1922 vinci
3693 1866 3844 1936 praedi-

2311 1966 2436 2010 cant
2477 1969 2749 2026 oportere,
2783 1957 3052 2012 neminem
3087 1968 3318 2029 possunt
3344 1958 3410 2014 ad
3440 1959 3690 2020 virtutem,
3715 1974 3839 2028 quam

2306 2047 2440 2102 falso
2470 2049 2781 2118 praedicant,
2812 2047 3030 2105 erudire
3055 2067 3069 2114 ;
3101 2049 3172 2105 ob
3203 2065 3434 2120 eamque
3457 2064 3658 2105 causam
3678 2061 3843 2120 putant,

2307 2143 2579 2197 neminem
2601 2143 2778 2198 adhuc
2801 2141 3099 2214 perfectum
3125 2143 3373 2199 extitisse
3386 2142 3683 2214 sapientem,
3701 2140 3744 2195 id
3762 2151 3840 2206 cst,

2305 2233 2360 2288 in
2392 2249 2500 2304 quo
2526 2250 2750 2290 summa:
2781 2235 3042 2290 doctrinae
3067 2251 3130 2290 ac
3153 2236 3396 2291 scientize
3427 2250 3621 2292 summa
3647 2234 3785 2288 virtus
3803 2241 3845 2286 et

2305 2328 2546 2399 perfecta
2591 2329 2799 2399 justitia
2839 2329 3203 2397 consenserit,
3262 2328 3428 2401 quod
3456 2328 3658 2401 quidem
3699 2340 3842 2382 verum

2306 2419 2425 2475 fuit.
2454 2420 2628 2476 Nemo
2655 2423 2798 2477 enim
2821 2431 2943 2492 post
2971 2422 3230 2478 mundum
3262 2423 3534 2479 conditum
3558 2421 3667 2476 talis
3688 2418 3840 2483 extitit,

2305 2516 2406 2570 nisi
2433 2515 2702 2579 Christus,
2729 2517 2818 2588 qui
2847 2525 2904 2573 et
2923 2518 3091 2573 verbo
3119 2519 3438 2589 sapientiam
3469 2516 3684 2584 tradidit,
3709 2525 3752 2571 et
3772 2511 3844 2568 do«

2307 2609 2534 2664 ctrinam
2563 2609 2819 2680 praesenti
2853 2609 3051 2666 virtute
3079 2609 3337 2666 ﬁrmavit.

2902 2722 3132 2780 CAPUT
3173 2723 3373 2783 XXIV.

2515 2836 2726 2893 Eversio
2754 2849 3171 2910 argumentorum
3196 2857 3362 2912 supra
3390 2841 3702 2907 obiectorum.

2369 2951 2504 3022 Age,
2537 2968 2678 3008 nunc
2695 2952 3128 3019 consideremus,
3156 2971 3222 3010 an
3255 2955 3450 3011 doctor
3476 2970 3506 3010 e
3532 2953 3659 3010 cmlo
3685 2949 3842 3006 missus

587 3033 744 3090 Prius
773 3031 949 3098 disce,
979 3031 1070 3101 qui
1097 3030 1291 3099 doces,
1330 3040 1384 3086 et
1418 3041 1708 3102 antequam
1754 3048 1935 3090 mores
1961 3036 2184 3092 aliorum
2214 3030 2260 3094 C
2294 3044 2465 3115 possit
2487 3062 2592 3100 non
2622 3061 2745 3103 esse
2779 3046 3072 3117 perfectus.
3125 3047 3382 3104 Nondum
3415 3048 3481 3104 de
3535 3047 3631 3102 hoc
3676 3046 3841 3114 loquor,

1961 3152 2315 3215 VARIORUM
2356 3159 2588 3216 ΝΟΤᾸΞ.

583 3251 747 3316 dicat,
777 3248 912 3304 nihil
944 3263 1041 3303 nos
1065 3245 1457 3303 immutandum
1485 3247 1813 3304 censuimus.
1841 3253 2129 3311 GALLEUS.

657 3318 1276 3398 Quamquicumqu‘eLSic
1299 3319 1510 3398 restitui
1533 3335 1743 3398 extinss.
1769 3322 1804 3376 2
1827 3324 1986 3398 Bon.,
2006 3328 2191 3398 Regio.

585 3396 729 3462 Put.,
753 3395 786 3450 6
811 3390 881 3449 al.
915 3395 1070 3462 Reg,
1093 3392 1127 3446 6
1153 3390 1305 3446 Colb.
1335 3391 1722 3460 Lipsiensibus,
1753 3406 1806 3450 et
1835 3397 1902 3452 10
1927 3390 2048 3452 aliis
2075 3390 2185 3454 Fec.

580 3483 643 3523 ac
673 3477 779 3523 vet.
811 3466 942 3522 edit.
971 3467 1151 3526 Rom.,
1179 3463 1376 3528 Cellar,
1410 3473 1463 3518 et
1491 3463 1700 3520 Walch.
1733 3469 2016 3525 referendo
2043 3472 2186 3525 scili-

580 3551 664 3595 cet
693 3539 759 3594 ad
788 3538 1070 3592 mirabilem
1108 3535 1380 3608 rationem,
1412 3535 1446 3589 2
1479 3539 1632 3608 Reg.,
1665 3537 1847 3607 Cauc.,
1881 3539 2005 3596 Jun.
2035 3555 2088 3597 et
2121 3545 2186 3598 15

581 3612 828 3676 impressi
863 3610 1062 3664 habent
1087 3623 1222 3676 qua’,
1251 3607 1537 3663 referendo
1563 3607 1627 3662 ad
1654 3609 1808 3677 facta.

655 3683 923 3753 Prwcepta
950 3683 1035 3734 dat
1066 3679 1352 3753 hominibus
1383 3680 1450 3732 ad
1479 3683 1652 3735 vitam.
1685 3681 1757 3734 Ita
1787 3699 1815 3735 ει
1851 3699 1933 3736 me
1961 3686 2182 3740 restitu-

582 3765 691 3810 tum
729 3771 795 3809 ex
823 3752 1093 3810 veteribus
1118 3752 1250 3807 edit.
1282 3752 1462 3818 Rom.,
1497 3753 1662 3807 l’aris.
1693 3754 1852 3819 1525,
1884 3753 2057 3822 Crat.,
2089 3774 2185 3811 an-

578 3829 728 3899 tiqua
748 3825 1005 3899 Versione
1024 3825 1236 3899 gallica,
1261 3824 1748 3899 cunctisqtte_iits.s_.
1777 3835 1970 3894 praeter
1989 3828 2024 3880 2
2048 3830 2178 3899 Reg.

580 3895 691 3952 rec.
719 3898 770 3950 in
801 3896 997 3965 quibus
1027 3907 1082 3950 ut
1112 3906 1165 3948 et
1198 3896 1248 3948 in
1281 3895 1508 3963 vulgatis
1541 3896 1608 3951 15
1635 3895 1848 3963 legitur,
1877 3915 1936 3952 ac
1968 3895 2142 3954 vitam;

653 3967 677 4020 Ι
688 3979 797 4020 nter
815 3984 939 4040 quos
968 3966 1347 4040 agitaPraastat
1366 3983 1440 4040 ex,
1462 3969 1577 4036 ipso
1604 3967 1902 4040 Lactantio,
1934 3986 2092 4040 quam
2116 3988 2184 4026 ex
2221 3981 2233 3994 ’·

579 4039 702 4093 aliis
727 4039 1070 4105 confirmare,
1103 4038 1193 4092 lib.
1234 4053 1306 4102 tv,
1337 4053 1385 4091 c.
1419 4039 1486 4093 27
1537 4057 1548 4093 :
1599 4038 1767 4103 Quum
1799 4042 1928 4096 inter
1951 4038 2186 4097 homines

579 4124 767 4181 ageret.
799 4109 990 4175 Delra,
1015 4125 1067 4165 c.
1090 4111 1116 4182 iI
1147 4128 1158 4162 :
1186 4108 1250 4162 In
1272 4125 1424 4162 carne
1451 4111 1656 4164 mortali
1675 4122 1900 4182 agentes.
1929 4115 2001 4168 De
2028 4115 2182 4168 Mort.

579 4183 755 4249 Pers.,
775 4197 823 4236 c.
847 4182 911 4236 ~l0
929 4197 1010 4253 pr.
1032 4200 1045 4237 :
1066 4181 1232 4249 Quum
1250 4191 1418 4251 ageret
1445 4183 1496 4235 in
1526 4181 1755 4249 partibus
1786 4182 2029 4238 Orientis.
2051 4187 2180 4242 BUN.

653 4253 795 4308 Inter
834 4270 961 4325 quos
991 4256 1132 4324 agit;
1162 4263 1209 4307 et
1251 4253 1348 4321 ipsi
1390 4253 1565 4307 eodem
1596 4255 1745 4308 modo
1786 4255 2052 4310 vivendum
2089 4269 2182 4314 est.

2377 3252 2527 3309 Vetas
2554 3255 2804 3320 dolorem,
2837 3265 2975 3310 vetas
3025 3266 3238 3310 mortem
3267 3258 3463 3310 timere.
3509 3254 3626 3310 Mss.
3659 3253 3708 3306 II
3738 3263 3838 3308 ree.

2293 3326 2521 3379 dolorem
2545 3328 2620 3382 vel
2635 3337 2846 3381 mortem
2871 3333 2936 3389 ,‘b‘
2961 3336 3068 3381 vet.
3088 3328 3218 3381 edit.
3244 3339 3303 3383 et
3324 3328 3360 3382 2
3385 3327 3540 3396 Reg.,
3561 3327 3626 3378 ait
3641 3333 3839 3384 mortem;

2295 3400 2318 3452 I
2357 3397 2490 3468 Reg.
2529 3415 2664 3463 rec.,
2704 3408 2842 3453 vetas
2873 3399 3062 3465 dolere,
3097 3411 3235 3454 vetas
3266 3411 3481 3454 mortem
3499 3399 3676 3451 timere.

2367 3467 2559 3525 Faciet.
2597 3472 2688 3526 Sic
2719 3487 2819 3524 ms.
2877 3470 3160 3542 Sangerm.
3214 3481 3268 3526 ct
3327 3472 3457 3527 edit.
3490 3467 3841 3533 Cellariiatque

2288 3540 2410 3614 aliae
2442 3559 2455 3594 :
2493 3541 2764 3614 initnultis
2787 3549 2872 3596 est
2898 3540 3079 3614 faciat.

2337 3610 2505 3668 Unde.
2532 3613 2609 3668 Ex
2626 3624 2731 3668 vet.
2754 3610 2939 3669 edit.'8
2954 3613 3269 3682 cunctisque
3289 3630 3419 3668 mss.
3439 3611 3726 3682 repositum,
3740 3620 3842 3682 prte-

2292 3685 2426 3776 εει-ἑ
2453 3685 2607 3776 Reg”
2640 3687 2667 3740 1
2694 3686 2846 3776 (ιοιι).
2876 3695 2930 3739 et
2957 3685 3025 3740 I0
3046 3675 3398 3776 vulgatosLi‘n
3422 3675 3719 3776 quibusjestlz

2364 3751 2567 3810 Malunt
2597 3754 2854 3831 exempla,
2895 3751 3265 3831 quameerba.
3311 3759 3386 3812 Τὰ
3425 3751 3546 3831 ἔργα
3581 3751 3840 3831 adaliprum

2289 3831 2703 3899 Conversionetu
2746 3821 3136 3897 inajoéemyim
3165 3827 3388 3890 habent,
3410 3821 3839 3899 qitatnqbt}.oiia/oo

2290 3899 2463 3972 inquit
2482 3895 3232 3972 Chrysostonius,IIomil.I9,
3259 3901 3316 3954 in
3343 3895 3502 3972 epist.
3526 3897 3586 3951 ad
3602 3895 3838 3972 'Ilglml‘os-

2291 3965 2572 4040 Efﬁcacior
2596 3965 2669 4026 est
2697 3987 2793 4024 vox
2807 3971 2997 4038 aperis,
3011 3988 3164 4041 quam
3181 3965 3454 4037 sermonis,
3487 3968 3644 4041 inquit
3664 3965 3842 4041 Bernar-

2289 4037 2410 4096 dus.
2443 4041 2576 4097 Plus
2623 4043 2752 4096 valet
2784 4037 2982 4096 vivendi
3024 4037 3178 4113 quam
3209 4043 3458 4109 loquendi
3486 4040 3671 4102 modus,
3698 4037 3839 4113 Aug"-

2290 4117 2441 4180 stin.,
2486 4130 2573 4181 ep.
2621 4129 2780 4179 cxtt;
2818 4106 3079 4184 Optimum
3122 4125 3194 4168 est
3240 4106 3479 4183 exemplo
3510 4113 3664 4184 potius
3704 4106 3842 4158 datm

2289 4202 2441 4254 quam
2473 4185 2646 4251 dictis,
2680 4183 2928 4251 llilarius,
2958 4201 3008 4242 c.
3036 4185 3091 4250 5,
3119 4184 3310 4240 Matth.
3344 4185 3500 4241 Joan.
3523 4183 3842 4254 Genusum.—

2291 4251 2502 4312 Addam
2555 4258 2891 4312 Lactantium
2923 4265 3166 4312 nostrum
3223 4258 3402 4313 Divin.
3457 4254 3696 4315 lnStitut.,
3722 4251 3752 4302 Ι.
3776 4259 3835 4307 ιιι,

578 4327 706 4382 Mss.
739 4328 794 4380 If
831 4318 938 4381 rec.
970 4318 1169 4389 ferunt,
1202 4318 1392 4378 habitat
1423 4327 1564 4397 ipse;
1593 4329 1625 4381 6
1657 4341 1790 4392 rec.,
1834 4329 2040 4382 habitet.
2076 4329 2188 4383 fIa-
2211 4329 2264 4389 D
2290 4343 2339 4382 c.
2372 4331 2438 4382 16
2471 4347 2485 4384 ;
2514 4328 2613 4395 Qui
2655 4330 2834 4382 docent
2863 4337 3080 4394 tantum,
3116 4346 3206 4384 nec
3252 4331 3479 4397 faciunt,
3511 4329 3601 4396 ipsi
3626 4318 3838 4397 praestiti!

576 4399 700 4453 bitat
735 4413 828 4453 seu
855 4399 1038 4453 habitet
1079 4398 1288 4452 videtur
1311 4398 1578 4468 glossema
1608 4413 1727 4454 esse
1759 4407 1850 4454 τοῦ
1885 4402 2012 4470 agit,
2039 4403 2182 4468 quod

575 4472 1068 4541 antiquissimorum
1113 4486 1242 4524 mss.
1289 4481 1389 4524 est.
1426 4470 1514 4526 Sic
1556 4472 1690 4524 infra
1733 4472 1872 4526 idem
1925 4473 1997 4526 ait
2029 4473 2182 4528 initio

575 4545 765 4611 Capitis
781 4541 850 4596 27
875 4542 1031 4597 :Cum
1052 4542 1181 4595 inter
1203 4541 1429 4614 homines
1449 4553 1641 4614 ageret.
1662 4542 1752 4597 Ait
1773 4543 1916 4598 enim
1941 4544 1995 4600 S.
2019 4543 2176 4600 Joan.

575 4616 946 4686 Chryostom.
977 4634 989 4666 :
1015 4614 1114 4686 Qui
1140 4611 1523 4686 aliterfloquitur
1536 4631 1687 4682 quam
1715 4617 1858 4679 vixit,
1887 4619 2030 4670 docet
2052 4633 2179 4682 quo-

575 4684 726 4740 modo
753 4684 890 4740 Deus
929 4702 1043 4740 eum
1075 4685 1250 4739 debeat
1282 4685 1482 4754 punire.
1514 4687 1589 4740 Ac
1619 4687 1700 4740 his
1733 4688 1936 4741 ultimis
1965 4689 2177 4744 smeulis

571 4757 704 4814 dicit
727 4758 922 4813 Comes
947 4756 1366 4822 Mirandulanus,
1392 4766 1591 4810 tantum
1614 4773 1860 4828 quemque
1880 4760 2006 4814 scire
2017 4777 2177 4830 quan-

575 4840 680 4884 tum
709 4840 968 4902 operatur.

644 4900 993 4973 Adstringere.
1027 4900 1117 4958 Sic
1148 4900 1374 4973 reposui
1391 4915 1461 4973 ex
1485 4900 1855 4973 cunctismss.
1882 4910 1936 4956 et
1965 4917 2033 4958 ex
2060 4903 2175 4958 edi-

575 4973 642 5030 Iis
691 4977 726 5030 5
756 4970 874 5029 vet.
915 4973 1073 5028 Rom.
1099 4988 1308 5028 necnon
1337 4971 1536 5026 Cellar.
1567 4981 1621 5027 et
1650 4970 1864 5026 Walch.
1897 4976 2165 5042 apposite,

573 5057 630 5100 ut
652 5045 902 5101 reSolutis
940 5057 1266 5116 opponatur.
1294 5044 1624 5115 Adstringere
1657 5059 1784 5097 vero
1813 5054 1866 5099 et
1898 5046 2167 5112 resolvere,

572 5119 772 5172 rectius
793 5127 1158 5188 opponurttur,
1185 5132 1342 5186 quam
1374 5127 1639 5188 adstruere
1668 5126 1724 5169 et
1748 5116 2016 5184 resolvere,
2049 5132 2170 5187 qua:

571 5199 696 5242 sunt
716 5189 770 5244 in
802 5187 868 5244 l3
899 5189 1541 5261 impressis—Exemplo
1563 5187 1738 5244 Cicer.
1767 5203 1864 5258 pro
1892 5189 2165 5258 Cluentio,

571 5275 622 5314 c.
655 5262 720 5316 57
747 5279 759 5313 :
794 5261 873 5316 Ne
921 5263 1028 5334 lege
1053 5279 1112 5316 ea
1141 5277 1204 5315 ea:
1247 5261 1524 5332 quastione
1551 5277 1651 5334 qua
1702 5277 1756 5334 se
1785 5261 2168 5334 solut‘utnlibe-

571 5349 783 5400 rumque
807 5350 913 5388 esse
951 5331 1244 5396 arbitretur,
1276 5348 1371 5402 per
1397 5349 1586 5402 paucos
1623 5331 1828 5402 judices
1868 5331 2167 5402 adstringa-

574 5412 678 5458 tnr.
727 5405 843 5474 Ipse
877 5405 1206 5472 Lactantius,
1237 5405 1274 5458 Ι.
1303 5421 1375 5471 tv,
1407 5419 1456 5458 c.
1502 5403 1574 5459 24
1607 5422 1620 5456 :
1656 5402 1722 5458 Ut
1766 5414 2023 5474 prwcepla
2075 5422 2167 5460 sua

572 5477 723 5548 factis
779 5477 1108 5545 adimplenda
1159 5485 1367 5531 caeteros
1423 5476 1639 5546 parendi
1693 5477 1990 5530 necessitate
2042 5493 2166 5532 con~

569 5547 808 5617 stringat.
852 5548 983 5602 BUN.

647 5619 954 5688 Respondet.
1004 5618 1328 5674 Reatitutum
1387 5633 1416 5672 a
1471 5633 1556 5673 me
1601 5635 1671 5674 ex
1703 5633 1834 5673 mss.
1860 5628 1966 5673 vet.
1999 5617 2161 5673 2Βο-

570 5707 725 5757 non.,
751 5693 781 5746 7
803 5691 963 5761 Reg,
989 5691 1022 5746 5
1048 5690 1337 5761 Vaticanis,
1359 5689 1539 5757 Colb.,
1569 5691 1603 5746 3
1626 5691 1770 5760 Lips.
1801 5699 1858 5745 et
1887 5690 1921 5745 6
1944 5691 2083 5745 aliis.
2106 5691 2160 5745 In

570 5761 733 5819 Cauc.
768 5773 822 5819 et
868 5760 997 5818 edit.
1032 5760 1206 5816 Betui.
1248 5772 1330 5816 est
1369 5764 1704 5832 respondeat;
1729 5763 1782 5817 in
1808 5762 1974 5818 tribus
2022 5777 2158 5828 rec.,

571 5835 871 5911 respondit;
898 5835 949 5892 in
979 5836 1014 5892 5
1039 5832 1114 5890 al.
1159 5847 1271 5889 rec.
1303 5843 1357 5890 et
1389 5834 1441 5888 in
1481 5835 1715 5902 excusis,
1748 5833 2083 5913 respondebit.

2290 4401 2395 4454 suis
2436 4391 2710 4454 detrahunt
2742 4400 3015 4470 pondus...
3041 4391 3353 4456 Βοιιιιηιέδε
3379 4391 3543 4454 autem
3563 4391 3691 4470 recta
3713 4401 3750 4446 et
3768 4391 3839 4470 ltoj

2291 4482 2432 4545 uesta
2461 4466 2783 4542 praecipere:
2807 4471 2896 4526 sed
2927 4473 3024 4525 nisi
3053 4483 3098 4525 et
3125 4474 3310 4542 facias,
3341 4469 3650 4526 mendacium
3679 4472 3750 4545 est
3771 4466 3837 4545 ίιί

2290 4534 2630 4614 incongruens
2655 4553 2805 4610 atque
2853 4547 3104 4612 ineptum,
3125 4534 3248 4598 ἠοη
3280 4547 3336 4599 in
3363 4555 3578 4612 pectore,
3608 4534 3837 4614 sedili-10‘

2283 4613 2386 4687 bris
2412 4601 2593 4670 habere
2631 4601 3020 4687 bron'itatemet
3047 4601 3103 4670 εξ
3139 4615 3270 4680 Leo,
3306 4601 3466 4687 papa,
3505 4601 3659 4687 serui.
3685 4605 3742 4660 de
3766 4601 3834 4687 le-

2277 4685 2452 4756 junio,
2483 4687 2559 4742 ait
2582 4702 2596 4742 :
2630 4686 2894 4740 Validiora
2920 4698 3036 4740 sum
3059 4673 3293 4758 exempla
3306 4673 3466 4759 quam
3493 4683 3632 4740 verba
3653 4697 3669 4747 ;
3687 4687 3726 4732 cf
3751 4673 3834 4746 ρίδο

2283 4759 2401 4834 niu_s_
2428 4775 2578 4834 opere
2601 4760 2809 4834 docetur
2835 4775 2987 4834 quam
3017 4773 3158 4834 voce.
3509 4828 3519 4834 _
3590 4827 3600 4834 _
3657 4824 3667 4834 .

2285 4879 2289 4883 .
2355 4828 2563 4885 Utinam
2590 4830 2812 4900 quidem.
2848 4827 2922 4885 Ita
2952 4832 3162 4886 restitui
3209 4846 3273 4888 ex
3306 4827 3700 4901 quamplurimis
3721 4830 3830 4901 515$.

2278 4910 2328 4957 et
2357 4903 2535 4968 editis,
2569 4891 2736 4976 recte,
2763 4910 2984 4976 propter
3012 4903 3104 4956 sed
3131 4903 3291 4976 quod
3304 4891 3567 4976 s'equit'ur.
3599 4898 3648 4951 In
3675 4891 3826 4976 alias:

2277 4983 2333 5027 et
2356 4975 2586 5098 tgulgatis
2609 4975 2640 5028 7
2674 4983 2758 5030 est
2787 4975 3098 5046 utinamque.
3128 4974 3184 5028 In
3212 4976 3236 5031 1
3267 4973 3420 5045 Lips.
3450 4973 3826 5043 praetermissum

2279 5060 2366 5098 aut
2408 5061 2507 5098 em.

2317 5061 2507 5099 autem.

2317 5060 2404 5098 ιιια
2439 5063 2507 5098 ηι.

2279 5060 2311 5114 q
2352 5061 2612 5172 Eaftitisse.
2661 5115 2736 5171 Ex
2784 5131 2914 5171 mss.
2950 5117 3256 5173 veterrimis
3284 5118 3321 5172 2
3372 5099 3826 5175 Bonou.,Canc..3

2278 5185 2435 5259 Reg,
2462 5190 2612 5254 .lun.,
2628 5189 2661 5243 4
2684 5189 2835 5244 Colb.
2861 5189 3088 5258 aliisque
3110 5189 3384 5254 undecim,
3410 5198 3466 5242 et
3486 5183 3676 5259 aedilis
3697 5189 3824 5244 τεβο·

2269 5256 2442 5334 δίιίξω
2470 5278 2485 5324 ἱ
2524 5262 2574 5314 ίη
2603 5260 2637 5314 δ’
2669 5261 2836 5330 “88.,
2866 5261 2902 5315 2
2928 5256 3076 5316 Colb.
3113 5272 3167 5316 et
3193 5261 3226 5316 8
3260 5256 3696 5334 vulg:itis__lrgitu_r
3720 5259 3822 5334 esse.

2348 5332 2578 5387 Summa:
2603 5334 2853 5387 doctrina:
2874 5349 2933 5386 ac
2960 5333 3183 5388 scientite
3208 5330 3430 5387 summa.
3455 5331 3636 5405 Mirum
3662 5330 3706 5405 in
3734 5330 3823 5405 mf}:

2271 5403 2397 5460 dum
2429 5405 2557 5458 mihi
2584 5405 2757 5474 placet
2787 5405 3008 5459 Betuleii
3039 5405 3198 5459 lectio
3245 5422 3256 5456 :
3287 5419 3489 5458 stnnma
3521 5399 3731 5452 doctrina
3774 5400 3821 5474 ac

2266 5477 2503 5541 scientia,
2532 5472 2746 5530 summa:
2771 5477 2968 5529 uirtutis
2995 5486 3042 5530 et
3065 5481 3286 5545 perfecta
3318 5475 3537 5544 iustitia,
3570 5483 3710 5545 quam
3732 5472 3821 5516 meo

2268 5548 2373 5602 rito
2404 5547 2666 5618 Sparkius
2695 5547 2981 5617 expressit.
3011 5542 3190 5604 Allera
3235 5542 3326 5603 est
3353 5547 3405 5601 in
3445 5542 3680 5618 omnibus
3711 5545 3817 5618 ms}:-

2269 5627 2324 5674 et
2367 5607 2585 5690 reliquis
2626 5607 2807 5674 editis.
2850 5618 3084 5689 Vestigia
3116 5619 3226 5672 veri
3275 5619 3327 5673 in
3374 5617 3611 5672 Emman.
3642 5607 3700 5662 In
3741 5613 3818 5672 quo

2267 5689 2757 5746 summa'doctrinw
2783 5709 2843 5745 ac
2869 5693 3114 5745 scientia:.
3146 5689 3278 5745 BUN.

2338 5739 2839 5820 ὸὸἦὲεἱὶἑέέίιζπδίῖΞ
2870 5739 3277 5833 maxime
3309 5768 3456 5818 amat
3487 5758 3624 5813 Lact.
3653 5761 3765 5806 mss.
3791 5739 3820 5793 2

2261 5849 2378 5891 rec.
2403 5843 2459 5890 ct
2486 5833 2617 5892 edit.
2643 5850 2754 5892 rec.
2783 5836 3152 5891 consenserint.

3967 4621 3971 4787 l
