4038 6358
242 289 340 354 5‘2!

1151 288 1359 353 uena
1396 287 1486 353 tv.
1528 291 1616 352 ne
1655 289 1846 352 vena
1885 284 2257 354 SAPlENTlA
2285 278 2376 354 ET
2415 291 2644 354 RELIG.

3435 298 3544 357 59.2

245 431 398 488 quem
447 413 660 472 venisse
698 427 726 469 a
781 413 892 470 Deo
922 421 1142 486 negant.
1188 413 1480 486 Fingamus
1510 415 1743 486 aliquem
1768 412 1836 468 de
1863 412 1913 472 A
1942 410 2155 467 docenti
2188 412 2350 468 homo
2397 413 2475 468 sic
2527 408 2862 482 respondere
2893 427 2904 464 :
2939 407 3074 467 Volo
3124 410 3376 482 equidem
3426 431 3540 472 non

243 511 378 569 coelo
399 524 522 568 esse
553 509 899 576 mittendum,
929 511 1020 581 qui
1049 510 1214 565 vitam
1249 510 1527 567 hominum
1558 509 1835 566 rudimen-

244 605 313 660 tis
351 603 565 660 virtutis
591 603 856 672 instituat,
881 611 937 659 et
963 603 1031 658 ad
1074 602 1339 674 justitiam
1368 603 1583 659 formet.
1629 601 1840 658 Nemini

242 696 464 752 dubium
494 704 676 766 potest
702 710 848 762 esse,
875 694 1010 766 quin
1041 694 1088 750 is
1114 693 1327 764 doctor,
1359 695 1451 766 qui
1473 694 1688 751 caelitus
1715 694 1838 748 mit-

239 789 392 857 titur,
423 797 531 845 tam
579 789 806 845 scientia
845 789 916 844 sit
968 802 1152 844 rerum
1183 789 1423 845 omnium
1452 804 1613 861 quam
1641 789 1839 844 virtute

236 884 511 956 perfectus
537 900 552 951 ;
583 897 654 940 ne
681 882 818 938 nihil
842 883 984 939 inter
1008 881 1293 940 caelestem
1325 891 1704 953 terrenumquc
1732 882 1838 938 dif-

237 974 398 1032 ferat.
440 974 574 1032 Nam
606 975 661 1030 in
709 975 931 1031 homine
987 975 1197 1032 interna
1251 983 1309 1032 et
1347 975 1567 1047 propria
1593 974 1837 1031 doctrina

235 1082 358 1125 esse
389 1069 537 1124 nullo
562 1076 719 1140 pacto
751 1076 954 1140 potest.
984 1066 1097 1124 Nec
1123 1068 1270 1124 enim
1321 1082 1476 1125 mens
1505 1069 1735 1124 terrenis
1756 1067 1836 1124 vi-

235 1159 483 1216 secribus
505 1159 735 1228 inclusa,
759 1168 814 1216 et
845 1159 966 1216 tabe
987 1161 1236 1231 corporis
1260 1158 1539 1231 impedita,
1569 1170 1662 1216 aut
1686 1174 1838 1216 com--

232 1255 580 1327 prehendere
609 1271 706 1327 per
737 1270 797 1312 se
825 1265 1022 1328 potest,
1050 1267 1142 1312 aut
1189 1272 1382 1328 capere
1402 1259 1707 1325 veritatem,
1735 1256 1836 1312 nisi

231 1350 453 1408 aliunde
478 1351 753 1408 doceatur.
788 1354 858 1407 Et
896 1353 942 1408 si
972 1353 1209 1409 maxime
1239 1351 1431 1424 possit,
1456 1368 1721 1409 summam
1755 1362 1837 1408 ta-

230 1460 357 1501 men
384 1446 637 1502 virtutem
667 1461 865 1518 capere
906 1455 1162 1518 nequeat,
1193 1456 1248 1504 et
1289 1448 1539 1504 omnibus
1569 1448 1718 1506 vitiis
1745 1463 1837 1505 re-

227 1538 448 1607 sistere,
481 1554 712 1608 quorum
738 1537 962 1595 materia
990 1541 1043 1595 in
1075 1540 1376 1597 visceribus
1403 1542 1730 1598 continetur.
1756 1541 1837 1597 Eo

225 1629 314 1696 ﬁt,
338 1639 398 1686 ut
433 1638 682 1688 terrenus
729 1632 918 1688 doctor
945 1632 1216 1704 perfectus
1255 1649 1378 1691 esse
1409 1649 1514 1690 non
1544 1636 1732 1706 possit.
1767 1635 1839 1692 At

223 1738 363 1780 vero
393 1724 652 1789 caelestis,
684 1725 772 1781 cui
801 1726 1083 1782 scientiam
1127 1726 1406 1794 divinitas,
1457 1725 1707 1784 virtutem
1739 1729 1838 1783 im-

1941 521 2166 577 peccare
2198 505 2331 570 ;sed
2360 505 2566 570 vincor;
2596 504 2815 560 indutus
2836 519 2954 560 sum
2983 503 3124 559 enim
3149 519 3311 560 carne
3343 505 3541 578 fragili,

1940 607 1995 656 et
2018 599 2289 656 imbecilla
2323 598 2479 666 ;haec
2529 607 2634 666 est,
2659 613 2778 669 quae
2826 597 3179 668 concupiscit,
3209 615 3327 669 quae
3355 600 3547 656 irasci-

1943 709 2050 768 tur,
2083 716 2202 771 quae
2226 699 2396 766 dolet,
2419 714 2539 771 qua:
2560 697 2699 753 mori
2726 698 2898 752 timet.
2922 695 3107 767 Itaque
3135 695 3304 751 ducor
3321 697 3540 766 invitus,

1941 806 1997 851 et
2027 809 2216 867 pecco,
2233 810 2342 851 non
2370 794 2492 866 quia
2515 791 2658 861 volo,
2677 791 2771 848 sed
2802 793 2924 862 quia
2951 806 3135 862 cogor.
3167 789 3354 848 Sentio
3379 805 3468 848 me
3488 799 3543 848 et

1941 888 2058 959 ipse
2088 903 2316 959 peccare
2345 906 2357 943 :
2390 887 2485 944 sed
2515 886 2810 943 necessitas
2840 885 3148 957 fragilitatis
3178 885 3427 958 impellit,
3453 887 3541 943 cui

1941 996 2244 1053 repugnare
2289 997 2396 1038 non
2447 994 2690 1052 possum.
2748 978 2887 1049 Quid
2936 978 3002 1034 ad
3048 978 3165 1035 haec
3195 979 3543 1052 respondebit

1939 1086 2246 1150 praeceptor
2270 1075 2360 1132 ille
2376 1074 2635 1146 justitiae?
2651 1072 2923 1146 quomodo
2949 1071 3247 1128 confutabit
3271 1088 3334 1130 ac
3355 1073 3541 1130 redar-

1940 1183 2068 1246 guet
2098 1173 2395 1240 hominem,
2425 1171 2515 1244 qui
2543 1169 2756 1227 delictis
2783 1167 2895 1224 suis
2933 1166 3332 1225 excusationem
3362 1167 3540 1224 carnis

1941 1266 2222 1333 obtendet,
2247 1266 2350 1322 nisi
2377 1274 2433 1321 et
2459 1267 2572 1337 ipse
2599 1279 2764 1321 carne
2808 1262 2970 1319 fuerit
3000 1262 3237 1330 indutus,
3268 1274 3326 1318 ut
3348 1271 3537 1320 osten-

1941 1361 2053 1429 dat,
2084 1363 2245 1417 etiam
2285 1375 2504 1416 carnem
2528 1373 2689 1432 posse
2715 1372 2910 1429 capere
2930 1357 3182 1413 virtutem
3200 1356 3223 1410 ?
3241 1356 3538 1413 Contuma-

1940 1455 2021 1510 cia
2048 1455 2192 1510 enim
2216 1453 2468 1525 redargui
2497 1466 2605 1508 non
2633 1461 2834 1522 potest,
2864 1449 2965 1505 nisi
2987 1448 3260 1520 exemplo.
3287 1448 3420 1505 Nam
3451 1449 3542 1506 ha-

1941 1545 2071 1602 bere
2115 1563 2222 1603 non
2252 1554 2494 1617 possunt,
2538 1561 2657 1616 qua:
2711 1544 2928 1608 doceas,
2963 1542 3288 1607 firmitatem,
3343 1542 3446 1599 nisi
3477 1557 3541 1600 ea

1940 1639 2089 1711 prior
2117 1638 2343 1707 feceris;
2371 1639 2492 1709 quia
2521 1645 2711 1693 natura
2738 1635 3014 1692 hominum
3036 1635 3290 1708 proclivis
3311 1635 3364 1691 in
3387 1637 3538 1704 vitia,

1940 1731 2115 1788 videri
2137 1730 2254 1786 vult
2280 1745 2390 1786 non
2422 1730 2584 1786 modo
2610 1745 2731 1787 cum
2775 1729 2955 1796 venia,
2997 1728 3092 1785 sed
3115 1730 3279 1785 etiam
3309 1744 3430 1785 cum
3453 1745 3543 1785 ra-

222 1817 532 1872 mortalitas
559 1817 761 1885 tribuit,
793 1819 847 1874 in
877 1818 1124 1875 docendo
1165 1835 1398 1891 quoque,
1424 1821 1565 1877 sicut
1592 1821 1644 1876 in
1671 1830 1834 1877 caete-
1866 1807 1916 1869 Β
1945 1824 2089 1881 tione
2118 1839 2368 1896 peccare.
2395 1823 2621 1895 Oportet
2670 1824 2986 1896 magistrum
3015 1823 3402 1894 ductoremque
3429 1824 3542 1879 vir-

228 1911 385 1979 teris,
419 1910 689 1982 perfectus
716 1921 771 1969 et
811 1923 1220 1970 consummatus
1255 1916 1324 1971 sit
1354 1930 1578 1972 necesse
1633 1926 1735 1973 est.
1767 1919 1836 1972 At

219 2002 274 2058 id
316 2004 536 2059 omnino
557 2002 676 2060 ﬁeri
725 2019 832 2062 non
861 2015 1057 2076 potest,
1088 2007 1192 2061 nisi
1235 2008 1464 2064 mortale
1494 2008 1596 2064 sibi
1639 2024 1836 2080 corpus

220 2104 489 2151 assumat.
513 2095 619 2152 Cur
647 2105 826 2153 autem
878 2097 995 2154 ﬁeri
1021 2114 1128 2155 non
1169 2101 1358 2172 possit,
1384 2102 1521 2157 ratio
1547 2102 1692 2158 clara
1731 2113 1834 2160 est.

219 2188 365 2246 Nam
394 2191 439 2246 si
487 2193 668 2247 veniat
717 2191 785 2248 ad
841 2191 1125 2261 homines,
1168 2203 1225 2249 ut
1269 2194 1432 2260 Dens,
1461 2203 1520 2250 ut
1567 2197 1833 2266 omittam,

221 2281 374 2352 quod
417 2283 672 2338 mortales
723 2283 864 2339 oculi
908 2285 1208 2342 claritatem
1239 2287 1536 2357 majestatis
1563 2288 1679 2358 ejus
1704 2304 1836 2345 con-

221 2375 442 2444 spicere
465 2389 528 2431 ac
551 2376 818 2432 sustinere
844 2391 950 2432 non
991 2387 1234 2447 possunt,
1256 2380 1370 2449 ipse
1393 2389 1542 2436 certe
1566 2381 1708 2438 Deus
1730 2383 1838 2438 vir-

220 2477 401 2524 tutem
425 2469 619 2526 docere
637 2485 743 2526 non
768 2471 986 2542 poterit,
1010 2472 1135 2543 quia
1149 2487 1345 2543 expers
1361 2476 1603 2546 corporis
1632 2492 1737 2534 non
1758 2477 1839 2532 fa-

220 2562 359 2630 ciet,
375 2577 497 2633 quae
514 2563 748 2630 docebit,
766 2579 829 2620 ac
845 2580 941 2636 per
953 2564 1058 2622 hoc
1074 2565 1318 2623 doctrina
1334 2569 1453 2639 ejus
1472 2570 1704 2640 perfecta
1732 2587 1837 2628 non

221 2656 355 2711 erit.
387 2656 602 2728 Alioqui
648 2657 696 2714 si
724 2673 933 2714 summa
957 2659 1127 2716 virtus
1155 2671 1258 2729 est,
1292 2662 1536 2720 dolorem
1569 2666 1841 2736 patienter

220 2747 554 2818 projustitia
592 2748 884 2821 officioque
911 2750 1180 2821 perferre,
1212 2753 1258 2808 si
1288 2755 1457 2811 virtus
1481 2767 1587 2825 est,
1611 2767 1838 2815 mortem

222 2841 406 2912 ipsam
448 2851 503 2898 et
526 2841 844 2900 intentatam
873 2859 978 2901 non
1011 2855 1276 2916 metuere,
1309 2859 1365 2904 et
1397 2849 1598 2905 illatam
1631 2850 1842 2909 fortiter

218 2937 536 3004 sustinere;
569 2938 730 2994 debet
754 2953 883 3012 ergo
909 2941 1101 2997 doctor
1129 2941 1220 2999 ille
1248 2943 1541 3014 perfectus,
1567 2957 1622 3003 et
1646 2947 1842 3004 docere

218 3030 333 3086 ista
370 3029 756 3102 praecipiendo,
772 3043 828 3090 et
851 3034 1173 3092 conﬁrmare
1191 3037 1437 3096 faciendo
1458 3056 1474 3107 ;
1495 3040 1618 3111 quia
1640 3042 1730 3113 qui
1750 3042 1843 3098 dat

233 3137 516 3198 prmcepta
561 3127 799 3195 vivendi,
851 3139 1133 3200 amputare
1169 3132 1346 3188 'debct
1373 3135 1613 3190 omnium
1643 3151 1840 3192 excusa

225 3221 442 3276 tionum
474 3223 609 3290 vias,
641 3233 700 3278 ut
744 3221 988 3295 imponat
1017 3225 1324 3283 hominibus
1348 3228 1572 3300 parendi
1603 3231 1842 3287 necessi-
1869 3200 1915 3266 Ο

224 3324 428 3378 tatem,
460 3331 566 3372 non
593 3317 648 3372 vi
693 3317 892 3390 aliqua,
931 3318 1024 3375 sed
1057 3320 1283 3390 pudore,
1313 3330 1369 3378 et
1394 3331 1571 3380 tamen
1621 3323 1841 3380 liberta-

225 3421 339 3466 tem
371 3411 663 3483 relinquat,
695 3420 753 3468 ut
781 3423 835 3469 et
858 3414 1142 3486 praemium
1173 3415 1618 3474 sitconstitutum
1642 3433 1839 3490 paren-

224 3503 400 3572 tibus,
431 3502 558 3574 quia
611 3512 864 3575 poterant
906 3520 1014 3561 non
1071 3522 1285 3578 parere,
1313 3509 1356 3563 si
1388 3508 1612 3576 vellent,
1639 3518 1693 3566 et
1732 3525 1838 3567 non

219 3597 551 3668 parentibus
602 3612 784 3669 ptena,
818 3599 943 3670 quia
988 3608 1236 3669 poterant
1263 3585 1475 3671 parere,
1507 3602 1553 3657 si
1603 3603 1832 3658 vellent.

221 3689 521 3761 Quomodo
549 3706 676 3765 ergo
701 3692 902 3764 poterit
927 3693 1196 3765 amputari
1223 3695 1521 3759 excusatio,
1539 3695 1641 3752 nisi
1668 3705 1727 3752 ut
1748 3696 1839 3767 qui

221 3782 413 3854 docet,
451 3784 610 3842 faciat
636 3801 755 3857 quae
784 3785 963 3850 docet,
994 3795 1049 3842 et
1089 3785 1135 3841 si
1165 3787 1316 3857 quasi
1365 3788 1620 3858 praevius,
1640 3796 1694 3843 et
1723 3803 1841 3843 ma-

222 3893 361 3933 num
396 3877 637 3948 porrigat
687 3879 984 3934 secuturo?
1039 3878 1496 3950 quemadmodum
1524 3888 1703 3936 autem
1745 3895 1841 3952 po-

224 3980 338 4028 test
369 3969 550 4028 facere
580 3987 700 4042 quae
729 3973 911 4040 docet,
944 3973 990 4028 si
1013 3987 1121 4028 non
1151 3973 1221 4029 sit
1245 3974 1439 4030 similis
1469 3977 1518 4030 ei
1547 3989 1706 4046 quem
1740 3975 1842 4032 do-

222 4074 313 4122 cet
341 4065 368 4120 ?
397 4063 532 4121 Nam
586 4065 633 4122 si
686 4066 822 4122 nulli
852 4066 1128 4138 subjectus
1185 4068 1257 4124 sit
1300 4069 1763 4142 passioni,potest
1790 4072 1841 4128 ei

1941 1922 2070 1976 tutis
2091 1920 2296 1976 homini
2325 1919 2654 1975 simillimum
2694 1918 2831 1984 ﬁeri,
2859 1927 2920 1973 ut
2941 1916 3206 1973 vincendo
3236 1924 3540 1988 peccatum,

1939 2012 2132 2068 doceat
2165 2011 2441 2068 hominem
2460 2011 2600 2067 vinci
2627 2011 2693 2067 ab
2719 2026 2785 2067 eo
2806 2024 2965 2082 posse
2994 2019 3294 2080 peccatum.
3328 2009 3387 2066 Si
3413 2023 3542 2066 vero

1940 2107 2011 2161 sit
2043 2106 2362 2161 immortalis
2387 2149 2402 2173 ,
2442 2106 2750 2175 exemplum
2782 2119 3086 2174 proponere
3140 2103 3342 2160 homini
3390 2103 3542 2160 nullo

1940 2199 2103 2257 modo
2128 2209 2323 2271 potest.
2351 2200 2560 2255 Existet
2583 2199 2725 2255 enim
2755 2208 3010 2254 constans
3041 2198 3254 2269 aliquis,
3274 2214 3336 2254 ae
3363 2199 3540 2256 dicet:

1940 2291 2020 2348 Tu
2044 2293 2261 2365 quidem
2285 2307 2391 2348 non
2421 2307 2634 2363 peccas,
2667 2291 2789 2363 quia
2821 2289 2956 2346 liber
2980 2306 3040 2348 es
3067 2291 3135 2346 ab
3157 2291 3262 2348 hoc
3289 2306 3540 2364 corpore;

1942 2404 2048 2444 non
2112 2387 2475 2459 concupiscis,
2528 2388 2650 2458 quia
2709 2387 2995 2443 immortali
3042 2386 3173 2442 nihil
3221 2396 3306 2443 est
3354 2403 3543 2444 neces-

1942 2481 2164 2536 sarium.
2201 2480 2329 2536 Mihi
2378 2495 2510 2537 vero
2553 2478 2737 2535 multis
2789 2479 2952 2536 rebus
2999 2494 3136 2550 opus
3162 2487 3265 2548 est,
3295 2489 3355 2536 ut
3390 2489 3544 2538 tuear

1944 2575 2084 2630 hanc
2113 2575 2298 2630 vitam.
2333 2573 2558 2629 Mortem
2589 2589 2696 2629 non
2720 2574 2898 2641 times,
2921 2573 3044 2644 quia
3061 2573 3242 2630 valere
3268 2574 3322 2630 in
3353 2584 3404 2631 te
3431 2590 3541 2632 non

1944 2675 2141 2739 potest.
2174 2667 2426 2723 Dolorem
2454 2667 2781 2730 contemnis,
2810 2666 2932 2737 quia
2955 2665 3155 2722 nullam
3185 2667 3290 2722 vim
3321 2667 3427 2738 pati
3449 2683 3546 2738 po-

1945 2775 2045 2818 tes.
2072 2761 2143 2818 At
2168 2777 2268 2831 ego
2309 2760 2554 2816 mortalis
2583 2770 2872 2832 utrumque
2901 2760 3086 2827 timeo,
3115 2762 3238 2833 quia
3270 2763 3542 2820 cruciatus

1944 2853 2078 2910 mihi
2106 2854 2456 2926 gravissimos
2487 2852 2728 2909 inferunt
2752 2895 2766 2917 ,
2810 2869 2946 2924 quos
2976 2854 3212 2910 tolerare
3253 2856 3433 2911 carnis
3460 2856 3542 2911 in-

1948 2945 2174 3002 ﬁrmitas
2202 2961 2309 3002 non
2337 2955 2534 3017 potest.
2560 2946 2759 3002 Doctor
2780 2945 2960 3016 itaque
2986 2945 3201 3001 virtutis
3221 2946 3381 3002 etiam
3407 2947 3545 3004 hanc

1945 3041 2349 3096 excusationem
2405 3039 2592 3095 debuit
2636 3038 2945 3095 hominibus
2993 3040 3245 3106 auferre;
3276 3057 3344 3096 ne
3399 3043 3542 3111 quis,

1946 3133 2088 3204 quod
2120 3141 2324 3203 peccat,
2355 3132 2662 3189 necessitati
2690 3132 2866 3202 potius
2886 3132 3176 3196 adscribat,
3197 3149 3354 3204 quam
3373 3136 3546 3206 culpa:

1947 3241 2079 3282 suae.
2136 3225 2281 3296 Ergo
2327 3234 2386 3280 ut
2417 3224 2688 3296 perfectus
2742 3240 2864 3281 esse
2909 3226 3098 3296 possit,
3130 3227 3261 3282 nihil
3307 3231 3355 3284 ei
3386 3229 3548 3285 debet

1947 3317 2146 3389 opponi
2173 3318 2242 3374 ab
2271 3333 2338 3374 eo
2366 3317 2458 3388 qui
2504 3317 2782 3374 docendus
2808 3327 2890 3373 est
2920 3335 2934 3383 ;
2971 3327 3027 3373 ut
3051 3318 3095 3372 si
3123 3316 3263 3375 forte
3307 3319 3504 3377 dixerit
3529 3335 3542 3376 :

1947 3411 2284 3484 lmpossbilia
2318 3411 2566 3481 principis
2598 3428 2612 3477 ;
2644 3409 2974 3480 respondeat
3001 3427 3014 3462 :
3047 3409 3190 3466 Ecce
3222 3410 3339 3481 ipse
3387 3411 3546 3466 facio.

1947 3507 2018 3562 At
2072 3519 2173 3577 ego
2216 3519 2380 3560 carne
2434 3501 2653 3558 indutus
2700 3518 2840 3568 sum,
2871 3501 3024 3574 cujus
3053 3511 3137 3558 est
3166 3518 3390 3574 peccare
3419 3519 3545 3574 pro-

1949 3600 2149 3672 prium.
2180 3597 2252 3654 Et
2277 3613 2378 3670 ego
2402 3595 2649 3655 eamdem
2675 3611 2894 3652 carnem
2925 3612 3057 3668 gero
3083 3615 3098 3664 ;
3130 3607 3184 3654 et
3212 3608 3392 3654 tamen
3421 3614 3541 3670 pec-

1942 3704 2118 3754 catum
2149 3693 2201 3748 in
2229 3707 2318 3747 me
2345 3707 2453 3746 non
2492 3689 2819 3746 dominatur.
2845 3689 2975 3744 Mihi
3021 3705 3152 3762 opes
3193 3699 3546 3751 contemnere

1943 3789 2165 3846 difficile
2193 3795 2297 3853 est,
2329 3785 2451 3858 quia
2478 3785 2589 3840 vivi
2637 3785 2792 3840 aliter
2841 3799 2948 3840 non
2998 3792 3178 3855 potest
3209 3785 3260 3839 in
3291 3783 3392 3840 hoc
3416 3801 3542 3840 cor.

1942 3899 2094 3956 pore.
2120 3882 2261 3937 Ecce
2281 3889 2334 3937 et
2362 3879 2494 3934 mihi
2523 3893 2722 3950 corpus
2751 3886 2834 3934 est
2858 3895 2873 3945 ;
2905 3887 2960 3934 et
3003 3887 3179 3933 tamen
3213 3894 3391 3950 pugno
3414 3893 3546 3935 con-

1943 3987 2024 4033 tra
2054 3989 2270 4031 omnem
2293 3971 2658 4043 cupiditatem.
2684 3970 2801 4027 Non
2829 3986 3045 4041 possum
3079 3987 3178 4042 pro
3203 3971 3410 4043 justitia
3443 3988 3545 4030 nec

1945 4069 2190 4127 dolorem
2217 4067 2379 4136 ferre,
2405 4080 2506 4122 nec
2551 4073 2803 4134 mortem,
2833 4066 2954 4136 quia
3001 4065 3206 4137 fragilis
3235 4081 3378 4125 sum.
3405 4067 3547 4125 Ecce

1583 4185 1944 4247 VARIORUM
1980 4185 2210 4244 NOTJE.

301 4299 432 4356 Nisi
455 4299 665 4374 aliunde
705 4300 964 4356 doceatur.
999 4299 1135 4374 Quia
1171 4315 1301 4374 caro
1329 4309 1384 4357 et
1413 4302 1652 4372 sanguis,
1677 4303 1832 4374 juxta

220 4371 518 4444 Christum
536 4372 732 4443 ipsum,
752 4387 857 4426 non
888 4372 1091 4444 revelat
1115 4373 1271 4427 nobis
1294 4371 1571 4444 mysteria.

299 4409 732 4500 sarissas:
753 4409 904 4499 ἵᾶὶὶίὶ
917 4409 1091 4500 Ἠέἑέἱ
1107 4409 1488 4500 ἰὶἴὲὸῖἱίὸῖιῖῑῖἶ
1503 4409 1638 4501 Elin.
1665 4445 1828 4514 1476,
1857 4409 1912 4468 Β

222 4516 404 4580 1497,
426 4515 569 4572 1515
586 4524 640 4570 et
667 4514 829 4570 1515.

300 4587 378 4644 Et
427 4596 596 4643 tamen
643 4587 956 4652 libertatem,
1010 4595 1113 4642 etc.
1146 4586 1355 4642 Tribuit
1397 4587 1566 4644 libero
1606 4587 1834 4645 arbitrio

222 4660 379 4732 quod
412 4659 668 4728 competit
699 4677 713 4732 ς
741 4667 798 4713 at
849 4659 968 4713 sine
996 4658 1181 4714 divino
1225 4657 1425 4732 auxilio
1474 4677 1580 4717 non
1610 4670 1835 4730 possunt

222 4729 488 4787 homines
517 4731 714 4786 mereri
742 4731 906 4785 vitam
926 4739 1204 4784 aeternam.
1234 4729 1421 4800 Neque
1448 4733 1591 4786 enim
1611 4729 1835 4800 peccata

220 4807 523 4869 vincimus,
544 4801 665 4873 quia
692 4800 940 4857 Christus
968 4802 1270 4871 exemplum
1300 4810 1402 4868 est,
1421 4802 1518 4858 sed
1543 4804 1664 4873 quia
1695 4803 1837 4858 vires

221 4875 442 4946 praebet
471 4891 483 4927 :
513 4875 613 4929 nisi
637 4872 883 4946 fortassis
901 4872 1713 4946 perimanuumiporrectio’nem,
1736 4876 1838 4930 vir-

221 4944 404 5002 tutem
429 4946 650 5017 Spiritus
671 4944 869 5000 Christi
895 4945 1192 5015 intelligere
1210 4945 1362 5000 velis.

302 5017 377 5071 Et
410 5034 510 5072 non
557 5017 851 5088 parentibus
893 5032 1062 5084 poma,
1091 5018 1217 5088 quia
1267 5025 1498 5087 poterant
1539 5033 1741 5087 parere,
1793 5019 1837 5072 si

221 5091 442 5145 vellent.
473 5087 674 5145 DeSuut
723 5091 836 5144 hrec
859 5090 1019 5143 verba
1074 5089 1124 5142 in
1161 5087 1229 5142 l2
1257 5103 1416 5143 manu
1461 5090 1698 5144 exaratis
1727 5091 1838 5146 ct'5

221 5163 516 5231 impressis
549 5179 563 5215 :
595 5159 690 5216 sed
722 5160 972 5215 videntur
998 5160 1331 5215 necessaria.

304 5230 440 5299 Qua:
475 5233 737 5304 irascitur,
770 5247 884 5304 quae
930 5231 1085 5304 dolet,
1116 5246 1230 5300 qua:
1258 5231 1574 5304 morijimet.
1605 5230 1730 5287 Haec
1759 5231 1837 5288 leo

224 5305 345 5360 ctio
375 5312 458 5359 est
499 5319 630 5359 mss.
666 5302 900 5367 Bonam,
943 5303 1291 5374 Regiol’uu,
1320 5305 1352 5358 6
1379 5302 1534 5374 Colb.
1568 5303 1835 5358 aliorum-

221 5392 342 5447 que
372 5375 761 5448 plurimorum,
795 5385 850 5448 et
900 5377 967 5430 14
985 5373 1351 5448 vulgatorum.
1383 5373 1498 5448 Ini
1535 5374 1670 5448 Reg.
1699 5374 1840 5429 anti-

223 5446 520 5519 quissimo,
539 5456 594 5503 et
622 5447 675 5502 in
700 5447 805 5503 alio
828 5446 958 5503 item
984 5446 1156 5519 Regio
1173 5454 1278 5519 est,
1304 5461 1418 5516 qua:
1442 5446 1711 5519 irascitur1
1727 5461 1842 5516 quae

222 5516 432 5584 dolere,
462 5535 576 5589 quae
599 5520 731 5573 mori
752 5520 910 5575 timet.
940 5519 997 5573 In
1029 5517 1191 5573 editis
1219 5516 1439 5582 Thom.,
1461 5517 1655 5589 Thys.,
1675 5517 1838 5584 Gall.,

221 5605 356 5662 quia
382 5591 552 5658 irasci,
577 5607 692 5662 qua:
736 5591 892 5656 dolet,
943 5589 1225 5656 mendose,
1263 5598 1596 5661 repugnante
1648 5589 1843 5645 verbo-

222 5677 362 5718 rum
385 5678 544 5717 nexu.

306 5733 495 5802 Itaque
519 5734 680 5789 ducor
722 5734 930 5799 invitus,
959 5741 1066 5790 etc.
1096 5731 1258 5803 Atqui
1308 5732 1411 5788 hoc
1456 5732 1618 5788 etiam
1644 5731 1843 5788 Paulus

220 5805 610 5876 conqueritur.
657 5805 747 5861 Sic
789 5806 934 5861 enim
984 5804 1050 5860 ad
1104 5805 1388 5862 Romanos
1420 5804 1597 5875 capite
1621 5819 1717 5874 vtt,
1752 5805 1836 5872 15,

526 5902 805 5968 Parnm.
836 5901 941 5963 Vl.

1935 4300 2156 4357 scribit:
2184 4297 2306 4353 Non
2350 4299 2485 4354 enim
2513 4297 2651 4364 quod
2698 4297 2812 4352 volo
2853 4299 3062 4364 bonum,
3114 4298 3208 4352 hoc
3246 4300 3381 4430 ﬂacio
3409 4301 3540 4354 :sed

1936 4372 2073 4430 ouod
2097 4371 2183 4426 odi
2226 4370 2438 4430 malum,
2472 4370 2567 4424 hoc
2589 4370 2743 4430 facio.
2773 4367 2927 4424 Velle
2946 4369 3162 4430 quidem
3193 4371 3237 4425 si
3281 4371 3295 4425 i
3321 4371 3534 4430 adesse.

1936 4372 2073 4444 quod
2097 4371 2183 4426 odi
2226 4370 2438 4444 malum,
2472 4370 2567 4444 hoc
2589 4370 2743 4444 facio.
2773 4367 2927 4424 Velle
2946 4369 3162 4444 quidem
3193 4367 3295 4430 sibi
3321 4371 3534 4444 adesse,

1941 4438 1997 4499 ut
2038 4443 2198 4498 faciat
2225 4442 2449 4503 bonum,
2470 4443 2566 4496 sed
2589 4438 2911 4496 facultatem
2943 4438 3169 4496 faciendi
3201 4443 3251 4497 in
3272 4443 3384 4497 suis
3412 4438 3541 4496 viri-

1940 4515 2039 4571 hus
2068 4529 2174 4570 non
2216 4513 2537 4583 reperiebat.
2583 4511 2691 4568 Sed
2718 4527 2838 4582 cap.
2889 4514 3158 4582 sequenti,
3186 4530 3241 4570 v.
3270 4515 3304 4569 5
3336 4531 3348 4567 :
3386 4513 3537 4581 Quod

1937 4585 2250 4656 impossibile
2273 4595 2385 4639 erat
2421 4584 2520 4656 legi
2566 4583 2620 4637 in
2645 4600 2744 4654 quo
2768 4583 3127 4652 inﬁrmabatur
3156 4602 3246 4656 per
3291 4601 3494 4639 carnem
3516 4625 3531 4649 ,

1940 4655 2079 4713 Deus
2110 4655 2309 4711 Filium
2331 4672 2476 4711 suum
2511 4656 2712 4710 mittens
2739 4656 2790 4709 in
2812 4655 3200 4710 similitudinem
3218 4658 3388 4710 carnis
3409 4673 3532 4726 pec-

1937 4731 2056 4794 cati,
2087 4739 2132 4784 et
2157 4728 2218 4783 de
2241 4736 2446 4797 peccato
2473 4726 2733 4781 damnavit
2759 4737 3020 4799 peccatum
3042 4729 3093 4781 in
3120 4744 3292 4795 carne,
3322 4736 3429 4782 etc.

2013 4799 2835 4868 Confutabit.Manuscriptorum
2890 4808 2973 4854 est
3023 4809 3075 4854 et
3132 4799 3262 4855 edit.
3298 4799 3528 4855 Tornes.
3589 4858 3592 4863 ,

1939 4872 2227 4944 Refutabit,
2261 4870 2418 4944 unius
2443 4868 2612 4944 Colb.‘
2629 4880 2688 4944 et,
2711 4871 2998 4944 editorum.

2018 4939 2229 4998 Homini
2245 4943 2558 4996 simillimum
2578 4942 2709 5010 ﬁeri.
2729 4942 2856 4996 Mss.
2885 4942 2917 4997 9
2937 4951 2989 4996 et
3007 4939 3158 5006 editi,
3179 4941 3438 4995 hominum
3461 4943 3531 4996 si-

1942 5016 2231 5070 millimum.
2257 5015 2282 5068 1
2315 5013 2522 5084 Bonon.
2549 5014 2745 5084 antiq.,
2769 5012 2933 5078 Ullt‘.,
2953 5013 3168 5068 hominis
3189 5013 3527 5069 simillimum.

1940 5087 2088 5151 Jun.,
2125 5086 2319 5140 homini
2345 5083 2583 5139 similent.

2015 5159 2283 5214 Constans.
2317 5157 2372 5210 Id
2405 5165 2506 5219 est,
2541 5155 2783 5225 pertinax
2835 5165 2890 5212 et
2942 5170 3296 5226 perseverans
3351 5156 3402 5211 in
3437 5171 3532 5212 sua

1941 5230 2213 5300 opinione,
2241 5243 2398 5298 quam
2431 5236 2776 5298 opposuerat.

2018 5301 2153 5368 Quia
2180 5300 2277 5355 vivi
2303 5301 2453 5353 aliter
2482 5316 2582 5352 non
2613 5309 2771 5367 potest
2798 5299 2852 5353 in
2883 5298 2977 5352 hoc
3004 5314 3240 5368 corpore.
3274 5299 3531 5355 Additum

1942 5373 2061 5436 vivi,
2084 5371 2224 5443 quod
2246 5371 2429 5426 deerat
2459 5370 2695 5440 pluribus
2722 5370 2899 5426 editis.
2925 5371 2981 5425 In
3011 5387 3111 5426 ms.
3143 5371 3261 5426 Em.
3290 5381 3393 5439 est,
3416 5374 3534 5444 quia

1943 5446 2104 5500 vivere
2123 5446 2271 5498 aliter
2298 5459 2398 5496 non
2429 5458 2653 5512 possunt.

2021 5515 2201 5586 Neque
2225 5515 2480 5586 hominem
2507 5517 2727 5586 perfecta
2755 5513 2986 5586 doctrina
3012 5529 3120 5586 esse
3146 5531 3310 5585 posse.
3340 5515 3468 5572 Mss.
3495 5516 3532 5570 2

1943 5584 2126 5652 Colb.,
2151 5585 2395 5656 Q~Lips.,
2428 5585 2462 5638 Ξ
2511 5585 2742 5640 Claram.
2778 5593 2832 5639 et
2876 5584 3004 5640 edit.
3035 5585 3262 5641 Tornes.
3308 5587 3529 5653 habent,

1945 5659 2181 5730 ρει-[θείω
2207 5658 2493 5730 docti-inte;
2547 5657 2732 5727 illeg.
2779 5658 2954 5730 antiq.
2985 5668 3038 5712 et
3083 5657 3200 5712 Em.
3255 5662 3534 5729 perfectum

1945 5727 2219 5794 doctrina;
2279 5729 2305 5783 1
2359 5727 2596 5802 Colbert.
2649 5729 2848 5802 homini
2891 5733 3165 5802 perfectam
3216 5727 3534 5786 doctrinam.

2021 5802 2181 5876 (Vide
2205 5803 2342 5873 infra
2365 5800 2468 5855 col.
2500 5801 2626 5873 525,
2656 5799 2753 5857 lin.
2790 5799 2907 5870 12.)

2954 5895 3024 5959 17
