4038 6358
259 313 362 373 525

1186 316 1393 377 LIBER
1429 318 1518 377 IV.
1561 317 1653 375 DE
1697 312 1885 374 VERA
1923 308 2288 373 SAPIENTIA
2322 311 2411 373 ΕΤ
2449 310 2677 373 RELIG.

3456 320 3564 383 826

257 444 524 503 aeternus;
553 448 681 493 caro
708 437 966 508 quoniam
998 446 1215 494 terrena
1244 448 1351 506 est,
1382 437 1616 509 ideoque
1644 443 1851 492 morta-
1878 433 1929 493 A
1956 427 2215 487 dentibus
2254 428 2508 491 reddidit.
2540 430 2610 486 Et
2638 429 2743 486 hoc
2781 427 2922 489 iacto
2950 429 3289 502 signiﬁcabat
3318 432 3470 504 fore,
3499 447 3560 497 ut

258 530 342 597 lis,
381 529 688 602 copulatum
719 530 824 586 sibi
853 530 1105 601 spiritum
1135 530 1302 588 trahit
1332 545 1539 596 secum,
1570 531 1718 586 etab
1746 529 1851 584 im-

255 622 583 678 mortalitate
626 622 773 679 ducit
811 622 879 679 ad
923 632 1180 679 mortem.
1216 623 1360 695 Ergo
1399 624 1623 695 spiritus
1668 622 1853 678 carnis

254 729 449 786 expers
464 715 574 771 dux
594 730 718 772 esse
735 715 939 772 homini
957 717 1025 773 ad
1048 717 1509 775 immortalitatem
1525 716 1673 772 nullo
1696 724 1856 785 pacto

255 820 501 883 putent:
531 812 787 882 quoniam
830 826 960 867 caro
988 811 1210 883 impedit
1253 812 1540 883 spiritum,
1565 811 1853 882 quominus

253 901 425 961 Deum
451 916 729 977 sequatur.
760 905 858 961 Est
879 906 1030 962 enim
1049 905 1275 977 fragilis,
1304 915 1360 962 et
1386 905 1631 976 subjecta
1660 918 1854 974 pecca-

253 1008 312 1057 to
344 1017 359 1052 :
388 1008 671 1072 peceatum
699 1007 887 1055 autem
913 1000 1170 1071 pabulum
1199 1000 1391 1055 mortis
1418 1008 1524 1055 est.
1568 997 1752 1070 Itaque
1773 998 1852 1052 id-

247 1094 399 1150 circo
449 1091 715 1148 mediator
762 1089 1009 1159 advenit,
1065 1090 1119 1146 id
1167 1100 1251 1146 est
1291 1090 1435 1146 Deus
1465 1090 1521 1146 in
1566 1104 1769 1155 carne,
1798 1097 1857 1145 ut

247 1202 383 1244 caro
410 1201 534 1242 eum
563 1185 718 1257 sequi
744 1195 962 1256 posset,
991 1193 1046 1241 et
1080 1184 1322 1255 eriperet
1350 1184 1513 1240 morti
1545 1183 1851 1251 hominem,

248 1282 414 1352 cujus
433 1288 524 1336 est
549 1279 850 1336 dominatio
880 1280 935 1334 in
961 1293 1202 1335 carnem.
1226 1277 1356 1335 Ideo
1385 1292 1550 1333 carne
1573 1292 1632 1333 se
1655 1276 1846 1343 induit,

251 1384 316 1431 ut
346 1372 633 1430 desideriis
657 1372 836 1429 carnis
857 1371 1143 1437 edomitis,
1174 1371 1400 1428 doceret
1420 1386 1526 1427 non
1558 1371 1856 1426 necessita-

249 1466 325 1520 tis
371 1478 498 1523 esse
528 1478 775 1534 peccare,
821 1463 918 1520 sed
968 1463 1232 1535 propositi
1276 1478 1340 1519 ac
1378 1462 1700 1519 voluntatis.
1732 1461 1851 1518 Una

248 1561 404 1618 enim
436 1559 623 1625 nobis,
657 1567 714 1615 et
736 1573 958 1630 magna,
989 1568 1045 1614 et
1074 1557 1348 1629 praecipua
1391 1572 1513 1614 cum
1540 1571 1707 1613 carne
1739 1556 1855 1613 luc-

248 1653 423 1709 tatio:
459 1651 616 1723 cujus
657 1651 886 1707 infinita
912 1649 1243 1722 cupiditates
1277 1660 1534 1721 premunt
1573 1650 1851 1714 animam,

245 1764 360 1806 nec
382 1747 683 1804 dominium
712 1747 949 1804 retinere
979 1745 1261 1817 patiuntur
1287 1761 1302 1803 :
1328 1744 1427 1801 sed
1461 1758 1580 1801 eam
1601 1743 1855 1815 volupta-

1959 536 2254 578 conversus
2280 521 2349 576 ad
2370 534 2561 592 gentes
2581 537 2702 593 quae
2727 522 2895 578 Deum
2921 524 3265 593 nesciebant,
3298 527 3562 599 insipien-

1960 615 2090 671 tium
2114 624 2331 685 pectora
2350 615 2676 671 illuminaret
2702 617 2822 673 luce
2851 618 3131 689 sapientiae
3151 661 3164 687 ,
3192 629 3247 677 et
3267 621 3332 677 ad
3365 624 3564 683 verita-

1960 717 2065 764 tem
2119 707 2593 780 contemplandam
2643 709 2833 767 oculos
2892 711 3076 767 cordis
3128 714 3383 785 aperiret.
3418 713 3558 773 Vere

1958 802 2103 857 enim
2131 800 2261 857 caeci
2286 810 2441 865 sunt,
2470 802 2561 872 qui
2606 801 2847 859 coelestia
2885 819 2995 859 non
3022 803 3298 875 videntes,
3325 815 3380 863 et
3409 815 3559 867 tene.

1956 892 2070 949 bris
2101 895 2418 965 ignorantiae
2447 894 2794 964 circumfusi,
2826 904 3039 953 terrena
3070 908 3124 955 et
3161 898 3370 968 fragilia
3398 916 3561 959 vene-

1957 996 2164 1041 rantur.
2196 986 2457 1041 Patefecit
2488 1002 2647 1043 aures
2674 986 2986 1045 surdorum.
3010 987 3130 1045 Non
3152 991 3337 1063 utique
3373 991 3561 1057 hacte-

1956 1096 2057 1135 nus
2082 1080 2163 1135 vis
2206 1080 2297 1136 iila
2347 1080 2586 1137 cmlestis
2632 1064 2856 1150 operata
2902 1091 2987 1138 est
3036 1102 3050 1136 :
3101 1084 3197 1140 sed
3247 1085 3562 1145 declarabat

1956 1171 2106 1229 brevi
2136 1172 2276 1241 fore,
2300 1172 2463 1244 utqui
2484 1184 2638 1228 erant
2656 1173 2899 1229 veritatis
2922 1185 3196 1245 expertes,
3216 1189 3270 1233 et
3285 1179 3557 1257 audirent,

1955 1275 2010 1321 et
2052 1265 2654 1346 intelligerentdivinas
2687 1265 2781 1321 Dei
2809 1280 2990 1323 voces.
3024 1266 3167 1325 Vere
3196 1270 3338 1325 enim
3366 1271 3560 1327 surdos

1954 1356 2180 1425 dixeris,
2204 1358 2295 1429 qui
2320 1357 2566 1414 ccelestia
2582 1364 2639 1413 et
2656 1372 2807 1425 vera,
2829 1367 2882 1414 et
2904 1356 3150 1415 facienda
3178 1375 3286 1417 non
3308 1361 3555 1420 audiunt.

1954 1450 2221 1507 Malorum
2275 1450 2484 1521 linguas
2527 1450 2583 1506 in
2638 1449 2911 1521 eloquium
2971 1452 3133 1508 solvit
3176 1452 3553 1525 admirabilis,

1955 1547 2118 1603 etiam
2164 1560 2285 1603 cum
2335 1544 2493 1601 ﬁeret
2517 1586 2533 1613 ,
2560 1544 2799 1615 potentia
2828 1561 2843 1599 :
2877 1543 2974 1601 sed
3018 1548 3191 1603 inerat
3225 1546 3351 1603 huic
3368 1548 3557 1605 virtuti

1954 1636 2424 1709 alia‘signiﬁcatio,
2454 1652 2575 1709 quae
2597 1637 2912 1695 ostenderet
2937 1654 3062 1695 mox
3088 1639 3352 1710 futurum,
3380 1652 3441 1697 ut
3468 1657 3557 1699 re-

1954 1748 2076 1790 rum
2106 1732 2411 1789 cmlestium
2439 1747 2613 1803 nuper
2640 1732 2833 1803 ignari,
2866 1740 3119 1805 percepta
3140 1734 3421 1807 sapientiai
3441 1735 3556 1795 dis-

245 1844 402 1900 tibus
425 1852 481 1898 οι
521 1841 797 1899 illecebris
832 1840 1087 1897 suavibus
1127 1838 1489 1910 mancipatam
1534 1846 1709 1894 mone
1734 1838 1854 1893 am.
1882 1828 1931 1893 B
1959 1825 2178 1897 ciplina,
2211 1826 2279 1881 de
2303 1826 2413 1883 Deo
2433 1868 2447 1894 ,
2473 1837 2528 1883 ct
2555 1826 2783 1884 veritate
2806 1826 3159 1886 dissererent.
3189 1829 3323 1886 Nam
3350 1832 3438 1902 qui
3469 1847 3558 1888 ra.-

241 1938 406 1993 eitmt
440 1936 796 2005 sempiterna.
840 1933 1048 2004 Quibus
1076 1942 1138 1989 ut
1183 1947 1485 2004 repugnare
1529 1947 1844 2003 possemus,

243 2030 397 2088 Deus
436 2030 591 2087 nobis
641 2030 788 2085 viam
846 2027 1166 2100 superanda;
1194 2026 1394 2096 carnis,
1425 2034 1481 2081 et
1501 2025 1744 2097 aperuit,
1793 2035 1851 2081 et

239 2121 508 2180 ostendit.
535 2121 667 2190 Quae
694 2122 865 2177 virtus
901 2120 1138 2191 perfecta
1164 2161 1178 2185 ,
1213 2129 1268 2176 et
1304 2119 1557 2175 omnibus
1608 2119 1850 2174 numeris

238 2214 517 2280 absoluta,
544 2228 803 2269 coronam
833 2211 1171 2268 vincentibus
1200 2221 1256 2269 et
1287 2209 1591 2267 mercedem
1623 2210 1849 2266 immor-

238 2307 478 2363 talitatis
507 2307 770 2378 impertit.

783 2418 1012 2478 CAPUT
1068 2419 1263 2477 XXVI.

233 2535 321 2593 De
343 2552 492 2592 cruce
538 2534 666 2591 Jesu
705 2544 750 2590 et
779 2534 971 2589 caeteris
998 2534 1295 2603 tormentis,
1326 2542 1372 2589 et
1403 2532 1467 2587 de
1506 2531 1639 2605 Αριιὶ
1661 2531 1845 2604 legalis

956 2628 1145 2701 ﬁgura.

304 2765 435 2822 Dixi
455 2765 525 2821 de
552 2763 888 2830 humilitate,
915 2771 971 2819 et
1002 2761 1319 2835 fragilitate,
1344 2771 1400 2819 et
1423 2764 1674 2834 passione
1695 2803 1710 2830 ,
1738 2777 1841 2820 cur

230 2860 358 2915 haec
381 2860 524 2916 Deus
550 2859 731 2916 subire
770 2859 1061 2914 maluerit:
1094 2873 1241 2914 nunc
1278 2858 1449 2929 ipsius
1493 2858 1669 2915 crucis
1698 2857 1841 2913 ratio

224 2953 516 3013 reddenda
544 2961 656 3019 est,
682 2961 738 3008 et
772 2953 858 3007 vis
885 2952 1210 3013 enarranda.
1241 2951 1381 3021 Quid
1408 2968 1654 3009 summus
1683 2964 1840 3025 pater

222 3065 252 3106 a
275 3048 556 3122 principio
577 3047 924 3118 disposuerit,
951 3056 1008 3103 et
1023 3046 1479 3118 quemadmodum
1497 3059 1691 3104 cuneta
1713 3064 1837 3120 quas

220 3154 384 3216 gesta
408 3153 535 3200 sunt
561 3142 846 3211 ordinarit,
878 3156 987 3197 non
1007 3151 1214 3197 tantum
1235 3142 1498 3198 divinatio
1522 3140 1830 3213 PrOpheta-

1952 1922 2151 1981 tionem
2195 1921 2494 1978 divinitatis
2518 1921 2747 1993 ignorat,
2782 1921 2828 1978 is
2843 1938 2970 1981 vere
3001 1924 3227 1997 elinguis
3257 1934 3313 1981 ct
3368 1934 3550 1983 mutus

1951 2024 2055 2081 est,
2106 2016 2232 2073 licet
2274 2015 2517 2071 omnium
2562 2013 2974 2073 disertissimus.
3003 2016 3213 2091 Lingua
3245 2020 3390 2077 enim
3426 2034 3554 2081 cum

1950 2123 2138 2164 verum
2166 2107 2314 2178 loqui
2336 2108 2582 2178 cmperit,
2614 2107 2666 2163 id
2686 2117 2791 2175 est,
2812 2109 3069 2166 virtutem
3101 2111 3552 2187 maiestatemque

1951 2200 2043 2259 Dei
2076 2199 2364 2271 singularis
2395 2200 2738 2269 interpretari
2760 2241 2774 2268 ,
2815 2211 2927 2257 tum
2961 2202 3181 2265 demum
3243 2205 3425 2269 officio
3454 2222 3552 2264 ua-

1948 2303 2082 2351 turat
2112 2311 2223 2351 sure
2251 2294 2511 2366 fungitur.
2533 2293 2797 2363 Quamdiu
2826 2306 3008 2353 autem
3037 2296 3171 2354 falsa
3199 2298 3456 2370 loquitur,
3486 2302 3547 2360 in

1948 2405 2044 2445 usu
2090 2404 2187 2445 suo
2218 2404 2323 2445 non
2358 2399 2471 2455 est;
2521 2396 2575 2444 et
2603 2387 2724 2444 ideo
2754 2387 2930 2444 infans
2956 2392 3028 2446 sit
3065 2406 3287 2451 necesse
3317 2403 3421 2460 est,
3452 2395 3552 2468 qui

1948 2483 2129 2539 divina
2185 2483 2430 2554 proloqui
2470 2497 2575 2539 non
2621 2490 2819 2553 potest.
2852 2482 3027 2541 Pedes
3064 2500 3281 2557 quoque
3324 2487 3552 2545 claudo-

1945 2593 2064 2634 rum
2088 2578 2156 2632 ad
2181 2576 2420 2635 officium
2440 2575 2723 2648 gradiendi
2745 2575 3057 2635 reformavit
3078 2578 3363 2639 laudabilis
3382 2581 3551 2645 divini

1945 2671 2126 2741 operis
2163 2669 2421 2727 fortitudo
2451 2686 2464 2723 :
2497 2670 2593 2725 sed
2622 2670 2792 2741 figura
2820 2669 2872 2725 id
2899 2671 3240 2739 continebat;
3280 2673 3424 2744 quod
3449 2688 3548 2737 tu)-

1945 2764 2129 2821 hibitis
2158 2762 2437 2830 erroribus
2467 2763 2592 2818 vitae
2633 2762 2895 2819 secularis
2932 2777 2995 2819 ac
3024 2763 3195 2823 devia;
3215 2805 3231 2831 ,
3260 2764 3364 2825 iter
3402 2767 3543 2823 veri.

1945 2857 2070 2913 tatis
2098 2855 2429 2925 aperiretur,
2476 2868 2573 2923 per
2612 2852 2753 2923 quod
2792 2852 3149 2924 graderentur
3194 2854 3442 2915 homines
3478 2858 3550 2919 ad

1943 2948 2039 3004 Dei
2064 2948 2293 3019 gratiam
2346 2944 2806 3013 consequendam.
2848 2944 2899 3001 Is
2941 2945 3085 3001 enim
3136 2963 3263 3007 vere
3323 2949 3550 3011 claudus

1941 3038 2330 3096 existimandus
2351 3048 2457 3103 est,
2487 3037 2579 3108 qui
2607 3036 2839 3108 caligine
2860 3053 2923 3093 ac
2956 3037 3198 3095 tenebris
3222 3039 3549 3113 insipientia

1940 3134 2280 3204 implicatus,
2334 3141 2388 3187 et
2429 3146 2539 3203 quo
2569 3131 2751 3188 tendat
2795 3132 3037 3202 ignarus,
3069 3133 3460 3199 oliensibilibus
3487 3146 3546 3195 et

219 3252 374 3303 rum,
402 3251 525 3309 quas
554 3237 607 3291 in
639 3236 909 3293 Christum
938 3251 1065 3292 vera
1093 3235 1392 3306 praecessit,
1425 3233 1521 3291 sed
1548 3235 1709 3291 etiam
1736 3252 1824 3292 ηο-
1852 3216 1898 3280 C
1930 3228 2147 3287 caducis
2172 3226 2447 3297 gressibus
2480 3242 2574 3296 per
2600 3227 2736 3280 viam
2780 3226 2967 3282 mortis
2990 3227 3211 3287 incedit.

219 3333 299 3387 tio
338 3330 513 3401 ipsius
543 3330 811 3401 passionis
838 3320 1025 3385 'docet.
1053 3328 1421 3399 Quaecumque
1455 3328 1600 3384 enim
1638 3342 1829 3398 passus

2005 3320 2138 3379 Item
2166 3319 2316 3375 labes
2344 3327 2399 3376 et
2428 3317 2667 3375 maculas
2698 3318 3103 3388 inquinatur-um
3138 3336 3427 3393 corporum
3455 3340 3545 3382 re-

215 3431 327 3490 est,
350 3398 462 3478 non
484 3398 699 3478 fuerunt
720 3422 931 3487 inania,
963 3421 1058 3477 sed
1081 3398 1642 3492 habueruntftguram
1674 3431 1728 3477 et
1752 3423 1829 3478 si-
1932 3418 2202 3490 purgavit,
2253 3430 2358 3471 non
2407 3398 2601 3485 exigua
2651 3414 2974 3470 immortalis
3017 3418 3279 3487 polentia:
3328 3433 3539 3490 opera:

214 3515 595 3587 gnificantiam
617 3529 888 3586 magnam,
920 3514 1060 3571 sicut
1085 3515 1250 3570 etiam
1277 3515 1456 3570 divina
1487 3514 1575 3570 illa
1617 3531 1781 3586 opera
1803 3559 1818 3583 ,

214 3621 347 3679 qua:
378 3606 504 3663 fecit
533 3624 547 3660 :
572 3622 801 3679 quorum
833 3607 913 3662 vis
936 3618 989 3663 et
1017 3607 1257 3677 potentia
1280 3607 1497 3664 valebat
1520 3608 1744 3679 quidem
1771 3610 1827 3665 in

214 3714 470 3772 presens
486 3738 503 3767 ,
522 3699 620 3755 sed
644 3699 957 3755 declarabat
982 3698 1189 3769 aliquid
1217 3700 1272 3754 in
1305 3698 1569 3756 futurum.
1597 3700 1828 3771 Aperuit

210 3806 492 3850 caecorum
520 3791 719 3847 lumina
752 3791 989 3849 caelestis
1013 3791 1207 3859 virtus,
1261 3798 1316 3846 et
1358 3789 1534 3846 lucem
1583 3806 1689 3847 non
1742 3792 1825 3849 vi-

1934 3527 2125 3569 verum
2151 3510 2203 3566 id
2235 3507 2587 3580 portendebat
2616 3506 2733 3564 tum
2770 3507 2869 3574 vis,
2900 3506 3042 3579 quod
3073 3517 3419 3579 peccatorum
3450 3512 3532 3569 la-

1934 3605 2111 3671 bibus,
2141 3617 2205 3657 ae
2230 3601 2481 3657 vitiorum
2511 3598 2734 3653 maculis
2772 3597 3101 3668 inquinatos,
3132 3600 3379 3660 doctrina
3414 3603 3535 3674 ejus

1937 3697 2286 3771 purificatura
2314 3703 2461 3750 esset
2507 3691 2813 3749 eruditione
2850 3691 3094 3762 justitian
3123 3693 3354 3766 Leprosi
3381 3697 3530 3755 enim

1935 3806 2067 3848 vere
2095 3800 2257 3861 atque
2281 3786 2643 3858 elephantiaci
2672 3784 2872 3841 debent
2901 3783 3110 3855 haberi,
3145 3801 3283 3859 quos
3312 3788 3401 3845 vel
3421 3788 3545 3846 iuli-

1573 3907 1938 3968 VARIORUM
1978 3905 2210 3964 ΝΟΤᾸΞ.

209 4028 243 4076 F
286 4025 559 4082 Pabulum
600 4025 778 4082 mortis
827 4037 919 4083 est.
970 4025 1027 4083 Id
1056 4034 1173 4097 est,
1202 4039 1326 4084 esca
1374 4025 1637 4087 malorum
1662 4070 1677 4096 ,
1708 4043 1828 4099 qua:

207 4107 452 4170 mortem
486 4099 678 4153 animae
703 4108 986 4170 generant.

283 4168 359 4225 Et
391 4172 630 4241 eriperet.
659 4168 997 4241 Eipunxiut
1040 4168 1180 4240 quod
1232 4170 1582 4240 interponunt
1624 4186 1753 4227 mss.
1794 4172 1819 4226 1

207 4240 432 4297 Bonon.
453 4239 477 4310 ,⁷
499 4239 646 4313 Lips.
669 4285 684 4310 ,
719 4241 867 4310 PaL,
900 4239 1070 4298 Cant.
1100 4256 1164 4297 ac
1212 4239 1435 4313 totidem
1479 4244 1684 4308 excusi,
1714 4252 1768 4298 et
1795 4257 1825 4297 a

206 4313 432 4369 caeteris
456 4311 825 4381 tum'scriptis,
861 4324 971 4370 tum
999 4313 1156 4369 editis
1185 4311 1358 4370 abest.

282 4382 589 4457 Dominatio
625 4384 679 4440 in
700 4401 927 4457 carnem.
955 4384 1166 4456 Sequor
1191 4398 1323 4457 mss.
1352 4391 1409 4457 et.
1432 4384 1727 4457 impressus
1751 4386 1814 4441 fc-

205 4465 271 4527 re
304 4470 535 4527 omnes.
565 4456 623 4513 In
654 4456 688 4511 5
731 4456 863 4527 Reg.
895 4465 947 4511 ct
991 4457 1025 4512 5
1048 4455 1281 4527 excusis
1308 4455 1521 4527 legitur,
1552 4457 1606 4511 in
1637 4473 1822 4521 carne;

206 4526 264 4599 in
290 4526 425 4584 Jun.
464 4536 520 4584 et
542 4527 678 4584 edit.
700 4527 737 4584 2
776 4524 886 4584 vet.
915 4526 1071 4583 Rom.
1093 4568 1112 4595 ,
1142 4524 1314 4582 Paris.
1338 4524 1526 4592 (Crat.
1552 4569 1566 4592 ,
1590 4527 1818 4599 διψῇ..

204 4597 484 4654 damnatio
508 4599 562 4653 in
592 4615 815 4655 carnem.

287 4669 411 4724 Nec
459 4669 764 4727 dominium.
796 4669 1147 4737 Rectissime;
1180 4682 1235 4727 ct
1276 4672 1354 4729 sic
1380 4670 1653 4727 BetuIeius
1682 4669 1821 4731 olim

204 4750 264 4798 et
289 4756 470 4811 nuper
490 4740 838 4797 Heumannus
860 4743 1144 4811 legendum
1173 4753 1518 4801 censuerunt.
1548 4741 1620 4797 Ita
1654 4744 1816 4799 resti-

207 4821 416 4879 tutum,
442 4813 535 4869 lib.
566 4829 624 4882 ιι,
654 4828 774 4885 cap.
802 4816 835 4869 5
865 4831 879 4868 :
910 4812 1092 4885 Neque
1118 4815 1496 4871 domus/rabere
1517 4812 1815 4870 demittium

205 4885 293 4939 sui
322 4893 511 4956 potest.
531 4885 619 4941 Sic
645 4884 736 4941 lib.
758 4901 822 4946 tt.
851 4900 968 4955 cap.

206 4956 436 5026 imperio
465 4974 480 5012 :
514 4957 746 5014 maxime
763 4965 965 5023 autem,
994 4956 1205 5028 Anium,
1234 4972 1349 5028 qua:
1376 4956 1672 5014 dominium
1698 4974 1811 5013 cor-

208 5028 359 5084 poris
389 5027 557 5083 habet.
1318 5027 1452 5084 Buu.

208 5038 359 5098 poris
389 5038 557 5083 habet.
1318 5038 1452 5089 BDN.

282 5097 580 5154 Mercedem
632 5099 1035 5171 immortalitatis
1062 5100 1322 5171 impertit.
1380 5100 1415 5157 2
1446 5099 1653 5156 Βοιιοιι.
1698 5102 1813 5157 θιό

205 5169 348 5243 editi
396 5185 510 5226 rec.
563 5172 805 5227 inserunt
830 5169 993 5227 nobis.
1025 5169 1217 5243 Mss.'_5
1258 5186 1368 5228 rec.
1400 5184 1454 5229 et
1482 5174 1513 5228 7
1565 5173 1837 5243 impressi,

206 5240 451 5317 habentL
473 5243 748 5317 mercedem
779 5247 1068 5317 expetenda:
1087 5241 1236 5317 nobis
1270 5240 1681 5317 immortalitatis
1718 5246 1814 5301 iut-

203 5313 391 5385 pertit.
424 5312 458 5369 3
499 5316 684 5388 scripti
715 5312 899 5373 rec.et
929 5312 963 5371 6
1014 5314 1232 5388 vulgati,
1260 5316 1507 5388 impertit.
1540 5315 1688 5370 Hanc
1721 5331 1812 5368 vn-

203 5332 391 5385 perm.
424 5332 458 5369 o
499 5332 601 5371 scrt
644 5332 684 5371 tt
715 5332 823 5371 rec.
846 5332 899 5373 et
929 5332 963 5371 ο
1014 5332 1099 5370 vui
1139 5332 1232 5380 att,
1260 5332 1507 5388 imparttt.
1540 5332 1688 5370 nunc
1721 5332 1812 5368 νω-

202 5399 335 5440 cem
374 5332 698 5453 expeleutﬁz,
730 5397 875 5443 recte
906 5332 1438 5441 monetgl‘homasius
1476 5402 1595 5442 esse
1626 5388 1814 5444 delen-

201 5454 502 5529 dam,quia
529 5458 574 5511 si
601 5458 1053 5515 immortalitatem
1084 5465 1353 5528 tamquam
1379 5458 1680 5514 mercedem
1712 5460 1811 5513 im-

202 5528 405 5602 pet-tit,
429 5538 554 5602 tunc
583 5529 889 5602 expetenda
921 5544 1029 5602 non
1058 5530 1323 5602 estsquia
1351 5546 1509 5585 nemo
1535 5532 1736 5602 expetit
1757 5530 1808 5585 id

200 5596 365 5671 Quod
381 5596 560 5671 habet.
582 5596 928 5656 Heumannus
943 5601 1057 5655 vult
1076 5598 1197 5654 addi
1215 5596 1359 5655 nobis
1375 5609 1491 5671 post
1506 5596 1803 5655 mercedem.

1935 4027 2036 4091 vit,
2067 4024 2202 4081 infra
2237 4042 2251 4078 ε
2278 4024 2381 4079 Cur
2404 4022 2541 4077 Deus
2569 4038 2771 4076 crucem
2791 4021 3051 4078 maluerit.
3073 4020 3166 4079 Sic
3186 4021 3221 4078 Ι.
3255 4038 3331 4093 v1,
3355 4040 3407 4083 c.
3432 4027 3532 4085 i7:

1934 4096 2128 4153 Coacti.
2157 4135 2170 4148 .
2204 4138 2217 4151 .
2246 4096 2401 4166 ﬁdem
2440 4094 2686 4160 prodere.
2714 4103 2933 4166 mortem
2969 4095 3228 4166 suscipere
3267 4098 3531 4154 malimus.

1933 4168 2092 4237 Ibid.,
2125 4184 2172 4224 c.
2192 4164 2258 4221 2i
2295 4186 2307 4220 :
2344 4166 2445 4234 Qui
2471 4164 2775 4234 temporalia
2801 4165 3055 4237 maluerit,
3087 4164 3275 4221 carebit
3303 4171 3529 4227 uternis.

1931 4240 1995 4296 L.
2029 4257 2120 4307 vn,
2145 4240 2235 4295 c.1
2265 4239 2426 4294 :Sine
2445 4237 2599 4292 dubio
2628 4236 2826 4291 malunt
2849 4236 2905 4291 id
2926 4254 3033 4291 esse
3047 4238 3530 4307 ﬁctum.BuusuAN.

2006 4312 2133 4378 Quae
2155 4313 2207 4365 in
2232 4308 2492 4367 Christum
2518 4325 2637 4363 vera
2661 4309 2939 4376 prrecessit.
2976 4308 3115 4364 Sana
3144 4309 3272 4365 mihi
3317 4311 3533 4368 videtur

1939 4383 2096 4439 lectio
2122 4383 2360 4436 omnium
2393 4381 2612 4435 omnino
2644 4378 2904 4433 librorum
2936 4379 3037 4434 huc
3073 4396 3235 4437 sensu
3268 4398 3281 4435 :
3310 4382 3444 4450 Quae
3472 4383 3530 4439 in

1851 4440 1907 4500 Π
1935 4455 2200 4511 Christum
2240 4451 2496 4507 divinatio
2545 4450 2823 4520 prtecessit
2868 4465 3015 4519 vera,
3065 4450 3115 4506 id
3145 4462 3249 4519 est,
3295 4440 3441 4509 cortu
3470 4462 3528 4510 et

1929 4536 2122 4584 eventu
2152 4523 2518 4593 comprobata.
2550 4537 2654 4576 non
2677 4520 2861 4593 dubia,
2889 4520 3071 4587 fallax,
3100 4520 3255 4578 falsa.
3316 4524 3450 4581 BDN.

2001 4590 2437 4669 Signi/imminut.
2475 4592 2587 4669 γωδ
2620 4601 2700 4647 est
2733 4590 3011 4669 Africana.
3036 4593 3167 4649 Vide
3208 4593 3446 4669 [fabrum
3468 4596 3525 4651 in

1930 4662 2136 4725 LexiEo.
2156 4662 2312 4722 'ldem
2344 4680 2468 4738 mox
2493 4663 2626 4738 infra
2657 4672 2782 4738 etc.
2811 4662 2919 4719 28:
2950 4663 3176 4738 Glossre.
3208 4666 3525 4738 Signiﬁcan-

1928 4740 2032 4813 tia,
2066 4741 2319 4813 inparia.
2351 4732 2481 4792 Fab.
2514 4736 3046 4813 Victorianrocem.
3079 4739 3130 4813 in
3162 4732 3304 4813 Iih.'_t
3335 4732 3514 4813 Cicer.

1923 4811 1990 4891 de
2005 4807 2214 4867 lnve'nt.
2245 4826 2263 4867 :
2286 4811 2385 4891 Ars
2404 4817 2476 4891 est
2499 4823 2613 4891 qua:
2633 4807 3032 4891 signiﬁcantium
3043 4809 3121 4891 sui
3142 4823 3245 4891 non
3266 4808 3520 4891 liabet:—

1082 4886 1302 4941 :Anima
1321 4886 1550 4955 imperet.
1584 4927 1597 4942 .
1620 4924 1633 4939 .
1658 4886 1817 4940 animi
1921 4883 2029 4955 {uec
2074 4900 2171 4938 vox
2213 4881 2425 4955 generis
2455 4879 2708 4955 triplicem
2749 4879 3161 4955 signiﬁcantium
3190 4879 3358 4935 habet.
3387 4881 3515 4939 Mss.

1919 4952 2043 5011 Jun.
2074 4951 2227 5024 Lips:
2251 4962 2304 5008 et
2326 4952 2462 5024 edd.
2481 4951 2930 5024 signiﬁcationem.

1992 5019 2350 5101 ξίςηὶῇεᾳὸιιι.
2370 5023 2504 5101 Vide
2519 5019 2682 5101 Marc.
2705 5037 2809 5101 vni
2813 5032 2868 5078 et
2897 5036 2960 5086 x;
2992 5019 3124 5101 Luc.
3154 5036 3209 5077 tv
3228 5064 3243 5090 ,
3278 5037 3376 5087 vn,
3400 5038 3510 5078 xiv.

1991 5091 2266 5166 Patefecit.
2294 5095 2425 5149 Vide
2451 5093 2636 5148 Matth.
2667 5109 2722 5159 ιι,
2759 5091 2922 5148 Marc.
2951 5108 3047 5166 vti,
3075 5091 3207 5160 Luc,
3225 5110 3321 5150 vn.

1988 5163 2269 5225 Hactenus.
2323 5167 2380 5222 Id
2421 5175 2535 5228 est,
2564 5166 2657 5219 hoc
2694 5174 2910 5219 tantum.
2950 5163 3065 5218 Vid.
3106 5172 3216 5219 not.
3260 5166 3327 5222 ad
3366 5167 3511 5231 Epit.

1914 5256 1963 5297 c.
1990 5243 2080 5310 68,
2105 5252 2159 5296 et
2178 5243 2243 5294 de
2260 5238 2414 5293 Mort.
2440 5236 2589 5291 Pers.
2618 5252 2669 5289 c.
2689 5237 2775 5291 10.
2802 5233 2984 5310 margo
3004 5234 3174 5290 Paris.
3200 5237 3357 5295 1515.
3382 5237 3518 5310 Hac-

1913 5306 2074 5367 tenus
2105 5314 2481 5380 interpretatur
2503 5310 2559 5380 in
2588 5306 3089 5380 prcesensgduntaxat
3125 5317 3340 5380 tempus.
3375 5309 3509 5367 Βυιι.

1984 5377 2335 5438 Admirabilt's.
2372 5378 2553 5433 Matth.
2589 5393 2663 5444 ιχ,
2692 5393 2787 5443 xv;
2822 5377 2984 5431 Marc.
3015 5393 3109 5432 vn.

1986 5455 2169 5511 Pedes.
2196 5452 2329 5508 Vide
2358 5450 2545 5507 Matth.
2577 5466 2647 5510 xi,
2682 5465 2769 5515 xv,
2796 5464 2907 5515 xxi,
2934 5449 3061 5503 Luc.
3091 5465 3187 5505 vti.

1982 5526 2161 5581 Labes.
2198 5523 2329 5579 Vide
2356 5523 2538 5577 Matth.
2569 5537 2678 5588 vin,
2713 5537 2783 5584 xi,
2814 5519 2971 5576 Marc.
3008 5537 3047 5587 ι,
3078 5519 3210 5577 Luc.
3238 5538 3334 5580 vn.

1984 5596 2357 5668 Elephatttiaci.
2379 5595 2468 5668 Sic
2495 5593 2699 5649 restitui
2729 5594 2893 5668 fretus
2912 5595 3228 5668 auctoritate
3253 5598 3511 5668 vetustis-

286 5668 1222 5743 Maluerit.lleumatt.legitvoluerit,
1250 5663 1489 5728 cum—ms.
1518 5674 1805 5742 Em..quia
1907 5663 2181 5743 simorunr
2217 5678 2269 5723 et
2321 5666 2646 5743 optimorum
2692 5663 2943 5743 codicum
2976 5679 3136 5743 _mss.
3182 5665 3504 5743 j2_Bonun.,

203 5738 308 5815 hic
340 5741 503 5815 _nulla
550 5753 633 5798 est
675 5734 1100 5815 comparatio.—
1116 5734 1302 5798 Subire
1342 5743 1594 5800 maluerit.
1650 5734 1807 5813 saepe
1906 5734 2518 5815 figiteg..‘Cr_utc.,luxu,
2545 5735 2581 5789 2
2610 5734 2877 5815 Gythei-ty
2903 5736 2942 5815 ἓ
2975 5735 3147 5815 Lips,
3172 5737 3207 5815 _i
3239 5740 3503 5815 §orliori.,

206 5811 358 5887 illud
382 5814 532 5868 malle
552 5815 783 5885 ponitur,
801 5811 1173 5887 neque-tamen
1198 5816 1615 5887 comparationis
1642 5811 1803 5885 parti-

203 5882 337 5943 cula
369 5898 519 5954 quam
554 5882 923 5959 subsequitur.
954 5886 1297 5944 Heumannus
1325 5882 1473 5946 certe
1514 5888 1615 5944 hoc
1642 5882 1806 5959 agno.

1920 5806 2084 5875 UltrT,
2116 5810 2258 5876 PaL,
2290 5814 2308 5866 1
2340 5808 2557 5864 Clarum
2589 5850 2604 5875 ,
2637 5806 2802 5861 Brun.
2831 5807 2889 5862 In
2910 5807 2946 5863 2
2976 5806 3089 5878 Reg

1921 5886 1949 5939 1
2004 5881 2275 5950 Claront.,
2334 5881 2526 5951 legitur
2576 5878 2946 5949 elephantiati;
3008 5877 3136 5934 in!
3173 5880 3290 5938 aliis
3340 5877 3502 5955 Reg,

3097 5847 3133 5870 ι,
3164 5809 3189 5864 1
3230 5810 3502 5878 Cothon,
