4038 6358
563 267 669 323 5Ξ7

1667 262 1854 324 FIRM.
1897 262 2264 325 LACTANTII
2303 266 2509 324 DlVlN.
2551 266 2796 326 INSTIT.

3697 287 3781 346 598

565 386 693 441 nitac
725 384 1046 455 cupiditates
1061 383 1128 440 ad
1173 384 1398 450 scelera.
1428 384 1513 441 vel
1550 384 1882 442 insatiabiles
1916 385 2161 456 volupta-
2189 391 2239 450 Α
2264 399 2326 440 ac
2346 383 2591 440 laborum
2619 395 2674 440 et
2700 384 3039 441 miseriarum
3068 386 3331 456 praebebat
3354 395 3651 467 exemplum.
3676 401 3784 470 ρυςε

568 484 650 532 tes
695 476 762 532 ad
803 477 1001 546 ﬂagitia
1056 475 1408 546 compellunt,
1450 486 1506 532 et
1557 477 1885 533 dedecorum
1931 477 2159 532 maculis

562 571 772 627 inustos
800 571 920 627 labe
948 569 1193 627 afficiunt
1237 571 1588 642 sempiterna.
1637 572 1879 628 Jacentia
1923 582 2161 628 mortuo-

564 680 685 721 rum
712 680 937 736 corpora
962 668 1156 735 erexit,
1185 681 1388 738 eosque
1418 667 1728 724 nominibus
1749 669 1859 724 suis
1880 668 2162 724 inclinatos

559 771 592 812 a
623 769 799 815 morte
829 760 1128 816 revocavit.
1162 760 1300 829 Quid
1322 763 1709 833 congruentius
1734 761 1879 818 Deo?
1905 762 2040 831 Quid
2063 761 2164 817 mi-

560 850 746 907 raculo
771 851 982 922 dignius
1023 854 1264 908 omnium
1298 855 1646 922 smculorum,
1686 871 1846 925 quam
1880 854 2163 910 decursam

564 941 727 1000 vitam
758 945 1087 1016 resignasse,
1113 945 1502 1017 completisque
1523 946 1803 1002 hominum
1836 948 2168 1018 temporibus

562 1044 806 1107 tempora
832 1037 1099 1108 adjecisse
1125 1048 1401 1108 perpetua,
1430 1054 1625 1094 arcana
1649 1039 1839 1094 mortis
1862 1039 2164 1094 revelasse?

568 1129 675 1187 Sed
706 1131 822 1186 haec
853 1129 1234 1186 inenarrabilis
1263 1140 1505 1201 potestas
1527 1131 1704 1203 imago
1743 1132 1960 1187 virtutis
1990 1131 2166 1202 majo-

560 1225 639 1280 ris
675 1223 796 1292 fuit,
850 1241 969 1296 quae
1001 1225 1410 1282 demonstrabat
1447 1234 1650 1280 tantam
1706 1224 1813 1280 vim
1860 1225 2165 1281 habituram

561 1332 684 1374 esse
712 1317 1013 1374 doctrinam
1056 1333 1231 1387 suam,
1286 1328 1345 1374 ut
1385 1329 1575 1390 gentes
1620 1319 1672 1373 in
1699 1319 1833 1375 orbo
1886 1329 2016 1385 toto,
2048 1334 2168 1389 qua:

560 1412 754 1468 aliena:
784 1427 816 1468 a
865 1413 997 1479 Deo,
1045 1413 1305 1483 subjecta:
1347 1412 1511 1468 morti
1558 1411 1800 1478 fuerunt,
1855 1413 2167 1484 cognitione

559 1505 675 1561 veri
700 1504 922 1560 luminis
949 1505 1220 1572 animatae,
1248 1504 1314 1559 ad
1337 1503 1760 1560 immortalitatis
1785 1505 2008 1576 praemia
2044 1519 2167 1575 per-

563 1599 835 1656 venirent.
864 1599 976 1656 Eos
999 1600 1145 1655 enim
1173 1608 1322 1656 recte
1349 1608 1596 1656 mortuos
1618 1599 2037 1668 existimaveris,
2075 1602 2166 1671 qui

563 1691 808 1748 datorem
837 1692 961 1747 vitae
983 1692 1152 1749 Deum
1177 1692 1507 1762 nescientes,
1537 1701 1700 1764 atque
1728 1693 1938 1749 animas
1969 1708 2100 1749 suas
2131 1709 2161 1749 a

2265 478 2449 531 omnia
2480 477 2715 533 tolerare
2743 492 2806 532 ac
2845 478 3051 548 perpeti
3083 495 3295 536 necesse
3324 497 3400 540 εει
3435 501 3538 552 eos,
3565 492 3642 560 qui
3670 496 3786 549 vei-i-

2267 578 2434 627 tatem
2467 580 2765 643 sequuntur
2789 589 2804 639 ;
2829 573 3082 643 quoniam
3105 575 3297 631 veritas
3335 580 3512 635 acerba
3537 594 3626 650 c5t,
3652 595 3697 640 et
3726 588 3788 642 in-

2269 665 2383 720 visa
2411 665 2682 735 omnibus,
2715 665 2805 738 qui
2832 667 3046 723 virtutis
3062 679 3326 740 expertes,
3350 674 3499 728 vitam
3525 691 3658 732 suam
3675 696 3791 737 mor-

2269 756 2448 814 tiferis
2473 759 2837 828 voluptatibus
2863 760 3088 817 dedttnt.
3135 761 3264 818 Nam
3300 779 3485 822 corona
3525 772 3686 840 spinea
3718 790 3792 829 ca-

2270 851 2366 921 piti
2387 851 2505 922 ejus
2529 853 2777 924 imposita
2808 853 2860 908 id
2889 853 3226 923 declarabat,
3261 855 3371 913 fore
3398 869 3452 914 ut
3487 860 3691 919 divinam
3711 867 3794 922 sibi

2273 945 2485 1016 plebem
2517 947 2584 1002 de
2611 947 2932 1003 nocentibus
2967 960 3336 1020 congregaret.
3365 948 3560 1008 Corona
3584 956 3706 1010 enim
3731 957 3796 1013 di-

2273 1038 2433 1104 citur,
2458 1039 2813 1094 circumstans
2836 1039 2887 1094 in
2917 1039 3104 1096 orbem
3135 1041 3376 1113 populus.
3407 1041 3507 1100 Nos
3529 1055 3703 1113 autem,
3724 1049 3796 1118 qui

2274 1139 2404 1188 ante
2433 1131 2794 1203 cognitionem
2834 1133 2928 1188 Dei
2957 1134 3153 1189 fuimus
3203 1135 3404 1205 injusti,
3447 1137 3618 1208 spinat,
3651 1139 3697 1195 id
3733 1150 3798 1198 est

2273 1225 2398 1280 mali
2427 1235 2482 1280 et
2512 1234 2770 1281 nocentes
2797 1241 3038 1293 eramus,
3087 1227 3393 1299 ignorantes
3428 1230 3544 1299 quid
3576 1241 3698 1288 esset
3718 1233 3795 1290 bo-

2276 1332 2438 1384 num;
2485 1326 2540 1373 et
2576 1333 2604 1371 a
2647 1317 2870 1388 justitia:
2917 1317 3136 1375 notione
3181 1329 3341 1392 atque
3384 1322 3612 1392 operibus
3652 1325 3794 1390 alieni,

2280 1411 2462 1466 omnia
2491 1411 2700 1468 scelere
2719 1426 2782 1466 ac
2810 1410 3035 1468 libidine
3049 1411 3435 1484 polluebamus.
3459 1413 3613 1470 Electi
3631 1429 3736 1486 ergo
3747 1431 3800 1472 ex

2272 1501 2450 1557 dumis
2480 1511 2536 1558 et
2563 1502 2804 1560 sentibus
2833 1513 3078 1560 sanctum
3127 1505 3217 1561 Dei
3245 1506 3682 1578 caputcingimus;
3703 1507 3800 1578 quia

2272 1598 2555 1654 convocati
2597 1599 2666 1654 ab
2718 1599 2858 1670 ipso,
2913 1608 2968 1656 et
3007 1599 3319 1656 circumfusi
3358 1601 3575 1671 undique
3597 1600 3654 1655 ad
3687 1616 3799 1665 eum,

2271 1693 2528 1766 magistro
2547 1709 2611 1750 ac
2636 1693 2844 1752 doctori
2879 1695 3010 1763 Deo,
3040 1695 3361 1762 assistimus,
3395 1710 3656 1767 regemque
3684 1694 3799 1748 illum

562 1785 701 1842 coelo
720 1785 775 1841 in
799 1795 998 1842 terram
1021 1785 1412 1856 deprimentes,
1441 1786 1496 1842 in
1526 1786 1748 1857 laqueos
1772 1800 1991 1843 mternrc
2015 1802 2161 1842 mor-
2194 1804 2242 1864 Β
2271 1785 2456 1842 mundi
2483 1796 2538 1842 et
2573 1788 2814 1842 omnium
2847 1788 3143 1845 viventium
3192 1786 3470 1843 Dominum
3508 1800 3794 1842 coronamus.

563 1876 632 1932 tis
655 1878 960 1934 incurrunt.
992 1879 1126 1945 Qua:
1173 1877 1338 1949 igitur
1387 1887 1499 1932 tuin
1541 1879 1774 1935 faciebat
1812 1881 1863 1934 in
1893 1894 2162 1951 przesens,

563 1968 826 2041 imagines
855 1980 1012 2028 erant
1039 1969 1368 2037 futurorum;
1418 1986 1539 2042 quae
1578 1970 1632 2026 in
1677 1971 1821 2028 lassis
1849 1972 2169 2045 affectisque

565 2065 884 2135 corporibus
909 2064 1224 2132 exhibebat,
1264 2080 1326 2120 ea
1371 2063 1694 2136 spiritalium
1741 2065 1971 2138 figuram
2016 2082 2171 2138 gere-

560 2157 712 2226 bant,
746 2168 888 2215 utet
934 2159 987 2215 in
1019 2158 1270 2230 praesenti
1318 2158 1534 2214 virtutis
1577 2175 1686 2215 non
1743 2169 1957 2215 terrena
2005 2175 2170 2231 opera

553 2263 901 2321 monstraret,
932 2262 987 2310 et
1035 2253 1088 2308 in
1128 2253 1366 2308 futurum
1406 2262 1735 2324 potestatem
1765 2253 2013 2310 cmlesris
2046 2268 2159 2310 suae

563 2347 864 2418 majestatis
889 2346 1225 2404 ostenderet.

636 2441 777 2512 Ergo
791 2441 931 2496 sicut
949 2455 1116 2511 Opera
1137 2445 1255 2511 ejus
1272 2440 1685 2511 significantiam
1706 2455 1924 2512 quoque
1949 2440 2168 2511 majoris

560 2534 847 2606 potestatis
861 2533 1186 2602 habuerunt,
1211 2533 1282 2589 ita
1299 2535 1462 2590 etiam
1479 2535 1655 2604 passio
1669 2548 1776 2588 non
1797 2534 2049 2604 simplex,
2071 2548 2172 2589 nec

561 2644 920 2700 supervacua,
953 2643 1055 2684 nec
1090 2627 1313 2684 fortuita
1341 2627 1638 2698 praecessit.
1669 2627 1777 2684 Sed
1806 2639 1859 2683 ut
1894 2628 2003 2695 illa,
2044 2643 2168 2700 quas

563 2723 712 2793 fecit,
744 2738 994 2796 magnam
1026 2723 1280 2778 virtutem
1310 2737 1372 2777 ac
1398 2731 1722 2793 potestatem
1751 2721 2015 2778 doctrina:
2050 2723 2168 2794 ejus

564 2816 981 2890 significabant:
1029 2816 1108 2871 sic
1135 2831 1220 2881 ea,
1258 2831 1378 2886 quae
1423 2830 1616 2886 passus
1645 2824 1747 2883 est,
1779 2816 1904 2872 odio
1931 2816 2165 2873 futuram

565 2924 691 2967 esse
713 2909 1032 2981 sapientiam
1053 2907 1394 2963 nuntiabant.
1423 2909 1577 2964 Aceti
1604 2909 1750 2964 enim
1774 2918 1953 2980 potus,
1987 2924 2051 2965 ac
2076 2909 2167 2965 fel-

565 3003 635 3059 lis
657 3003 830 3072 cibus,
860 3000 1182 3058 acerbitates
1211 3010 1264 3057 et
1287 3000 1680 3057 amaritudines
1705 3003 1757 3056 iu
1791 3000 1892 3057 hac
1915 3001 2021 3057 vita
2049 3015 2169 3057 sec-

565 3097 831 3154 tatoribus
860 3095 1100 3152 veritatis
1127 3094 1503 3166 pollicebatur.
1535 3094 1601 3150 Et
1633 3110 1959 3166 quamquam
1988 3095 2169 3166 passio

2348 1879 2500 1947 Quod
2533 1895 2661 1936 vero
2687 1879 2754 1935 ad
2780 1896 2999 1938 crucem
3031 1888 3263 1953 spectat,
3299 1895 3482 1952 magna
3513 1881 3561 1934 in
3589 1894 3644 1934 ea
3672 1878 3735 1932 vis
3756 1891 3804 1932 ac

2282 1972 2422 2028 ratio
2454 1982 2559 2038 est,
2584 1987 2744 2044 quam
2771 1988 2917 2028 nunc
2943 1973 3184 2030 conabor
3205 1971 3505 2028 ostendere.
3537 1970 3660 2026 Deus
3684 1984 3802 2024 nam-

2283 2081 2388 2136 que
2422 2064 2585 2138 (sicut
2606 2067 2856 2138 superius
2882 2065 3128 2139 exposui)
3152 2083 3277 2124 cum
3300 2065 3564 2122 statuisset
3587 2063 3804 2118 hominem

2287 2157 2538 2228 liberare,
2561 2159 2878 2230 magistrum
2902 2161 3115 2216 virtutis
3144 2159 3342 2233 legavit
3373 2159 3424 2215 in
3451 2168 3652 2221 terram,
3679 2153 3807 2226 quiet

2274 2253 2560 2324 praeceptis
2596 2253 2923 2310 salutaribus
2953 2255 3212 2310 formaret
3250 2254 3492 2310 homines
3513 2251 3574 2307 ad
3600 2251 3806 2306 innocen-

2278 2348 2429 2416 tiam,
2452 2356 2508 2404 et
2532 2349 2788 2420 operibus
2824 2349 3083 2421 factisque
3107 2349 3467 2421 praesentibus
3488 2345 3680 2416 justitiac
3698 2343 3804 2396 viam

2281 2440 2560 2511 panderet,
2591 2456 2696 2512 qua
2725 2441 2977 2512 gradiens
3001 2441 3182 2509 homo,
3219 2451 3274 2499 et
3295 2441 3560 2497 doctorem
3585 2451 3716 2492 suum
3737 2448 3804 2488 se-

2274 2547 2470 2604 quens,
2503 2532 2571 2588 ad
2611 2533 2776 2589 vitam
2810 2543 3072 2591 aeternam
3101 2534 3436 2606 perveniret.
3479 2532 3526 2588 is
3559 2530 3697 2603 igitur
3719 2543 3809 2582 cor-

2279 2634 2502 2698 poratus
2529 2635 2634 2694 est,
2665 2634 2722 2682 et
2770 2637 2923 2684 veste
2964 2627 3143 2683 carnis
3195 2628 3434 2692 indutus,
3466 2633 3518 2680 ut
3545 2621 3737 2683 homini,
3761 2616 3810 2672 ad

2272 2733 2433 2790 quem
2461 2717 2764 2774 docendum
2797 2727 3043 2786 venerat,
3075 2719 3290 2775 virtutis
3318 2728 3375 2775 et
3413 2713 3660 2786 exempla,
3683 2721 3727 2765 ct
3750 2708 3810 2763 in-

2270 2809 2561 2866 citamenta
2603 2808 2891 2881 praeberet.
2933 2809 3042 2868 Sed
3067 2823 3193 2866 cum
3241 2811 3294 2865 in
3339 2808 3578 2866 omnibus
3597 2804 3703 2859 vita:
3723 2798 3814 2855 ofﬁ-

2271 2903 2370 2960 ciis
2402 2903 2626 2974 justitia:
2653 2903 2930 2974 specimen
2953 2903 3303 2975 praebuisset,
3338 2911 3395 2957 ut
3431 2898 3622 2956 doloris
3643 2905 3813 2966 quoque

2272 2997 2587 3070 patientiam
2620 2997 2922 3068 mortisque
2964 3004 3361 3068 contemptum,
3404 2992 3588 3064 quibus
3623 2985 3814 3059 perlecta

2271 3104 2327 3150 et
2360 3100 2738 3149 consummata
2768 3093 2840 3147 sit
2864 3093 3056 3160 virtus,
3096 3091 3338 3148 traderet
3377 3085 3589 3150 homini,
3619 3079 3742 3137 venit
3775 3076 3814 3130 in

565 3190 682 3261 ipsa
707 3204 806 3260 per
821 3204 882 3245 se
904 3187 1096 3243 acerba
1115 3195 1367 3244 etamara
1386 3187 1661 3258 specimen
1687 3185 1840 3242 nobis
1861 3185 2166 3242 futurorum
2193 3197 2238 3261 ρ
2271 3198 2465 3240 manus
2487 3183 2669 3255 impia:
2695 3184 2952 3248 nationis,
2983 3198 3107 3239 cum
3130 3191 3186 3239 et
3211 3183 3385 3238 vitare
3415 3177 3660 3252 potuisset
3681 3171 3817 3227 scien-

563 3291 958 3340 tormentorum
983 3283 1169 3347 dabat,
1200 3296 1320 3352 qua:
1369 3281 1708 3336 morantibus
1751 3280 1802 3335 in
1846 3281 1949 3337 hoc
1975 3280 2176 3337 smculo

568 3384 740 3439 virtus
767 3382 881 3452 ipsa
910 3377 1201 3450 proponit;
1237 3385 1412 3431 tamen
1452 3375 1597 3432 illius
1622 3375 1765 3431 modi
1789 3386 1968 3447 potus,
2001 3386 2055 3432 et
2092 3375 2171 3431 ci-

563 3475 665 3532 bus
689 3474 748 3531 in
773 3486 836 3529 os
857 3469 1093 3528 doctoris
1115 3467 1287 3525 nostri
1311 3467 1554 3534 veniens,
1586 3482 1964 3539 pressurarum
1989 3467 2168 3533 nobis,

2287 3281 2359 3336 tia
2391 3279 2556 3335 futuri
2587 3293 2746 3349 quam
2770 3278 3012 3349 gerebat,
3058 3287 3114 3334 et
3141 3276 3408 3349 repellere
3433 3271 3612 3330 eadem
3638 3268 3811 3328 virtute,

2276 3389 2381 3444 qua
2411 3371 2671 3428 mirabilia
2724 3370 2972 3427 faciebat.
3016 3369 3286 3427 Sustinuit
3322 3382 3452 3440 ergo
3485 3363 3740 3426 cruciatus,
3775 3363 3816 3412 ct

2275 3465 2526 3533 verbera,
2549 3475 2605 3522 et
2620 3464 2824 3536 spinas.
2850 3464 3133 3521 Postremo
3152 3464 3318 3520 etiam
3343 3471 3566 3518 mortem
3589 3455 3814 3523 suscipere

1922 3557 2280 3617 VARIORUM
2310 3557 2541 3615 ΝΟΤΛΕ.

561 3665 587 3720 1
620 3662 769 3735 Lips.
798 3662 834 3717 '5
862 3658 1233 3735 Colb.,_editis
1261 3657 1562 3735 tribtt_§_vet.
1594 3658 1753 3735 Rom.
1801 3667 1855 3713 ct
1896 3656 2158 3735 tredecim

564 3729 993 3803 aliis'impressis
1021 3730 1346 3803 elephantici.
1380 3729 1759 3803 Elephantiaci,
1794 3745 1890 3784 seu
1915 3729 2162 3803 elepltano

567 3807 654 3860 tici
701 3800 849 3869 sunt,
892 3803 983 3874 qui
1031 3804 1193 3872 vulgo
1249 3800 2062 3874 leprosii'dicuntur,_gquorum
2107 3800 2159 3855 in

565 3876 865 3946 Evangelio
881 3872 1026 3946 saepe
1051 3874 1108 3927 lit
1123 3873 1344 3946 mentio.
1377 3872 1509 3928 Vide
1533 3872 1763 3928 Plinium
1796 3872 1891 3927 lib.
1926 3887 2072 3938 χχιι,
2108 3887 2156 3926 c.

568 3949 633 4013 1;
662 3944 877 4002 Celsum
915 3944 1009 4000 lib.
1037 3959 1116 4012 ιιι,
1144 3960 1194 3999 c.
1225 3944 1317 3998 25.

639 4017 685 4072 Α
710 4014 1223 4083 ιηονιεξτευοσαυὶιΝ.
1242 4014 1362 4068 Mat.
1389 4030 1462 4079 rx,
1486 4015 1648 4070 Marc.
1675 4014 1873 4079 v,Luc.
1890 4031 1982 4081 vn,
2007 4014 2056 4070 J.
2084 4031 2162 4072 χι.

645 4088 899 4158 Tempora
924 4087 1171 4158 adjecisse
1198 4096 1460 4155 perpetua.
1494 4086 1568 4140 lta
1593 4101 1783 4142 omnes
1822 4103 1987 4157 prope
2030 4103 2160 4142 mss.

565 4172 622 4218 et
646 4157 798 4216 editi.
827 4159 1081 4228 Perpetua
1115 4157 1267 4230 decs_t
1297 4159 1348 4211 in
1379 4158 1413 4212 4
1441 4158 1576 4227 Reg.
1610 4167 1667 4213 et
1706 4159 1765 4212 ll
1790 4158 2058 4230 vulgatis.
2104 4159 2162 4212 In

564 4232 691 4289 Em.
723 4242 808 4288 est
833 4227 1106 4302 perpetute.
1132 4227 1476 4302 —-_Tempora
1497 4229 1766 4300 adjecisse.
1787 4227 2158 4297 Heumannus,

565 4305 751 4360 addito
803 4298 869 4368 et,
921 4298 1051 4371 legit
1077 4309 1137 4354 ut
1184 4298 1473 4355 Emman.:
1515 4298 1774 4372 Adjecisse
1824 4310 1868 4356 et
1909 4312 2163 4371 perpetua:

565 4392 759 4430 arcana
783 4373 959 4428 mortis
978 4373 1244 4428 revelasse.
1285 4373 1414 4428 BUN.

639 4447 708 4502 In
735 4446 889 4501 tresis.
918 4444 1223 4500 Potuissent
1240 4459 1399 4500 nosse
1413 4442 1648 4499 editores
1667 4443 1771 4498 vim
1796 4443 1942 4499 vocis
1963 4460 2028 4500 ex
2052 4446 2152 4499 hoc

565 4519 741 4590 Capite
769 4516 925 4572 infra.
961 4515 1048 4570 ubi
1076 4516 1326 4588 integrum
1358 4531 1565 4590 corpus,
1594 4524 1651 4570 et
1691 4515 1869 4571 (meum
1894 4532 1954 4570 ac
1997 4515 2153 4571 dimi-

563 4586 753 4646 nutum
783 4604 972 4658 corpus
989 4586 1351 4656 opponuntur.
1386 4586 1518 4642 Dux.

640 4660 709 4717 In
738 4657 876 4716 tresis
893 4657 1189 4729 ali'ectisque
1224 4658 1540 4726 corporibus.
1574 4659 1758 4724 Bene;
1801 4658 1851 4714 id
1884 4667 1967 4714 est
1992 4660 2153 4714 muti-

564 4733 653 4798 lis,
685 4731 974 4796 debilibus,
1007 4730 1239 4800 aegrotis.
1271 4729 1400 4784 Mss.
1433 4731 1467 4784 2
1494 4733 1628 4801 Heg.
1659 4745 1772 4786 rec.
1799 4740 1855 4786 et
1887 4731 1920 4786 9
1965 4731 2150 4786 excusi

564 4803 768 4860 habent
793 4802 990 4868 illozsis,
1019 4809 1310 4873 corrupte;
1341 4801 1471 4856 edit.
1504 4801 1678 4856 Betul.
1707 4802 2033 4873 amicusque.
2078 4832 2149 4844 ——

566 4875 894 4945 Alfectisque.
951 4872 1147 4945 Aﬂecta
1183 4888 1403 4945 corpora
1430 4881 1560 4945 sunt,
1589 4872 1808 4945 aegrota.
1857 4873 1948 4928 Sic
1999 4889 2144 4945 sarpc

563 4941 812 5012 Seneca;
842 4961 893 5002 e.
922 4960 974 5016 g.
1008 4944 1073 4998 ad
1102 4941 1847 5016 Polybium_cap.__.'52.'/Egro
1880 4954 1925 4999 et
1959 4941 2142 5012 a/feeto

564 5018 779 5074 mederi.
806 5018 845 5074 l.
875 5013 1142 5073 tv'Benef.
1171 5030 1219 5070 c.
1254 5015 1343 5070 Μ.
1370 5013 1461 5070 Sic
1481 5014 1685 5083 aﬂ'ecto,
1713 5013 1773 5070 ut
1802 5033 1916 5086 spes
1938 5019 1983 5071 ei
2005 5017 2149 5072 nulla

561 5091 627 5144 sit
656 5087 1056 5145 convalescendi.
1082 5085 1215 5140 Bus.

638 5159 961 5232 Exhibebat.
989 5157 1320 5232 liestitui‘ex
1363 5157 1442 5232 55
1485 5173 1616 5214 mss.
1645 5157 1700 5213 In
1739 5157 1927 5227 Cauc.,
1955 5159 1991 5213 2
2016 5159 2150 5232 Reg.

563 5245 676 5287 rec.
701 5241 755 5287 et
787 5232 852 5288 19
881 5230 1040 5287 editis
1069 5240 1152 5284 est
1171 5227 1460 5282 adhibebat.

648 5300 858 5356 Virtutis
876 5302 1017 5356 nobis
1044 5318 1143 5355 non
1165 5311 1376 5355 terrena:
1399 5316 1578 5371 Opera.
1603 5299 1730 5357 Haec
1749 5302 1907 5356 virtus
1929 5317 2029 5356 non
2048 5313 2152 5356 ter-

565 5388 692 5428 rena
735 5372 857 5427 aliis
893 5373 1072 5428 verbis
1103 5371 1298 5427 dicitur
1344 5371 1446 5427 hoc
1491 5375 1665 5443 capite
1708 5387 1896 5442 supra,
1925 5372 2153 5427 Caelestis

561 5445 758 5509 virtus;
795 5443 962 5499 ibid.:
1007 5443 1092 5499 Vis
1127 5445 1341 5498 caelestis
1368 5459 1388 5508 ;
1415 5443 1578 5499 ibid.:
1612 5443 1943 5498 Admirabilis
1973 5453 2158 5514 poten-

562 5517 635 5570 tia
653 5514 834 5588 ,‘jibid:
859 5514 1154 5588 Laudaﬁbilis
1174 5516 1331 5570 divini
1350 5516 1516 5586 aperis
1531 5515 1777 5588 fortitudo
1798 5532 1819 5588 ί
1843 5513 2004 5570 ibid.:
2035 5513 2158 5588 Non

561 5584 748 5656 exigua
769 5587 1071 5641 immortalis
1101 5588 1337 5656 potentite
1355 5584 1552 5657 opera;
1583 5587 1712 5643 ibid.
1742 5603 1754 5640 :
1787 5584 2159 5642 Inenarrabilis

561 5666 804 5712 potestas.
830 5656 964 5712 BUN.

598 5666 804 5714 οιεεεαε.
830 5666 964 5712 ΒυΝ.

559 5676 804 5730 ροιεειαε.
830 5676 964 5712 non.

648 5728 858 5784 Virtutis
883 5744 987 5783 non
1025 5737 1225 5784 terrena
1271 5746 1429 5800 opera
1470 5737 1794 5786 monstraret.
1841 5729 1918 5786 Ita
1965 5745 2096 5786 mss.
2123 5730 2158 5784 5

565 5801 703 5877 Reg.
724 5800 1107 5864 vetustissimi.
1138 5801 1337 5873 Scripti
1384 5801 1418 5858 9
1458 5810 1512 5859 et
1557 5802 1757 5875 vulgati
1799 5801 1832 5858 5
1881 5803 2156 5874 negationi

2266 3663 2592 3725 praeponunt
2612 3655 2792 3711 'nobis.
2822 3655 2866 3711 Α
2899 3671 3032 3714 mss.
3067 3656 3098 3710 7
3128 3665 3182 3713 et
3217 3654 3433 3713 excusis
3456 3653 3518 3708 H
3547 3650 3683 3706 abest
3718 3659 3810 3708 non,

2266 3735 2323 3782 et
2351 3727 2808 3803 Legiturterrente.
2881 3799 2892 3803 _
3220 3800 3237 3803 _
3562 3794 3572 3803 .
3645 3791 3656 3803 ,

2341 3783 2501 3872 Ergo.
2534 3797 2684 3872 Nunc
2708 3783 3054 3872 expositurus
3090 3808 3173 3872 est
3209 3800 3412 3872 figuras
3441 3791 3684 3872 passionis
3701 3787 3740 3870 i_.
3768 3783 3810 3872 (ἶΪ

2344 3865 2716 3925 Ροίιὶεεὸαιυν.
2747 3865 2823 3925 11⁷³
2853 3887 2986 3928 mss.
3020 3880 3074 3928 et
3101 3865 3276 3936 editi;
3320 3885 3384 3925 ac
3410 3865 3566 3925 simili
3596 3865 3814 3918 locutione

2271 3942 2471 4012 passim
2525 3942 2692 3996 utitur
2736 3942 3067 3998 Lactantius.
3113 3943 3380 3999 Francius
3427 3937 3689 4012 legendum
3722 3941 3815 3985 esse

2272 4011 2550 4086 censebat,
2586 4013 2977 4086 pollicebantur,
3007 4023 3065 4070 ut
3090 4016 3142 4069 in
3179 4015 3215 4071 5
3243 4016 3376 4086 Reg.
3411 4027 3522 4068 rec.

2347 4084 2649 4160 Specimen.
2673 4084 2799 4160 Mss.
2815 4085 2861 4160 A2
2890 4085 3048 4158 ch.,
3079 4084 3347 4160 speciemi
3522 4153 3554 4160 _
3706 4149 3716 4160 .

2346 4153 2546 4210 Cerona
2569 4157 2702 4211 enim
2724 4157 2935 4222 dicitur,
2956 4153 3062 4212 etc.
3092 4153 3264 4226 Quam
3303 4157 3499 4213 Festus
3521 4153 3812 4227 Pompeius}!

2275 4225 2443 4282 choro
2463 4227 2661 4282 dictam
2689 4237 2860 4298 putat,
2884 4219 3346 4300 demptawscilicet
3375 4219 3698 4300 aspiratione.
3725 4219 3814 4300 liti.-

2273 4306 2359 4372 tur
2382 4314 2585 4372 corona:
2607 4287 2869 4372 vocabulo
2897 4287 3626 4372 hac'signilicatione'Cicero
3652 4287 3813 4372 proib-

2271 4369 2417 4446 lonfz
2451 4371 2506 4446 in
2529 4371 2646 4443 ipso
2668 4371 2891 4446 ειοτίῗῖο
2912 4387 2939 4446 ς,
2959 4363 3285 4446 Ιλίγῇῦενᾳιιιυο
3310 4363 3687 4446 armato_c_mtu.
3710 4363 3810 4446 Ber.

2339 4440 2504 4517 Electi
2545 4437 2686 4517 ergo
2708 4459 2773 4517 ea;
2801 4443 2988 4517 dumis.
3024 4444 3122 4500 Ms.
3155 4437 3292 4517 Reg.
3338 4443 3483 4517 Ριιιτ,
3513 4437 3683 4517 ξζςειίξ
3720 4445 3812 4517 ετιρ

2265 4507 2771 4590 exdumis_;_s'cripti
2814 4515 2875 4590 il
2919 4529 3031 4590 rec.
3078 4525 3132 4590 et
3171 4517 3204 4571 4
3239 4507 3490 4590 3311331};
3534 4507 3709 4590 ξἰεέιίῖ
3731 4515 3815 4590 ‘1‘}?

2259 4583 2458 4661 sensu]
2511 4583 2888 4661 Edit.-Bett_tl.,
2941 4584 3220 4661 Pieri.
3268 4583 3381 4661 Ea}:
3412 4583 3589 4661 dumis
3607 4584 3813 4661 essentt-

2257 4654 2370 4730 bus.
2407 4655 2628 4711 Rectum
2662 4648 2959 4730 junxit,'ut
3000 4658 3255 4730 Virgilius
3313 4657 3411 4713 lib.
3439 4668 3496 4710 ιι
3523 4648 3738 4714 Ᾰειιρίἀη
3767 4658 3811 4696 νο

2256 4725 2385 4794 580,
2413 4742 2496 4798 sq.
2521 4725 2682 4799 quem
2704 4729 2943 4784 imitatur
2967 4746 2982 4785 :

2345 4840 2409 4878 -τέ
2430 4814 2738 4878 omnemque
2762 4815 2945 4866 aditum
2969 4817 3173 4868 custode
3196 4821 3451 4869 coronant.

2344 4877 2608 4944 _S_ilva_fuit,
2634 4877 2734 4929 late
2757 4879 2917 4944 dumis
2939 4880 3231 4944 atque_ilice
3255 4883 3399 4944 nigra

2341 4939 2568 5002 Horrida,
2593 4929 2738 5004 quam
2759 4941 2928 4991 densae
2949 4929 3504 5008 complerantﬂu'ndique
3526 4942 3694 4992 sentes.
3710 4929 3808 5008 BUS-

2326 5020 2602 5090 Factisque
2641 5020 2991 5093 prwseutibus.
3025 5021 3220 5093 Addidi
3240 5039 3339 5093 que
3368 5007 3436 5078 ex
3463 5016 3698 5093 omnibus
3722 5007 3809 5093 τοιςο

2253 5085 2580 5164 me_mss.'et
2603 5085 2781 5164 editis.
2814 5091 2872 5146 In
2914 5085 3399 5164 Regio-Put.'li:ec
3429 5092 3586 5150 verba
3624 5085 3804 5142 desunt-

2325 5162 2638 5218 Perveniret.
2673 5163 2732 5218 In
2769 5162 3039 5219 nonnullis
3061 5165 3222 5219 editis
3247 5167 3496 5234 pervenit.

2327 5234 2638 5316 Corporatus
2661 5243 2754 5317 est.
2796 5235 2910 5290 Hoc
2940 5244 3024 5292 est
3062 5222 3258 5307 corpus
3290 5234 3608 5362 assumpsit;
3646 5222 3802 5309 eodem

2328 5307 2424 5360 rbo
2452 5313 2617 5361 utitur
2644 5306 2725 5360 bis
2748 5306 2844 5362 lib.
2876 5321 2933 5362 ιι.
2962 5321 3012 5362 c.
3041 5306 3131 5362 10.
3155 5322 3365 5362 necnon
3395 5318 3450 5362 et
3526 5301 3802 5360 ertullianus

2257 5301 2617 5361 verbo'utitur
2644 5306 2725 5360 bis
2748 5306 2844 5362 lib.
2876 5321 2933 5370 ιι,
2962 5321 3012 5362 c.
3041 5306 3131 5373 10,
3155 5301 3365 5363 necnon
3395 5318 3450 5364 et
3481 5301 3806 5373 Tertullianus

2259 5377 2296 5430 ι.
2331 5377 2399 5432 de
2422 5376 2594 5432 Carne
2618 5376 2814 5433 Christi
2837 5393 2888 5433 c.
2924 5369 2959 5434 ὅ
2985 5388 3037 5434 et
3077 5369 3127 5434 c.
3157 5379 3209 5434 6.
3244 5379 3383 5436 Hinc
3423 5379 3495 5434 illi
3528 5373 3640 5431 eod.
3671 5369 3703 5423 l.
3746 5376 3804 5424 IV.

2260 5463 2347 5502 cor
2385 5449 2547 5502 oratio
2587 5458 2672 5504 est
2713 5453 3009 5521 assumptio
3053 5449 3418 5506 humanitatis.
3454 5449 3720 5504 Banruius.

2334 5466 2622 5574 gnecimen.
2676 5519 2729 5574 id
2775 5530 2879 5574 est.
2930 5523 3255 5574 exemplum.
3289 5522 3408 5574 Cic.
3461 5520 3552 5574 lib.
3601 5531 3648 5570 ιιι
3697 5510 3720 5564 1

2360 5519 2622 5593 ipecimen.
2676 5519 2729 5575 id
2775 5510 3255 5593 estfexemplum.
3289 5522 3408 5577 Cic.
3461 5520 3552 5575 lib.
3601 5531 3648 5570 ιιι
3672 5510 3802 5593 “Leg-

2261 5605 2311 5646 c.
2339 5581 2394 5656 5,
2422 5590 2477 5645 Is
2505 5591 2632 5645 ordo
2650 5593 2770 5647 vitio
2795 5581 2972 5647 vacato
2990 5609 3009 5648 :
3031 5581 3228 5648 ctéteris
3245 5594 3500 5661 specimen
3524 5598 3640 5643 esto.
3667 5581 3805 5650 Quin-

2261 5662 2339 5734 til.
2366 5661 2460 5716 lib.
2491 5678 2547 5716 ιιι
2577 5661 2810 5718 lnstitut.
2835 5679 2884 5720 c.
2922 5665 2946 5718 'l
2977 5683 2991 5718 :
3024 5662 3180 5720 Dedit
3222 5665 3431 5720 unicum
3456 5662 3590 5734 apud
3608 5672 3689 5712 nos
3706 5665 3803 5721 spt-

2258 5733 2422 5787 cimen
2451 5734 2697 5788 orandi...
2730 5735 2784 5789 Μ
2793 5777 2806 5790 .
2835 5735 3058 5791 Tullius.
3089 5736 3219 5793 BUN.

2262 5870 2267 5874 ,
2306 5804 2609 5874 Sustinuit,
2633 5815 2738 5864 etc.
2771 5806 2983 5865 Omittit
3004 5809 3150 5880 quod
3179 5816 3293 5868 erat
3319 5806 3660 5880 prmcipuum,
3688 5806 3804 5854 nem-
