4038 6358
255 328 356 388 529

1186 325 1388 384 LIBER
1427 327 1516 384 IV.
1560 327 1650 384 DE
1692 326 1877 385 VERA
1918 326 2282 389 SAPIENTIA
2315 330 2414 401 ET
2457 329 2682 388 RELIG.

3449 329 3557 392 550

255 461 358 504 non
383 445 674 512 recusavit,
702 452 762 501 ut
801 443 965 500 homo
990 443 1081 501 illo
1108 443 1247 500 duce
1285 443 1562 499 subactam
1599 451 1655 499 et
1693 451 1842 499 cate-
1869 444 1925 505 Α
1946 455 2162 498 crucem
2186 442 2456 513 maluerit,
2486 445 2628 518 quod
2654 445 2740 500 illa
2772 444 2997 501 exaltari
3025 461 3146 503 eum
3180 446 3282 502 fuit
3310 461 3554 517 necesse,

256 548 435 597 natam
465 547 693 594 mortem
724 552 844 594 cum
869 537 982 594 suis
1015 536 1314 592 terroribus
1343 533 1848 608 triumpharet.Cur

254 644 431 689 autem
481 647 722 687 summus
748 640 900 703 pater
943 629 998 686 id
1046 630 1387 702 potissimum
1434 643 1606 701 genus
1657 629 1849 686 mortis

250 724 496 797 elegerit,
527 739 635 796 quo
659 722 798 779 affici
829 738 953 778 eum
982 724 1207 790 sineret,
1235 722 1350 779 hazc
1379 723 1518 778 ratio
1549 733 1652 779 est.
1688 723 1842 780 Dicat

253 819 398 876 enim
429 817 659 874 fortasse
683 817 915 888 aliquis:
944 831 1042 872 cur
1071 818 1113 871 si
1148 816 1292 872 Deus
1337 815 1456 882 fuit,
1506 825 1562 871 et
1592 817 1729 872 mori
1754 831 1850 872 vo-

249 921 372 990 luit,
397 936 503 977 non
530 921 719 977 saltem
753 921 982 974 honesto
1009 918 1190 989 aliquo
1230 916 1421 972 mortis
1459 931 1660 987 genere
1689 914 1850 971 alfec-

251 1024 338 1071 tus
363 1016 483 1072 est?
523 1029 620 1070 cur
647 1014 987 1085 potissimum
1038 1011 1233 1067 cruce?
1279 1025 1376 1064 cur
1427 1008 1611 1064 infami
1650 1024 1850 1081 genere

247 1108 526 1180 supplicii,
556 1106 698 1178 quod
746 1106 909 1162 etiam
959 1103 1179 1160 homine
1229 1102 1422 1170 libero,
1471 1103 1718 1174 quamvis
1746 1117 1848 1157 no-

247 1211 433 1269 cente,
456 1199 702 1255 videatur
728 1197 1025 1269 indignum.
1056 1195 1298 1252 Primum
1339 1193 1482 1266 quod
1519 1193 1586 1262 is,
1619 1194 1709 1265 qui
1750 1192 1850 1249 hu-

246 1295 399 1351 milis
422 1293 737 1359 advenerat,
766 1299 827 1346 ut
854 1289 1150 1345 humilibus
1175 1297 1230 1345 et
1255 1286 1452 1343 inlimis
1477 1300 1638 1358 opem
1657 1285 1847 1353 ferret,

248 1397 314 1445 et
341 1387 590 1443 omnibus
621 1401 773 1456 spem
815 1383 1006 1441 salutis
1039 1382 1370 1451 ostenderet,
1403 1397 1470 1438 eo
1498 1395 1698 1454 genere
1733 1379 1852 1435 affi-

243 1479 476 1538 ciendus
506 1480 623 1548 l'uit,
673 1495 783 1550 quo
833 1477 1066 1533 humiles
1093 1487 1148 1533 et
1184 1476 1356 1532 intimi
1387 1475 1585 1542 solent,
1619 1490 1686 1530 ne
1727 1473 1850 1544 quis

241 1584 398 1632 esset
424 1574 666 1640 omnino,
711 1575 799 1645 qui
831 1588 952 1630 eum
998 1587 1104 1628 non
1144 1580 1332 1644 posset
1387 1569 1609 1626 imitari.
1644 1567 1851 1624 Deinde

241 1679 311 1724 ut
357 1669 624 1739 integrum
653 1683 852 1739 corpus
905 1666 1023 1737 ejus
1077 1674 1514 1731 conservaretur,
1563 1678 1726 1734 quem
1760 1662 1850 1718 die

242 1761 414 1817 tertio
440 1776 723 1833 resurgere
739 1761 806 1816 ab
829 1758 1018 1815 inferis
1041 1758 1345 1830 oportebat.

1953 545 2009 593 et
2034 537 2284 594 omnibus
2312 540 2560 611 gentibus
2591 539 2897 611 passionem
2950 541 3045 598 Dei
3087 552 3387 599 notescere.
3419 541 3557 598 Nam

1953 632 2204 703 quoniam
2240 633 2304 700 is,
2341 635 2433 704 qui
2469 634 2706 704 patibulo
2731 635 3116 706 suspenditur,
3147 644 3205 692 et
3230 635 3557 708 conspicuus

1954 736 2036 782 est
2063 726 2332 795 omnibus,
2354 735 2409 784 et
2430 729 2642 784 caeteris
2669 729 2854 795 altior,
2880 745 3011 786 crux
3038 730 3217 802 potius
3245 730 3417 787 electa
3446 741 3553 798 est,

1951 837 2072 893 qua:
2098 821 2427 894 signiﬁcaret
2451 823 2600 878 illum
2634 832 2742 879 tam
2764 825 3114 895 conspicuum
3146 835 3361 896 tamque
3387 824 3556 880 subli-

1954 929 2096 969 mem
2129 913 2392 983 futurnm,
2420 925 2478 970 ut
2507 919 2573 972 ad
2604 931 2726 972 eum
2767 917 3204 988 cognoscendum
3252 917 3453 988 pariter
3500 925 3559 974 et

1953 1012 2237 1068 colendum
2258 1054 2273 1079 ,
2304 1021 2514 1069 cunctae
2554 1013 2801 1070 nationes
2827 1029 2892 1070 ex
2922 1015 3068 1069 omni
3098 1013 3232 1069 orbe
3260 1028 3556 1070 concurre-

1953 1114 2092 1162 rent.
2147 1107 2388 1178 Denique
2436 1107 2582 1162 nulla
2631 1122 2764 1178 gens
2809 1116 2916 1162 tam
2949 1107 3240 1163 inhumana
3269 1117 3372 1175 est,
3406 1107 3554 1164 nulla

1955 1200 2107 1270 regio
2137 1209 2245 1255 tam
2271 1209 2502 1268 remota,
2524 1201 2611 1257 cui
2636 1211 2729 1256 aut
2753 1201 2934 1272 passio
2964 1201 3102 1272 ejus,
3132 1209 3225 1257 aut
3255 1201 3561 1258 sublimitas

1954 1291 2249 1362 majestatis
2273 1292 2453 1367 ignota
2479 1293 2567 1348 sit.
2605 1292 2863 1349 Extendit
2892 1307 3022 1364 ergo
3053 1293 3105 1348 in
3149 1294 3400 1364 passione
3436 1309 3559 1349 ma-

1956 1400 2058 1441 nus
2088 1401 2236 1451 suas,
2262 1386 2556 1457 orbemque
2579 1385 2859 1442 dimensus
2879 1397 2986 1451 est,
3009 1396 3066 1440 ut
3080 1387 3191 1457 jam
3221 1396 3346 1442 tunc
3371 1395 3556 1442 osten-

1953 1477 2128 1544 deret,
2157 1478 2225 1533 ab
2251 1488 2374 1534 ortu
2403 1479 2535 1537 solis
2566 1494 2736 1550 usque
2761 1479 2826 1534 ad
2857 1493 3132 1544 occasum,
3173 1493 3424 1549 magnum
3456 1493 3557 1546 po-

1955 1570 2138 1641 pulum
2168 1586 2236 1626 ex
2267 1571 2519 1628 omnibus
2559 1571 2759 1643 linguis
2799 1581 2855 1627 et
2882 1571 3126 1626 tribubus
3147 1577 3556 1641 congregatum,

1954 1664 2057 1720 sub
2085 1663 2199 1719 alas
2230 1678 2354 1719 suas
2381 1678 2502 1719 esse
2527 1673 2837 1732 venturum,
2860 1664 3180 1734 signumque
3218 1661 3347 1717 illud
3383 1659 3559 1716 maxi-

1955 1772 2125 1824 mnm,
2159 1768 2322 1829 atque
2353 1758 2603 1822 sublime,
2635 1757 2900 1814 frontibus
2930 1757 3042 1813 suis
3069 1766 3470 1828 suscepturum.

324 1852 436 1909 Nec
467 1853 610 1908 enim
643 1853 745 1908 hoc
772 1853 1020 1923 cuiquam
1051 1850 1404 1923 ignorandum
1434 1858 1536 1917 est,
1565 1849 1708 1920 quod
1727 1850 1844 1920 ipse
1875 1857 1923 1918 B
2020 1848 2183 1921 Cujus
2215 1850 2291 1906 rei
2321 1848 2545 1922 ﬁguram
2573 1849 2747 1907 Judaei
2776 1851 3086 1908 etiamnunc
3116 1849 3402 1916 exhibent,
3433 1863 3556 1906 cum

239 1957 376 2002 ante
402 1945 469 2002 de
490 1961 584 2001 sua
613 1946 864 2018 passione
887 1945 1186 2016 prmdicans
1216 1944 1375 2000 etiam
1401 1943 1453 1999 id
1485 1952 1670 1998 notum
1701 1941 1845 1999 lece-

235 2043 336 2109 rit,
373 2041 573 2098 habere
611 2057 670 2097 se
715 2051 1100 2113 postestatem,
1149 2055 1269 2095 cum
1314 2039 1493 2104 vellet,
1542 2037 1848 2110 deponendi

235 2139 494 2210 spiritum
521 2146 572 2194 et
603 2137 934 2193 resumendi.
970 2134 1208 2192 Suflixus
1237 2135 1414 2206 itaque
1440 2133 1566 2205 quia
1597 2133 1846 2203 spiritum

234 2231 604 2303 deposuerat,
636 2231 998 2286 necessarium
1028 2228 1316 2284 carniﬁces
1346 2242 1454 2282 non
1481 2233 1843 2298 putaverunt,

233 2341 366 2382 ossa
407 2326 526 2396 ejus
569 2325 887 2396 sull‘ringere
916 2323 1076 2396 (sicut
1106 2337 1224 2378 mos
1249 2337 1436 2378 eorum
1468 2317 1722 2392 ferebat.)
1751 2318 1844 2374 sed

234 2418 616 2475 tantummodo
644 2418 782 2474 latus
811 2417 928 2488 ejus
965 2416 1394 2487 perloraverunt.
1443 2413 1533 2470 Sic
1576 2414 1841 2483 integrum

230 2527 442 2583 corpus
483 2511 720 2583 patibulo
750 2510 1050 2566 detractum
1080 2517 1182 2576 est,
1204 2515 1262 2564 et
1277 2508 1526 2578 sepulcro
1556 2506 1844 2577 diligenter

228 2603 530 2660 inclusum.
558 2603 690 2673 Quae
717 2604 898 2659 omnia
928 2601 1130 2658 idcirco
1157 2601 1296 2657 facta
1335 2611 1494 2667 sunt,
1537 2615 1608 2656 ne
1653 2599 1842 2655 laesum

227 2713 291 2755 ac
328 2698 650 2754 diminutum
680 2713 875 2768 corpus
902 2695 968 2752 ad
996 2697 1384 2768 resurgendum
1428 2694 1667 2751 inhabile
1714 2692 1843 2750 red-

227 2792 478 2851 deretur.
514 2793 604 2849 Illa
646 2807 861 2865 quoque
911 2792 1180 2863 praecipua
1218 2790 1320 2847 fuit
1360 2805 1547 2856 causa,
1581 2806 1678 2846 cur
1702 2789 1846 2848 Deus

1951 1947 2135 2003 limina
2165 1960 2260 2001 sua
2287 1945 2368 2017 de,
2390 1960 2584 2002 cruore
2613 1947 2736 2018 agni
2765 1955 2975 2002 notant.
2997 1946 3137 2001 Deus
3163 1945 3307 2000 enim
3335 1959 3558 2016 percus-

1951 2057 2111 2099 surus
2139 2041 2446 2114 IEgyptios,
2472 2051 2529 2097 ut
2556 2041 2626 2097 ab
2649 2055 2713 2098 ea
2740 2040 2896 2113 plaga
2930 2041 3194 2096 immunes
3213 2039 3417 2096 faceret
3445 2038 3556 2096 He-

1955 2134 2153 2201 brzeos,
2188 2142 2522 2204 praeceperat
2546 2134 2649 2202 his,
2681 2143 2741 2189 ut
2765 2149 2960 2206 agnum
2986 2133 3274 2190 candidum
3303 2134 3420 2190 sine
3445 2149 3560 2189 ma-

1955 2228 2074 2284 cula
2095 2228 2458 2294 immolarent,
2473 2243 2536 2283 ac
2552 2227 2764 2299 signum
2784 2227 3061 2283 liminibus
3079 2227 3192 2283 suis
3213 2227 3282 2284 de
3298 2228 3558 2298 sanguine

1953 2321 2072 2393 ejus
2114 2321 2478 2391 imponerent.
2511 2321 2697 2392 Itaque
2725 2335 2846 2376 cum
2882 2319 3258 2392 IEgyptiorum
3285 2320 3559 2391 primoge-

1951 2417 2062 2471 nita
2087 2431 2194 2472 una
2215 2424 2374 2471 nocte
2395 2415 2729 2483 interissent,
2750 2414 2964 2470 Hebraei
2991 2414 3092 2469 soli
3109 2414 3263 2485 signo
3279 2413 3557 2485 sanguinis

1948 2509 2049 2564 tuti
2095 2509 2341 2573 luerunt;
2384 2524 2491 2562 non
2540 2508 2662 2578 quia
2704 2523 2864 2564 cruor
2907 2507 3126 2578 pecudis
3176 2516 3375 2563 tantam
3414 2507 3468 2562 in
3497 2521 3559 2564 se

1949 2603 2059 2658 vim
2091 2603 2336 2675 gerebat,
2365 2611 2423 2657 ut
2472 2600 2780 2656 hominibus
2828 2599 2988 2656 saluti
3031 2599 3336 2656 esset:sed
3382 2600 3558 2669 imago

1951 2696 2129 2753 fuerat
2160 2713 2341 2753 rerum
2370 2696 2694 2752 futurarum.
2724 2695 2912 2766 Agnus
2951 2695 3093 2750 enim
3142 2693 3402 2750 candidus
3437 2693 3557 2752 sine

1951 2790 2162 2847 macula
2204 2789 2452 2846 Christus
2497 2789 2630 2858 fuit,
2661 2789 2714 2844 id
2760 2798 2843 2845 est
2873 2789 3167 2856 innocens,
3201 2796 3253 2843 et
3276 2787 3472 2859 justus,
3503 2799 3562 2848 et

1595 2885 1957 2944 VARIORUM
1996 2886 2228 2944 NOTAE.

225 3000 294 3058 pe
349 2985 492 3058 quod
537 3001 666 3042 crux
707 2983 1141 3058 maledictionem
1184 2983 1298 3058 Dei
1318 2981 1835 3058 adjunctanrhabet.
1867 2981 1914 3046 C
1949 3053 1963 3058 _
1986 2983 2092 3058 _Ab
2113 2984 2314 3054 inferis.
2334 2982 2460 3038 Mss.
2483 2983 2509 3037 1
2539 2981 2773 3038 Clarom.
2801 2991 2854 3039 et
2874 2981 3042 3037 Brun.
3073 2997 3105 3035 a
3131 2981 3343 3037 mortuis
3367 2997 3386 3036 :
3411 2981 3556 3053 quod

223 3053 532 3186 Oportf‘bat
584 3066 764 3114 autem
795 3054 1072 3112 Christum
1104 3053 1378 3122 maledici,
1422 3063 1480 3109 ut
1515 3053 1842 3124 justiﬁcare-

226 3145 380 3186 mur.
457 3145 597 3186 IVET.

226 3145 380 3186 mur.
407 3145 597 3186 “IVET.

225 3281 242 3307 ς
300 3243 531 3298 Mortem
551 3261 664 3298 cum
690 3243 797 3298 suis
819 3242 1092 3296 terroribus
1116 3241 1476 3310 triumpharet.
1510 3237 1601 3310 Sic
1622 3246 1678 3297 et
1703 3239 1843 3294 libro

225 3332 302 3385 Vl,
337 3331 462 3385 Cap.
497 3317 590 3381 ‘25,
629 3316 693 3369 ad
743 3315 928 3379 linem,
981 3313 1290 3385 Lactantius
1331 3311 1483 3377 dicit,
1525 3309 1626 3364 Hic
1655 3319 1842 3385 terram

229 3381 606 3459 triumphabit,
639 3388 717 3442 sic
746 3395 800 3442 et
826 3386 979 3459 vitam
1009 3386 1174 3459 vivere
1191 3383 1566 3459 alibi_passim.
1601 3411 1674 3422 —
1697 3381 1842 3459 Mor-

229 3471 332 3516 tem
357 3454 474 3513 cum
502 3460 604 3514 suis
637 3458 912 3514 terroribus
939 3457 1292 3524 triumpharet.
1317 3454 1452 3510 Cum
1501 3468 1681 3510 aecus.
1717 3464 1774 3508 ut
1801 3454 1838 3508 l.

226 3549 302 3598 τι,
356 3545 410 3586 c.
441 3530 556 3586 23:
610 3529 708 3584 Hic
753 3538 940 3583 terram
981 3527 1337 3598 triumphabit.
1390 3526 1712 3598 Epitorn.c.
1746 3525 1839 3582 46:

227 3597 481 3673 Captivos
508 3601 860 3673 triumphavit.
903 3600 969 3654 Et
997 3614 1117 3670 qua:
1144 3597 1345 3673 notavi
1380 3597 1446 3653 ad
1479 3597 1517 3673 1ἶ
1529 3597 1614 3673 Δ(1θ
1643 3597 1839 3673 Morte,

228 3668 610 3742 Persecfcap.
643 3668 711 3729 16
733 3689 746 3726 :
783 3668 1045 3728 Saeculum
1067 3687 1180 3725 cum
1196 3669 1301 3725 suis
1327 3668 1628 3726 terroribus
1656 3669 1843 3724 trium-

231 3748 434 3821 pltasti.
461 3746 595 3802 Bux.

294 3861 412 3918 Cur
432 3861 617 3933 infami
645 3875 826 3933 genere
871 3857 1132 3933 supplicii.
1167 3856 1247 3912 Ex
1287 3855 1541 3933 omnibus
1563 3927 1572 3933 _
1597 3869 1729 3933 mss.
1755 3927 1767 3933 _
1788 3863 1843 3911 et

230 3927 1100 4006 quamplurimis'editisjrestitui,
1150 3943 1274 4006 qua;
1312 3927 1460 4006 Δ11ιρ
1480 3927 1718 4006 vulgatis
1741 3927 1842 4006 de-

233 3997 423 4062 erant;
451 4034 524 4045 -—
551 4004 654 4058 Cur
680 4003 860 4074 infanti
891 4017 1078 4074 genere
1100 3997 1362 4074 supplicii.
1391 3997 1660 4054 Videntur
1685 3997 1841 4074 excit

232 4078 390 4134 disse
415 4091 480 4132 ex
507 4075 694 4131 Gallzei
727 4069 986 4129 editione.
1039 4069 1173 4126 Nam
1215 4072 1416 4126 habent
1469 4085 1602 4126 mss.
1630 4078 1684 4125 et
1712 4069 1843 4126 editi

233 4151 346 4205 mei
407 4163 617 4203 omnes.
666 4145 869 4202 Eodem
901 4159 1086 4209 sensu,
1119 4158 1226 4214 quo
1273 4141 1595 4214 hiciinfami,
1640 4141 1838 4196 dixit].

238 4237 316 4285 tv,
343 4236 398 4273 c.
435 4218 539 4275 l6:
583 4219 787 4290 Insigni
816 4217 1112 4290 supplicio;
1139 4213 1198 4290 c._
1360 4213 1684 4290 Essecrabili
1708 4213 1842 4290 pati:

235 4293 384 4347 bula.
417 4285 754 4346 Arnobius'l.
791 4305 831 4355 ι,
864 4285 1012 4360 p.20
1039 4303 1144 4356 pr.:
1172 4285 1474 4360 Idcirco_dii
1502 4285 1641 4360 vobis
1669 4286 1844 4360 infesti

235 4377 432 4419 sunt...
464 4363 606 4432 quod
641 4356 912 4416 hominem
943 4367 1230 4432 natum,‘et
1255 4356 1402 4432 quod
1425 4356 1844 4432 personisjnl‘a-

237 4451 329 4491 me
383 4428 724 4499 est'vilibus,
749 4432 923 4488 crucis
949 4430 1214 4502 supplicio
1252 4430 1639 4500 interemptum
1675 4428 1844 4484 Deum

238 4507 408 4578 fuisse
435 4505 758 4561 contenditis.
784 4505 915 4561 BDN.

320 4622 548 4678 Homine
573 4621 730 4676 libero
773 4621 1062 4692 indignum.
1110 4617 1257 4692 Crux
1304 4617 1447 4692 enim
1487 4615 1850 4692 _servilis_est

239 4711 433 4768 pmna.
471 4695 652 4748 llorat.
681 4693 798 4768 _Sat.
838 4686 1016 4768 3,'_l‘i_h.
1048 4707 1061 4744 l
1090 4708 1116 4768 ;_
1157 4688 1458 4768 Iuvenalis,
1482 4686 1852 4768 διξερε-ζῶντε

240 4758 450 4822 ὶνιιεεηι
471 4782 631 4820 servo.
677 4764 883 4821 Seneca
912 4764 1004 4818 lib.
1035 4778 1050 4816 ι
1088 4761 1155 4816 de
1180 4762 1351 4817 Clem.
1387 4775 1505 4830 cap.
1541 4758 1645 4823 26;
1674 4759 1788 4814 Cic.
1818 4773 1852 4812 v

243 4841 301 4894 in
319 4838 574 4904 Verrem,
600 4837 687 4892 ubi
715 4837 790 4890 ait
817 4835 1092 4890 Romanus
1108 4843 1319 4888 orator:
1341 4831 1507 4904 Quam
1524 4832 1679 4886 servis
1699 4830 1850 4904 dam-

244 4912 387 4964 natis
416 4925 614 4963 crucem
651 4909 837 4976 ﬁxeras
856 4950 870 4975 ,
903 4907 1033 4960 hanc
1062 4905 1369 4976 indemnatis
1407 4903 1853 4976 civibusirontanis

244 4997 556 5037 reservares.
594 4973 864 5036 Videntur
890 4978 1051 5034 etiam
1102 4976 1209 5032 Jul.
1237 4975 1575 5046 Capitolinus
1611 4975 1664 5030 in
1701 4973 1845 5044 Opil.

246 5053 512 5110 Macrino.
546 5050 746 5107 Fauna.

359 5166 430 5222 Ut
473 5166 744 5220 humilibus
784 5173 832 5220 et
869 5163 1080 5232 in/imis.
1112 5163 1188 5218 Ita
1217 5161 1429 5218 restitui
1457 5175 1520 5216 ex
1546 5173 1680 5215 mss.
1711 5158 1854 5214 anti-

248 5239 535 5311 quissimis
562 5242 587 5292 1
620 5238 855 5311 Βοηοη.,
891 5238 918 5291 1
945 5237 1110 5311 Reg.,_
1131 5236 1167 5289 il
1196 5236 1266 5288 al.
1293 5235 1454 5311 Reg,
1495 5232 1651 5311 bona;
1687 5241 1854 5311 notae,

248 5301 317 5367 εἰς
341 5310 378 5365 ’1
407 5309 588 5376 editis,
617 5310 759 5380 quod
784 5301 849 5363 et
867 5301 1149 5379 sequentia
1172 5301 1475 5380 requirunt.
1515 5305 1581 5360 Et
1603 5303 1683 5360 sic
1716 5301 1854 5359 infra

248 5383 425 5438 iidem
452 5391 508 5438 et
536 5383 564 5435 7
599 5377 687 5436 alii
711 5382 918 5452 scripti.
948 5377 1010 5435 ln
1033 5380 1107 5433 ‘22
1135 5386 1221 5434 est
1246 5377 1488 5447 inﬁrmis.

334 5493 496 5560 Quem
526 5493 608 5546 die
634 5493 799 5548 tertio.
834 5492 910 5548 lta
958 5491 1086 5546 editi
1125 5505 1246 5545 cum
1276 5488 1528 5544 omnibus
1555 5503 1693 5558 pene
1721 5502 1852 5543 mss.

248 5567 314 5623 In
348 5566 384 5618 9.
407 5564 646 5620 Clarom.
682 5573 786 5630 est,
813 5565 894 5618 die
934 5564 1116 5628 tertiai;
1147 5563 1198 5616 in
1244 5562 1268 5616 l
1303 5561 1436 5631 Reg.
1477 5561 1692 5631 optima:
1716 5569 1856 5615 nota:

249 5648 310 5694 et
335 5638 390 5691 in
423 5641 441 5690 l
477 5637 640 5691 Brun.
665 5644 747 5692 est
774 5636 908 5706 quod
964 5634 1046 5688 die
1095 5635 1264 5706 tertio.
1295 5630 1497 5688 Verum
1529 5630 1668 5701 apud
1695 5631 1852 5706 Joan.

249 5726 383 5780 cap.
414 5709 503 5775 l9,
536 5724 586 5761 v.
624 5708 716 5771 56,
751 5702 942 5762 melior
969 5707 1106 5780 ratio
1138 5704 1406 5780 redditur,
1430 5711 1714 5780 l‘lClllpeJll.
1756 5702 1857 5757 im-

250 5772 500 5852 pleretur
528 5781 668 5852 quod
699 5779 896 5834 dictum
920 5787 1004 5834 est
1047 5776 1218 5852 Exodi
1256 5792 1374 5844 cap.
1431 5791 1506 5852 x_t_t
1552 5782 1605 5828 et
1628 5772 1850 5852 Numer.

250 5845 383 5920 cap.
412 5868 466 5906 Ix
497 5870 508 5904 :
546 5849 617 5920 Os
655 5867 762 5920 non
799 5851 1249 5920 comminuetis‘ea
1274 5863 1364 5920 eo;
1415 5845 1503 5901 ubi
1533 5845 1857 5920 verba‘liunt

253 5909 341 5979 de.
370 5914 511 5992 {igne
544 5909 808 5977 Paschalit
836 5914 923 5992 qtti
957 5918 1121 5990 figura
1159 5911 1254 5974 iuit
1283 5909 1409 5974 ἰθέῃ
1443 5909 1741 5974 morientis.
1801 5944 1853 5990 ες

1948 3053 2091 3109 idem
2116 3053 2219 3111 est.

2018 3148 2148 3202 Ante
2177 3149 2240 3202 de
2268 3165 2362 3202 sua
2402 3147 2639 3218 passione
2675 3146 2979 3218 praedicans.
3013 3145 3139 3203 llzcc
3159 3146 3321 3203 lectio
3350 3156 3432 3203 est
3463 3163 3558 3204 ve-

1948 3219 2233 3274 tustiorum
2260 3228 2315 3274 et
2341 3219 2606 3288 potiorum
2632 3233 2763 3274 mss.
2795 3219 2831 3272 Ξ
2866 3218 3099 3283 Βοηοη.,
3124 3219 3462 3289 Regio-PaL,
3490 3221 3552 3277 11

1945 3291 2199 3357 aliorum,
2231 3305 2294 3344 ac
2317 3292 2350 3344 9
2377 3291 2664 3346 editorum.
2707 3289 2766 3344 In
2789 3290 2856 3346 l8
2886 3290 3230 3360 rec.scriptis
3257 3299 3342 3348 est
3366 3300 3551 3347 ante...

1947 3363 2230 3431 prwdicens
2255 3380 2266 3415 :
2301 3377 2409 3432 pro:
2433 3361 2577 3417 enim
2611 3361 2750 3417 idem
2777 3371 2860 3417 est
2885 3362 3026 3428 quod
3054 3371 3188 3416 ante.

2021 3453 2250 3526 Sufﬂatus
2277 3455 2448 3526 itaque
2471 3455 2592 3524 quia
2619 3453 3206 3526 sipiritunrdeposuerat.
3225 3454 3315 3510 Sic
3338 3458 3555 3523 reposui

1947 3540 2014 3582 ex
2032 3525 2416 3596 antiquissimis
2436 3540 2565 3597 mss.
2587 3527 2612 3580 l
2636 3525 2794 3597 Reg.,
2811 3527 2837 3579 1
2855 3525 3090 3597 Bonon.,
3107 3526 3142 3580 2
3160 3527 3229 3580 al.
3249 3527 3381 3597 Reg.
3397 3527 3554 3583 Manu

1946 3595 2248 3653 exarati’lﬁ
2279 3612 2388 3653 rec.
2421 3606 2473 3652 et
2515 3596 2550 3650 2
2587 3595 2737 3652 edit;
2768 3607 2874 3668 vet.
2919 3595 3120 3651 habent
3167 3614 3282 3652 cum
3319 3595 3556 3668 spiritum

1944 3669 2464 3738 spontedeposuerat.
2483 3668 2682 3736 Seripti
2705 3667 2742 3722 2
2769 3667 2902 3739 Reg.
2935 3677 2992 3724 et
3018 3668 3248 3739 Tornes.
3274 3685 3396 3724 cum
3427 3670 3552 3726 edd.

1946 3739 2000 3807 8,
2016 3756 2131 3794 cum
2145 3742 2381 3811 spiritum
2396 3750 2576 3811 sponte
2587 3738 2923 3810 deposuisset.
2943 3739 3042 3796 Ms.
3059 3738 3214 3796 Cant.
3226 3782 3240 3808 ,
3260 3741 3558 3813 deponeret.

2019 3831 2258 3886 Inhabile
2286 3832 2602 3887 redderetur.
2633 3829 2751 3886 Non
2779 3840 2863 3887 est
2886 3830 3003 3886 htec
3027 3831 3196 3898 ratio;
3235 3831 3377 3888 Deus
3405 3834 3555 3889 enim

1947 3907 2039 3972 qui
2068 3903 2276 3960 creavit
2302 3917 2531 3974 corpus,
2561 3901 2809 3958 mutilum
2840 3902 3097 3974 supplere
3135 3903 3364 3958 valebat.
3400 3903 3557 3974 Quod

1945 3975 2106 4031 etiam
2137 3975 2351 4031 eveniet
2381 3976 2432 4030 in
2467 3975 2887 4043 resurrectione,
2915 3989 3036 4030 cum
3081 3976 3263 4030 mutila
3303 3989 3556 4048 corpora,

1945 4060 2076 4102 sana
2105 4055 2160 4102 et
2189 4048 2395 4118 integra
2424 4054 2724 4118 resurgent.

2019 4139 2278 4213 Exaltqri.
2305 4139 2403 4195 Hic
2425 4139 2668 4213 allude_re
2688 4139 2898 4213 videtur
2927 4139 2992 4213 ad
3023 4140 3149 4196 illud
3167 4140 3365 4197 Christi
3388 4142 3559 4213 ipsius

1949 4213 2169 4266 verbum
2195 4211 2390 4286 Johan.
2425 4226 2498 4286 un
2525 4229 2538 4264 :
2573 4210 2640 4286 Et
2675 4228 2767 4284 ego
2796 4212 2841 4266 si
2869 4212 3122 4268 exaltatus
3160 4216 3305 4286 [uero
3335 4229 3366 4268 a
3396 4210 3556 4286 terra,

1949 4299 2122 4339 omnes
2153 4285 2356 4338 traham
2385 4285 2452 4338 ad
2481 4300 2560 4337 me
2582 4285 2770 4353 ipsum.

1869 4383 1924 4444 D
2019 4377 2148 4433 Cum
2193 4378 2374 4450 limina
2412 4393 2506 4432 sua
2531 4377 2989 4450 deoruoreiAgni
3035 4387 3231 4433 notant.
3263 4379 3354 4450 Sic
3392 4379 3556 4435 etiam

1952 4464 2177 4524 sensere
2213 4448 2520 4524 Cyprianus
2557 4447 2652 4502 lib.
2699 4463 2735 4502 ιι
2771 4447 3031 4524 adversus
3078 4450 3294 4524 Judteos
3325 4449 3353 4524 §
3383 4450 3476 4519 22,
3505 4460 3562 4509 et

1955 4519 2314 4590 Hieronymus
2340 4520 2392 4574 in
2422 4519 2544 4575 lsai.
2578 4535 2720 4587 vat,
2743 4530 2802 4575 ut
2829 4530 2884 4577 et
2908 4520 3240 4579 Lactantius.

2031 4612 2100 4669 Ut
2130 4629 2322 4688 agnum
2359 4612 2659 4688 candidum.
2708 4614 2876 4688 Exodi
2924 4615 3033 4686 xu},
3079 4616 3283 4688 absque
3328 4618 3559 4688 macula,

1955 4700 2063 4758 non
2107 4685 2328 4758 coloris,
2359 4685 2455 4758 sed
2501 4684 2888 4758 delormitatis,
2913 4698 2970 4741 ut
2993 4684 3562 4758 claudus,scabiosus,

1954 4757 2040 4829 vel
2085 4756 2311 4829 alterius
2342 4756 2456 4811 vitii
2499 4757 2800 4829 acgmorbi.
2835 4758 2950 4814 Hoc
2993 4759 3060 4815 de
3088 4760 3328 4829 qualibet
3347 4756 3564 4817 victima

1957 4828 2154 4884 dicitur
2183 4825 2360 4884 Levit.
2389 4844 2521 4883 χιιι.
2547 4827 2876 4886 lllsuocmus.

2030 4919 2403 4992 Primogenita.
2430 4920 2519 4975 Sic
2541 4920 2826 4992 emendavi
2853 4936 2919 4977 ex
2949 4921 3199 4978 omnibus
3226 4939 3357 4980 mss.
3385 4932 3440 4981 et
3467 4926 3566 4980 im-

1958 4993 2181 5066 pressis,
2211 4991 2407 5066 przeter
2436 4993 2554 5066 Em.
2585 5003 2646 5066 et
2667 4991 2821 5048 Cant.
2847 5003 2901 5048 et
2921 4994 2956 5049 5
2994 4993 3125 5048 edit.
3151 5009 3261 5051 rec.
3294 4996 3344 5050 in
3372 4996 3566 5066 quibus

1957 5072 2063 5136 est,
2096 5064 2440 5134 primogeniti.
2464 5135 2471 5136 ί
2494 5063 2599 5119 Sed
2649 5072 2725 5136 et,
2756 5066 3130 5136 primogenita,
3171 5066 3313 5135 quod
3367 5063 3567 5125 nomen

1958 5135 2207 5191 homines
2227 5145 2279 5190 et
2309 5135 2540 5205 pecudes
2555 5135 2948 5206 complectitur;
2962 5137 3110 5206 juxta
3126 5136 3534 5205 Exod.xu,xxtx
3547 5183 3561 5197 .

2031 5206 2216 5279 Imago
2257 5210 2442 5279 fuerat.
2475 5206 2882 5279 Licetiabunde
2924 5218 3069 5279 esset
3095 5222 3561 5279 argumentorum,

1957 5277 2484 5352 quilius'conﬁrmari
2515 5277 3230 5352 possitveritaschristianae
3257 5277 3561 5352 religionis,

1960 5349 2444 5426 fatendumtamen
2475 5357 2558 5404 est
2594 5349 2724 5426 o_li_m
2773 5349 2913 5419 apud
2961 5350 3223 5421 quosdam
3270 5349 3565 5426 scriptores

1959 5421 2354 5496 ecclesiasticos
2390 5420 2444 5496 i_n
2490 5436 2588 5476 usu
2618 5420 2779 5476 luisse
2801 5462 2815 5486 ,
2849 5431 2908 5496 u_t
2945 5420 3296 5496 quaecumque
3327 5420 3562 5496 aliquam

1959 5493 2073 5550 veri
2108 5491 2344 5562 speciem
2385 5490 2612 5558 ferrent,
2637 5507 2698 5547 ea
2743 5491 2923 5547 omnia
2949 5490 3014 5548 ad
3043 5508 3156 5550 rem
3189 5490 3340 5549 suam
3379 5490 3564 5554 tr'ahe-

1959 5575 2115 5638 rcnt,_
2133 5574 2242 5617 tum
2271 5564 2444 5633 signa,
2483 5572 2594 5618 tum
2624 5563 2969 5638 prophetias,
2999 5565 3160 5638 etiam
3193 5566 3482 5638 allegorice
3511 5578 3566 5624 ct

1960 5636 2182 5709 mystice
2207 5646 2469 5704 sumptas,
2495 5635 2636 5706 quod
2667 5634 2752 5689 hic
2779 5634 2980 5709 factum
3003 5636 3245 5693 videmus
3271 5634 3562 5694 a'Lactan-

1959 5707 2053 5763 tio.
2088 5710 2343 5779 Attamen
2379 5722 2534 5761 nemo
2583 5717 2664 5762 est
2701 5707 2788 5774 qui
2828 5717 2984 5777 neget
3013 5723 3207 5779 agnum
3257 5709 3561 5779 paschalcm

1962 5781 2187 5850 liguram
2210 5776 2346 5848 Agni
2377 5779 2509 5844 veri,
2544 5778 2594 5834 id
2624 5789 2703 5834 eSt
2733 5776 3228 5836 Servaturis'nostri
3257 5776 3453 5836 luisse.

2033 5851 2405 5925 Agmts‘enim.
2434 5851 2704 5925 Dmnium
2751 5851 3240 5925 manuscriptorum
3284 5864 3400 5919 est;
3444 5853 3565 5908 nam

1964 5915 2142 5992 agitus,
2178 5915 2440 5977 editorum
2452 5938 2463 5976 ε
