4038 6358
520 276 626 335 555

1616 276 1801 333 FIRM.
1841 274 2207 333 LACTANTII
2246 272 2449 334 DIVIN.
2490 275 2732 336 INSTIT.

3676 272 3764 336 556

517 396 687 455 titulis
731 395 964 455 honores
1008 392 1113 454 sibi
1154 394 1379 453 deorum
1425 393 1781 453 vindicarem.
1810 393 1915 464 Qui
1958 407 2119 451 error
2143 398 2370 463 Amas;
2402 393 2547 453 hunc
2586 396 2761 454 solum
2808 395 3150 464 noverimus,
3182 394 3320 454 hunc
3360 409 3645 468 sequamur.
3669 396 3768 456 Hoc

520 486 712 544 discuti
739 496 933 560 potest,
970 496 1025 544 et
1050 488 1101 542 in
1124 485 1300 543 lucem
1330 486 1569 543 veritatis
1594 484 1857 557 protrahi.
1891 483 2028 542 Nam
2073 483 2120 540 si

522 582 643 654 quis
669 580 849 639 studet
894 580 1055 638 altius
1096 579 1402 653 inquirere,
1434 591 1727 653 congreget
1768 595 1884 648 eos,
1927 578 2123 651 quibus

520 676 710 747 peritia
738 689 824 732 est
861 676 1006 733 ciere
1033 677 1103 732 ab
1141 675 1330 732 inferis
1372 676 1602 730 animas.
1638 668 1875 731 Evocent
1908 673 2120 742 Jovem,

519 768 852 842 Neptunum,
883 769 1198 838 Vulcanum,
1228 769 1576 837 Mercurium,
1626 767 1999 840 Appellinem,
2030 782 2124 838 pa-

519 870 769 933 tremque
798 862 1040 919 omnium
1058 861 1371 920 Saturnum.
1393 860 1814 933 Respondebuut
1843 861 1911 917 ab
1936 858 2125 917 inferis

522 970 731 1024 omnes,
762 965 815 1013 et
841 956 1154 1028 interrogati
1179 957 1486 1029 loquentur,
1509 955 1654 1013 etde
1682 970 1742 1011 se
1766 970 1829 1011 ac
1847 954 1958 1011 Deo
1984 953 2124 1011 fate-

522 1048 744 1106 buntur.
775 1049 905 1107 Post
929 1048 1045 1107 haec
1066 1060 1295 1107 evocent
1319 1048 1615 1116 Christum,
1647 1063 1756 1105 non
1786 1046 1981 1117 aderit,
2018 1062 2126 1104 non

522 1141 802 1213 apparebit
822 1159 837 1210 ;
864 1142 985 1214 quia
1005 1158 1113 1199 non
1140 1142 1373 1214 amplius
1398 1156 1557 1213 quam
1574 1140 1738 1197 biduo
1758 1139 1900 1211 apud
1921 1138 2127 1196 inferos

519 1232 639 1289 fuit.
659 1232 800 1304 Quid
830 1234 930 1292 hac
958 1234 1274 1306 probatione
1293 1233 1496 1292 certius
1521 1232 1753 1304 proferri
1782 1232 1988 1303 potest?
2014 1231 2127 1303 Ego

521 1339 651 1382 vero
682 1341 787 1381 non
812 1326 1024 1397 dubito,
1053 1328 1184 1399 quin
1210 1325 1278 1383 ad
1306 1326 1587 1383 veritatem
1614 1323 2002 1397 Trismegistus
2027 1321 2129 1379 hac

520 1419 699 1491 aliqua
728 1420 941 1478 ratione
990 1419 1330 1492 pervenerit,
1361 1421 1452 1492 qui
1483 1418 1553 1475 de
1601 1419 1710 1475 Deo
1741 1417 1880 1475 Filio
1919 1416 2129 1474 locutus

521 1527 606 1575 est
630 1518 821 1589 multa,
850 1534 969 1590 qua:
999 1517 1195 1575 divinis
1220 1519 1566 1575 continentur
1594 1516 1829 1574 arcanis.

1080 1610 1311 1671 CAPUT
1348 1609 1589 1668 XXVIII.

615 1707 697 1764 De
721 1725 810 1780 spe
838 1719 884 1765 et
911 1725 1026 1766 vera
1050 1710 1294 1782 religione
1311 1750 1324 1775 ,
1354 1717 1507 1779 atque
1528 1707 1593 1762 de
1616 1707 1989 1777 superstitione.

2222 486 2435 543 vinculo
2486 488 2703 559 pietatis
2753 489 3000 547 obstricti
3049 490 3160 546 Deo
3209 498 3264 546 et
3317 489 3520 563 religati
3574 506 3765 564 sumus;

2222 578 2366 637 unde
2422 579 2539 651 ipsa
2587 581 2798 654 Religio
2843 597 3041 639 nomen
3092 583 3327 655 accepit,
3357 598 3463 640 non
3505 592 3561 640 ut
3606 584 3769 644 Cicero

2223 672 2611 745 interpretatus
2656 684 2762 740 est,
2803 689 2835 731 a
2865 675 3157 748 relegendo
3183 717 3198 743 ,
3236 675 3326 748 qui
3362 675 3414 731 in
3447 675 3578 732 libro
3599 675 3660 733 de
3680 677 3771 733 Na-

2231 775 2350 822 tura
2388 766 2615 824 deorum
2652 767 2891 825 secundo
2925 769 3000 825 ita
3038 768 3181 839 dixit,
3214 787 3228 824 :
3279 788 3299 823 ι
3335 769 3450 826 Νοιι
3472 771 3607 827 enim
3626 770 3773 844 philo-

2225 861 2381 934 s0phi
2407 862 2607 930 solum,
2630 877 2817 919 verum
2842 862 3008 921 etiam
3025 866 3259 935 majores
3278 864 3445 921 nostri
3469 865 3775 935 superstitio-

2227 968 2351 1011 nem
2396 968 2427 1008 a
2474 954 2736 1027 religione
2763 964 3173 1027 separaverunt.
3214 954 3348 1013 Nam
3378 956 3467 1027 qui
3503 964 3635 1013 totos
3680 956 3777 1016 dies

2228 1047 2604 1119 precabantur,
2633 1057 2689 1105 et
2715 1049 3087 1117 immolabant,
3115 1060 3175 1106 ut
3195 1050 3279 1106 sui
3300 1049 3403 1107 sibi
3423 1048 3573 1106 liberi
3612 1065 3778 1123 super-

2229 1142 2383 1199 stites
2406 1151 2609 1210 essent,
2640 1142 3005 1215 superstitiosi
3054 1153 3179 1201 sunt
3207 1142 3482 1216 appellati.
3510 1143 3606 1214 Qui
3627 1128 3781 1203 sulem

2228 1232 2427 1302 omnia,
2458 1249 2579 1305 qua:
2597 1233 2666 1290 ad
2696 1234 2897 1292 cultum
2924 1234 3152 1293 deorum
3183 1238 3532 1308 pertinerent,
3557 1244 3781 1293 retracta-

2230 1337 2372 1395 rent,
2404 1336 2461 1384 et
2490 1336 2762 1401 tamquam
2794 1329 3120 1402 relegerent,
3155 1331 3190 1386 ii
3237 1330 3368 1387 dicti
3396 1339 3520 1387 sunt
3544 1331 3783 1402 religiosi,

2230 1434 2296 1476 ex
2322 1419 2620 1490 religendo,
2646 1431 2920 1493 tamquam
2944 1437 3012 1479 ex
3041 1422 3297 1494 eligendo
3339 1421 3622 1495 elegantes,
3648 1420 3702 1479 'et
3721 1437 3782 1478 ex

2231 1515 2521 1589 deligendo
2540 1517 2917 1591 diligentes,.et
2950 1518 3302 1592 intelligendo
3329 1518 3687 1591 intelligenles.
3708 1519 3784 1576 llis

2234 1611 2378 1666 enim
2406 1611 2585 1668 verbis
2607 1612 2857 1669 omnibus
2882 1612 3027 1670 inest
3050 1613 3132 1669 vis
3170 1611 3383 1685 legendi
3405 1611 3606 1679 eadem,
3622 1626 3725 1684 qua:
3743 1611 3786 1668 in

2236 1703 2491 1775 religioso
2515 1722 2530 1759 :
2558 1705 2629 1761 ita
2655 1702 2854 1762 factum
2880 1713 2966 1761 est
2994 1706 3047 1762 in
3074 1704 3452 1778 superstitioso
3475 1713 3527 1760 et
3552 1704 3786 1776 religioso,

611 1801 742 1871 Qua:
770 1815 891 1858 cum
931 1802 1003 1859 ita
1040 1816 1102 1860 se
1133 1802 1386 1871 habeant,
1426 1811 1487 1859 ut
1522 1801 1878 1867 ostendimus,
1912 1810 2136 1872 apparet
2235 1794 2464 1853 alterum
2491 1797 2608 1855 vitii
2637 1814 2853 1868 nomen,
2882 1799 3112 1857 alterum
3142 1799 3341 1857 laudis.
3368 1820 3388 1854 ι
3414 1798 3536 1858 Hec
3558 1799 3789 1870 interpre-

526 1893 727 1950 nullam
754 1894 913 1951 aliam
933 1909 1087 1967 spem
1116 1895 1239 1951 vita:
1260 1893 1465 1952 homini
1493 1908 1615 1950 esse
1643 1893 1995 1965 propositam,
2019 1890 2126 1948 nisi

524 1996 588 2044 ut
606 1987 833 2060 abiectis
858 1988 1294 2059 vanitatibus,jet
1314 2001 1503 2046 errore
1523 1986 2026 2056 miserabili,chutn
2043 2000 2128 2042 co-

525 2092 771 2158 gnoscat,
794 2091 850 2139 et
880 2084 990 2140 Deo
1014 2084 1240 2151 serviat,
1263 2082 1367 2140 nisi
1399 2081 1522 2139 huic
1551 2080 1835 2153 temporali
1857 2079 2132 2137 renuntiet

522 2175 668 2244 vitae,
697 2190 762 2232 ac
791 2190 852 2232 se
879 2175 1199 2232 rudimentis
1218 2174 1444 2247 justitia:
1467 2173 1537 2231 ad
1576 2173 1781 2230 cultum
1812 2186 1959 2229 verte
1983 2169 2131 2228 Reli-

525 2268 702 2343 gionis
748 2269 1011 2327 instituat.
1050 2269 1164 2327 Hac
1191 2269 1339 2326 enim
1386 2268 1694 2325 conditione
1736 2264 2031 2338 gignimur,
2072 2271 2131 2320 ut

523 2364 805 2435 generanti
854 2377 951 2420 nos
993 2363 1103 2421 Deo
1124 2362 1267 2435 justa
1292 2371 1349 2420 et
1375 2361 1557 2419 debita
1590 2359 1849 2432 obsequia
1877 2356 2093 2430 praabea

2158 1902 2208 1965 Β
2238 1891 2369 1948 tatio
2393 1907 2553 1964 quam
2582 1893 2763 1966 inepta
2791 1895 2881 1963 sit,
2911 1912 2981 1953 ex
3021 1911 3081 1952 re
3120 1896 3238 1967 ipsa
3268 1895 3395 1952 licet
3422 1908 3653 1952 noscere.
3679 1892 3787 1950 Nam

2232 1985 2277 2040 si
2308 1985 2363 2042 in
2394 1986 2587 2043 iisdem
2613 1987 2717 2043 diis
2761 1989 3036 2058 colendis,
3067 1997 3123 2047 et
3159 1989 3507 2061 superstitio,
3545 1997 3597 2045 et
3634 1986 3791 2060 religio

2239 2089 2509 2149 versatur,
2535 2081 2749 2153 exigua,
2781 2083 2865 2139 vel
2896 2083 3076 2155 potius
3104 2083 3256 2138 nulla
3277 2082 3527 2140 distantia
3552 2090 3644 2138 est.
3680 2080 3793 2148 Quid

2236 2172 2382 2229 enim
2424 2175 2555 2231 mihi
2581 2173 2772 2233 atteret
2795 2191 2994 2245 causae,
3021 2192 3121 2234 cur
3146 2177 3361 2249 precari
3384 2190 3478 2248 pro
3502 2174 3659 2231 salute
3680 2173 3792 2229 tilio-

2234 2280 2354 2322 rum
2382 2268 2574 2337 semel,
2597 2270 2854 2342 religiosi,
2877 2278 2932 2327 et
2957 2270 3100 2328 idem
3124 2270 3311 2327 decies
3341 2269 3537 2337 facere,
3569 2267 3791 2339 supersti-

2238 2359 2361 2417 tiosi
2397 2375 2521 2420 esse
2564 2362 2797 2422 hominis
2828 2364 3164 2423 arbitretur?
3197 2363 3260 2423 Si
3291 2365 3435 2422 enim
3459 2362 3618 2421 semel
3646 2360 3790 2418 facere

1879 2472 2241 2535 VARIORUM
2278 2473 2507 2537 NOTAE.

525 2640 649 2680 num
699 2624 1049 2681 credulitatem
1097 2621 1321 2678 mentita
1347 2618 1610 2676 divinitate
1647 2614 1932 2679 deludunt;
1960 2620 2018 2669 et
2044 2613 2128 2668 in-

528 2696 631 2764 fra,
662 2698 904 2754 mentitis
949 2693 1260 2750 nominibus.
1300 2693 1375 2749 Ita
1410 2691 1627 2764 Cicero,
1659 2688 1755 2744 lib.
1783 2703 1845 2742 ιιι
1874 2684 2123 2754 Tuscul.,

527 2782 577 2825 c.
607 2762 702 2836 24,
735 2767 1047 2824 ementitam
1076 2767 1372 2836 opinionem
1389 2764 1538 2836 diagit.
1572 2762 1704 2836 Bon.

603 2832 868 2894 Iit—lucent
908 2832 1133 2893 veritatis
1177 2835 1428 2905 protrahi.
1462 2834 1702 2903 Legitur,
1729 2832 1781 2885 in
1828 2832 1995 2884 lucent
2043 2844 2127 2883 ve-

529 2912 659 2965 ritas
685 2910 935 2985 protrahi,
975 2909 1115 2979 apud
1145 2908 1442 2985 Duneman.
1476 2906 1567 2985 qui
1596 2912 1777 2985 notam
1808 2910 2125 2985 sequentem

530 2976 769 3037 contexit
794 2982 846 3037 in
886 2976 1025 3037 hanc
1061 2982 1379 3036 variantem.
1408 2976 1764 3033 —-’Restituo
1806 2976 2025 3037 veritas,
2057 2987 2125 3028 ex

2230 2623 2497 2688 quatuor;
2531 2631 2654 2687 quas
2680 2616 2990 2688 conjunctio
3015 2616 3351 2675 admittenda
3389 2628 3471 2675 est
3499 2636 3511 2672 ε
3543 2617 3654 2674 vide
3678 2618 3788 2674 inira

2230 2686 2371 2761 quod
2394 2686 2649 2761 hominem
2673 2690 2771 2745 sibi
2786 2686 2933 2744 'Deus
2959 2690 3277 2761 religaverit,
3305 2700 3354 2744 et
3377 2691 3556 2761 pietate
3579 2693 3789 2745 constrin-

2230 2758 2395 2831 xerit.
2419 2759 2525 2831 Sed
2550 2769 2605 2815 et
2640 2760 2971 2826 Lactantius,
3001 2758 3089 2816 lib.
3129 2762 3235 2817 Ide
3267 2758 3494 2831 Opilicio
3522 2762 3626 2827 Dei,
3648 2776 3689 2818 c.
3718 2761 3784 2830 l9,

2235 2838 2364 2905 post
2386 2830 2617 2905 initium,
2651 2833 2903 2905 hominem
2934 2834 3134 2905 virtutis
3158 2830 3480 2905 sacramento
3504 2835 3726 2905 religavit.

2304 2898 2501 2957 Cicero.
2531 2903 2648 2960 Lib.
2675 2919 2715 2959 ιι
2736 2904 2804 2960 de
2830 2904 3026 2960 Natura
3057 2904 3310 2971 deorum,
3341 2922 3390 2961 c.
3423 2904 3511 2961 28.
3554 2898 3685 2960 lianc
3720 2904 3790 2961 Ci-

2233 2974 2453 3048 ceronis
2483 2973 2873 3048 derivationem
2906 2991 2935 3031 a
2981 2977 3253 3048 relegendo
3297 2978 3471 3048 rejicit
3501 2977 3788 3048 Lactantius,

530 3052 681 3123 Lips.
713 3054 893 3119 tertio,
942 3052 1171 3108 Rcimm.
1202 3062 1257 3108 et
1306 3051 1524 3121 optimis
1553 3047 1697 3123 cdd.
1747 3046 1913 3102 Torn.
1946 3044 2122 3123 _158:l,
2153 3053 2199 3118 C
2233 3044 2321 3114 qui
2360 3045 2647 3123 religionis
2679 3057 2895 3123 etymon
2942 3044 3162 3123 sumita
3200 3044 3500 3123 religando.
3520 3049 3644 3123 Cum
3678 3047 3787 3123 Lac:

531 3115 697 3193 1615,
726 3136 781 3181 et
804 3115 1067 3181 walchio.
1095 3124 1171 3180 Ita
1212 3115 1358 3179 enim
1389 3122 1517 3193 epit.
1551 3122 1602 3175 itt
1627 3128 1793 3193 extra,
1827 3116 1980 3187 prmi.
2013 3134 2025 3171 :
2059 3115 2128 3193 I_tt

532 3186 697 3252 lucent
731 3198 915 3252 veritas
949 3195 1294 3265 protrahenda
1318 3186 1631 3265 csa-Plures
1657 3190 1787 3265 editi
1828 3186 1985 3245 antea
2017 3206 2029 3242 :
2060 3186 2133 3265 1η

531 3269 696 3343 lucem
735 3261 961 3343 veritatis
984 3267 1236 3343 protrahi.
1266 3262 1674 3343 At_sceund_um
1720 3262 1925 3343 {HL-Ill,
1968 3275 2018 3343 c.
2054 3261 2079 3314 1
2115 3278 2129 3315 :

533 3339 794 3396 Diseussis
818 3333 1155 3410 convictisque
1180 3336 1435 3394 erroribus
1477 3335 1756 3391 veritas....
1787 3333 2134 3389 clarissimum

532 3413 704 3483 lumen
720 3412 895 3483 infert.
915 3412 1047 3468 Bun.

606 3476 833 3539 Evocant
850 3485 1050 3540 Jovem.
1069 3482 1184 3539 Non
1209 3481 1445 3552 loquitur
1460 3478 1528 3535 de
1545 3476 1861 3552 evocatione
1882 3476 2128 3543 deorum,

534 3570 671 3627 quos
702 3557 911 3613 urbium
957 3556 1213 3612 tutelares
1257 3548 1612 3627 imperatores
1652 3548 1964 3627 obsidentes
2003 3562 2133 3627 evo-

534 3617 730 3683 cabant
746 3646 758 3682 :
776 3629 931 3699 cujus
955 3626 1290 3699 evocationis
1316 3617 1551 3699 carmina
1575 3620 1865 3699 suntapttd
1893 3617 2126 3699 Macrob.

535 3699 632 3775 lib.
651 3716 708 3775 tu
731 3690 973 3775 Saturn.,
989 3716 1110 3775 cap.
1128 3698 1182 3764 9,
1198 3709 1253 3755 et
1273 3697 1412 3769 apud
1432 3694 1663 3775 Livium,
1687 3691 1779 3747 lib.
1797 3706 1914 3760 vm,
1929 3690 2046 3747 dcc.
2067 3691 2089 3745 l
2112 3706 2128 3757 ;

536 3771 632 3827 sed
677 3773 745 3827 dc
787 3774 957 3839 magia
999 3767 1119 3839 illa,
1163 3767 1528 3839 uecrdmantia
1556 3767 1718 3839 dicta.

610 3845 684 3898 Ac
711 3843 841 3900 Deo.
874 3835 931 3900 in
957 3835 1180 3900 vetustis
1203 3842 1358 3906 edit.,
1392 3838 1458 3893 Et
1485 3837 1549 3891 de
1573 3835 1702 3890 Deo.

615 3915 754 3982 Quia
801 3933 903 3971 non
948 3916 1172 3986 amplius
1214 3929 1367 3985 quam
1416 3911 1567 3986 biduo
1594 3908 1736 3979 apud
1758 3907 1969 3986 “inferos
2010 3905 2127 3986 fuit.

538 3977 759 4043 Scilicet
787 3987 1015 4057 integro,
1034 3977 1088 4042 'si
1131 3977 1479 4057 numerentur
1509 3977 1663 4057 horae
1680 3979 1872 4050 quibus
1896 3977 2133 4057 absolvi-

537 4069 629 4112 tur
654 4058 878 4126 quilihet
897 4050 1015 4115 dies
1042 4055 1334 4121 naturalis;
1381 4054 1551 4126 tribus
1579 4052 1723 4126 enim
1752 4065 1781 4104 a
1814 4058 1989 4126 morte
2018 4050 2133 4126 dic-

538 4128 642 4186 bus
661 4121 933 4199 inemptis,
952 4145 1058 4185 non
1088 4124 1654 4199 completis,_Chri_stus
1675 4122 1996 4199 in_sepulcro
2013 4121 2131 4190 fuit,

541 4209 598 4258 et
628 4201 751 4257 hinc
792 4193 943 4257 tertia
975 4201 1065 4257 die
1089 4193 1405 4264 resurrexit,
1438 4210 1495 4252 ut
1525 4196 1684 4251 habet
1715 4193 2050 4265 Symbolum.

613 4270 731 4326 Hac
751 4272 942 4341 aliqua.
962 4273 1036 4328 ita
1055 4287 1181 4327 mss.
1202 4269 1547 4341 ch’io-PuL,
1565 4270 1600 4324 5
1616 4268 1686 4322 al.
1712 4265 1930 4341 ch._,A6
1954 4265 2129 4341 Colb.,

536 4342 796 4409 Sorbon.,
829 4336 1090 4411 Clarum,
1118 4336 1309 4409 BrunJ
1339 4350 1394 4396 et
1422 4340 1549 4397 editi
1572 4336 2001 4411 septem.Abest
2036 4339 2133 4411 hac

538 4430 570 4469 a
598 4415 732 4486 Reg.
775 4409 1147 4486 antiquissimo
1172 4424 1226 4469 et
1267 4415 1293 4469 1
1337 4412 1488 4484 Lips.
1535 4412 1593 4486 In
1622 4412 1648 4466 1
1700 4409 1905 4486 Bonan.
1937 4410 2130 4481 antiq.,

540 4486 577 4545 5
602 4480 741 4558 Reg.
772 4502 881 4543 rec.
905 4480 959 4543 et
988 4486 1215 4558 vulgatis
1242 4480 1432 4540 novem
1460 4492 1544 4541 est
1565 4480 1918 4558 liancaliqna.

618 4553 721 4627 Qui
749 4559 813 4613 de
838 4558 947 4614 Deo
975 4553 1115 4611 Filio
1144 4558 1343 4612 locutus
1361 4565 1437 4612 est
1465 4555 1645 4610 multa.
1671 4554 1762 4611 Sic
1789 4553 1907 4627 lego
1936 4567 2006 4607 ex
2039 4568 2132 4623 op-

541 4624 674 4685 timo
701 4631 890 4686 codice
919 4644 1020 4685 ms.
1048 4628 1363 4699 Regio-But.
1388 4644 1403 4693 ;
1430 4642 1550 4699 qua:
1594 4626 1752 4699 lectio
1790 4624 2137 4699 optimumuet

539 4701 901 4757 clarissimum
942 4695 1163 4757 sensum
1200 4695 1568 4754 exhibetIMs.
1600 4698 1626 4750 l
1668 4696 1875 4751 Bonon.
1910 4704 1967 4750 et
2003 4695 2131 4750 edit.

540 4771 704 4839 Gall.,
740 4772 989 4843 Sparck.,
1037 4772 1124 4842 qui
1168 4770 1231 4825 de
1256 4769 1364 4843 Deo
1398 4768 1556 4843 Patre
1597 4769 1842 4843 omnium,
1888 4766 1952 4843 de
1999 4765 2137 4843 Filio

543 4837 744 4899 locutus
766 4837 837 4900 est
864 4837 1061 4909 multa,‘
1089 4857 1190 4896 ms.
1222 4843 1245 4896 1
1277 4841 1409 4911 Reg.
1441 4837 1868 4911 antiquissimus,
1890 4837 2016 4893 item
2036 4839 2133 4911 _a_lii

541 4915 651 4986 duo
690 4915 822 4986 lieg.
856 4931 968 4971 rec.
993 4925 1049 4970 et
1090 4912 1124 4967 8
1155 4908 1383 4986 vulgati,
1407 4911 1577 4986 omnia
1605 4909 1669 4986 de
1694 4908 1835 4986 Filio
1853 4916 2006 4986 ,__e_te.
2034 4908 2133 4963 Ms.

542 4984 710 5042 Cauc.
723 4977 800 5041 Ξῖ
815 4987 905 5043 alii
927 5002 990 5042 ac
1010 5000 1204 5040 novem
1230 4977 1502 5051 iinpressi,
1516 4982 1686 5035 omnia
1700 4989 1745 5035 et
1766 4981 1830 5034 de
1847 4977 2011 5046 Filio,
2026 4990 2130 5036 etc.

543 5057 765 5129 inepte;
810 5059 933 5130 quis
973 5057 1116 5113 enim
1156 5055 1225 5130 de
1268 5053 1427 5110 Patre
1467 5052 1878 5130 unquamdixit
1921 5052 2137 5130 omnia?

541 5121 665 5198 qum
701 5121 801 5185 vox
826 5121 977 5186 'certe
1006 5127 1226 5198 retineri
1265 5121 1605 5198 nonpotesi._
1625 5121 1960 5198 Vide_igitu_r
1990 5122 2133 5198 Tris-

541 5192 829 5270 megistnm
860 5202 915 5256 in
944 5197 1256 5263 Pimandro,
1282 5192 1444 5270 capit.
1458 5195 1633 5270 led.
1664 5192 1885 5251 Sublac.
1924 5192 2087 5270 habet
2117 5212 2130 5250 :

547 5264 730 5335 Qui'de
749 5269 855 5326 Deo
875 5271 1035 5326 Patre
1053 5270 1249 5337 omnia,
1280 5279 1328 5323 et
1351 5264 1418 5321 de
1450 5264 1587 5321 Filio
1615 5267 1815 5322 locutus
1844 5275 1919 5321 est
1950 5267 2128 5337 multa.

614 5339 779 5414 Deum
800 5352 1089 5414 cognoscat.
1119 5341 1211 5399 Sic
1234 5336 1478 5396 Christus
1501 5338 1641 5414 apud
1669 5337 1931 5393 Joannem
1958 5354 1970 5390 :
2006 5336 2134 5393 Htec

542 5419 618 5466 est
657 5412 759 5465 vita
800 5409 1023 5477 (etei-na,
1055 5422 1112 5484 ut
1158 5420 1465 5484 cognoscant
1511 5419 1559 5484 te
1600 5409 1769 5465 Deum
1803 5426 1995 5484 verum,
2023 5420 2127 5465 etc.

536 5484 851 5554 Agnoscere
872 5493 1048 5539 autem
1069 5481 1237 5538 Dauni
1255 5482 1389 5538 nihil
1412 5481 1556 5537 aliud
1578 5490 1682 5548 est,
1704 5492 1863 5554 quam
1886 5482 1942 5536 in
1966 5482 2131 5537 Deum

541 5552 785 5624 credere,
817 5563 872 5608 et
897 5554 963 5609 de
988 5570 1075 5618 eo,
1107 5563 1165 5608 ut
1194 5569 1289 5624 par
1314 5563 1417 5620 cst,
1449 5555 1671 5610 sentire.

615 5622 890 5707 Geizeranti
925 5641 1016 5680 nos
1049 5622 1339 5682 Deo.‘Mss.
1367 5641 1465 5682 sex
1498 5640 1611 5683 rec.
1643 5636 1698 5682 et
1727 5623 1948 5682 totidem
1976 5623 2127 5694 editi,

570 5704 781 5752 enerati.

535 5713 855 5845 {agi-tgg'icti
890 5767 1073 5845 Decet
1119 5768 1323 5839 religati
1359 5785 1553 5845 sumus.
1596 5768 2132 5845 Coujunctionemet

536 5838 743 5899 r'estitui
774 5854 840 5899 ex
886 5839 1137 5899 omnibus
1179 5838 1311 5907 mss.
1358 5842 1559 5912 praeter
1601 5838 1859 5914 Quinque,
1889 5848 1944 5900 et
1986 5838 2121 5897 edit.

2242 3118 2410 3191 tantio
2449 3118 2575 3191 facit
2614 3117 2672 3174 S.
2710 3117 3023 3176 Ambrosius
3061 3120 3199 3176 libro
3240 3117 3317 3176 de
3364 3120 3651 3191 Virginibus
3666 3161 3692 3191 ,ί
3717 3119 3789 3174 ubi

2239 3187 2630 3262 virginesgDeo
2678 3202 2874 3260 nuptas
2912 3193 3065 3262 quasi
3114 3191 3370 3262 religatas
3414 3187 3651 3249 ostendit.
3679 3190 3790 3246 Hinc

2237 3261 2384 3315 enim
2412 3260 2747 3336 religionem
2766 3260 2992 3336 dictam
3014 3277 3160 3329 esse,
3205 3260 3532 3336 etymologia
3568 3278 3625 3319 re
3646 3278 3789 3336 quam
3857 3316 3865 3330 ,

2238 3345 2372 3386 voce
2397 3334 2595 3406 verior.
2615 3332 2944 3390 Manilestius
2968 3333 3245 3391 Lactantio
3268 3332 3624 3406 adstipulatur
3644 3332 3792 3390 Hiero-

2237 3417 2431 3475 nymus
2458 3405 2509 3458 in
2540 3405 2705 3462 Amos
2726 3420 2849 3474 cap.
2871 3422 2948 3473 ιι,
2976 3406 3172 3462 dictam
3198 3408 3454 3463 nimirum
3480 3421 3596 3463 esse
3613 3405 3791 3475 religio-

2238 3490 2385 3548 nem,
2413 3475 2556 3548 quod
2585 3477 2739 3548 quasi
2776 3477 2830 3532 in
2860 3477 3056 3532 fascem
3096 3477 3311 3534 Domini
3338 3479 3500 3534 vincti
3532 3487 3584 3534 et
3620 3476 3789 3548 religati

2236 3546 2425 3620 simus.
2463 3546 2656 3604 Verum
2688 3550 3020 3620 Augustinus
3050 3550 3297 3604 nonnihil
3329 3550 3531 3615 variat,
3565 3548 3626 3605 ad
3667 3546 3790 3620 Cice-

2236 3617 2387 3691 ronis
2414 3617 2809 3690 expositionem
2839 3621 3058 3691 propius
3096 3620 3383 3677 accedens.
3418 3621 3545 3678 Nam
3588 3621 3636 3676 in
3677 3618 3789 3674 libro

2234 3688 2312 3764 de
2333 3688 2503 3745 Civitf
2525 3692 2614 3747 Dei
2660 3708 2696 3747 x
2718 3734 2733 3760 ,
2763 3688 2882 3762 cap.
2911 3688 2966 3759 ι’,
2995 3691 3190 3747 dictam
3219 3708 3341 3748 eam
3370 3693 3577 3764 quidem
3605 3699 3734 3764 putat
3765 3706 3788 3745 a

2234 3761 2519 3832 religendo,
2544 3764 2808 3820 allusionc
2834 3761 3179 3834 nominislul
3212 3761 3578 3834 Vives—putat)
3611 3761 3673 3819 ad
3696 3777 3786 3834 tua-

2236 3848 2364 3907 num
2404 3849 2473 3907 ex
2509 3836 2795 3891 occasione
2842 3845 3019 3907 capta.
3052 3833 3227 3893 Verba
3288 3832 3455 3907 ipsius
3494 3832 3611 3890 sunt
3643 3855 3663 3907 εί
3691 3832 3790 3907 ipse

2235 3906 2371 3958 enim
2422 3906 2539 3977 fons
2565 3919 2754 3963 nostra:
2778 3903 3138 3975 beatitudinis,
3169 3910 3280 3977 ipse
3307 3903 3473 3962 omnis
3506 3903 3788 3977 appetitionis

2237 3987 2310 4031 est
2337 3977 2475 4047 ﬁnis.
2499 3977 2654 4034 Hunc
2679 3979 2940 4051 eligentes,
2972 3979 3049 4034 vel
3076 3981 3244 4049 potius
3268 3981 3534 4050 religantes
3564 3977 3790 4051 (amisera-

2236 4064 2349 4123 mlts
2376 4052 2526 4123 enim
2571 4046 2900 4123 negligentes)
2938 4046 3085 4123 hunc
3109 4066 3230 4122 ergo
3274 4046 3717 4123 religantesﬂtnde
3750 4055 3786 4099 et

2234 4119 2414 4192 religio
2463 4124 2599 4177 dicta
2636 4119 2962 4194 'pe'r/tibetnr,
2991 4121 3060 4175 ad
3087 4119 3201 4194 eunt
3241 4119 3509 4177 dilectione
3552 4119 3787 4194 tendinum,

2235 4199 2293 4244 ut
2323 4189 2661 4262 perveniendo
2706 4189 3025 4264 quiescamus
3057 4213 3071 4250 :
3106 4193 3221 4248 ideo
3266 4194 3421 4261 beati,
3449 4195 3564 4263 quia
3588 4191 3669 4247 illo
3702 4189 3787 4261 fma

2235 4264 2465 4334 perfecti.
2501 4266 2833 4322 BETULEWS.

2307 4335 2396 4408 [tu
2424 4339 2571 4393 dixit.
2598 4338 3077 4408 Manuscriptornm
3109 4346 3222 4403 est;
3253 4337 3376 4392 dicit
3402 4337 3503 4402 ita,
3535 4336 3782 4391 editorum.

2311 4406 2397 4481 Ea:
2421 4410 2650 4481 eligendo
2685 4406 2955 4481 elegantes.
2988 4408 3246 4480 Eligentes
3267 4410 3483 4481 scripsit
3501 4409 3783 4481 littnetnatn,

2164 4474 2214 4534 Ι)
2240 4481 2331 4549 qui
2360 4474 2519 4550 hujus
2541 4474 2797 4537 variantis
2822 4482 2901 4537 sic
2920 4474 3183 4537 rationem
3216 4474 3572 4538 reddit.—Ex
3593 4474 3786 4550 eligendo

2239 4547 2497 4625 eligentes.
2526 4551 2728 4623 Scripsi
2761 4553 3326 4625 eligentes,praceunte
3368 4547 3783 4625 mss._Cicer_o_n_i§.

2238 4617 2369 4678 etin
2391 4617 2668 4679 Lactantio
2690 4617 3279 4693 mss.'Jun.,’R'eimm.,
3308 4625 3485 4687 Rost.,
3511 4622 3633 4678 Ven.
3656 4617 3784 4693 1121.

2239 4705 2466 4769 utraque
2487 4696 2575 4769 78_,
2601 4694 2763 4769 1515,
2788 4687 3181 4769 Paris.,'Crat.,
3196 4687 3628 4769 Gymanorn"

2238 4757 2400 4841 161ὄῖ
2432 4766 2502 4823 At
2525 4765 2712 4823 80th..
2736 4757 2916 4841 Lips.,
2939 4757 3131 4835 Fasit.,
3151 4757 3383 4841 Crvph”
3407 4757 3784 4841 TorntesLlSiS.

2238 4836 2495 4911 Thomas.
2520 4852 2664 4909 ειμι..
2697 4833 2972 4909 elegantes,
3001 4833 3143 4910 quod
3173 4833 3295 4911 quia
3322 4843 3374 4895 in
3405 4839 3580 4895 multis
3605 4833 3786 4892 Cicero—

2237 4909 2321 4964 nis
2342 4909 2494 4964 libris
2523 4911 2823 4979 praefertur,
2856 4927 2955 4968 uec
2979 4909 3068 4967 hic
3096 4909 3315 4968 damno.
3348 4913 3484 4968 BDN.

2321 4978 2695 5037 Verbisrllanc
2724 4997 2910 5038 vocem
2964 4983 3147 5040 addidi
3185 5000 3253 5040 ex
3304 4983 3549 5041 omnibus
3585 4990 3701 5034 mss.
3742 4978 3786 5053 ςι

2236 5051 2429 5138 editis;
2460 5062 2649 5138 estque
2674 5054 2817 5124 apud
2839 5053 3176 5113 Ciceronem.
3209 5055 3382 5114 Abest
3408 5068 3535 5112 vero
3560 5066 3590 5108 a
3609 5051 3782 5106 cautem

2236 5137 2307 5178 tm
2317 5140 2534 5181 DI'CSSIS.

2367 5197 2475 5251 ulla
2498 5196 2744 5252 distantia
2763 5207 2856 5253 est.
2882 5197 2998 5253 Non
3027 5206 3132 5254 tam
3157 5198 3210 5255 in
3235 5199 3425 5264 iortna,
3448 5210 3600 5266 quam
3628 5191 3783 5267 in_m_t}‘

2236 5267 2390 5340 teria.
2418 5267 2698 5340 religionis
2725 5279 2778 5325 et
2800 5270 3197 5340 superstitionis
3224 5258 3518 5326 differentia
3544 5273 3636 5340 est.
3660 5258 3781 5340 [loli-

2233 5338 2320 5410 gio
2346 5332 2592 5395 consislit
2617 5340 2669 5395 in
2696 5356 2826 5396 vero
2854 5332 2919 5397 ac
2950 5340 3197 5410 prudenti
3228 5340 3341 5396 vcri
3370 5338 3593 5412 numinis
3606 5332 3749 5412 guilt!
3766 5343 3779 5392 ς

2233 5404 2547 5481 superstitio
2575 5425 2703 5467 vero
2732 5424 2813 5467 est
2844 5404 3057 5483 spurius
3092 5412 3336 5483 ejusdem
3376 5411 3578 5483 cultus.»
3606 5404 3780 5471 Religio

2232 5480 2607 5554 complectitur
2652 5498 2834 5539 veram
2874 5480 3181 5540 christiana:
3229 5480 3777 5554 doctrinmipictatetl].

2234 5552 2418 5621 fidem,
2448 5554 2633 5623 vitam,
2665 5555 2831 5626 leges,
2860 5558 2996 5612 ritus
3025 5566 3080 5611 ct
3120 5567 3472 5613 sacramenta.
3500 5552 3778 5626 Superstitio

2233 5635 2317 5681 est
2359 5616 2991 5698 imbecillialq'ue'anilis
3021 5628 3208 5700 animi,
3252 5628 3341 5700 qui
3368 5637 3458 5683 aut
3484 5616 3605 5680 falso
3626 5616 3776 5674 adhic‘

2232 5706 2337 5762 ret,
2361 5707 2452 5755 aut
2477 5700 2759 5755 veritatem
2788 5699 2937 5767 colit,
2968 5699 3063 5755 sed
3096 5715 3202 5756 non
3226 5712 3283 5757 ut
3309 5713 3404 5766 par
3431 5706 3527 5752 est.

2305 5770 2434 5827 Si...
2468 5770 2623 5825 semel
2652 5773 2840 5839 facere.
2884 5765 2961 5826 Ita
2998 5771 3217 5828 Hieron.
3251 5765 3371 5827 adv.
3412 5765 3640 5839 Vigilaut.
3680 5766 3770 5839 ιρι

2231 5840 2398 5915 O'pe'r.
2421 5841 2459 5899 f.
2488 5857 2564 5898 tn.
2596 5831 2698 5902 1ἱῶ
2725 5859 2740 5900 :
2773 5842 2924 5912 Quod
2952 5844 3085 5900 enim
3112 5845 3264 5903 sentel
3295 5831 3657 5915 fecisse'bonum
3692 5831 3768 5893 tu,
