4090 6354
558 259 666 320 559

1673 265 1857 321 FlliM.
1901 261 2273 322 LACTANTII
2316 263 2519 321 DlVlN.
2567 263 2808 324 lNSTlT.
3697 282 3781 338 διο

560 382 721 454 igitur
763 391 819 441 et
848 383 1001 439 Pater
1035 382 1225 439 Filiutn
1266 383 1446 448 faciat,
1493 393 1547 440 et
1572 383 1740 440 Filius
1773 384 1985 440 Patrem
2003 426 2018 453 ,
2051 399 2154 440 una
2183 382 2240 445 Α
2261 391 2446 456 prater
2467 399 2545 436 me
2566 398 2666 437 non
2695 392 2767 438 cst
2791 381 2952 448 Deus,
2970 395 3091 437 cum
3124 391 3299 451 posset
3321 384 3484 442 dicere
3501 398 3659 458 preter
3680 407 3786 448 nos:

559 475 770 546 utrique
801 489 981 542 mens,
1019 490 1155 530 unus
1178 475 1417 546 spiritus,
1451 491 1552 531 una
1573 475 1871 531 substantia
1901 486 1984 531 est
2016 495 2028 530 :
2061 473 2155 532 sed

559 567 650 624 ille
677 560 828 639 quasi
858 567 1160 624 exuberans
1190 566 1309 624 fons
1335 577 1420 624 est
1443 609 1457 636 ,
1492 567 1579 624 hic
1610 577 1878 640 tamquam
1921 568 2162 624 defluens

559 677 625 719 ex
647 678 712 718 eo
738 663 907 729 rivus;
937 662 1024 718 ille
1047 672 1316 733 tamquam
1346 663 1448 730 sol,
1487 663 1573 719 hic
1601 668 1752 734 quasi
1778 664 1962 719 radius
1989 680 2018 719 a
2048 665 2162 720 sole

559 764 859 828 porrectus.
909 756 1009 823 Qui
1055 756 1305 827 quoniam
1349 771 1561 812 summo
1614 757 1758 813 Patri
1797 766 1851 812 et
1883 757 2076 824 ﬁdelis,
2109 767 2165 815 et

559 865 716 908 carus
759 861 861 916 est,
896 866 1003 906 non
1051 860 1330 923 separatur
1363 868 1376 906 :
1406 851 1546 906 sicut
1582 867 1681 906 nec
1733 851 1882 906 rivus
1927 867 1956 905 a
1990 851 2160 921 fonte,

561 960 662 1002 nec
688 943 868 1000 radius
902 959 932 999 a
968 944 1101 1010 sole;
1147 944 1267 1016 quia
1297 953 1351 999 et
1381 960 1515 1015 aqua
1544 942 1706 999 fontis
1739 944 1790 999 in
1825 943 1940 998 rivo
1977 953 2080 1012 est,
2111 951 2166 1000 et

561 1039 694 1097 solis
740 1038 917 1095 lumen
958 1041 1014 1096 in
1050 1039 1198 1095 radio
1229 1054 1419 1110 :mque
1449 1054 1548 1095 nec
1581 1055 1678 1094 vox
1712 1040 1779 1095 ab
1806 1056 1900 1095 ore
1930 1040 2161 1112 sejungi,

567 1151 667 1192 nec
692 1137 894 1201 virtus,
925 1144 1018 1190 aut
1059 1149 1249 1190 manus
1278 1151 1305 1188 a
1337 1149 1563 1204 corpore
1592 1133 1770 1190 divelli
1803 1144 1997 1204 potest.
2029 1135 2162 1189 Cum

565 1231 727 1303 igitur
757 1246 787 1285 a
813 1231 1089 1302 prophetis
1116 1229 1256 1286 idem
1286 1245 1476 1285 manus
1511 1229 1626 1296 Dei,
1657 1239 1711 1286 et
1732 1230 1902 1284 virtus
1922 1274 1935 1297 ,
1973 1240 2026 1284 et
2051 1245 2166 1284 ser-

566 1342 657 1384 mo
692 1326 922 1390 dicatur,
954 1323 1135 1398 utique
1165 1321 1311 1381 nulla
1332 1323 1586 1380 discretio
1613 1334 1717 1390 est;
1743 1325 1864 1394 quia
1894 1333 1949 1379 et
1986 1321 2163 1392 lingua

569 1419 839 1476 sermonls
869 1419 1111 1475 ministra
1135 1459 1150 1486 ,
1188 1427 1242 1472 et
1270 1427 1461 1472 manus
1483 1416 1534 1471 in
1560 1431 1662 1486 qua
1692 1425 1775 1472 est
1799 1416 1990 1483 virtus,
2023 1415 2164 1470 ludi-

567 1511 745 1568 viduaa
772 1518 900 1566 sunt
926 1513 1167 1581 corporis
1189 1510 1484 1582 portiones.

641 1606 904 1677 Proplore
931 1606 1005 1661 uti
1041 1605 1288 1675 exemplo
1317 1605 1463 1660 libet.
1489 1603 1623 1659 Cum
1651 1602 1771 1674 quis
1793 1597 1954 1658 habet
1977 1601 2164 1671 tilium,

569 1714 728 1771 quem
758 1699 916 1754 unice
935 1696 1124 1768 diligit;
1141 1697 1232 1770 qui
1263 1706 1439 1752 tamett
1471 1699 1540 1752 sit
1572 1698 1624 1752 in
1653 1696 1834 1763 domo,
1851 1703 1904 1752 et
1925 1698 1976 1752 in
2007 1713 2166 1751 manu

2263 477 2357 531 sed
2387 478 2464 530 fas
2496 490 2600 530 non
2627 484 2744 530 erat
2792 474 2981 544 plurali
3012 489 3236 530 numero
3277 480 3632 547 separationeui
3657 492 3791 538 tantas

2262 567 2679 624 necessitudinis
2711 568 2846 623 fieri.
2879 566 3031 623 Unus
3062 576 3143 622 est
3173 568 3312 623 enim
3341 569 3498 637 solus,
3519 571 3653 640 liber,
3676 574 3792 632 Dens

2262 675 2531 726 summus,
2560 677 2751 716 carens
2777 661 3000 731 origine,
3028 663 3153 732 quia
3195 660 3304 731 ipse
3345 673 3422 718 est
3445 665 3584 735 origo
3607 682 3793 736 rerum;

2263 763 2318 809 et
2358 756 2407 808 in
2439 768 2504 808 eo
2531 753 2690 808 simul
2722 764 2775 809 et
2799 752 2987 820 Filius,
3015 763 3069 807 et
3110 754 3284 808 omnia
3324 757 3652 812 continentur.
3678 759 3796 826 Qua-

2265 858 2486 919 propter
2512 863 2632 902 cum
2662 863 2814 903 mens
2843 857 2899 902 et
2927 849 3174 904 voluntas
3202 850 3415 905 alterius
3448 851 3496 905 in
3525 853 3676 908 altero
3711 856 3796 922 sit,

2263 943 2348 997 vel
2368 943 2545 1013 potius
2576 957 2678 997 una
2712 943 2762 997 in
2795 949 3043 1012 utroque,
3081 942 3274 997 merito
3295 958 3424 997 unus
3451 945 3578 999 Deus
3601 956 3793 1017 uterque

2264 1038 2590 1108 appellatur,
2635 1038 2756 1106 quia
2810 1034 3070 1106 quidquid
3125 1045 3206 1092 est
3244 1038 3294 1092 in
3323 1037 3506 1102 Patre,
3544 1038 3604 1094 ad
3644 1039 3802 1096 Filium

2265 1128 2553 1193 transiluit,
2573 1137 2626 1182 et
2651 1127 2911 1198 quidquid
2941 1128 2994 1182 in
3019 1126 3177 1193 Filio,
3198 1143 3225 1181 a
3246 1127 3396 1183 Patre
3421 1128 3690 1185 descendit.
3713 1130 3803 1186 Non

2267 1231 2443 1294 potest
2471 1222 2632 1292 igitur
2665 1221 2755 1276 ille
2777 1238 3022 1276 summus
3040 1262 3056 1287 ,
3082 1236 3144 1275 ac
3170 1221 3450 1292 singularis
3479 1221 3608 1277 Deus
3627 1222 3713 1277 nisi
3730 1237 3806 1293 per

2266 1314 2460 1371 Filium
2493 1313 2616 1368 coli.
2647 1314 2747 1380 Qui
2779 1314 2957 1369 solum
2991 1313 3200 1368 Patrem
3230 1327 3290 1367 se
3313 1312 3484 1368 colere
3513 1322 3674 1383 putat,
3700 1315 3810 1368 sicut

2268 1408 2462 1463 Filium
2503 1423 2609 1463 non
2654 1408 2802 1473 colit,
2837 1408 2909 1463 ita
2943 1423 3007 1462 ne
3041 1407 3252 1461 Patrem
3286 1406 3514 1475 quidem.
3540 1404 3632 1473 Qui
3655 1414 3803 1461 autem

2269 1500 2460 1556 Filium
2488 1502 2731 1570 suscipit,
2759 1511 2811 1556 et
2839 1515 3030 1556 nomen
3061 1499 3180 1570 ejus
3208 1500 3363 1570 gerit,
3394 1499 3437 1553 is
3465 1513 3585 1552 vero
3611 1513 3715 1553 cum
3740 1497 3812 1553 Fio

2269 1593 2341 1650 lio
2360 1593 2516 1649 simul
2544 1603 2600 1650 et
2629 1594 2844 1649 Patrem
2868 1593 3017 1657 colit,
3034 1593 3286 1662 quoniam
3309 1591 3522 1662 legatus,
3542 1599 3592 1646 et
3610 1591 3810 1658 nuntius,

2271 1699 2324 1745 et
2342 1688 2596 1744 sacerdos
2616 1689 2809 1742 summi
2830 1688 3002 1743 Patris
3022 1696 3107 1742 est
3122 1685 3314 1740 Filius.
3336 1685 3426 1740 llic
3444 1684 3613 1754 templi
3629 1682 3808 1738 maximi

571 1791 774 1863 patris,
809 1791 935 1846 licet
963 1791 1011 1847 ei
1043 1807 1236 1846 nomen
1271 1791 1474 1846 domini
1517 1799 1944 1862 potestatemque
1974 1806 2169 1847 conce—

2280 1781 2429 1848 ianua
2462 1789 2568 1847 cst,
2605 1781 2690 1836 hic
2739 1781 2875 1836 lucis
2903 1783 3020 1850 via,
3051 1779 3140 1835 hic
3177 1779 3288 1834 dux
3320 1777 3522 1847 salutis,
3552 1777 3630 1832 hic
3655 1776 3816 1832 ostium

569 1883 680 1952 dat,
705 1883 848 1939 civili
873 1893 1049 1939 tamen
1074 1883 1196 1954 jure
1228 1891 1283 1939 et
1306 1885 1498 1938 domus
1521 1899 1644 1948 una,
1677 1893 1730 1938 et
1760 1899 1896 1938 unus
1917 1883 2168 1940 dominus

569 1975 901 2032 nominatur.
929 1975 1018 2032 Sic
1048 1976 1133 2031 hic
1169 1975 1400 2032 mundus
1430 1991 1533 2031 una
1575 1975 1668 2030 Dei
1719 1975 1911 2031 domus
1949 1985 2067 2044 est;
2115 1987 2170 2033 et

569 2070 736 2128 Filius
774 2086 838 2127 ac
871 2071 1060 2137 Pater,
1106 2071 1193 2142 qui
1241 2073 1522 2127 unanimes
1566 2071 1807 2126 incolunt
1856 2071 2116 2126 mundum
2150 2114 2164 2140 ,

570 2165 714 2223 Deus
731 2182 887 2232 unus,
911 2167 1034 2237 quia
1055 2176 1109 2222 et
1135 2181 1272 2221 unus
1285 2175 1369 2222 est
1392 2177 1660 2236 tamquam
1683 2166 1810 2232 duo,
1828 2176 1882 2221 et
1906 2165 2012 2220 duo
2031 2177 2168 2220 tam-

569 2277 730 2332 quam
763 2276 922 2316 unus.
950 2260 1133 2332 Neque
1159 2261 1210 2316 id
1236 2261 1452 2328 mirum,
1476 2275 1598 2316 cum
1630 2270 1684 2315 et
1713 2260 1878 2315 Filius
1899 2260 1969 2314 sit
1994 2261 2046 2315 in
2066 2261 2169 2316 Pa-

570 2363 676 2422 tre,
702 2355 825 2426 quia
855 2354 1012 2410 Pater
1041 2353 1214 2425 diligit
1234 2353 1426 2409 Filium
1446 2393 1462 2421 ,
1493 2363 1550 2410 et
1575 2352 1735 2408 Pater
1761 2357 1812 2408 In
1842 2352 1978 2407 Filio
1999 2393 2014 2420 ,
2046 2354 2170 2424 quia

570 2447 831 2504 voluntati
877 2447 1052 2503 Patris
1103 2447 1334 2504 fideliter
1361 2455 1550 2518 paret,
1601 2461 1701 2502 nec
1728 2463 1984 2518 unquam,
2012 2446 2172 2502 faciat

571 2551 661 2598 aut
689 2541 895 2609 fecerit,
928 2540 1028 2596 nisi
1055 2541 1196 2611 quod
1217 2540 1372 2597 Pater
1401 2549 1494 2596 aut
1523 2539 1709 2604 voluit,
1743 2549 1835 2595 aut
1860 2540 2038 2609 jussit.
2073 2541 2172 2596 De-

571 2637 734 2708 nique
772 2651 936 2691 unum
970 2634 1136 2690 Deum
1178 2649 1298 2689 esse
1341 2643 1446 2688 tam
1481 2643 1683 2702 patrem
1709 2673 1725 2699 ,
1759 2649 1917 2702 quam
1961 2631 2126 2688 filium
2151 2669 2167 2698 ,

580 2729 768 2784 Esaias
792 2728 844 2783 in
868 2727 960 2783 illo
989 2727 1236 2797 exemplo
1257 2768 1272 2793 ,
1307 2725 1450 2797 quod
1480 2725 1727 2797 superius
1756 2725 2052 2796 posuimus,
2086 2741 2173 2780 os-

574 2822 766 2889 tendit,
799 2837 920 2876 cum
948 2822 1153 2876 diceret
1179 2839 1191 2876 :
1216 2819 1514 2875 Adorabunt
1541 2830 1608 2886 te,
1640 2830 1688 2874 et
1729 2821 1779 2873 in
1811 2832 1859 2873 te
1888 2818 2174 2889 precaban-

578 2927 682 2982 tur,
704 2917 942 2987 quoniam
965 2918 1019 2970 in
1047 2925 1092 2970 te
1118 2915 1256 2970 Deus
1281 2927 1375 2982 est;
1417 2931 1461 2970 et
1495 2932 1596 2970 non
1618 2926 1690 2970 est
1715 2914 1848 2970 alius
1875 2912 2014 2968 Deus
2040 2928 2174 2984 pra:-

575 3019 650 3064 ter
679 3020 746 3065 te.
796 3009 903 3066 Sed
960 3018 1015 3065 et
1053 3010 1158 3065 alio
1187 3010 1304 3064 loco
1345 3010 1593 3064 similiter
1624 3009 1733 3064 ait:
1769 3008 1860 3066 Sic
1883 3009 2006 3063 dicit
2033 3006 2175 3062 Deus

573 3118 664 3157 rea;
710 3100 877 3157 Israel
900 3119 918 3168 ;
966 3113 1011 3156 et
1038 3103 1126 3172 qui
1155 3103 1286 3156 eruit
1325 3119 1440 3156 eum
1468 3101 1605 3156 Deus
1631 3112 1851 3156 wtemus
1883 3119 1895 3155 :
1930 3101 2040 3172 Ego
2068 3102 2176 3172 pri-

2284 1875 2427 1931 vita).

2850 1967 3079 2024 CAPUT
3107 1966 3280 2022 XXX.

2274 2060 2354 2117 De
2385 2061 2686 2117 Ilwresibus
2730 2071 2777 2116 et
2806 2061 3267 2133 Superstitionibus
3309 2060 3550 2127 vitandis,
3579 2068 3620 2114 et
3642 2075 3738 2130 qua
3767 2059 3818 2112 sit

2634 2153 2746 2207 sola
2770 2163 2817 2207 et
2843 2169 2960 2206 vera
2977 2151 3207 2207 Ecclesia
3233 2151 3520 2208 Catholica.

2351 2268 2456 2325 Sed
2479 2269 2730 2339 quoniam
2759 2270 2942 2324 multa:
2970 2268 3206 2325 haereses
3224 2268 3534 2334 extiterunt,
3547 2275 3598 2323 et
3611 2266 3826 2322 instincti-

2274 2361 2375 2417 bus
2391 2362 2696 2417 drcmoumn
2730 2363 2962 2432 populus
2985 2363 3076 2419 Del
3105 2363 3310 2418 scissus
3333 2373 3418 2418 est
3438 2379 3450 2416 :
3477 2358 3827 2417 determinauds

2273 2461 2356 2510 est
2388 2455 2546 2512 nobis
2567 2455 2768 2511 veritas
2793 2455 3048 2522 breviter,
3073 2465 3127 2510 et
3153 2457 3204 2510 in
3236 2471 3338 2511 suo
3370 2456 3578 2526 proprio
3601 2453 3826 2509 douilcilio

2271 2548 2610 2615 collocanda;
2632 2558 2689 2604 ut
2716 2550 2758 2602 si
2789 2550 2906 2619 quis
2933 2565 3125 2620 aquam
3144 2549 3270 2604 vita:
3301 2549 3481 2620 cupiet
3510 2547 3719 2613 haurire,
3743 2559 3825 2600 non

2273 2643 2339 2699 ad
2371 2643 2598 2699 detritos
2642 2644 2788 2698 lacus
2814 2642 3085 2699 deferatur
3105 2685 3118 2708 ,
3150 2643 3238 2714 qui
3273 2659 3382 2698 non
3415 2643 3606 2699 habent
3633 2653 3791 2696 venam
3811 2679 3823 2703 ,

2273 2738 2367 2794 sed
2399 2737 2727 2792 uberrimum
2760 2738 2850 2790 Dei
2876 2737 3086 2792 noverit
3111 2736 3346 2803 fontem,
3369 2751 3476 2807 quo
3501 2735 3726 2806 irrigatus
3749 2745 3822 2802 pe-

2275 2832 2426 2886 renni
2456 2831 2573 2886 luce
2614 2830 2862 2900 potiatur.
2901 2832 3038 2885 Ante
3060 2831 3244 2886 omnia
3287 2830 3427 2885 scire
3453 2843 3548 2884 nos
3586 2825 3828 2890 convenit,

2274 2935 2331 2980 et
2370 2925 2566 2995 ipsum,
2597 2934 2650 2978 et
2681 2923 2882 2993 legatos
2924 2923 3041 2993 ejus
3075 2921 3398 2993 prmdixisse
3419 2965 3434 2990 ,
3475 2920 3608 2991 quod
3635 2918 3832 2990 plurimo

2276 3026 2437 3072 secta:
2468 3023 2521 3069 et
2551 3015 2786 3070 haereses
2814 3015 3076 3070 haberent
3097 3015 3356 3078 existere,
3391 3029 3507 3085 quae
3535 3008 3830 3068 concordiam

2277 3110 2445 3165 sancti
2495 3109 2740 3178 corporis
2787 3117 3118 3177 rumperent,
3173 3124 3236 3164 ac
3262 3109 3555 3172 monuisse,
3582 3116 3634 3161 ut
3655 3113 3826 3159 summa

574 3211 710 3261 mus,
755 3205 800 3248 et
841 3211 932 3265 ego
981 3196 1307 3260 novissimus;
1351 3206 1397 3249 et
1424 3205 1611 3268 praeter
1655 3213 1732 3250 me
1762 3213 1863 3251 non
1893 3205 1964 3250 est
2008 3195 2167 3250 Deus.
2201 3210 2250 3274 ρ
2281 3201 2561 3271 prudentia
2575 3215 2906 3266 caveremus,
2928 3216 2996 3256 ne
3023 3201 3314 3270 quandoin
3345 3200 3559 3270 laqueos
3580 3206 3630 3254 et
3651 3193 3826 3251 fraudes

573 3283 707 3341 Cum
746 3285 879 3341 duas
916 3286 1183 3342 Personas
1217 3287 1624 3357 proposuisset,
1660 3286 1751 3343 Dei
1781 3288 1954 3359 regis,
1986 3288 2037 3342 id
2067 3297 2168 3355 est,

573 3379 800 3447 Christi;
827 3390 882 3436 et
909 3381 1002 3436 Dei
1036 3382 1229 3446 Patris,
1261 3381 1350 3451 qui
1377 3395 1500 3436 eum
1534 3392 1649 3452 post
1670 3381 1972 3452 passionem
1998 3383 2066 3436 ab
2094 3382 2176 3436 in-

575 3472 705 3530 feris
741 3475 1029 3540 excitavit,
1065 3475 1202 3530 sicut
1230 3474 1534 3530 Ostendisse
1562 3474 1794 3530 diximus
1825 3476 2018 3530 Oscam
2051 3489 2178 3546 pro-

576 3565 826 3636 phetam,
871 3567 961 3638 qui
994 3569 1066 3622 ait
1102 3586 1115 3623 :
1146 3565 1211 3622 Et
1241 3568 1304 3623 de
1330 3585 1483 3622 manu
1512 3569 1794 3641 inferorum
1823 3587 1997 3625 eruam
2028 3588 2174 3626 cum:

577 3670 752 3718 tamen
775 3659 842 3718 ad
872 3671 1150 3734 utramque
1196 3662 1490 3719 Personam
1540 3664 1817 3731 referens,
1868 3665 2065 3733 intulit,
2111 3665 2183 3720 Et

2275 3293 2416 3348 illius
2469 3293 2761 3348 adversarii
2809 3293 2999 3358 nostri,
3047 3307 3168 3347 cum
3217 3309 3330 3363 quo
3373 3306 3470 3348 nos
3501 3292 3631 3346 Deus
3673 3284 3828 3343 luctari

2277 3387 2462 3451 voluit,
2486 3387 2866 3442 incideremus.
2895 3383 3032 3439 Tum
3054 3383 3268 3440 dedisse
3297 3396 3444 3440 certa
3466 3382 3716 3447 mandata,
3742 3389 3834 3448 quae

2279 3477 2334 3534 in
2367 3486 2682 3549 perpetuum
2715 3475 2992 3532 custodire
3039 3476 3406 3534 deberemus:
3457 3488 3670 3546 quorum
3699 3469 3828 3544 pleri-

2282 3586 2388 3640 que
2415 3569 2782 3634 immemores,
2831 3569 3048 3624 deserto
3096 3569 3294 3624 itinere
3333 3567 3563 3632 caelesti,
3613 3564 3710 3619 vias
3751 3559 3830 3616 sibi

2285 3665 2473 3722 devias
2500 3681 2596 3738 per
2621 3664 2892 3720 anfractus
2919 3675 2973 3719 ct
3016 3663 3312 3735 prmeipitia
3352 3661 3720 3720 condiderunt;
3763 3665 3836 3726 per

1881 3805 2242 3865 VARIORUM
2282 3807 2514 3864 NOTAE.

656 3943 810 3998 Pater
835 3943 1026 3998 Filium
1056 3945 1233 4014 faciat,
1267 3952 1311 3996 et
1346 3941 1516 3996 Filius
1547 3942 1778 3999 Patrem.
1804 3943 2045 4000 ltelative
2068 3945 2175 4000 sci-

579 4016 727 4071 licet.
756 4015 830 4086 lta
858 4030 988 4071 mss.
1025 4017 1089 4072 l0
1137 4017 1290 4086 lteg.,
1322 4017 1356 4068 2
1387 4015 1545 4078 Bon.,
1586 4015 1619 4071 6
1645 4015 1824 4083 Colb.,
1859 4017 1884 4071 l
1918 4017 2174 4083 Sorbon.,

579 4087 727 4150 Em.,
757 4085 939 4155 Cant.,
972 4088 1008 4142 2
1039 4085 1300 4151 Clarom.,
1339 4086 1376 4140 ‘2
1401 4087 1564 4143 Brun.
1591 4097 1645 4142 et
1675 4089 1786 4153 alii,
1819 4103 1938 4142 cum
1971 4089 2038 4142 15
2065 4099 2174 4142 vet.

579 4159 738 4213 editis
769 4174 924 4224 mss.,
947 4158 1109 4213 Cane.
1141 4168 1193 4213 et
1225 4158 1467 4212 nonnulli
1502 4175 1612 4213 rec.
1639 4160 1834 4228 vulgati
1861 4201 1876 4224 ,
1921 4167 1976 4213 et
2009 4158 2177 4214 Filius

579 4227 836 4300 ﬁcu—El
851 4229 1008 4285 Pater
1035 4230 1228 4284 Filium
1247 4231 1425 4297 faciat,
1451 4239 1498 4282 et
1528 4229 1693 4284 Filius
1715 4227 1940 4286 Patrem.
1966 4231 2028 4284 At
2055 4233 2177 4301 quin

580 4302 1286 4428 gespondet'l‘ertullianus
1336 4303 1458 4384 adv.
1505 4302 1692 4368 Prax.,
1736 4317 1782 4356 c.
1842 4302 1928 4374 l0)
1972 4320 1985 4356 ε
2022 4301 2178 4356 Pater

633 4376 779 4428 ilium
806 4377 948 4428 facit.
980 4386 1025 4428 et
1059 4373 1263 4428 Patrem
1295 4372 1486 4427 Filius.
1521 4373 1656 4428 BDN.

633 4372 779 4429 ilium
805 4376 948 4445 facit,
980 4386 1025 4428 et
1059 4373 1263 4428 Patrem
1295 4372 1486 4427 Filius.
1521 4373 1656 4430 BDN.

657 4467 1066 4523 Unasubstmttia
1096 4476 1185 4522 est.
1206 4467 1490 4523 Filiusuna
1517 4469 1811 4522 substantia
1831 4483 1951 4522 cum
1980 4467 2174 4532 Patre;
2206 4468 2258 4530 D

581 4541 631 4596 id
663 4550 848 4595 contra
874 4541 1077 4594 Arium.
1103 4540 1357 4607 Quamvis
1384 4540 1688 4594 Lactantius
1717 4540 1955 4594 videatur
1979 4540 2168 4594 catho-

581 4613 718 4669 licus
760 4612 900 4667 circa
937 4611 1092 4666 Verbi
1123 4613 1482 4676 divinitatem,
1526 4611 1684 4666 nimis
1712 4618 1888 4665 tamen
1919 4611 2164 4676 balbutit,

581 4685 701 4754 quia
735 4697 1001 4737 summum
1034 4682 1172 4736 istud
1218 4683 1530 4753 mysterium
1561 4683 2054 4751 comparationibus
2078 4697 2172 4737 na-

584 4754 843 4809 turalibus
878 4755 1146 4826 explicare
1176 4761 1420 4809 conatur.

654 4846 827 4918 quue
847 4863 959 4902 nec.
989 4847 1237 4902 Omnium
1262 4861 1392 4902 mss.
1418 4856 1520 4912 est;
1545 4861 1686 4916 teque
1706 4863 1864 4918 neque
1889 4845 2178 4912 editorum,

587 4921 732 4992 quod
759 4921 967 4991 ingrate
989 4929 1164 4974 sonat.

659 5009 915 5067 Ministro.
941 5012 1228 5081 Perperam
1253 5026 1349 5067 sex
1377 5025 1505 5065 mss.
1535 5026 1645 5066 rec.
1677 5019 1731 5066 et
1757 5011 1824 5066 1‘2
1850 5010 1978 5065 editi
1997 5025 2187 5065 recen~

585 5083 750 5138 tiores
779 5083 1048 5140 addebant
1069 5095 1160 5148 est,
1187 5082 1328 5155 quod
1360 5092 1470 5138 tres
1491 5093 1598 5138 vet.
1628 5082 1753 5155 edd.
1789 5082 1946 5136 Rom.
1975 5095 2026 5137 et
2049 5099 2179 5136 mss.

585 5156 964 5224 quamplurimi
986 5154 1262 5227 respuunt;
1298 5164 1352 5210 et
1382 5171 1510 5210 mox
1542 5154 1786 5224 sequitur
1805 5164 1943 5207 sunt.

661 5246 932 5314 Superius.
969 5249 1187 5305 Scilicet
1213 5247 1371 5318 hujus
1399 5246 1520 5302 libri
1550 5261 1621 5312 tv,
1653 5262 1772 5318 cap.
1805 5247 1894 5313 1'5,
1918 5261 1981 5300 ex
2010 5245 2187 5316 capite

588 5332 717 5373 xuv
740 5327 795 5374 et
821 5335 921 5376 xcv
947 5320 1118 5376 Isaize.

664 5409 858 5494 Prester
894 5428 974 5468 me
1003 5431 1101 5468 non
1119 5423 1201 5494 est
1240 5412 1395 5468 Deus.
1431 5413 1520 5494 Ita,
1553 5426 1696 5494 mss.“
1736 5419 1800 5494 et
1842 5409 2189 5494 quamplurcs

587 5481 739 5540 editi.
775 5483 841 5538 Et
872 5494 1016 5539 recte
1044 5487 1284 5553 quidem,
1315 5502 1414 5539 nec
1436 5485 1592 5539 aliter
1615 5483 1750 5538 infra
1782 5479 2110 5539 Laetantius.
2131 5479 2188 5538 ln

588 5555 622 5611 6
649 5555 884 5619 excusis,
918 5566 1102 5624 prwter
1131 5571 1210 5609 me
1230 5573 1376 5611 nemo
1409 5566 1479 5611 est
1509 5555 1667 5610 Deus.

668 5655 801 5721 Quia
821 5654 1066 5725 quidquid
1092 5666 1166 5710 est
1195 5657 1246 5710 in
1271 5655 1428 5710 Patre
1449 5697 1462 5721 ,
1495 5664 1598 5710 etc.
1632 5656 1719 5711 Sic
1760 5656 1920 5711 etiam
1949 5653 2192 5725 Christus

593 5723 844 5784 Salvator
874 5735 1078 5788 noster,
1120 5726 1350 5782 Jobann.
1384 5743 1441 5792 χ,
1468 5742 1608 5782 vers.
1644 5728 1713 5783 '50
1744 5748 1756 5782 ;
1790 5727 1900 5798 Ego
1942 5737 1987 5780 et
2035 5723 2194 5778 Pater

601 5815 760 5855 unum
781 5815 974 5854 sumus.
1010 5798 1184 5870 Atque
1205 5798 1329 5854 hinc
1349 5810 1430 5855 est
1445 5798 1584 5871 quod
1599 5809 1654 5856 ct
1672 5801 1800 5856 alibi
1821 5799 1986 5866 dicat,
2003 5812 2196 5868 nempe

2281 3944 2420 4012 apud
2467 3940 2714 3996 eumdem
2767 3939 3069 3995 Joliannem
3096 3951 3231 4012 cap.
3277 3953 3360 4000 tu,
3393 3952 3534 4012 vers.
3577 3935 3681 3991 35:
3715 3929 3841 3983 Pater

2283 4010 2453 4087 diligit
2479 4013 2697 4080 Filium,
2730 4021 2776 4067 et
2806 4013 2977 4066 omnia
3004 4011 3143 4064 dedit
3168 4012 3220 4064 in
3250 4027 3412 4064 manu
3443 4010 3570 4080 ejus.

2358 4127 2440 4186 Ne
2466 4127 2673 4183 Patrem
2698 4125 2925 4200 quidem.
2953 4124 3282 4200 Subauditur
3314 4124 3535 4200 verbum
3558 4119 3698 4200 colit,
3722 4109 3836 4200 quod

2287 4201 2600 4257 immediate
2633 4195 2923 4268 praecessit.
2955 4199 2979 4252 1
3013 4195 3145 4267 Reg.
3174 4211 3285 4252 rec.
3333 4208 3388 4251 et
3413 4198 3446 4251 6
3468 4195 3698 4269 impressi
3718 4199 3838 4269 ..τερε-

2284 4275 2339 4329 ln
2366 4273 2395 4328 7
2426 4256 2643 4336 scriptis
2673 4286 2782 4325 rec.
2812 4269 2914 4325 eti
2939 4256 3167 4339 vulgalis
3194 4278 3301 4333 est,
3329 4284 3420 4322 nec
3457 4256 3658 4339 Patrem
3676 4256 3843 4339 quidem

2283 4323 3092 4400 colit.‘l‘nVSﬁmanuPeroratis‘in
3120 4341 3152 4396 5
3184 4323 3448 4395 νειίθάά.
3476 4337 3651 4396 Ilom.,
3679 4323 3733 4387 ite
3759 4323 3846 4381 Ραο

2288 4428 2414 4471 trem
2447 4417 2653 4489 quidem
2684 4414 2825 4469 colit.

2357 4511 2414 4564 Is
2436 4527 2550 4564 vero
2567 4527 2684 4563 cum
2710 4508 2847 4562 Filio
2865 4506 3038 4562 simul.
3069 4505 3195 4562 Mss.
3221 4506 3252 4559 7
3277 4514 3466 4580 rec._et
3484 4502 3696 4580 totidem
3721 4490 3842 4580 editi.

2281 4586 2325 4638 is
2351 4598 2485 4639 vere.
2511 4585 2582 4638 At
2607 4581 2790 4636 caeteri
2820 4595 2951 4636 mss.
2986 4588 3039 4634 et
3067 4588 3179 4634 tres
3205 4575 3411 4648 vulgati
3450 4575 3662 4639 habent,
3682 4575 3718 4622 is
3736 4578 3841 4621 vero.

2357 4696 2512 4751 Luce.
2543 4695 2618 4751 lta
2645 4709 2836 4750 omnes
2865 4709 2995 4749 mss.
3021 4701 3076 4750 et
3101 4693 3230 4748 editi
3257 4693 3496 4749 codices.
3524 4690 3678 4746 [smus
3702 4684 3848 4753 legen-

2286 4769 2413 4825 dmn
2439 4783 2560 4824 esse
2587 4767 2866 4832 censebat,
2892 4767 3062 4820 latice.

2359 4871 2428 4926 Et
2455 4872 2669 4926 hereses
2701 4868 2942 4922 haberent
2972 4869 3206 4924 existere.
3236 4865 3328 4922 Sic
3351 4865 3530 4920 ferunt
3557 4872 3681 4916 mss.
3706 4865 3752 4911 et
3772 4853 3852 4908 im-

2290 4942 2497 5011 pressi,
2555 4949 2750 5012 prteter
2781 4940 2961 5014 Goth.
2991 4941 3076 4995 cui
3123 4939 3298 5014 deest,
3334 4926 3851 5014 et/iwreserrcaug-i

2290 4993 3183 5086 qitodﬂpyluiiimatvsectwDemisterent.7
3197 4993 3302 5065 Pro
3325 5009 3566 5086 haberent
3586 4993 3720 5086 cdt-itu
3730 4993 3852 5086 .Altlzi

2291 5071 2562 5150 deberent;
2593 5095 2647 5138 et
2684 5085 2758 5139 ita
2800 5083 3084 5155 legendum
3108 5097 3230 5137 esse
3261 5079 3606 5137 existimabat
3631 5071 3851 5155 Gallica}:

2292 5159 2430 5226 Quin
2479 5141 2643 5212 immo
2673 5141 2907 5210 bmresiis
2955 5155 3214 5226 haberent
3245 5155 3515 5226 existere,
3554 5141 3853 5226 veraulec'ltg

2293 5214 2394 5287 est.
2425 5231 2514 5285 Sic
2541 5228 2683 5282 enim
2726 5227 2871 5300 loqui
2900 5237 3041 5280 amat
3079 5225 3390 5300 Lactantius
3413 5214 3653 5300 ejusdem
3683 5214 3852 5300 librili

2294 5317 2412 5372 cap.
2449 5301 2537 5367 12,
2565 5301 2706 5372 circa
2745 5293 3002 5362 medium,
3033 5295 3606 5372 carneinduihaberet
3637 5293 3686 5341 in
3716 5293 3855 5372 terg;

2295 5349 2720 5442 ii,
3123 5349 3307 5424 habent
3331 5368 3520 5442 dicere.
3553 5364 3616 5442 fit
3637 5354 3760 5442 apud

2293 5426 2567 5511 cerouetn,
2587 5426 2752 5497 habeo
2780 5441 3034 5513 polliceri,
3071 5426 3164 5495 lib.
3193 5456 3209 5496 l
3238 5442 3399 5513 epist.
3424 5438 3478 5504 5,
3503 5426 3853 5513 ad_l.entull‘u_tttl;

2295 5490 2567 5572 ἒῖἧὲἱέἑῖ
2587 5490 2977 5577 ὲὶὶἓόἓνὲζίἰίζ
2996 5490 3408 5582 ’ἶιξέρἶῐῖἑσὲζ
3429 5490 3521 5582 litt
3560 5504 3708 5582 sine.
3732 5490 3857 5582 Quod

2295 5563 2546 5658 oporteat
2577 5563 2984 5658 ιιίυτοερεἐεςθ,
3023 5563 3245 5639 Itinerait
3282 5563 3480 5658 Paulus
3508 5579 3526 5633 ι
3553 5563 3855 5658 θρασύ-ηεξ

2296 5634 2416 5727 ὧν.
2449 5676 2522 5723 x1,
2573 5672 2688 5712 xxx.
2735 5634 3226 5727 Oportetdizerescs
3273 5669 3394 5710 esse
3423 5634 3856 5727 iii_vobi5.f{l§[“

2301 5708 2686 5800 ᾖὶὃὺιῖίῑέὖῖιῖζ
2720 5708 3158 5787 attagenam
3175 5708 3320 5783 inter
3345 5738 3463 5780 vos.
3499 5719 3624 5777 Vide
3642 5723 3690 5771 et
3715 5710 3752 5767 tt
3775 5708 3857 5764 Pe-

2301 5803 2391 5869 tri,
2415 5817 2533 5872 cap.
2556 5815 2614 5866 ll,
2640 5817 2676 5855 ι.
