4090 6354
267 303 371 364 549
411 376 420 380 ,

265 517 517 588 congredi
547 526 602 574 et
625 517 906 588 disputare
931 518 1330 586 contendimus,
1367 520 1464 574 bos
1493 519 1557 574 ad
1581 520 1863 576 veritatem

266 611 332 664 ab
356 611 539 680 inepta
568 609 916 680 persuasione
947 608 1247 677 traducere,
1280 611 1369 682 qui
1393 610 1704 682 sanguinem
1737 611 1866 667 laci-

267 705 367 760 lius
395 705 695 773 hauserint,
727 720 886 775 quam
942 705 1104 761 verba
1144 707 1434 776 justorum.
1488 706 1625 774 Quid
1670 707 1866 778 igitur?

265 799 569 869 Operamne
589 799 916 871 perdemus?
946 799 1180 856 Minime.
1210 801 1342 856 Nam
1375 802 1418 855 si
1468 801 1662 857 lucrari
1707 802 1806 857 hos
1835 818 1866 858 a

264 901 462 960 morte,
491 892 558 947 ad
585 908 745 965 quam
772 893 1198 950 concitatissime
1247 895 1496 962 tendunt,
1529 911 1633 951 non
1675 905 1865 966 potue-

263 986 465 1053 rimus;
491 987 539 1042 si
568 986 636 1042 ab
657 986 961 1042 illoitinere
986 987 1145 1044 devio
1165 987 1232 1042 ad
1261 989 1422 1043 vitam
1460 989 1742 1060 lucemque
1783 1005 1869 1044 re-

262 1094 479 1148 vocare,
511 1081 766 1152 quoniam
801 1082 899 1152 ipsi
931 1081 1093 1136 saluti
1137 1097 1249 1137 suae
1277 1093 1608 1153 repugnant:
1656 1092 1868 1137 nostros

258 1184 442 1231 tamen
472 1175 938 1240 conﬁrmabimus,
996 1190 1222 1245 quorum
1272 1189 1378 1230 non
1419 1183 1503 1230 est
1529 1175 1756 1242 stabilis,
1806 1189 1870 1230 ac

259 1270 453 1326 solidis
485 1270 763 1328 radicibus
807 1269 1027 1325 {tardata
1078 1279 1133 1325 et
1185 1271 1286 1325 lixa
1333 1269 1618 1325 sententia.
1671 1269 1872 1326 Nutant

258 1365 405 1418 enim
422 1363 666 1434 plurimi,
695 1378 761 1418 ac
791 1362 1025 1418 maxime
1066 1362 1155 1431 qui
1186 1361 1484 1418 litterarum
1513 1361 1716 1433 aliquid
1745 1362 1871 1416 atti-

257 1464 476 1526 gerunt.
506 1453 640 1511 Nam
672 1464 725 1512 et
756 1455 808 1510 in
829 1456 929 1510 hoc
943 1454 1268 1526 philosophi,
1289 1465 1344 1510 et
1363 1463 1871 1525 oratores,etpoet:e

257 1561 358 1602 sun
367 1557 406 1614 t,
427 1545 712 1618 perniciosi
727 1546 867 1618 quod
881 1547 1346 1602 incautosanimos
1360 1547 1512 1604 facile
1529 1548 1738 1604 irretire
1751 1564 1873 1618 pos-

257 1653 386 1698 sunt
399 1643 662 1699 suavitate
676 1643 960 1709 sermonis,
978 1643 1337 1698 etcarminum
1352 1642 1492 1698 dulci
1511 1642 1874 1699 modulatione

255 1737 617 1792 currentium.
639 1735 794 1794 Mella
809 1735 1064 1792 suntharc
1080 1751 1349 1791 venenum
1375 1737 1874 1807 tegentia.0beam-

1456 307 1661 368 LIBER
1727 308 1789 366 γ.
1834 305 1924 365 DE
1958 302 2285 365 JUSTITIA.

267 422 461 477 ceratis
509 421 825 494 corporibus
886 429 1235 494 extorquent.
1286 423 1420 480 Cum
1472 425 1667 482 talibus
1724 429 1947 492 nuncA

3467 311 3578 374 550

2222 419 2331 470 Non
2353 420 2572 470 canimus
2589 421 2769 472 surdis.

1966 524 2076 580 Nec
2096 525 2239 581 enim
2274 527 2325 580 in
2359 535 2464 580 tam
2513 525 2655 582 malo
2681 533 2824 580 statu
2865 539 2952 582 res
2983 533 3086 593 εει,
3120 534 3180 582 ut
3219 525 3398 584 desint
3425 541 3573 586 sonte

1966 625 2199 684 mentes,
2227 618 2421 689 quibus
2451 627 2506 672 et
2535 618 2734 673 veritas
2763 617 2992 688 placeat,
3022 628 3075 674 et
3095 628 3452 676 monstratum
3469 620 3574 677 sibi

1967 717 2175 765 rectum
2226 711 2329 766 iter
2353 719 2409 766 et
2438 710 2672 777 videant,
2707 719 2762 766 et
2790 718 3104 782 sequantur.
3157 709 3573 770 Circumlinatur

1967 804 2131 858 modo
2164 805 2411 874 poculum
2435 805 2643 860 cmlesti
2679 806 2838 860 melle
2859 807 3159 875 sapientiae,
3193 816 3250 862 ut
3280 809 3486 879 possint
3504 807 3572 864 ab

1969 896 2400 965 imprudentibus
2426 913 2606 952 amara
2636 899 2871 953 remedia
2899 899 3017 954 sine
3044 899 3341 956 oﬂensione
3363 900 3569 970 putari;

1968 986 2094 1042 dum
2129 990 2355 1046 illiciens
2378 991 2548 1060 prima
2575 991 2808 1046 dulcedo
2833 992 3180 1048 acerbitatem
3226 992 3436 1063 saporis
3481 1008 3572 1050 as-

1970 1081 2111 1151 peri,
2140 1082 2240 1138 sub
2267 1093 2530 1154 przetextu
2575 1086 2855 1140 suavitatis
2901 1087 3155 1141 occultat.
3199 1085 3330 1141 Nam
3361 1088 3475 1144 huic
3518 1087 3575 1144 in

1971 1176 2158 1246 primis
2187 1193 2348 1234 causa
2399 1189 2503 1245 est,
2552 1195 2650 1235 cur
2673 1180 2811 1249 apud
2841 1181 3132 1250 sapientes,
3161 1191 3214 1236 et
3257 1183 3464 1250 doctos,
3519 1194 3575 1240 et

1970 1268 2242 1342 principes
2275 1271 2434 1342 hujus
2464 1274 2648 1329 saeculi
2683 1274 2960 1346 Scriptura
2996 1285 3182 1330 saneta
3237 1277 3344 1332 tide
3367 1285 3572 1346 careat,

1971 1365 2114 1435 quod
2141 1364 2429 1437 Propheta:
2459 1370 2732 1423 communi
2761 1383 2824 1424 ac
2851 1369 3077 1440 simplici
3108 1385 3376 1440 sermone,
3401 1382 3461 1426 ut
3505 1371 3572 1427 ad

1971 1456 2261 1527 populum,
2292 1467 2419 1514 sunt
2469 1459 2655 1515 locuti.
2687 1459 3120 1516 Contemnuntur
3165 1462 3342 1534 itaque
3370 1464 3438 1518 ab
3485 1465 3569 1530 iis,

1972 1551 2062 1618 qui
2091 1550 2220 1605 nihil
2247 1552 2461 1620 audire,
2486 1553 2571 1608 vel
2617 1553 2815 1622 legere,
2863 1553 2963 1608 nisi
2991 1555 3282 1624 expolitum
3312 1570 3376 1610 ac
3404 1555 3577 1612 diser-

1975 1652 2085 1699 tum
2113 1647 2333 1713 volunt;
2359 1662 2458 1702 nec
2485 1646 2775 1717 quidquam
2808 1646 3014 1703 haerere
3042 1647 3238 1704 animis
3263 1663 3447 1704 eorum
3476 1665 3573 1720 po-

1976 1749 2099 1808 test,
2128 1742 2227 1796 nisi
2247 1743 2389 1813 quod
2419 1757 2577 1797 aures
2601 1742 2865 1797 blandiori
2890 1757 3026 1798 sono
3047 1743 3264 1798 mulcet.
3285 1742 3378 1798 illa
3420 1759 3565 1813 vero,

257 1843 592 1898 quecausam
606 1826 752 1882 volui
766 1828 1082 1899 sapientiam
1096 1842 1219 1882 cum
1234 1827 1869 1900 lieligioneconjungere,
1903 1842 1949 1902 Β
1977 1848 2100 1904 qum
2125 1836 2341 1891 sordida
2373 1837 2640 1902 videntur,
2672 1837 2856 1906 anilia,
2913 1838 3115 1908 inepta,
3157 1839 3395 1909 vulgaria
3423 1841 3571 1894 exis-

256 1937 333 1977 ne
352 1921 481 1991 quid
497 1921 938 1978 studiosisinanis
954 1921 1042 1976 illa
1057 1921 1300 1977 doctrina
1333 1923 1503 1992 possit
1531 1923 1745 1979 ollicere
1765 1941 1779 1990 ;
1813 1935 1870 1979 ut

249 2017 371 2088 jam
401 2017 624 2072 scientia
678 2017 980 2074 litterarum
1009 2032 1117 2072 non
1144 2017 1308 2072 modo
1337 2017 1471 2074 nihil
1499 2028 1691 2074 noceat
1718 2019 1867 2075 llelio

253 2109 408 2180 gioni
436 2119 597 2180 atque
617 2108 860 2180 justitite,
894 2107 992 2164 sed
1020 2109 1179 2165 etiam
1210 2109 1379 2178 prosit
1394 2109 1867 2180 quamplurimum,

255 2200 311 2257 si
365 2202 432 2268 is,
461 2202 552 2272 qui
581 2216 674 2257 eas
717 2201 989 2270 didicerit,
1024 2202 1096 2258 sit
1123 2202 1178 2257 in
1211 2201 1500 2259 virtutibus
1530 2204 1866 2272 instructior,

255 2303 318 2350 et
346 2294 401 2349 in
424 2295 647 2350 veritate
673 2295 992 2365 sapientior.

337 2385 631 2456 Praeterea,
663 2387 874 2445 etiamsi
904 2385 1037 2442 nulli
1069 2387 1183 2454 alii,
1218 2387 1374 2443 nobis
1399 2397 1548 2445 certe
1602 2387 1867 2458 proderit:

255 2477 552 2535 delectabit
579 2496 640 2536 se
665 2481 1016 2548 conscientia,
1046 2480 1408 2552 gaudebitque
1438 2496 1594 2536 mens
1631 2483 1683 2538 in
1726 2483 1870 2538 veri-

259 2572 390 2628 tatis
418 2588 479 2628 se
510 2572 632 2629 luce
658 2574 897 2640 versari;
925 2575 1066 2645 quod
1112 2583 1196 2630 est
1247 2575 1444 2628 animae
1479 2574 1758 2644 pabulum,
1790 2577 1872 2632 in-

257 2666 517 2722 credibili
545 2668 776 2738 quadam
805 2668 1143 2738 jucunditate
1193 2667 1491 2739 perfusum.
1534 2668 1734 2726 Verum
1765 2684 1874 2727 non

257 2767 350 2813 est
369 2757 788 2832 desperandum.
813 2759 1073 2816 Fortasse

1973 1929 2247 1986 timantur.
2281 1931 2433 1987 Adeo
2461 1931 2592 1987 nihil
2617 1946 2803 1987 verum
2837 1939 3046 2002 putant,
3071 1932 3170 1987 nisi
3220 1932 3363 2003 quod
3391 1933 3574 1988 auditu

1977 2038 2142 2078 suave
2169 2033 2284 2089 est;
2321 2025 2453 2079 nihil
2481 2025 2763 2091 credibile,
2791 2025 2896 2080 nisi
2925 2024 3069 2095 quod
3099 2033 3278 2097 potest
3331 2025 3574 2080 incutere

1972 2116 2342 2184 voluptatem:
2390 2132 2551 2171 nemo
2596 2132 2709 2172 rem
2743 2117 2973 2172 veritate
3017 2117 3301 2187 ponderat,
3339 2117 3434 2173 sed
3485 2132 3576 2172 or-

1974 2217 2124 2262 natu.
2150 2207 2269 2264 Non
2293 2210 2521 2264 credunt
2545 2225 2675 2281 ergo
2698 2210 2916 2274 divinis,
2946 2213 3070 2281 quia
3097 2209 3218 2267 luco
3243 2219 3460 2280 carent;
3479 2211 3576 2268 sed

1974 2315 2043 2354 ne
2072 2298 2180 2355 illis
2210 2302 2448 2372 quidem,
2494 2302 2584 2372 qui
2613 2316 2676 2357 ea
2711 2301 3154 2372 interpretantur,
3188 2302 3311 2374 quia
3355 2311 3482 2359 sunt
3522 2313 3577 2360 et

1975 2393 2098 2463 ipsi,
2131 2403 2224 2448 aut
2273 2392 2496 2448 omnino
2521 2393 2703 2461 rudes,
2738 2402 2828 2449 aut
2857 2403 3003 2450 certe
3032 2409 3219 2464 parum
3249 2395 3410 2450 docti.
3442 2395 3576 2452 Nam

1976 2495 2034 2541 ut
2065 2486 2225 2557 plane
2274 2487 2383 2542 sint
2424 2487 2778 2556 eloquentes,
2815 2502 3038 2556 perraro
3085 2489 3380 2558 contingit;
3420 2487 3576 2559 cujus

1977 2581 2054 2634 rei
2083 2595 2242 2635 causa
2273 2579 2327 2635 in
2358 2589 2548 2650 aperto
2567 2587 2668 2634 est.
2701 2579 3020 2651 Eloquentia
3044 2580 3188 2635 enim
3213 2580 3415 2636 sarculo
3460 2595 3576 2636 ser-

1977 2676 2085 2741 vit;
2112 2675 2312 2747 populo
2330 2675 2628 2744 sejactare,
2655 2684 2710 2729 et
2740 2675 2791 2728 in
2818 2674 2977 2729 rebus
3007 2674 3164 2728 malis
3195 2674 3407 2745 placere
3447 2688 3574 2744 ges-

1979 2769 2082 2823 tit:
2107 2768 2154 2823 si
2182 2768 2398 2839 quidem
2431 2767 2712 2823 veritatem
2742 2767 2940 2838 saepius
2971 2782 3284 2840 expugnare
3307 2776 3534 2824 canatur
3554 2806 3572 2836 ,

1609 2857 1965 2919 VARIORUM
2001 2861 2232 2917 NOTAE.

259 2951 555 3011 manifeste
597 2951 698 3007 hoc
738 2967 803 3006 ex
835 2951 948 3016 illo,
978 2951 1013 3005 b
1043 2951 1095 3005 ln
1137 2965 1166 3004 v
1199 2958 1407 3006 mutato
1430 2993 1444 3016 ,
1479 2949 1674 3007 factum
1715 2969 1857 3010 esse.

259 3026 546 3094 Exemplis
581 3024 764 3080 multis
788 3024 854 3079 ad
884 3024 1119 3093 Epitom.
1169 3037 1286 3094 cap.
1327 3023 1457 3094 Sex
1485 3038 1591 3077 ms.
1635 3023 1858 3081 Taurin.

257 3093 531 3166 ostendo,
563 3096 967 3166 antiquissimos
993 3095 1151 3149 codd.
1201 3109 1345 3162 saepe
1369 3093 1398 3146 b
1443 3109 1538 3164 pro
1564 3110 1590 3148 υ
1619 3111 1819 3166 ponere
1844 3114 1857 3152 :

260 3171 414 3226 unde
439 3165 600 3224 causa
636 3165 726 3224 hic
762 3166 906 3223 cadit
930 3165 1286 3233 Thomasius;
1331 3174 1387 3236 et
1423 3178 1720 3221 coacervant
1746 3209 1761 3236 ,
1809 3168 1864 3224 id

258 3250 372 3310 est,
397 3242 777 3296 concumulant
798 3281 814 3305 ,
844 3238 1146 3310 legendum.
1175 3236 1244 3292 Et
1271 3235 1388 3306 quis
1428 3252 1492 3291 ex
1522 3235 1759 3310 antiquis
1780 3239 1865 3294 di-

256 3313 367 3379 xit,
395 3311 735 3368 coacerbare?
765 3310 885 3366 Pari
905 3309 1034 3364 vero
1052 3309 1173 3382 jure
1196 3324 1394 3362 errores
1407 3309 1697 3382 crudelibus
1717 3313 1867 3382 {artis

258 3378 569 3439 coacervant
606 3383 710 3438 dici
740 3392 933 3453 potest.
984 3395 1090 3450 quo
1117 3378 1308 3435 Cicero
1342 3394 1438 3449 pro
1469 3379 1632 3435 Rosc.
1676 3378 1864 3440 A'mcr.

258 3471 314 3512 c.
348 3457 410 3511 11
448 3475 462 3512 :
503 3454 630 3528 Herc
660 3453 981 3528 (maleﬁcia)
1020 3453 1136 3506 aliis
1161 3453 1378 3526 nefariis
1418 3453 1680 3506 cumulant
1717 3464 1866 3526 atque

259 3528 546 3600 adaggent.
580 3527 716 3600 Bon.

344 3593 653 3655 Eiisceratis
698 3595 1014 3667 corporibus.
1057 3594 1294 3667 Quintil.
1330 3593 1558 3667 declam.
1588 3594 1656 3649 12
1679 3605 1818 3650 extr.
1848 3615 1863 3650 :

305 3669 444 3740 Sol)
476 3671 545 3726 ad
595 3664 865 3725 eviscerata
890 3683 1106 3740 corpora
1141 3664 1580 3740 _illu:rit._Ci_cero,
1613 3682 1645 3721 ιι
1701 3667 1859 3724 Tusc.

303 3736 474 3812 isput.
523 3757 572 3798 c.
604 3742 673 3796 9:
704 3739 1061 3812 Miserandum
1090 3737 1305 3808 adspice
1335 3736 1706 3792 Evisceratum
1746 3756 1870 3795 cor-

265 3810 372 3885 pus
403 3813 620 3868 lacerati
652 3812 841 3882 patris.
869 3810 1003 3885 Bon:

341 3885 420 3938 Ab
446 3884 538 3939 illo
567 3880 744 3937 itinere
768 3884 929 3937 devio.
975 3881 1078 3936 Ed.
1111 3880 1328 3936 Sublac.
1360 3880 1526 3937 habet
1556 3883 1618 3937 de
1647 3893 1826 3937 morte.

343 3957 649 4029 Attigeruut.
674 3956 762 4011 Sic
784 3957 898 4029 lego
912 3970 1033 4008 cum
1055 3952 1288 4029 editiset
1317 3969 1448 4009 mss.
1472 3966 1669 4024 praeter
1698 3957 1731 4011 5
1750 3970 1862 4010 rec.

265 4039 322 4085 et
365 4029 399 4082 5
427 4024 680 4093 e'xcusos,
705 4026 897 4096 quibus
917 4034 1002 4079 est
1029 4024 1306 4092 attigerint.

347 4099 524 4154 Poeta:
568 4098 838 4171 perniciosi
850 4107 999 4171 sunt.
1031 4098 1199 4164 Quam
1233 4095 1514 4171 perniciosi
1564 4097 1708 4171 luere
1736 4098 1864 4154 reli-

265 4171 417 4242 gioni
451 4168 752 4225 lictibnibus
781 4169 891 4223 suis
913 4168 1082 4242 illaec
1107 4181 1268 4242 causa
1301 4168 1416 4233 luit,
1452 4184 1548 4242 cur
1574 4168 1724 4242 Plato
1772 4185 1866 4225 eos

267 4239 337 4297 ex
367 4259 463 4297 sua
497 4243 766 4312 republica
794 4240 1083 4311 expulerit,
1113 4239 1162 4292 in
1193 4239 1356 4294 πολιτ.
1395 4255 1429 4301 ι,
1455 4249 1507 4294 et
1535 4241 1770 4312 inlibris
1799 4242 1866 4297 de

269 4315 528 4386 L0gibus.
553 4315 663 4370 lmo
694 4313 1334 4386 Pythagorasllomer‘um
1363 4313 1502 4386 apud
1524 4311 1728 4386 inferos
1757 4323 1866 4368 tor—

268 4381 427 4459 queri
452 4381 830 4459 dicebat,ideo
857 4381 996 4459 quod
1030 4383 1161 4459 istas
1185 4381 1388 4459 bibulas
1409 4383 1478 4459 de
1505 4382 1606 4459 diis
1642 4385 1864 4459 invene-

1889 3061 1935 3124 C

1966 2967 2080 3010 cent
2097 2958 2266 3023 terris,
2291 2955 2379 3010 sed
2400 2964 2632 3025 prosunt.
2665 2955 2800 3011 BUN.

2041 3027 2124 3083 Sit
2152 3028 2203 3081 in
2229 3028 2826 3098 virtutibusinstructior.
2844 3027 3288 3098 Pracpositionem
3311 3030 3365 3084 in
3389 3031 3571 3089 addidi

1968 3099 2094 3175 ex?
2125 3099 2332 3175 Bqnon.
2357 3141 2380 3175 ,_
2405 3097 2624 3175 5__Reg.
2655 3097 3018 3175 quorum‘duo
3048 3110 3176 3156 sunt
3205 3104 3502 3175 veterrimi,
3537 3105 3570 3161 6

1968 3168 2147 3234 Colb.,
2172 3170 2330 3238 Tax.,
2354 3171 2390 3224 ‘3
2418 3168 2657 3224 Clarum.
2674 3168 2741 3226 et
2766 3171 2800 3226 5
2821 3171 3001 3226 editis.

2038 3241 2238 3296 Anima:
2288 3242 2552 3310 pabulum.
2611 3241 2727 3297 Lib.
2758 3257 2795 3308 ι,
2854 3259 2976 3311 cap.
3026 3243 3049 3298 1
3092 3261 3105 3296 :
3141 3243 3336 3300 Nullus
3362 3247 3570 3304 suavior

1968 3315 2139 3390 animo
2162 3313 2302 3390 cibus
2319 3323 2412 3382 est,
2427 3329 2588 3390 quam
2607 3314 2828 3390 cognitio
2845 3316 3111 3390 veritatis;
3109 3315 3227 3390 Lib.
3262 3333 3341 3390 In,
3359 3333 3479 3390 cap.
3496 3322 3565 3376 5:

1971 3384 2061 3457 Sic
2110 3387 2295 3440 (minue
2321 3385 2578 3457 sapientia
2599 3386 2923 3457 alimentum
2956 3395 3048 3441 est.
3073 3384 3264 3443 Cicero
3290 3389 3384 3444 lib.
3415 3384 3468 3457 ἦν,
3498 3391 3565 3448 de

1969 3455 2090 3532 Fin.
2123 3471 2242 3532 cap.
2274 3456 2343 3512 19
2364 3473 2398 3532 _;
2431 3455 2606 3532 Ληριιὶ
2652 3456 2820 3511 cultus
2848 3456 2938 3512 ille
2964 3467 3072 3512 erat
3110 3461 3156 3514 ei
3186 3461 3330 3529 quasi
3353 3455 3566 3532 quidam

1968 3526 2301 3583 humanitatis
2327 3527 2488 3582 cibus.
2523 3526 2654 3582 Bon.

2040 3598 2164 3673 {Yon
2192 3601 2421 3654 canimus
2441 3640 2455 3664 ,
2480 3610 2585 3655 etc.
2611 3599 2962 3673 Proverbium
2985 3615 3050 3656 ex
3083 3599 3232 3673 Virg.
3268 3603 3452 3673 Eclog.
3505 3621 3559 3660 x.

2043 3670 2154 3726 Nec
2183 3673 2315 3724 enim
2344 3674 2395 3726 in
2425 3681 2528 3724 tam
2563 3671 2699 3725 malo
2728 3680 2863 3724 statu
2907 3688 2986 3726 res
3013 3681 3105 3727 est.
3139 3670 3206 3728 Ιιῖ
3227 3691 3357 3729 mss.
3389 3670 3428 3730 Ξ
3461 3675 3565 3732 Bo-

1969 3757 2096 3797 non.
2128 3753 2243 3819 est;
2272 3742 2392 3819 Non
2419 3741 2855 3819 enirn.__Nqnuulh
2888 3743 3164 3819 cditi_cum
3193 3761 3322 3803 mss.
3350 3747 3385 3801 2
3425 3746 3558 3819 Reg.

1967 3815 2302 3890 veterrimis,
2318 3815 2528 3890 Maria,
2561 3813 2722 3870 Guth.
2757 3816 2953 3890 habent
2975 3833 2986 3869 :
3002 3814 3121 3890 _Nec
3146 3819 3284 3890 enim
3317 3819 3432 3890 plus
3460 3813 3561 3874 ini-

1969 3889 2109 3956 pnris
2136 3886 2418 3956 spiritibus,
2445 3901 2596 3956 quam
2630 3895 2808 3940 sancto
2837 3887 2970 3940 licet.
3000 3887 3191 3944 Inutile
3221 3886 3561 3947 additamen-

1967 3965 2099 4014 tum.
2130 3957 2532 4036 lnquibusdam
2570 3967 2652 4014 est
2689 3959 2899 4028 iniquis,
2928 3975 3027 4031 pro
3056 3961 3294 4031 impuris.
3322 3963 3398 4018 Ita
3441 3963 3561 4036 opi-

1968 4037 2127 4082 natur
2151 4031 2488 4084 Thomasius.

2040 4097 2462 4178 Circumlinatnr.
2490 4099 2692 4178 Alludit
2715 4100 2780 4178 ad
2802 4100 3019 4158 Lucret.
3049 4104 3371 4160 sententiam
3399 4121 3436 4173 ι,
3466 4106 3559 4178 50,

1969 4173 2056 4246 qui
2090 4171 2158 4226 de
2184 4175 2480 4246 nutricibus
2509 4170 2600 4246 ait,
2630 4173 2770 4243 quod
2801 4188 2922 4228 oras
2955 4178 3146 4246 pocula
3190 4178 3394 4233 circum
3423 4170 3561 4234 con:-

1971 4245 2180 4316 tingunt
2198 4243 2369 4299 mellis
2388 4245 2527 4299 dulci
2545 4242 2788 4315 flavoque
2803 4242 3030 4314 liquore,
3051 4257 3108 4300 ut
3127 4262 3414 4316 puerorum
3431 4260 3560 4306 actas

1966 4314 2265 4384 improvida
2295 4316 2618 4382 ludiﬁcetur,
2651 4314 2985 4389 deceptaque
3030 4314 3143 4374 non
3175 4320 3437 4390 capiatur.
3467 4320 3562 4376 Rt-

1971 4401 2164 4441 VETUS.

269 4452 366 4522 rit,
397 4458 711 4533 etipcem‘ati
735 4471 831 4511 suo
854 4452 1368 4533 intexue_rit._blo_nct
1391 4454 1551 4508 etiam
1580 4456 1743 4510 Arist.
1769 4457 1860 4512 lib.
1891 4459 1948 4522 Ι)
2042 4457 2241 4533 (Ῑωιεειὶ
2285 4461 2434 4514 melle
2459 4460 2742 4532 sapientitc.
2775 4460 2901 4517 Mss.
2952 4458 3016 4515 12
3061 4476 3170 4518 rec.
3207 4471 3261 4518 et
3288 4462 3322 4520 9
3353 4463 3561 4533 excusi,

265 4545 364 4584 mi
392 4524 581 4595 «alia,
626 4529 678 4582 in
733 4543 1020 4598 puerorum
1063 4524 1394 4598 institutione
1452 4541 1698 4596 magnam
1747 4543 1867 4584 esse

271 4602 638 4658 adhibendam
676 4595 860 4656 curam
909 4599 1084 4670 qu0ud
1129 4595 1431 4670 fabularum
1477 4595 1862 4654 narrationem.

1338 4669 1758 4726 Birrenunsws.

348 4743 513 4801 Mella
553 4753 667 4800 sunt
696 4746 802 4800 ltwc
828 4759 1073 4798 venenum
1103 4743 1338 4813 (egentia.
1370 4740 1495 4796 Hmc
1524 4741 1788 4797 habentur
1816 4743 1868 4798 in

272 4816 465 4873 decem
510 4817 697 4884 editis,
747 4827 801 4872 et
848 4817 899 4870 in
929 4815 1302 4884 antiquissimo
1327 4813 1447 4883 Ι900
1472 4829 1734 4868 annorum
1763 4830 1866 4869 ms.

273 4887 440 4960 Reg,
461 4890 515 4944 in
537 4889 561 4942 1
583 4889 656 4945 al.
682 4890 808 4943 item
839 4887 1024 4957 Regio,
1050 4885 1240 4960 60th.,
1273 4886 1486 4960 Maria,
1521 4886 1621 4960 nisi
1643 4885 1785 4960 quod
1815 4885 1868 4941 in

272 4962 302 5015 1
332 4957 505 5030 ahtiq.
547 4960 681 5028 Reg.
714 4971 796 5016 est
825 4973 1050 5023 venena;
1082 4959 1132 5010 in
1160 4959 1193 5013 5
1234 4958 1379 5030 aliis,
1409 4959 1630 5030 agentia.
1657 4957 1869 5030 Absuut

272 5028 554 5088 autemab
584 5047 693 5087 uno
738 5033 943 5086 Bonon.
978 5030 1169 5100 antiq.,
1210 5029 1400 5094 Cauc.,
1434 5032 1467 5083 8
1498 5029 1654 5100 Heg.,
1680 5028 1713 5084 6
1741 5028 1868 5084 Col-

273 5103 444 5171 bert.,
472 5104 507 5158 2
531 5105 762 5160 Sorbon.
792 5119 855 5158 ac
873 5103 939 5158 16
956 5101 1074 5156 aliis
1095 5141 1110 5165 ,
1141 5109 1195 5156 et
1223 5117 1252 5155 a
1280 5102 1313 5156 9
1342 5101 1520 5155 editis.
1544 5101 1703 5154 Mella
1731 5109 1867 5168 sunt,

273 5174 330 5229 id
354 5175 427 5230 ab
456 5175 678 5231 Horatio
693 5185 935 5247 poemata
953 5172 1206 5247 mellillua
1226 5171 1507 5228 dulcedine
1523 5171 1761 5247 ﬂuentia.
1784 5173 1873 5228 Sic

274 5247 516 5319 mellitus
543 5244 769 5319 gladius,
801 5258 855 5302 et
878 5244 1072 5301 lcthalc
1101 5244 1362 5319 mulsum,
1397 5244 1740 5319 proverbium
1766 5252 1868 5319 est.

353 5317 478 5374 Non
508 5315 659 5374 nfodo
681 5320 808 5374 nihil
836 5326 1082 5391 noceat...
1101 5317 1260 5391 sed...
1281 5315 1624 5391 prosit.Lip_s.
1655 5317 1868 5391 tertius,

276 5404 385 5444 non
412 5393 563 5446 modo
593 5400 770 5446 noceat
798 5390 1030 5462 religioni
1051 5400 1201 5460 atque
1219 5389 1472 5462 justitice,
1489 5389 1586 5462 sed
1613 5389 1788 5462 etiam;
1815 5394 1874 5443 ut

278 5465 582 5534 non‘modo,
609 5477 704 5534 pro
730 5479 830 5518 non
859 5459 1010 5516 niodo
1041 5459 1169 5534 non,
1187 5459 1393 5534 ιιι]ιίῃο
1415 5459 1540 5534 inde
1565 5471 1617 5515 et
1636 5459 1710 5534 ad
1733 5459 1768 5514 1.
1805 5462 1874 5534 de

277 5530 448 5602 Opiﬁ,
477 5530 711 5607 cap-19,
751 5536 804 5590 in
845 5543 957 5607 not.
979 5531 1212 5607 _monui._
1239 5530 1345 5607 Sed
1373 5533 1601 5607 praefero
1634 5531 1718 5587 hic
1746 5533 1875 5587 reli-

278 5602 668 5676 quorum,'non
697 5602 849 5661 modo
879 5605 1029 5673 nihil,
1075 5603 1215 5676 quod
1243 5613 1295 5658 et
1329 5603 1506 5676 ipsum
1535 5602 1782 5674 elegans,
1813 5613 1874 5676 ut

281 5674 324 5728 1.
357 5690 432 5741 vr,
459 5673 612 5735 c.'20
643 5697 660 5733 :
692 5678 826 5745 Quia
870 5692 976 5732 non
1007 5673 1234 5730 modo...
1270 5673 1401 5730 nihil
1448 5673 1737 5746 conferunt,
1782 5675 1874 5730 sed

281 5747 439 5802 etiam
473 5760 654 5807 nocent
689 5750 968 5821 plurimum
994 5764 1014 5803 :
1046 5763 1099 5802 in
1123 5747 1336 5821 quibus
1357 5745 1628 5821 expressit
1653 5745 1874 5821 Cicero-

284 5832 408 5876 nem
440 5824 476 5881 l.
513 5837 576 5893 ιι,
604 5822 669 5878 de
689 5816 816 5878 Nat.
849 5821 1026 5888 deor.,
1052 5835 1102 5875 c.
1131 5816 1202 5876 36
1231 5836 1246 5873 :
1282 5816 1405 5874 Non
1426 5816 1577 5874 modo
1616 5819 1748 5874 nihil
1785 5835 1877 5876 no-

1970 4531 2202 4585 caelestis.
2520 4531 2525 4532 “
3546 4531 3554 4533 ’
3623 4578 3625 4580 .

2049 4601 2257 4656 llazrere
2286 4603 2488 4657 animis.
2522 4601 2649 4658 Mss.
2681 4603 2715 4660 6
2744 4613 2798 4659 et
2827 4605 2860 4662 8
2890 4606 3158 4674 impressi,
3193 4606 3459 4662 inltwrere.
3490 4635 3563 4652 -ι

1974 4671 2184 4750 ῌ-(ςζενε
2225 4674 2639 4750 αηίηιὶεζᾼιιειη
2673 4675 2842 4750 μυξη
2886 4671 3074 4746 Goth.,
3111 4671 3366 4748 Keimm.,
3397 4679 3562 4750 Ven.,

1973 4745 2133 4818 1472,
2169 4757 2391 4816 utraque
2421 4747 2507 4812 78,
2539 4745 2756 4815 Parth
2785 4748 2980 4814 Paris,
3014 4750 3188 4816 .luut.,
3213 4745 3360 4818 Ald.,
3383 4745 3559 4817 (λι-ιιι..

1972 4815 2684 4895 gytntt._relitiu_i,_it_th(erere
2712 4822 2920 4895 animis,
2957 4831 3010 4874 ut
3041 4822 3078 4875 Ι.
3106 4837 3179 4888 v1,
3222 4815 3464 4895 cap-20.
3495 4815 3567 4879 Al.

1973 4886 2148 4960 Rast.,
2183 4886 2324 4945 Venf
2352 4891 2507 4956 M95,
2539 4891 2626 4960 97,
2661 4895 2869 4947 alerere.
2894 4892 3024 4949 BL‘N.

2047 4959 2190 5036 Sana
2221 4962 2568 5036 tnttlcet.ll:13_c
2598 4959 2757 5019 lectio
2790 4965 3276 5035 manuscriptorum
3292 4973 3376 5021 est
3397 5007 3414 5036 ,
3447 4982 3563 5036 per-

1974 5033 2156 5087 mulcet
2187 5034 2474 5089 editorum.
2520 5034 2653 5107 Reg.
2685 5036 2804 5091 Put.
2831 5047 2886 5092 et
2915 5039 3002 5093 ed.
3033 5033 3189 5092 Rom.
3226 5033 3558 5105 M74,'mul-

1974 5117 2119 5172 cent,
2153 5107 2426 5162 mendose.

2046 5175 2207 5248 Adeo.
2243 5178 2368 5233 Mss.
2407 5179 2656 5246 Tornes.,
2693 5178 2813 5234 Em.
2838 5191 2891 5236 et
2912 5182 2944 5236 4
2973 5181 3175 5248 excusi,
3205 5180 3354 5237 Ideo.

2047 5247 2286 5327 incutere
2309 5252 2637 5327 uoluptatem.
2669 5249 2966 5327 Singularis
2999 5253 3086 5327 hic
3112 5247 3194 5327 est
3223 5253 3357 5327 _Ven.
3392 5255 3563 5327 prima

1976 5318 2115 5375 1478
2134 5322 2380 5396 legendo,
2412 5318 3004 5396 inducerevoluptatem.
3030 5324 3241 5396 Reliqui
3265 5318 3566 5394 tuei,'incn-

1976 5401 2098 5470 tere.
2137 5391 2270 5470 Nam
2294 5395 2345 5448 in
2372 5410 2433 5449 re
2461 5396 2623 5470 etiam
2655 5391 2849 5450 blanda
2880 5408 2934 5452 et
2964 5399 3116 5452 suavi
3148 5391 3436 5470 usurpatur
3462 5399 3565 5457 hoc

1973 5465 2219 5533 verbum,
2243 5466 2454 5522 Lucret.
2478 5480 2516 5531 ι,
2541 5465 2633 5522 20.

2070 5580 2310 5631 Omnibus
2331 5582 2578 5633 incutiens
2596 5579 2828 5632 blandum
2850 5595 2944 5647 per
2965 5589 3168 5648 pecua
3188 5596 3428 5638 amorem.

1975 5672 2064 5730 Sic
2094 5674 2319 5730 Tertull.
2349 5675 2472 5731 adv.
2506 5675 2763 5734 Marcion.
2798 5677 2834 5734 l.
2865 5693 2959 5747 ιιι,
2989 5695 3038 5736 c.
3079 5679 3169 5737 20.
3219 5679 3401 5738 Risum
3447 5681 3576 5739 mihi

1976 5746 2224 5802 inenties.
2264 5747 2396 5802 BUN.

2055 5819 2221 5875 Plane
2244 5819 2344 5875 sint
2369 5819 2670 5894 eloquentes.
2701 5821 2826 5882 Mss.
2852 5823 2916 5881 14
2947 5839 3058 5883 rec.
3081 5834 3136 5883 et
3165 5825 3196 5884 6
3221 5824 3376 5895 edin,
3407 5824 3573 5898 plene.
