4090 6354
573 248 692 306 ,651

1689 245 1875 306 FIRM.
1923 243 2289 306 LACTANTH
2327 246 2533 306 DIVIN.
2580 247 2818 309 INSTIT.

3723 269 3808 327 552

591 380 653 427 ut
679 369 787 427 vim
818 380 970 425 suam
993 368 1288 433 monstret;
1323 373 1458 435 opes
1481 361 1711 433 expetit,
1738 362 1972 419 honores
1994 379 2192 419 concu-
2225 363 2280 424 Α
2302 374 2699 422 sacramentum
2729 365 3096 436 ignorantibus
3116 379 3221 425 non
3239 375 3425 441 potest,
3455 375 3674 445 quoniam
3692 397 3808 453 mys-

592 465 770 537 piscit,
801 476 1068 520 summum
1096 459 1330 530 denique
1351 455 1580 528 gradum
1621 456 1898 527 dignitatis
1925 458 2188 528 exposcit.

591 557 734 629 Ergo
772 555 889 612 haec
925 553 1076 626 quasi
1107 551 1328 608 humilia
1373 550 1639 620 despicit,
1693 565 1888 606 acarna
1940 560 2191 622 tanquam

589 651 856 709 contraria
885 651 986 706 sibi
1019 648 1185 721 fugit;
1227 648 1427 719 quippe
1459 663 1580 718 quae
1609 647 1827 718 publico
1856 647 2107 717 gaudeat,
2140 656 2196 702 et

589 743 989 802 multitudinem
1030 741 1515 814 celebritatemque
1543 740 1843 796 desideret.
1877 742 1956 796 Eo
1984 743 2078 808 tit,
2135 751 2196 796 ut

587 839 849 912 sapientia
879 849 936 896 et
960 839 1162 894 veritas
1188 837 1398 892 idoneis
1445 835 1790 906 praeconibus
1821 835 2080 907 indigeat.
2125 836 2193 891 Et

586 937 631 992 si
663 933 752 1006 qui
779 934 920 990 forte
941 933 1306 989 litteratorum
1335 944 1396 986 se
1423 929 1492 986 ad
1522 945 1640 986 eam
1671 931 2023 986 contulerunt
2048 970 2062 998 ,
2095 929 2193 985 de-

588 1027 817 1084 fensioni
847 1026 965 1097 ejus
997 1039 1102 1080 non
1132 1021 1484 1079 suffecerunt.

660 1121 742 1177 Ex
772 1120 860 1188 iis,
889 1117 980 1190 qui
1029 1115 1164 1174 mihi
1210 1117 1322 1172 noti
1374 1125 1535 1184 sunt,
1564 1116 1828 1172 Minucius
1880 1115 2026 1173 Felix
2082 1131 2191 1175 non

588 1213 862 1285 ignobilis}
913 1213 1054 1269 inter
1127 1209 1431 1267 causidicos
1493 1210 1718 1266 locifuit.
1787 1209 1956 1281 Hujus
2030 1211 2188 1276 liber,

587 1308 671 1363 cui
700 1304 922 1362 Octavio
949 1304 1137 1360 titulus
1165 1313 1269 1371 est,
1301 1303 1558 1370 declarat,
1593 1318 1754 1375 quam
1798 1303 2021 1360 idoneus
2050 1303 2193 1360 veri-

591 1402 713 1456 tatis
755 1407 994 1456 assertor
1021 1412 1144 1454 esse
1191 1395 1482 1468 potuisset,
1507 1395 1552 1451 si
1583 1411 1645 1451 se
1678 1404 1848 1451 totum
1881 1396 1946 1451 ad
1991 1395 2043 1450 id
2074 1404 2190 1451 stu-

589 1494 738 1549 dium
787 1491 1129 1548 contulisset.
1198 1489 1490 1560 Septimius
1551 1503 1765 1561 quoque
1821 1487 2190 1545 Tertullianus

589 1589 689 1645 fuit
717 1587 862 1643 omni
891 1600 1091 1659 genere
1119 1584 1416 1641 litterarum
1433 1584 1641 1655 peritus
1659 1603 1673 1640 :
1693 1583 1787 1640 sed
1808 1585 1860 1640 in
1889 1584 2190 1655 eloquendo

590 1697 778 1755 parum
811 1680 1004 1746 facilis,
1033 1687 1090 1734 et
1111 1679 1286 1735 minus
1310 1687 1580 1749 comptus,
1601 1687 1656 1734 et
1675 1677 1900 1732 multum
1925 1676 2190 1732 obscurus

587 1773 703 1828 fuit.
750 1772 894 1844 Ergo
919 1787 987 1828 ne
1014 1771 1100 1826 hic
1143 1769 1359 1842 quidem
1403 1770 1535 1825 satis
1590 1769 1921 1826 celebritatis
1962 1769 2184 1825 invenit.
2219 1763 2267 1824 Β

587 1863 740 1922 Unus
779 1864 944 1936 igitur
973 1863 1303 1936 praecipuus,
1351 1871 1406 1918 et
1434 1863 1617 1918 clarus
1649 1863 1833 1918 extitit
1861 1863 2181 1934 Cyprianus,

586 1961 842 2032 quoniam
885 1970 940 2016 et
968 1973 1219 2030 magnam
1263 1957 1365 2013 sibi
1393 1956 1622 2029 gloriam
1653 1973 1719 2013 ex
1763 1958 1896 2012 artis
1939 1959 2188 2013 oratoria:

587 2052 929 2125 professione
957 2052 1266 2124 quaisierat,
1292 2060 1348 2106 et
1372 2050 1662 2106 admodum
1713 2051 1877 2106 multa
1909 2051 2186 2121 conscrip-

587 2146 658 2202 sit
682 2145 737 2202 in
769 2159 868 2202 suo
908 2159 1111 2217 genere
1141 2143 1403 2200 miranda.
1442 2145 1571 2199 Erat
1599 2143 1743 2200 enim
1779 2145 1994 2215 ingenio
2023 2144 2183 2211 facili,

586 2239 830 2311 copioso,
863 2239 1035 2305 suavi,
1063 2248 1117 2294 et
1142 2237 1284 2311 (quae
1314 2239 1584 2294 sermonis
1605 2238 1836 2292 maxima
1879 2249 1961 2293 est
1991 2238 2183 2310 virtus)

585 2339 796 2404 aperto,
827 2341 887 2387 ut
923 2329 1239 2388 discernere
1269 2345 1527 2402 nequeas,
1567 2341 1819 2386 utrumne
1858 2329 2100 2386 ornatior
2127 2329 2182 2386 in

585 2424 913 2498 eloquendo,
947 2440 1017 2480 an
1048 2424 1258 2480 felicior
1288 2425 1340 2480 in
1367 2424 1708 2495 explicando,
1740 2441 1807 2481 an
1836 2426 2106 2498 potentior
2129 2425 2185 2481 in

597 2519 976 2594 persuadendo
1028 2519 1205 2576 fuerit.
1237 2518 1336 2575 Hic
1386 2527 1565 2574 tamen
1593 2519 1805 2591 placere
1854 2519 1988 2576 ultra
2021 2521 2184 2577 verba

2295 458 2395 514 tica
2427 468 2573 526 sunt,
2605 477 2724 531 quae
2749 461 2960 518 locutus
2989 469 3090 528 est,
3135 471 3188 518 et
3212 463 3277 519 ad
3324 465 3374 520 id
3409 479 3691 538 praeparata,
3713 484 3807 531 uta

2295 550 2425 606 solis
2457 550 2702 608 fidelibus
2727 553 3032 610 audiantur.
3068 555 3304 629 Denique
3324 572 3352 612 a
3391 558 3549 616 doctis
3575 562 3708 634 hujus
3731 581 3808 623 sre-

2294 645 2421 712 culi,
2445 647 2639 716 quibus
2671 646 2808 704 forte
2847 651 3046 720 scripta
3087 651 3204 720 ejus
3253 652 3594 723 innotuerunt,
3620 655 3811 718 derideri

2293 739 2452 795 solet.
2483 740 2678 797 Audivi
2705 757 2802 814 ego
2829 744 3116 814 quemdam
3148 746 3410 804 hominem
3436 763 3556 805 sane
3579 751 3809 820 disertum,

2293 831 2384 902 qui
2431 848 2552 888 cum
2606 834 2884 892 immutata
2918 853 3024 894 una
3065 838 3242 895 littera
3281 839 3584 912 Coprianum
3610 855 3811 916 vocaret;

2294 926 2446 996 quasi
2476 926 2567 998 qui
2600 927 2818 1000 elegans
2848 931 3142 1001 ingenium,
3173 941 3226 988 et
3255 933 3552 992 melioribus
3576 937 3714 994 rebus
3743 954 3814 1010 ap-

2297 1025 2432 1085 tum,
2463 1017 2528 1072 ad
2559 1019 2730 1075 aniles
2771 1020 2978 1078 fabulas
3026 1023 3360 1081 contulisset.
3399 1025 3543 1095 Quod
3587 1028 3628 1084 si
3664 1031 3816 1088 accidit

2295 1107 2397 1164 hoc
2417 1109 2656 1182 ei,cujus
2671 1111 2978 1184 eloquentia
2997 1131 3104 1172 non
3132 1115 3366 1174 insuavis
3387 1128 3483 1185 est,
3503 1119 3620 1190 quid
3647 1122 3815 1178 tandem

2293 1212 2544 1274 putemus
2583 1207 2663 1261 eis
2688 1207 2956 1275 accidere,
2998 1224 3228 1280 quorum
3270 1225 3448 1268 sermo
3467 1212 3660 1283 jejunus
3689 1225 3817 1271 estet

2294 1297 2565 1370 ingratus;
2609 1301 2700 1372 qui
2725 1317 2903 1373 neque
2927 1303 3036 1358 vim
3069 1305 3448 1374 persuadendi,
3471 1321 3628 1377 neque
3651 1309 3817 1364 subtili-

2295 1401 2462 1450 tatem
2489 1397 2920 1466 argumentandi,
2950 1413 3125 1470 neque
3155 1398 3319 1456 ullam
3348 1416 3558 1472 prorsus
3601 1403 3816 1462 acerbita-

2295 1495 2400 1543 tem
2431 1488 2497 1544 ad
2524 1489 2904 1546 revincendum
2928 1490 3129 1548 habere
3150 1493 3472 1564 potuerunt?

2935 1607 3164 1668 CAPUT
3184 1610 3250 1669 II.

2297 1699 2554 1766 Quantum
2592 1717 2624 1756 a
2669 1703 2951 1759 temerariis
2977 1705 3271 1762 hominibus
3308 1707 3592 1781 impugnata
3619 1709 3703 1780 fuit
3723 1712 3820 1766 veri-

2898 1807 2976 1853 tas
3003 1799 3302 1856 christiana.

2365 1889 2504 1960 Ergo
2533 1888 2656 1960 quia
2709 1889 2995 1946 defuerunt
3037 1892 3178 1962 apud
3237 1908 3336 1949 nos
3378 1893 3552 1950 idonei
3602 1894 3822 1965 peritique

2291 1981 2563 2050 doetores,
2593 1982 2682 2053 qui
2737 1983 3102 2052 vehementer,
3157 1983 3250 2056 qui
3301 1988 3492 2043 acriter
3525 2001 3712 2044 errores
3751 2004 3824 2058 pu-

2293 2074 2461 2130 blicos
2511 2075 2920 2147 redarguerem,
2980 2077 3071 2150 qui
3113 2093 3338 2134 causam
3378 2095 3580 2137 omnem
3631 2081 3824 2135 veritatis

2290 2177 2480 2223 ornate
2504 2169 2830 2241 copioseque
2860 2170 3212 2227 defenderent
3244 2191 3257 2226 :
3289 2172 3586 2241 provocavit
3613 2171 3822 2243 quosdam

2291 2260 2406 2317 haec
2434 2262 2546 2334 ipsa
2577 2263 2822 2334 penuria,
2854 2273 2914 2318 ut
2938 2263 3200 2319 auderent
3241 2264 3482 2321 scribere
3518 2275 3685 2320 contra
3709 2265 3824 2336 igno-

2293 2368 2401 2414 tam
2449 2355 2550 2411 sibi
2578 2357 2878 2412 veritatem.
2911 2356 3110 2411 Omitto
3139 2370 3274 2426 eos,
3322 2358 3411 2428 qui
3454 2357 3697 2429 prioribus
3733 2372 3824 2414 eam

2292 2450 2626 2523 temporibus
2678 2453 3030 2524 nequicquam
3083 2452 3458 2509 lacessierunt.
3503 2453 3607 2524 Ego
3642 2467 3742 2507 cum
3786 2452 3825 2506 in

2294 2545 2544 2618 Bithynia
2586 2545 2849 2602 oratorias
2890 2545 3096 2601 litteras
3144 2543 3352 2602 accitus
3389 2545 3645 2612 docerem,
3689 2541 3828 2600 conti-

1919 2639 2276 2701 VARIORUM
2313 2638 2543 2698 NOTAE.

668 2734 866 2808 Veritas
905 2733 1104 2790 idoneis
1132 2735 1450 2804 prteconibus
1497 2735 1744 2808 indigeat.
1789 2737 1916 2794 Mss.
1949 2737 2176 2797 Tornes.

584 2817 640 2865 et
671 2809 692 2862 1
721 2807 1104 2878 Colbertgec.
1136 2809 1428 2878 prwconiis.

661 2879 920 2953 Minucius
943 2877 1114 2953 Felix.
1140 2877 1460 2953 'Elegantem
1481 2880 1599 2953 ejus
1625 2879 1932 2937 christiana:
1965 2883 2180 2953 religio-

586 2953 670 3008 nis
688 2951 986 3022 apologiam
1001 2951 1100 3022 sub
1122 2950 1276 3006 titulo
1301 2950 1540 3007 Octavius
1565 2951 1842 3009 habemus.
1867 2953 2014 3009 Vixit
2035 2950 2179 3011 anno

586 3041 710 3079 {L‘l‘iC
730 3021 1044 3094 ’christiantn
1068 3021 1199 3094 235,
1227 3038 1333 3094 quo
1377 3032 1618 3094 tempore
1647 3023 1858 3080 vivebat
1887 3037 1940 3080 et
1967 3025 2182 3082 Tertul—

586 3095 781 3170 lianus.
809 3093 927 3150 Jam
960 3093 1124 3170 hujus
1148 3093 1283 3151 facta
1330 3105 1414 3151 est
1459 3093 1662 3152 mentio
1682 3112 1844 3167 supra
1873 3096 1966 3152 lib.
1997 3114 2034 3166 ι,
2059 3114 2177 3170 cap.

586 3168 673 3232 11,
706 3176 825 3236 post
855 3164 1112 3221 medium.

658 3238 1031 3312 Tertullianus.
1066 3237 1207 3312 Satis
1239 3249 1396 3312 notus
1425 3237 1639 3312 scriptis
1683 3238 1860 3294 editis.
1898 3240 2054 3297 Omni
2081 3257 2178 3312 ge-

583 3327 715 3368 nere
763 3310 1024 3366 doetrinzn
1066 3309 1169 3383 fuit
1218 3309 1474 3383 refertus.
1515 3309 1643 3381 Ejus
1699 3326 1864 3381 opera
1901 3309 2180 3383 graece'ah

584 3383 700 3454 ipso
723 3383 922 3452 scripta
947 3391 1134 3438 extant
1160 3381 1210 3435 in
1243 3383 1403 3454 Regia
1436 3382 1810 3454 Hispaniarum
1853 3381 2179 3442 Séorialensi

582 3453 935 3526 Bibliotheca,
967 3462 1025 3509 ut
1052 3469 1080 3507 a
1111 3454 1254 3524 Rege
1275 3453 1552 3526 Catholico
1575 3453 1823 3526 Philippo
1841 3457 1886 3513 V
1914 3456 2180 3513 didicerat

583 3526 821 3583 Marchio
850 3525 925 3600 de
946 3525 1108 3600 Santa
1133 3525 1276 3600 Cruz_
1298 3525 1366 3580 de
1386 3525 1739 3600 Marzenado,
1761 3525 1854 3600 ivir
1882 3545 2180 3600 usquequa-

581 3611 709 3669 que,
738 3608 792 3654 et
815 3598 1102 3668 probitate,
1126 3606 1180 3669 et
1204 3598 1428 3653 scientia
1457 3607 1699 3654 ornatus.
1728 3599 1919 3655 Mirum
1952 3598 2035 3656 est
2064 3598 2181 3656 haec

583 3667 637 3725 in
661 3667 885 3740 utraque
914 3669 1091 3740 lingua
1123 3667 1402 3740 hucusque
1424 3685 1531 3725 non
1564 3670 1729 3726 fuisse
1755 3670 1919 3726 edita.
1969 3671 2182 3727 Tertul-

581 3741 783 3796 lianum
805 3756 932 3815 vero
964 3740 1096 3815 tanti
1145 3741 1373 3815 faciebat
1411 3741 1482 3815 _S.
1505 3742 1827 3815 Cyprianus,
1864 3753 1922 3798 ut
1970 3744 2178 3799 nullum

581 3814 1018 3885 praetermitteret
1045 3812 1189 3885 diem
1216 3813 1332 3868 sine
1373 3812 1791 3885 ejusrlectionc;
1837 3825 1997 3885 atque
2041 3825 2179 3872 teste

580 3883 640 3938 S.
694 3883 1043 3956 Hieronymo,
1088 3884 1276 3938 solitus
1324 3884 1665 3956 eratidicere
1710 3883 1928 3942 sanctus
1967 3889 2179 3956 episco-

584 3969 681 4028 pus
700 3974 720 4028 7:
748 3974 768 4008 ι
795 3955 869 4010 Da
886 3955 1016 4028 mihi
1033 3958 1370 4028 magistrum,
1395 3955 1831 4028 ibTertullianum
1848 3955 2178 4028 signiticans.

583 4025 665 4082 De
697 4027 798 4084 hoc
827 4026 963 4082 infra
981 4025 1156 4097 capite
1183 4029 1217 4082 4
1241 4026 1442 4096 aliquid
1465 4025 1643 4082 adhuc
1662 4026 1892 4084 dicetur.

657 4098 911 4167 Quoniam
951 4109 998 4154 et
1044 4115 1304 4171 magnam.
1339 4114 1468 4171 mss.
1520 4100 1546 4154 1
1579 4099 1711 4170 Reg.
1747 4115 1855 4154 rec.
1901 4109 1957 4156 et
1988 4102 2179 4170 Brun.,

579 4173 858 4298 glaﬁintam
887 4189 902 4226 :
937 4185 1038 4243 pro
1063 4170 1326 4240 quoniam,
1363 4170 1559 4241 legitur
1582 4171 1672 4242 qui
1703 4172 1754 4226 in
1786 4172 1956 4228 tribus
1987 4189 2099 4230 rec.
2127 4185 2183 4231 et

637 4259 668 4298 e
710 4255 816 4298 lllS.

620 4255 816 4314 ⁸(ξαιιιε.

655 4315 956 4389 Quwsierat.
988 4316 1097 4373 Pro
1125 4316 1427 4389 acquisierat
1449 4333 1468 4389 ;ﬁ
1501 4314 1728 4389 simplex
1757 4331 1854 4388 pro
1881 4320 2181 4389 composito

576 4389 777 4458 passim
807 4388 950 4459 apud
980 4389 1338 4445 Lactantium.
1372 4388 1509 4446 Vide
1535 4387 1626 4445 lib.
1657 4387 1725 4445 de
1763 4387 2023 4446 Mortibus
2053 4404 2178 4460 per-

577 4468 884 4515 secutorum
895 4501 908 4514 .

650 4531 732 4586 Λη
761 4532 979 4604 felicior.
1007 4531 1099 4588 Sic
1133 4547 1266 4589 mss.
1295 4531 1655 4602 antiquissimi
1697 4532 1920 4604 liBon.,
1949 4531 1985 4586 2
2016 4533 2172 4604 Reg.,

579 4600 618 4675 1
639 4605 710 4659 al.
744 4600 873 4658 item
904 4602 1038 4675 Reg.
1067 4618 1176 4659 rec.
1199 4605 1294 4660 sed
1314 4600 1466 4659 bonae
1496 4613 1657 4672 notae,
1679 4605 1704 4660 1
1729 4600 1911 4670 Colb.,
1935 4600 2172 4669 Rohan.,

575 4674 745 4743 Ultr.,
774 4675 936 4747 Brun.
972 4674 1041 4731 Ᾱι
1067 4677 1418 4740 recentiores,
1444 4677 1610 4731 etiam
1637 4678 2022 4747 Sangerman.,
2048 4692 2171 4731 cum

576 4746 853 4818 impressis
885 4747 1087 4804 habent
1135 4747 1338 4819 facilior
1379 4763 1392 4799 :
1421 4757 1646 4818 utraque
1676 4746 1832 4804 lectio
1860 4747 2025 4815 bona;
2049 4763 2173 4803 mox

573 4821 717 4892 enim
746 4819 1252 4892 praeessitjngenio
1264 4819 1436 4892 facili,
1465 4827 1569 4873 etc.

649 4889 984 4964 Caprianum.
1016 4890 1181 4964 Quasi
1213 4889 1369 4964 dicas
1392 4890 1804 4964 Stercorarium,
1833 4900 1944 4955 aut,
1975 4890 2174 4964 si__ma-

578 4963 682 5030 vis,
711 4960 1098 5031 Scurram,aut
1126 4960 1261 5015 faeda
1289 4960 1480 5032 etvilia
1505 4962 1828 5032 loquentem.
1864 4977 1994 5017 mss.
2027 4961 2168 5018 Vict.

579 5044 636 5091 et
678 5035 877 5092 iColb.
935 5034 1256 5107 Ciprianum,
1290 5031 1430 5107 male
1481 5032 1546 5087 ad
1576 5031 1838 5107 'bactantii
1894 5043 2166 5097 mentem;

578 5121 680 5162 nec
724 5109 916 5164 melius
967 5105 1315 5174 manuscripti
1362 5118 1474 5162 rec.
1513 5107 1532 5159 1
1587 5105 1993 5175 Reg.,Tornes.
2043 5115 2092 5160 et
2136 5107 2163 5161 1

576 5178 728 5232 Colb.
765 5177 1099 5248 Caprianum.
1134 5175 1393 5252 Cavillum
1440 5184 1526 5252 est
1570 5191 1634 5230 ex
1662 5178 1924 5252 all_usione
1954 5180 2164 5252 κοπρία,

575 5258 784 5304 stercus.
835 5253 1046 5308 Scurra:
1091 5248 1290 5320 copria:
1339 5247 1675 5304 dicebantur.
1717 5249 1887 5305 ϐΑιι..
1917 5279 1989 5289 —-
2019 5247 2167 5304 R'he-

577 5326 742 5382 tores.
777 5321 1140 5392 sycophantae,
1171 5320 1394 5388 rabulze,
1447 5335 1664 5384 scurrae,
1698 5329 1752 5376 et
1795 5321 2168 5392 hujuscemodi

577 5393 862 5464 multitudo
887 5407 1092 5464 eorum,
1120 5393 1210 5463 qui
1238 5407 1433 5464 magna
1463 5407 1526 5447 ac
1547 5394 1711 5448 multa
1760 5394 2078 5464 promittunt
2104 5407 2168 5448 ac

576 5463 890 5542 minantur,‘
923 5463 1163 5542 miraque
1217 5463 1392 5542 dense
1433 5463 1767 5542 praedicant,
1793 5465 2088 5542 κοπρολργρι
2116 5473 2168 5519 et

577 5537 785 5614 xorrpiau
804 5535 1260 5614 vulgoappellati.
1289 5534 1509 5606 Capriaz,
1539 5537 1584 5592 oi
1615 5534 2170 5614 xmpiai,_a_pud:Sue-

579 5606 695 5680 ton'.
723 5607 774 5661 in
804 5606 1166 5680 Tiberiocap.
1194 5607 1282 5672 61,
1307 5622 1507 5680 scurrae
1533 5619 1676 5675 sunt,
1699 5606 1785 5680 qui
1804 5608 2029 5680 ridiculi
2047 5624 2169 5679 gra-

579 5679 652 5732 tia
672 5692 815 5750 vana
841 5692 906 5732 ac
933 5677 1103 5750 multa
1126 5677 1194 5733 de
1221 5693 1282 5732 se
1314 5678 1608 5748 jactabant,
1636 5689 1691 5735 et
1717 5677 2163 5750 pollicebantur:

582 5748 722 5821 unde
761 5760 814 5805 et
840 5748 1062 5821 verbum
1088 5749 1392 5821 incopriare,
1424 5765 1543 5820 pro,
1575 5748 1949 5807 circulatorem
1978 5765 2160 5821 agere,

579 5828 636 5882 et
661 5819 834 5881 fumos
864 5819 1120 5889 vendere,
1140 5819 1282 5892 quod
1307 5829 1361 5877 et
1391 5819 1594 5878 fumare
1619 5822 1888 5890 dicebant,
1918 5819 2162 5880 utCrzeci

2203 4564 2259 4628 D

2287 2739 2819 2814 uamiCm._Glo§sa:
2873 2739 3105 2814 lsidori:
3141 2741 3365 2808 Scurra,
3394 2743 3480 2814 qui
3520 2741 3828 2813 iucopriat;in

2286 2816 2406 2868 aliis
2431 2812 2627 2883 glossis
2658 2827 2672 2864 :
2708 2810 2906 2867 Scurra
2931 2814 3018 2881 qui
3044 2813 3230 2882 fumat.
3267 2810 3415 2871 Idem
3454 2814 3576 2870 Isid.
3605 2810 3828 2870 :Circula-

2289 2896 2388 2951 tor,
2435 2885 2520 2954 qui
2560 2887 2762 2953 fumat:
2796 2884 2876 2938 sic
2922 2896 3234 2954 nugatores,
3267 2887 3551 2943 mendaces
3575 2896 3624 2942 et
3662 2886 3827 2940 vanilo-

2287 2973 2444 3028 quos,
2475 2955 2693 3028 c0prias
2723 2954 3004 3010 vocabant.
3039 2957 3113 3012 ita
3143 2956 3464 3028 Cyprianum
3490 2959 3611 3014 olim
3639 2957 3831 3014 Gentiles

2287 3025 2504 3101 quidam
2533 3025 2870 3101 Coprianum,
2903 3043 3006 3101 una
3025 3025 3230 3101 littera
3270 3041 3493 3096 mutata,
3523 3030 3826 3101 appellarunt,

2306 3097 2432 3154 ‘uod
2460 3098 2630 3154 aniles
2667 3097 2747 3170 (ut
2775 3099 2874 3166 ipsi
2896 3099 3171 3167 volebant)
3200 3099 3429 3169 fabulas,
3457 3113 3508 3158 et
3534 3097 3684 3158 multa
3710 3115 3830 3154 mett-

2209 3167 2255 3232 Ο
2289 3115 2440 3226 33613
2492 3169 2704 3232 scriptis
2751 3168 2863 3223 suis
2909 3169 3243 3227 inseruisset.
3305 3174 3615 3230 Sacuasms.
3643 3170 3830 3225 —Vide

2325 3173 2440 3226 acia
2492 3168 2704 3239 scriptis
2751 3168 2863 3223 suis
2909 3169 3243 3227 inseruisset.
3305 3170 3832 3230 Summus—Vide

2287 3245 2452 3298 etiam
2477 3239 2860 3298 Casaubonum
2887 3241 2954 3295 ad
2983 3241 3305 3298 Suetonium
3336 3248 3388 3300 in
3419 3246 3642 3309 Tiberio,
3670 3252 3716 3298 et
3738 3242 3832 3310 Lip-

2282 3315 2421 3388 sium
2451 3315 2756 3368 Electorum
2787 3310 2902 3388 lib._
2926 3329 2984 3379 ιι,
3035 3329 3153 3386 cap.
3188 3315 3279 3388 17.
3314 3317 3390 3372 Dc
3417 3316 3473 3372 S.
3504 3314 3743 3388 Cypriane
3776 3314 3833 3367 ait

2281 3384 2670 3458 Hieronymus,
2701 3381 3041 3451 superﬂuum
3064 3381 3197 3458 esse
3243 3387 3408 3458 hujus
3440 3381 3682 3443 librorum
3721 3394 3834 3438 cata-

2284 3458 2464 3528 logum
2492 3457 2961 3528 contexere,_cum
2997 3457 3112 3512 sole
3157 3457 3391 3515 clariora
3421 3461 3528 3514 sint
3551 3459 3660 3527 ejus
3685 3470 3828 3528 opera.

2281 3523 2416 3605 Ejus
2447 3528 2632 3584 laudes
2692 3540 2797 3605 non
2828 3523 2999 3605 Latini
3035 3528 3216 3605 modo,
3270 3547 3462 3605 verum
3515 3523 3665 3605 etiam
3698 3523 3833 3605 Graeci

2281 3595 2624 3674 cecinerunt,
2649 3606 2708 3674 ut
2732 3595 3123 3674 Nazianzenus.
3145 3601 3222 3674 De
3274 3602 3543 3674 Cypriani
3580 3596 3831 3674 eloquentia

2281 3674 2398 3744 lege
2421 3668 2792 3744 Prudentium,
2843 3669 2900 3721 S.
2930 3669 3216 3742 Augustin.
3271 3668 3378 3728 lib.
3399 3689 3473 3739 tv,
3516 3673 3593 3744 de»
3624 3668 3826 3744 Doctrina

2281 3738 2594 3821 christiana,
2639 3747 2694 3795 el.
2723 3738 3107 3821 Hieronymum
3153 3744 3206 3800 in
3235 3745 3465 3821 epistola
3493 3745 3558 3821 ad
3583 3742 3832 3821 Paulinam.

2363 3817 2484 3884 Qui.
2525 3817 2615 3872 Sic
2643 3825 2747 3866 ms.
2775 3810 3002 3869 Cantab.
3032 3825 3086 3870 et
3113 3810 3349 3886 quatuor
3379 3816 3509 3872 editi
3547 3835 3558 3870 :
3591 3813 3724 3870 multi
3745 3810 3828 3874 alii,

2282 3889 2440 3959 quod.

2355 3959 2679 4032 Contulisset.
2711 3961 2840 4018 Post
2859 3962 2962 4015 hoc
2982 3959 3241 4032 verbum,
3257 3968 3575 4032 sequentem
3604 3958 3723 4032 hanc
3743 3967 3835 4010 ora-

2283 4032 2483 4087 tionem
2514 4031 2565 4086 in
2594 4046 2696 4086 ms.
2722 4033 2856 4088 Bon.
2883 4031 3051 4101 antiq.
3069 4028 3422 4088 invenisse‘se
3441 4039 3653 4088 testatur
3675 4028 3829 4083 lum:

2287 4101 2437 4177 Unde
2459 4113 2694 4177 apparet,
2726 4102 3060 4177 disertissimo
3081 4109 3134 4177 et
3154 4101 3455 4158 doctissimo
3484 4103 3610 4177 viro,
3636 4106 3836 4177 quantum

2282 4175 2351 4228 ad
2374 4171 2648 4247 sacrilegos
2676 4176 2855 4230 attinet
2886 4173 3214 4247 refellendos,
3267 4191 3373 4230 non
3425 4171 3705 4247 facultatem
3721 4179 3747 4247 ,ι
3761 4171 3834 4247 ndi-

2283 4247 2451 4321 condi,
2476 4237 2579 4300 sed'
2591 4247 2860 4321 consilium
2887 4237 3126 4314 defuisse,
3159 4237 3212 4298 in
3237 4262 3298 4300 eo
3326 4237 3587 4321 praecipue
3612 4243 3730 4321 quod
3753 4237 3833 4321 Dc-

2283 4319 2587 4394 metrianum
2641 4319 2865 4394 veritatis
2892 4327 3171 4394 expertem,
3205 4333 3314 4394 non
3330 4315 3333 4316 ⁷
3365 4315 3568 4394 ratione
3595 4315 3836 4394 prudentia:

2283 4389 2579 4451 mandante,
2605 4406 2705 4459 qua
2735 4391 2810 4445 uti
2848 4391 2903 4445 in
2933 4389 3188 4460 principio
3229 4389 3428 4455 debuit,
3475 4389 3562 4444 sed
3586 4389 3837 4460 auctoritate

2283 4460 2559 4532 caelestium
2598 4453 2991 4532 praceptorum,
3020 4453 3235 4530 quorum
3263 4461 3358 4516 ille
3387 4453 3440 4518 se
3467 4461 3653 4516 hostem
3680 4453 3836 4529 fateba-

2283 4539 2384 4594 tur,
2417 4531 2672 4586 astrinxit.

2356 4601 2511 4672 Apud
2534 4619 2644 4658 nos.
2677 4603 2766 4659 Sic
2788 4603 3003 4674 reposui
3031 4617 3099 4658 ex
3124 4601 3255 4658 edit.
3279 4603 3516 4661 Tornes.
3538 4613 3589 4660 et
3608 4601 3832 4674 Soubron.

2282 4689 2346 4748 ac
2375 4675 2808 4748 mss.'omnibus,
2843 4672 3078 4744 praeteri
3111 4675 3246 4746 Reg.
3301 4692 3415 4733 rec.
3468 4679 3520 4733 in
3562 4691 3690 4748 quo,
3727 4672 3836 4726 sicut

2283 4747 2336 4801 in
2363 4745 2621 4822 vulgatis,
2654 4754 2738 4802 est
2762 4756 2984 4822 nostros.
3111 4816 3156 4822 Α.
3202 4745 3211 4746 “
3314 4821 3317 4822 ν
3353 4820 3381 4822 η
3553 4745 3592 4822 _'
3770 4811 3795 4822 η

2353 4812 2725 4872 ιαεέδεὶενιιηι.
2757 4816 2982 4874 Suavius
3034 4816 3190 4874 nobis
3237 4820 3499 4876 exhibent
3543 4820 3576 4874 2
3605 4826 3699 4874 vet.
3727 4812 3831 4870 edit.

2281 4887 2439 4945 Rom.
2470 4899 2523 4944 et
2553 4904 2741 4945 omnes
2772 4889 2942 4944 ferme
2967 4903 3099 4944 mss.
3132 4906 3293 4960 quam
3332 4893 3515 4948 caeteri
3540 4889 3722 4960 vulgati
3745 4885 3832 4940 e15

2281 4976 2394 5016 rec.
2423 4975 2553 5016 mss.
2567 5002 2581 5026 ,
2607 4961 2940 5016 lacesserunt.
2967 4960 3079 5016 Hoc
3097 4962 3347 5018 ultimum
3369 4972 3605 5019 erratum
3622 4971 3695 5016 est
3709 4961 3834 5028 juxta

2279 5031 2512 5110 linguam
2542 5032 2778 5110 latinam.
3274 5105 3308 5110 ’γ
3423 5107 3470 5110 __
3512 5106 3544 5110 Η
3677 5103 3707 5110 _
3804 5098 3814 5110 .

2399 5106 2639 5174 ratorias,
2661 5104 2878 5171 litteras,
2905 5115 3011 5161 etc.
3037 5103 3362 5162 Nicomedia:
3385 5106 3649 5162 videlicet.
3677 5103 3835 5157 Docuit

2275 5173 2348 5248 ibi
2377 5173 2698 5248 Oratoriam,
2729 5187 2785 5231 ut
2810 5178 2991 5242 [etiam
3022 5176 3378 5248 Hieronymus
3419 5177 3471 5232 in
3513 5179 3622 5248 ejus
3647 5178 3740 5228 vita
3765 5183 3834 5224 re-

2276 5247 2414 5312 tulit,
2451 5247 2692 5302 Latinam
2725 5249 2778 5303 in
2805 5247 3037 5314 Graecia,
3069 5247 3313 5305 fortassis
3357 5251 3479 5320 quia
3526 5247 3628 5303 tum
3658 5253 3833 5316 quoque

2279 5320 2534 5388 temporis
2556 5320 2765 5394 romani
2810 5336 2961 5375 suam
2992 5321 3222 5394 linguam
3247 5337 3346 5390 per
3365 5322 3549 5394 orbem
3593 5326 3829 5394 romanum

2282 5386 2626 5464 propagatum
2649 5391 2942 5464 voluerunt
2967 5386 3100 5464 :rsed
3147 5386 3392 5464 fortassis
3430 5391 3650 5454 frustra;
3691 5386 3831 5464 desti-

2279 5460 2528 5518 tuebat'ur
2573 5462 2716 5518 enim
2758 5463 3109 5518 auditoribus.
3159 5462 3428 5531 Bithynia,
3465 5465 3601 5518 Asia:
3642 5460 3830 5512 minoris

2314 5534 2574 5601 rovincia,
2598 5549 2647 5604 ne
2685 5537 2905 5604 regione
2941 5535 3502 5604 Constantinopoleos,
3546 5533 3606 5588 ad
3636 5532 3828 5585 Pontum

2327 5605 2566 5659 uxinum.
2594 5603 2738 5659 Hanc
2754 5603 2962 5676 populo
2991 5619 3214 5660 romano
3246 5603 3342 5661 rex
3366 5603 3670 5662 Nicomedes
3698 5606 3830 5655 testa-

2275 5686 2457 5732 mento
2479 5675 2782 5746 reliquerat.
2802 5675 3004 5732 Natolia
3025 5677 3181 5733 hodie
3204 5680 3314 5734 haec
3336 5678 3603 5747 provincia
3619 5680 3828 5729 vocatur.

2338 5769 2364 5798 α
2389 5766 2448 5817 In
2470 5769 2580 5820 HS.
2610 5775 2688 5819 est
2709 5768 2946 5822 discendi.
2979 5769 3119 5821 Hanc
3141 5771 3413 5821 orationem
3438 5781 3533 5822 nou
3569 5767 3730 5818 habent
3751 5768 3829 5815 nec

2271 5829 2458 5883 Rohan.
2486 5843 2580 5882 nec
2603 5832 2862 5897 Sangerm.
2885 5845 2978 5884 nec
3001 5834 3151 5885 etiam
3177 5835 3273 5885 alii.
