4090 6354
306 314 421 372 555

1570 307 1772 368 LIBER
1816 311 1877 367 ν.
1921 311 2011 368 DE
2048 311 2372 373 JUSTITIA.

3515 324 3623 382 554

306 430 583 502 gi5setque
611 434 669 482 ut
698 424 889 482 eodem
925 431 1169 496 tempore
1195 425 1289 482 Dei
1330 426 1588 497 templum
1635 436 1906 483 everterc-
1934 426 1990 489 Α
2013 426 2170 484 dibus
2198 429 2347 497 illici,
2389 444 2458 488 ne
2487 432 2803 503 simplicitas
2847 445 3036 489 eorum
3082 435 3282 505 praeda:
3319 451 3383 493 ac
3425 437 3624 509 pabulo

309 534 400 581 tur
427 540 442 577 :
465 521 575 579 duo
601 520 896 577 extiterunt
924 519 1146 585 ibidem,
1168 521 1260 591 qui
1281 520 1484 591 jacenti
1510 530 1672 593 atque
1691 521 1916 593 abjectae

307 616 549 684 veritati,
578 614 763 671 nescio
790 622 975 670 utrum
1000 614 1307 684 superbius,
1339 630 1408 670 an
1439 614 1801 686 importunius
1830 617 1914 671 in-

309 709 611 775 sultarent;
664 721 894 779 quorum
941 707 1081 764 alter
1119 709 1414 765 antistitem
1473 725 1531 766 se
1558 709 1918 781 philosOphiae

309 801 674 875 profitebatur
704 819 717 856 :
755 815 946 857 verum
976 800 1050 856 ita
1081 800 1330 867 vitiosus,
1357 810 1414 857 ut
1434 802 1784 858 continentia:
1806 816 1920 857 ma-

309 897 498 969 gister,
533 910 641 951 non
670 894 849 951 minus
876 893 1122 961 avaritia,
1145 910 1306 966 quam
1334 895 1649 953 libidinibus
1679 897 1915 961 arderet,

309 989 366 1045 in
399 990 547 1045 victu
576 997 684 1044 tam
710 999 1085 1059 sumptuosus,
1115 998 1173 1043 ut
1214 989 1269 1043 in
1298 988 1483 1045 schola
1510 989 1724 1045 virtutis
1742 1004 1920 1044 asser-

312 1092 421 1149 tor,
463 1080 817 1153 parcimoniae
856 1081 1298 1152 paupertatisque
1328 1080 1597 1146 laudator,
1635 1082 1688 1137 in
1720 1081 1921 1153 palatio

310 1175 469 1247 pejus
495 1184 761 1242 emnaret,
789 1189 949 1245 quam
977 1173 1144 1230 domi.
1179 1174 1382 1232 Tamen
1412 1176 1537 1231 vitia
1561 1191 1659 1231 sua
1705 1174 1918 1245 capillis

313 1279 370 1323 et
402 1266 588 1338 pallio,
639 1276 696 1323 et
739 1265 905 1339 (quod
936 1265 1229 1322 maximum
1258 1277 1342 1323 est
1361 1267 1751 1338 velamentum)
1780 1267 1921 1323 divi-

314 1360 408 1418 tiis
447 1361 818 1433 prietegebat;
847 1375 981 1432 quas
1020 1369 1077 1415 ut
1101 1370 1341 1433 augeret,
1372 1360 1441 1418 ad
1483 1362 1748 1418 amicitias
1780 1362 1925 1434 judi-

312 1471 440 1511 cum
484 1455 626 1511 miro
657 1454 861 1510 ambitu
910 1454 1250 1525 penetrabat,
1297 1470 1499 1527 eosque
1549 1456 1651 1511 sibi
1700 1463 1925 1525 repente

312 1549 637 1604 auctoritate
668 1546 786 1603 falsi
824 1548 1059 1603 nominis
1085 1547 1382 1618 obligabat;
1424 1563 1531 1603 non
1557 1548 1718 1604 modo
1745 1557 1802 1603 ut
1828 1563 1926 1604 eo-

316 1657 439 1699 rum
496 1640 796 1698 sententias
842 1638 1123 1709 venderet,
1157 1656 1345 1696 verum
1387 1640 1551 1696 etiam
1583 1649 1641 1696 ut
1681 1640 1926 1697 confines

312 1748 468 1799 suos,
518 1748 654 1803 quos
702 1732 922 1790 sedibus
976 1732 1226 1804 agrisque
1278 1732 1536 1805 pellebat,
1567 1749 1597 1788 a
1633 1748 1732 1790 suo
1764 1749 1923 1806 repe-

2019 522 2090 579 sit
2113 522 2420 579 hominibus
2440 524 2652 582 astulis.

2089 616 2275 689 Itaque
2323 633 2383 675 se
2429 619 2733 691 suscepisse
2785 620 2888 677 hoc
2909 636 3107 678 munus
3138 622 3476 694 philosophia
3505 626 3624 698 dig-

2021 725 2174 778 num,
2224 718 2283 765 ut
2316 709 2600 781 praeferret
2639 729 2745 769 non
2769 712 3079 770 videntibus
3102 715 3281 771 lumen
3308 717 3589 788 sapientiae
3609 761 3625 787 ,

2021 818 2129 858 non
2152 802 2315 859 modo
2336 812 2393 859 ut
2412 805 2676 877 susceptis
2702 806 2927 863 deorum
2958 807 3193 864 cultibus
3235 821 3588 867 resanescant
3610 854 3626 879 ,

2021 895 2117 951 sed
2149 895 2308 950 etiam
2341 906 2419 962 ut,
2452 898 2711 968 pertinaci
2740 899 3103 957 obstinatione
3127 900 3393 971 deposita,
3427 918 3623 975 corpo-

2024 989 2098 1044 ris
2144 990 2506 1046 cruciamenta
2559 990 2835 1060 devitent,
2890 1008 2993 1050 neu
3044 1009 3217 1050 saevas
3258 996 3628 1053 membrorum

2024 1081 2382 1139 lacerationes
2433 1083 2629 1140 frustra
2676 1086 2882 1155 perpeti
2932 1087 3120 1143 velint.
3153 1089 3221 1146 Ut
3248 1103 3426 1147 autem
3458 1107 3629 1162 appa-

2025 1185 2169 1232 reret
2212 1177 2365 1247 enjns
2396 1178 2470 1233 rei
2499 1179 2667 1249 gratia
2697 1193 2833 1249 opus
2860 1179 2989 1235 illud
3038 1181 3371 1240 elaborasset
3390 1226 3404 1249 ,
3428 1184 3630 1242 effusus

2023 1270 2187 1327 estin
2220 1271 2519 1341 principum
2552 1271 2774 1338 laudes;
2804 1288 3032 1341 quorum
3060 1275 3227 1343 pietas
3260 1287 3313 1330 et
3337 1277 3627 1346 providen-

2027 1363 2096 1418 tia
2154 1363 2251 1436 (ut
2282 1364 2497 1434 quidem
2549 1366 2662 1434 ipse
2691 1364 2927 1437 dicebat)
2955 1382 3075 1421 cum
3116 1367 3169 1422 in
3197 1370 3408 1425 caeteris
3436 1371 3620 1437 rebus,

2027 1464 2138 1514 tum
2164 1457 2437 1529 praecipue
2460 1457 2510 1511 in
2538 1457 2887 1513 defendendis
2911 1458 3134 1514 deorum
3155 1461 3499 1530 religionibus
3520 1465 3631 1519 cla-

2026 1551 2225 1605 ruissct
2252 1566 2265 1602 :
2310 1550 2615 1606 consultum
2648 1566 2768 1606 esse
2795 1551 3008 1605 tandem
3041 1552 3201 1608 rebus
3257 1553 3503 1609 humanis
3529 1598 3543 1623 ,
3574 1567 3634 1611 ut

2027 1644 2262 1702 cohibita
2286 1645 2445 1716 impia
2478 1656 2531 1700 et
2558 1646 2685 1700 anili
2711 1646 3100 1714 superstitione
3121 1689 3136 1713 ,
3171 1649 3405 1703 universi
3455 1651 3631 1706 liomio

2028 1753 2126 1795 nes
2156 1738 2412 1809 legitimis
2456 1739 2627 1794 sacris
2656 1747 2945 1804 vacarent,
2995 1754 3059 1794 ac
3085 1741 3345 1810 propitios
3373 1742 3475 1799 sibi
3501 1743 3634 1800 deos

317 1827 487 1884 tendo
520 1825 619 1882 hac
665 1827 903 1898 potentia
953 1825 1275 1883 retardaret.
1316 1826 1416 1882 ilic
1447 1842 1599 1893 vero,
1650 1827 1743 1899 qui
1800 1842 1924 1885 suas
1954 1822 2003 1883 B
2030 1831 2422 1904 echrirentur.
2456 1830 2554 1886 Ubi
2584 1840 2763 1887 autem
2798 1831 3071 1902 religionis
3087 1831 3224 1903 ejus,
3261 1842 3448 1890 contra
3473 1852 3635 1906 quam

314 1919 715 1992 disputationes
763 1920 1008 1976 moribus
1056 1920 1393 1986 destruebat,
1432 1921 1523 1976 vel
1570 1935 1754 1978 mores
1796 1936 1922 2001 suos

313 2013 776 2084 disputationibus
817 2013 1117 2085 arguebat,
1161 2014 1277 2084 ipse
1322 2013 1585 2070 adversus
1634 2029 1695 2070 se
1743 2015 1926 2086 gravis

314 2122 533 2173 censor,
565 2119 621 2163 et
653 2117 933 2164 accusator
953 2107 1269 2173 acerrimus,
1291 2105 1483 2164 eodem
1510 2107 1628 2178 ipso
1660 2116 1924 2176 tempore,

315 2217 427 2273 quo
449 2202 628 2272 justus
655 2200 884 2272 populus
934 2200 1140 2257 nefarie
1190 2200 1555 2265 lacerabatur,
1601 2209 1713 2257 tres
1744 2201 1926 2258 libros

316 2294 560 2352 evomuit
584 2301 775 2349 contra
821 2292 1156 2364 Religionem
1195 2307 1501 2363 nomenque
1536 2291 1927 2350 christianum:

320 2388 603 2459 professus
627 2394 752 2443 ante
792 2386 970 2442 omnia
1030 2384 1336 2457 philoSOphi
1388 2384 1628 2442 ofﬁcium
1671 2400 1791 2442 esse
1838 2401 1927 2442 er-

320 2481 540 2538 roribus
587 2479 865 2536 hominum
915 2478 1225 2547 subvenire,
1274 2486 1435 2549 atque
1482 2477 1604 2533 illos
1648 2477 1715 2533 ad
1745 2492 1926 2534 veram

315 2575 465 2631 viam
516 2587 816 2638 revocare;
858 2570 912 2627 id
941 2581 1045 2641 est,
1090 2570 1157 2628 ad
1187 2571 1364 2627 cultus
1393 2570 1645 2637 deorum,
1697 2585 1929 2642 quorum

316 2666 542 2724 numine
572 2681 634 2723 ac
658 2665 942 2737 majestate
971 2665 1053 2735 (ut
1088 2663 1177 2721 ille
1200 2663 1437 2738 dicebat)
1462 2663 1694 2721 mundus
1719 2666 1926 2736 guber-

316 2769 501 2830 netur,
529 2776 630 2818 nec
659 2759 768 2834 pati
795 2758 1041 2835 homines
1069 2758 1351 2830 imperitos
1383 2757 1739 2829 quorumdam
1782 2756 1927 2814 frau-

2027 1925 2349 2001 perorabat,
2371 1925 2646 1980 infirmare
2673 1925 2840 1980 voluit
2873 1926 3157 1993 rationem,
3181 1926 3419 1998 ineptus,
3440 1946 3632 1998 vanus,

2029 2020 2288 2078 ridiculus
2320 2020 2599 2090 apparuit;
2629 2018 2752 2089 quia
2783 2019 2962 2089 gravis
2998 2018 3089 2075 ille
3119 2021 3399 2077 consultor
3426 2022 3631 2080 utilita-

2032 2116 2099 2172 tis
2142 2114 2367 2179 alienaz,
2425 2129 2529 2168 non
2580 2113 2741 2169 modo
2788 2111 2915 2184 quid
2945 2121 3310 2184 oppugnaret,
3344 2113 3439 2170 sed
3466 2117 3632 2173 etiam

2030 2206 2159 2279 quid
2198 2206 2512 2277 loqueretur
2565 2204 2859 2269 nesciebat,
2908 2202 3043 2258 Nam
3086 2204 3132 2259 si
3184 2204 3277 2276 qui
3322 2216 3633 2264 nostrorum

2032 2296 2303 2353 aﬂuerunt
2322 2340 2336 2363 ,
2361 2295 2607 2367 quamvis
2638 2294 2896 2365 temporis
2919 2295 3088 2365 gratia
3109 2296 3446 2354 conticerent
3462 2339 3477 2365 ,
3511 2300 3633 2355 ani-

2032 2403 2123 2445 mo
2168 2398 2345 2445 tamen
2398 2388 2671 2455 deriserc,
2705 2395 2891 2457 utpote
2921 2401 3041 2443 cum
3072 2386 3322 2444 viderent
3351 2389 3630 2448 hominem

2032 2480 2375 2552 profitentem
2415 2497 2476 2538 se
2521 2480 2948 2537 illuminaturum
2973 2480 3132 2550 alios,
3161 2497 3283 2538 cum
3314 2482 3429 2563 ipse
3455 2499 3635 2542 caecus

2033 2584 2182 2632 esset
2207 2592 2222 2640 ;
2282 2574 2629 2630 reducturum
2674 2572 2809 2629 alios
2835 2573 2904 2629 ab
2930 2589 3146 2642 errore,
3179 2589 3302 2629 cum
3333 2575 3449 2646 ipse
3476 2579 3629 2647 igno-

2031 2677 2176 2724 raret
2230 2667 2320 2724 ubi
2366 2667 2534 2739 pedes
2586 2682 2714 2723 suos
2744 2675 3004 2738 poneret;
3037 2667 3372 2724 eruditurum
3399 2670 3534 2725 alios
3562 2670 3633 2726 ad

2032 2761 2350 2831 veritatem,
2377 2761 2531 2833 cujus
2561 2760 2650 2818 ille
2690 2775 2758 2818 ne
2801 2761 3087 2818 scintillam
3118 2762 3332 2835 quidem
3365 2779 3522 2821 unam
3551 2766 3631 2821 vi-

1669 2895 2029 2956 VARIORUM
2069 2898 2297 2957 NOTAE.

397 3039 493 3096 Dei
523 3039 790 3109 templum.
842 3035 939 3091 Hic
965 3036 1190 3090 innuero
1217 3033 1428 3109 videtur
1453 3032 1763 3109 Lactantius
1788 3032 1917 3087 Dio-

319 3090 1065 3180 clciianampersecutionem
1090 3120 1233 3180 anno
1254 3105 1384 3180 ’502ζ
1405 3118 1511 3173 quo
1539 3103 1758 3180 circiter
1790 3113 1927 3180 tem-
1953 3090 2000 3155 C

319 3200 459 3256 pore
502 3175 869 3256 Nicomediam
913 3193 940 3232 a
976 3178 1307 3256 Diocletiano
1363 3175 1679 3256 Lactantius
1724 3176 1928 3231 accitus

319 3245 444 3321 fuit,
476 3265 533 3309 ut
571 3252 860 3309 oratoriam
885 3258 1056 3305 artem
1090 3249 1349 3321 doceret,
1381 3255 1520 3321 teste
1572 3245 1922 3321 Hieronymo.

319 3327 403 3383 De
425 3317 583 3396 hujus
608 3323 791 3393 templi
820 3320 1210 3376 instauratione
1256 3318 1367 3396 agit
1405 3317 1724 3396 Lactantius
1764 3317 1928 3396 initio

316 3399 449 3455 libri
494 3387 562 3452 de
586 3387 744 3451 Μαι-ι’.
788 3401 1223 3464 persecuturum,
1274 3390 1357 3444 his
1381 3389 1601 3464 verbis:
1639 3387 1930 3464 Pro/ligata

319 3485 490 3540 nuper
540 3466 776 3540 Ecclesia
791 3459 1018 3540 rursum
1028 3462 1255 3540 exurgit,
1296 3469 1342 3513 et
1372 3461 1569 3532 majore
1598 3459 1765 3540 gloriu
1796 3469 1927 3540 teni-

320 3531 473 3613 plitm
500 3539 613 3603 Dei,
640 3535 776 3607 quod
803 3536 865 3589 ab
892 3534 1065 3606 impiis
1095 3531 1264 3604 fuerat
1291 3531 1538 3597 eversum,
1574 3531 1931 3585 misericordia

319 3610 538 3669 Domini
567 3610 866 3683 fabricatur.
948 3677 959 3683 _
1015 3676 1025 3683 _
1316 3632 1389 3683 ﬂ.

402 3672 634 3751 Quorum
674 3680 806 3734 alter
850 3676 1130 3751 antistitem
1174 3690 1228 3729 se
1276 3672 1930 3751 philosopbiw_pro[iteba-

322 3743 568 3820 ται-ἶρις.
600 3751 794 3807 Mirum
840 3764 938 3805 cur
966 3747 1181 3820 nomina
1210 3743 1594 3820 suppresserit.
1631 3743 1767 3799 Hinc
1809 3760 1930 3815 per-

321 3816 716 3899 pende__quam
751 3834 936 3899 parum
966 3818 1189 3873 odiosus
1216 3826 1361 3873 esset
1387 3817 1438 3899 in
1469 3816 1673 3899 hostes,
1700 3831 1929 3899 quorum

322 3886 638 3955 hominibus
663 3886 850 3964 parcit.
891 3890 1003 3946 Nec
1038 3904 1173 3960 opus
1199 3899 1284 3964 est
1318 3888 1539 3964 curiosa
1578 3886 1929 3964 inquisitione

324 3972 383 4028 in
416 3985 499 4035 re,
529 3957 688 4039 quam
715 3973 907 4039 auctor
932 3957 1118 4039 noster
1142 3958 1586 4039 celatam_rol_uit.
1611 3957 1691 4013 Ea:
1716 3958 1925 4039 Durus.

342 4029 577 4096 -—Httnc
606 4049 783 4094 tamen
813 4033 1123 4091 existimant
1155 4032 1319 4086 fuisse
1349 4030 1642 4084 Maximum
1687 4029 1929 4100 philoso-

324 4116 536 4188 phum,
585 4123 744 4188 quem
808 4103 1135 4188 Nicomedia:
1182 4102 1426 4188 audierat
1461 4100 1930 4188 Julianusdictus

326 4171 616 4256 'Apostata:
632 4254 641 4256 ξ
664 4180 770 4236 Iste
800 4174 1155 4256 philosophus
1185 4172 1454 4256 Ephesius
1478 4179 1621 4256 erat,
1649 4171 1739 4256 qui
1766 4172 1928 4256 veluti

326 4242 482 4314 artes
509 4254 741 4326 magicas
774 4242 1037 4326 exercens
1065 4242 1381 4326 interfectus
1410 4254 1513 4326 est.
1547 4242 1924 4326 iliceti-aliis,-

328 4313 441 4384 non
472 4313 754 4387 Maximus,
804 4321 899 4375 sed
928 4317 1257 4389 Porphyrius
1283 4332 1312 4370 a
1353 4313 1632 4389 Lactantio
1659 4314 1928 4389 indigitari

327 4400 595 4455 creditur.
644 4384 979 4464 Porphyrius
1008 4384 1174 4464 enim,
1203 4389 1354 4458 quta
1396 4385 1640 4464 Suidam,
1666 4385 1735 4439 ab
1761 4384 1933 4441 Aure-

327 4473 464 4528 liani
513 4458 850 4538 tempore'_ad
878 4460 1466 4538 Diocletiaumnusque
1492 4458 1665 4538 visit“:
1690 4465 1745 4538 at
1767 4472 1928 4538 nemo

327 4527 511 4601 nescit
536 4527 747 4611 quanta
756 4535 969 4611 fureret
1009 4527 1423 4611 in_Clrristiauos
1448 4527 1927 4611 crudelitate._\ie-

328 4598 454 4671 rum
499 4598 691 4685 probat
732 4604 1038 4685 Holstenius
1065 4603 1119 4658 in
1153 4600 1288 4656 Vita:
1334 4598 1618 4685 Porphyrii
1643 4614 1765 4685 cap.
1789 4600 1842 4681 ζ),
1870 4613 1933 4654 ac

330 4670 549 4750 ultimo,
579 4682 741 4754 hunc
767 4675 1149 4754 philosophum
1181 4688 1304 4754 n_on_
1330 4670 1529 4754 fuisse
1548 4670 1929 4754 Porphyrium.

330 4738 490 4814 idem
508 4738 711 4811 Daelius
730 4738 787 4806 in
809 4764 910 4806 suo
940 4738 1264 4804 Dictionario
1293 4741 1570 4809 historico,
1602 4738 1769 4797 verbo
1807 4738 1935 4795 Hie-

332 4829 523 4886 rocles.

421 4882 558 4953 Vitia
582 4911 677 4952 sua
704 4892 930 4967 capillis,
972 4899 1078 4947 etc.
1112 4888 1226 4967 Mos
1269 4894 1387 4943 erat
1424 4883 1762 4967 philosophis
1807 4882 1936 4967 bur-

332 4973 461 5029 bam
489 4970 658 5034 alere,
685 4954 846 5038 quam
872 4954 994 5020 ideo
1020 4961 1318 5032 sapientem
1350 4954 1510 5030 poeta
1537 4955 1752 5013 vocavit
1778 4973 1791 5010 :
1827 4954 1938 5010 Ho-

334 5052 442 5101 rat.
473 5057 534 5111 ιι,
559 5040 735 5097 Serm.
770 5038 824 5094 3.

1118 5148 1488 5213 Temporeun
1505 5158 1588 5195 me

463 5218 662 5272 Solatus
680 5218 828 5282 jussit
847 5216 1123 5280 sapientem
1148 5209 1357 5277 pascere
1374 5209 1597 5261 barbam.

339 5328 477 5385 Hinc
518 5322 823 5394 phiIOSOphi
857 5335 1003 5392 saepe
1048 5316 1255 5374 barbati
1305 5313 1545 5387 magistri
1592 5309 1929 5368 dicebantur.

339 5401 479 5458 Hinc
498 5397 719 5455 Persius
739 5396 919 5465 Satyr.
952 5396 983 5446 4
1014 5408 1029 5448 :

525 5511 797 5562 Barbatum
815 5508 923 5557 haec
945 5504 1098 5556 crede
1120 5502 1411 5566 magistrum

464 5576 672 5638 Dicere,
700 5572 904 5637 sorbitio
924 5568 1052 5619 tollit
1072 5564 1225 5632 queui
1246 5564 1354 5614 dira
1376 5564 1569 5615 cicutae.

341 5683 573 5741 Barbam
601 5679 815 5736 alebant
838 5691 906 5733 eo
929 5673 1072 5747 quod
1102 5673 1341 5747 aliquam
1381 5668 1486 5727 sibi
1516 5666 1853 5747 maiestatem
1881 5675 1945 5718 ea

340 5753 620 5812 conciliari
666 5744 1081 5805 arbitrarentur.
1130 5744 1395 5812 Diogenes
1439 5745 1945 5812 rogatusucurtam

343 5807 597 5900 magnam
640 5822 872 5879 nutriret
899 5818 1122 5876 barbam
1154 5834 1167 5871 :
1196 5807 1265 5872 (ft
1292 5830 1405 5870 eam
1446 5807 1644 5879 videns,
1681 5807 1873 5881 inquit,
1898 5814 1946 5862 et

884 5915 1162 5978 ΡΑΤιιοι.
1214 5909 1320 5972 Vl.

2030 3040 2264 3109 tangens,
2293 3039 2457 3093 virum
2486 3056 2564 3094 me
2605 3055 2713 3094 esse
2752 3036 3085 3093 meminerim.
3119 3035 3275 3094 Unde
3300 3048 3354 3094 et
3387 3036 3637 3096 homines

2030 3109 2374 3166 sanctitatem
2419 3111 2582 3167 barba
2623 3110 2988 3175 affectabunt,
3037 3110 3492 3180 quemadmodum
3544 3111 3636 3167 hic

2033 3180 2384 3255 philosophus
2412 3182 2480 3255 de
2512 3197 2634 3255 quo
2661 3182 2809 3255 Lact.
2845 3181 2950 3237 hoc
3001 3181 3144 3236 loco.
3204 3181 3337 3236 Vide
3379 3182 3630 3239 eumdem

2032 3251 2203 3319 Lact.,
2232 3251 2299 3308 de
2319 3252 2401 3308 Ira
2429 3251 2558 3321 Dei,
2580 3268 2701 3323 cap.
2731 3253 2825 3307 22.

2107 3323 2246 3390 Quos
2265 3323 2471 3379 sedibus
2490 3324 2732 3395 agrisque
2756 3324 2994 3395 pellebat.
3028 3324 3085 3378 In
3115 3338 3244 3378 mss.
3269 3323 3303 3379 5
3325 3338 3431 3395 rec.
3463 3324 3641 3379 etedi-

2031 3393 2099 3451 tis
2120 3396 2152 3449 7
2175 3406 2258 3450 est
2287 3395 2499 3460 (edibus,
2523 3393 2722 3451 omissa
2756 3393 2925 3465 prima
2956 3395 3157 3461 littera,
3189 3410 3310 3465 quae
3332 3394 3522 3450 eadem
3552 3406 3640 3451 est

2031 3467 2217 3594 ultima
2260 3467 2454 3538 prioris
2504 3467 2783 3533 vocabuli,
2828 3465 3057 3522 fortasse
3100 3482 3196 3537 per
3247 3466 3508 3520 incuriam
3560 3468 3627 3521 li-

2071 3553 2217 3594 rarn.

2071 3553 2217 3594 raru.

2104 3608 2473 3667 Resanescant.
2517 3610 2608 3666 Sic
2632 3610 2942 3665 Lactantius
2971 3608 3062 3665 lib.
3091 3625 3166 3675 tv,
3190 3624 3309 3678 cap.
3338 3608 3430 3671 20,
3462 3608 3636 3675 initio,

2031 3692 2333 3745 resonaret;
2381 3693 2436 3739 et
2483 3681 2621 3737 infra
2674 3682 2899 3752 hujusce
2948 3681 3042 3736 lib.
3070 3696 3126 3748 v,
3154 3695 3275 3750 cap.
3303 3680 3483 3748 ‘22,in
3510 3682 3636 3746 fine,

2031 3755 2279 3810 resonati.
2311 3755 2442 3823 Quae
2473 3754 2636 3811 verba
2665 3752 2752 3808 vix
2798 3752 2938 3823 apud
2972 3752 3110 3808 ullos
3141 3762 3391 3808 auctores
3444 3752 3637 3808 latinos

2032 3841 2296 3897 reperies.

2107 3918 2225 3975 Neu
2250 3935 2428 3975 mas.
2461 3919 2588 3975 Mss.
2623 3918 2656 3972 9
2684 3932 2819 3983 rcc.,
2843 3928 2897 3973 et
2917 3916 2951 3972 6
2982 3917 3121 3988 typis
3147 3916 3354 3981 excusi,
3379 3933 3491 3971 nec.

2103 3989 2174 4045 In
2202 3992 2399 4047 ueteris
2418 3991 2586 4045 rebus.
2610 3989 2739 4046 Mss.
2765 3999 2888 4045 octo
2912 3998 2968 4043 et
2994 3987 3123 4043 editi
3145 3987 3353 4043 addunt
3374 3989 3634 4053 humanis,

2033 4062 2197 4190 (Ἧι)ιῖὶ
2203 4072 2481 4190 resptuuul
2489 4062 2644 4118 multi
2673 4063 2910 4132 potiores
2936 4068 2992 4116 et
3017 4060 3351 4131 antiquiores
3377 4059 3563 4131 scripti
3585 4069 3642 4118 et

2034 4150 2066 4191 e
2108 4174 2122 4189 .
2200 4151 2311 4191 om.
2494 4172 2507 4188 .

2113 4206 2391 4261 Humanis.
2417 4205 2545 4260 Haec
2571 4220 2677 4261 vox
2704 4204 2858 4261 abest
2882 4218 2911 4258 a
2942 4202 3188 4274 pluribus
3219 4217 3352 4257 mss.

2106 4299 2173 4354 Et
2200 4299 2327 4353 anili
2351 4298 2725 4369 superstitione.
2760 4295 3040 4369 Proprium
3069 4292 3389 4369 epithetum,
3416 4308 3518 4369 pro
3539 4308 3637 4347 ex-

2036 4381 2206 4426 trema
2237 4362 2816 4440 superstitione,iquia
2846 4362 3126 4440 muliebris
3157 4374 3424 4440 sexus‘est
3454 4362 3642 4440 ad_su.

2035 4433 2405 4511 perstitionem
2429 4433 2748 4511 propensior
2763 4453 2788 4511 ξ
2821 4436 2961 4511 unde
2992 4436 3251 4511 mulieres
3276 4437 3370 4496 τὰς
3392 4433 3641 4511 δεισιδαι-

2034 4505 2499 4589 paucissima-,5»;
2518 4505 2732 4589 dicebat
2757 4508 2972 4589 Strabo2
3004 4506 3201 4561 lib.vu.
3221 4505 3458 4589 Sane_ad
3473 4521 3639 4589 serus

2036 4576 2400 4641 inﬁrmitaiém
2432 4591 2488 4638 et
2518 4581 2809 4647 levitatem,
2829 4578 3006 4634 mtatis
3032 4593 3249 4650 quoque
3295 4576 3637 4632 imbecillitas

2035 4655 2257 4713 accedit.
2288 4654 2595 4711 HERALDUS.

2123 4746 2310 4803 Vanus.
2344 4746 2469 4802 Mss.
2501 4747 2529 4802 1
2567 4744 2723 4802 Colb.
2773 4759 2804 4799 a
2851 4743 3022 4815 prima
3052 4756 3236 4807 manu,
3266 4739 3483 4797 Cotton.
3527 4748 3581 4797 et
3614 4741 3636 4794 ι

2037 4818 2275 4877 Clarom.
2301 4819 2493 4874 varius.

2112 4912 2452 4970 Conticerent.
2510 4911 2586 4967 Ita
2632 4924 2764 4967 mss.
2811 4908 3092 4980 Anglican.
3123 4906 3282 4980 retuli
3319 4904 3447 4967 alii,
3483 4916 3644 4980 atque

2041 4987 2295 5058 meliores
2317 4985 2613 5058 editiones,
2641 4998 2832 5058 annor.
2864 4976 3003 5058 1:376
3032 4989 3083 5058 et
3111 4977 3270 5058 1497,
3317 4984 3478 5058 atque
3508 4976 3645 5058 'l‘or_-

2043 5075 2162 5116 nes.
2185 5067 2239 5114 et
2264 5048 2881 5130 8οιι1)ι’.,Λίῖοιιηὶυειτξηιι
2896 5053 2946 5130 in
2974 5049 3291 5130 quihusdam
3320 5048 3465 5130 aliis.
3487 5049 3633 5130 msJ

2046 5132 2179 5202 Reg.
2232 5145 2342 5202 rce.
2394 5118 2719 5202 conibereut;
2773 5127 2795 5181 l
2860 5118 3297 5202 Lip_sI,l_l__Colb.
3330 5118 3644 5202 cohiberent;

2044 5191 2209 5269 υιιῑη
2239 5204 2265 5257 1
2301 5201 2494 5264 Brun.,
2535 5191 2979 5269 cohiberenturfl
3029 5191 3583 5269 Culb_.,_convenirent;
3610 5197 3647 5246 4

2046 5290 2177 5330 mss.
2197 5262 2262 5330 'et
2294 5262 2515 5343 totidem
2559 5267 2689 5324 editi
2714 5269 3122 5343 eonticescerent;
3157 5264 3180 5318 1
3214 5262 3347 5343 βορ.
3384 5276 3494 5316 rec.
3520 5278 3644 5343 eon-

2046 5347 2324 5410 ticesceret;
2368 5342 2393 5396 1
2438 5340 2575 5411 Reg.
2618 5339 2826 5411 antiq.,_
2862 5344 3183 5411 congrueret;
3212 5334 3248 5411 l_
3278 5333 3412 5387 Bon.
3445 5333 3641 5411 ant_iq._,

2048 5415 2189 5472 Nam
2216 5417 2261 5473 si
2289 5403 2400 5486 quis
2424 5403 2714 5467 nost'rorum
2746 5403 3069 5478 ἱιΙῙιιὲδδεῐηη
3099 5406 3476 5462 conniveret....
3509 5403 3650 5459 deri-

2048 5496 2206 5548 deret.

2121 5583 2458 5639 Eruditurnm
2505 5578 2638 5633 alios
2688 5577 2757 5632 ad
2804 5576 3082 5631 ueritatem.
3124 5569 3327 5626 Eadem
3374 5568 3647 5625 locutione

2048 5658 2217 5714 utitur
2260 5653 2505 5708 Lactant.
2535 5650 2630 5706 lib.
2660 5663 2808 5714 tu,c.
2839 5647 2927 5712 ll,
2958 5654 3016 5703 et
3052 5659 3101 5700 c.
3129 5641 3358 5714 277;lib.
3385 5657 3437 5714 v,
3462 5655 3580 5714 cap.
3607 5640 3649 5714 f2

2047 5710 2226 5792 éi'ii;
2257 5725 2352 5780 lib.
2386 5740 2459 5791 Vl,
2490 5735 2611 5794 cap.
2634 5720 2671 5775 2
2690 5710 2829 5788 ;'lib.
2857 5710 2954 5787 vn,
2984 5732 3033 5772 ο.
3065 5716 3168 5782 tt;
3203 5713 3297 5768 lih.
3322 5710 3389 5768 de
3417 5711 3497 5766 lra
3528 5710 3646 5779 Dei,

2047 5816 2168 5872 cap.
2192 5798 2283 5854 9.5.

3093 5879 3171 5946 18
