4090 6354
455 330 564 396 559

1500 323 1696 382 FIRM.
1739 315 2110 381 LACTANTII
2150 317 2354 378 DlV'lN.
2397 315 2644 378 lNSTlT.

3661 312 3764 373 5C0

455 469 585 511 num
614 447 950 524 promereri?
979 444 1087 503 Cur
1129 443 1365 515 denique
1385 443 1502 515 ipse
1529 441 1727 514 ingenii
1757 441 1830 496 tui
1875 438 2050 495 moni-
2075 442 2131 504 Α
2153 439 2324 508 credi,
2355 439 2479 510 quia
2505 451 2693 509 magus
2721 450 2828 493 non
2856 434 2991 503 fuit;
3023 443 3076 492 et
3095 433 3335 492 creditus
3353 441 3458 504 est,
3490 435 3618 507 quia
3641 451 3768 493 vere

455 553 718 610 mentum,
746 540 848 596 hac
869 537 1182 601 detestabili
1209 536 1431 592 stultitia
1461 545 1713 605 tanquam
1743 547 1899 590 emno
1927 531 2054 587 aedi-

455 636 676 691 ficatum
700 675 716 701 ,
747 631 1077 688 constituere
1105 628 1324 685 voluisti
1349 671 1364 696 ,
1391 627 1493 683 nisi
1514 627 1653 697 quod
1675 624 2054 681 immortalita-

462 737 568 784 tem
600 725 667 781 de
698 725 957 780 memoria
983 723 1218 778 nominis
1246 721 1470 792 speras?
1499 719 1730 776 Stultum
1763 719 1922 790 igitur
1946 726 2050 782 est,

455 821 510 877 td
537 830 726 892 putare
748 819 1097 890 Apollonium
1130 816 1368 874 noluisse
1385 858 1401 885 ,
1425 813 1568 886 quod
1595 822 1806 885 optaret
1833 812 2049 882 utique,

457 913 503 969 si
526 921 740 984 posset;
781 913 904 983 quia
943 927 1105 967 nemo
1146 919 1230 966 est
1268 909 1360 980 qui
1406 906 1862 963 immortalitatem
1897 919 2053 960 recu-

453 1017 558 1072 set,
583 1006 816 1062 maxime
839 1020 961 1061 cum
989 1019 1110 1059 eum
1135 1001 1302 1067 dicas,
1335 1010 1388 1057 et
1413 999 1696 1056 adoratum
1723 1012 1844 1053 esse
1864 1011 1895 1052 a
1925 995 2051 1067 qui-

456 1098 684 1155 busdam
726 1099 867 1152 sicut
906 1097 1066 1152 deum
1088 1138 1102 1163 ,
1132 1106 1187 1151 et
1211 1093 1559 1149 simulacrum
1585 1095 1704 1162 ejus
1730 1090 1830 1146 sub
1860 1089 2057 1145 llercu-

455 1191 526 1247 lis
554 1190 827 1248 Alexicaci
855 1190 1074 1246 nomine
1096 1188 1474 1255 constitutum,
1503 1186 1572 1242 ab
1607 1183 1859 1257 Ephesiis
1892 1184 2057 1239 etiam

455 1299 603 1340 nunc
634 1284 916 1339 honorari.

521 1377 640 1433 Non
667 1376 838 1447 potuit
879 1390 1009 1447 ergo
1037 1382 1160 1446 post
1199 1381 1429 1431 mortem
1469 1373 1602 1430 deus
1632 1370 1804 1440 credi,
1849 1371 1972 1442 quia
2001 1378 2059 1426 et

2161 535 2280 590 fuit.
2306 533 2446 601 Non,
2474 532 2666 604 inquit,
2716 531 2818 587 hoc
2857 531 3002 598 dico,
3045 529 3245 586 idcirco
3276 529 3625 599 Apollonium
3655 544 3764 585 non

2163 627 2348 685 haberi
2377 627 2559 694 deum,
2591 627 2714 698 quia
2757 624 2990 681 noluerit
3019 641 3032 678 :
3065 625 3160 680 sed
3196 633 3252 679 ut
3274 633 3528 694 appareat
3560 638 3661 678 nos
3683 638 3772 679 sa—

2162 721 2454 793 pientiores
2479 734 2623 788 esse,
2653 719 2742 790 qui
2775 717 3112 774 mirabilibus
3141 717 3298 772 factis
3340 731 3447 772 non
3494 717 3677 772 statim
3708 717 3774 770 fi-

2163 813 2284 869 dem
2316 813 2610 869 divinitatis
2635 811 3000 882 adjunximus,
3024 825 3188 881 quam
3217 824 3333 877 vos,
3366 809 3455 879 qui
3487 810 3557 864 ob
3580 809 3775 878 exigua

2163 916 2410 978 portenta
2440 906 2598 962 deum
2625 904 2954 962 credidistis.
2986 903 3103 960 Non
3139 914 3222 960 est
3249 904 3466 969 tnirum,
3496 906 3542 958 si
3569 912 3646 967 tu,
3678 903 3772 973 qui

2160 1015 2190 1054 a
2221 1001 2312 1055 Dei
2337 999 2599 1070 sapientia
2627 999 2787 1069 longe
2819 1007 3057 1054 remotus
3085 1012 3165 1062 es,
3196 996 3325 1052 nihil
3357 1012 3579 1066 prorsus
3609 997 3770 1051 intel-

2159 1095 2280 1166 ligis
2309 1109 2497 1150 eorum
2541 1108 2662 1164 quae
2691 1092 2896 1164 legisti;
2929 1106 3052 1146 cum
3077 1090 3248 1146 Iudici
3269 1133 3283 1157 ,
3315 1091 3405 1160 qui
3447 1107 3474 1143 a
3506 1091 3777 1161 principio

2161 1187 2450 1259 prophetas
2476 1187 2872 1252 lectitaverant,
2912 1185 3217 1256 quibusque
3247 1194 3647 1240 sacramentum
3676 1183 3772 1241 Dei

2160 1279 2335 1336 fuerat
2358 1279 2709 1350 assignatum,
2737 1288 2914 1333 tamen
2936 1276 3063 1348 quid
3084 1278 3346 1348 legerent,
3373 1277 3761 1347 ignoraverint.

2163 1371 2318 1428 Disce
2343 1371 2525 1442 igitur,
2554 1372 2600 1426 si
2624 1369 2752 1442 quid
2783 1369 2875 1425 tibi
2896 1370 3076 1426 cordis
3099 1377 3204 1434 est,
3229 1385 3337 1425 non
3359 1369 3532 1426 solum
3559 1370 3769 1426 idcirco

450 1469 751 1537 hominem,
782 1480 838 1525 et
867 1483 1079 1540 magum
1112 1468 1279 1524 fuisse
1308 1467 1622 1535 constabat;
1659 1475 1714 1522 et
1740 1465 1862 1521 ideo
1891 1463 2055 1520 alieni
2153 1479 2185 1520 a
2212 1465 2370 1521 nobis
2398 1464 2567 1519 Deum
2592 1463 2855 1520 creditum
2883 1461 3182 1528 Christum,
3224 1463 3350 1533 quia
3380 1463 3651 1519 mirabilia
3682 1463 3767 1520 fec

453 1561 688 1617 nominis
719 1560 871 1615 titulo
899 1559 1168 1616 allectavit
1206 1560 1583 1626 divinitatem,
1629 1559 1753 1630 quia
1801 1572 1900 1613 suo
1952 1572 2055 1613 nec

2155 1561 2249 1626 cit,
2278 1558 2372 1615 sed
2396 1559 2520 1629 quia
2541 1557 2773 1614 vidimus
2800 1558 2854 1613 in
2882 1573 2948 1614 eo
2976 1558 3113 1614 facta
3141 1572 3264 1614 esse
3285 1558 3486 1620 omnia.
3517 1574 3638 1628 qua!
3667 1574 3777 1614 no-

455 1662 686 1727 poterat,
739 1668 840 1710 nec
889 1652 1144 1710 audebat.
1189 1652 1386 1710 Noster
1431 1668 1562 1708 vero
1605 1663 1660 1709 et
1704 1651 1879 1724 potuit
1926 1651 2061 1708 deus
2089 1644 2138 1706 B
2167 1651 2251 1708 bis
2275 1652 2589 1708 annuntiata
2618 1659 2746 1708 sunt
2769 1651 3023 1708 vaticinio
3055 1649 3461 1722 prophetarum.
3491 1651 3644 1708 Fecit
3671 1652 3776 1706 mi-

1814 1790 2178 1850 VARIORUM
2202 1789 2433 1850 ΝΟΤᾸΞ.

453 1926 570 1972 ante
591 1917 720 1971 latas
744 1915 920 1987 fuisse.
937 1912 1116 1987 Idem.
1142 1913 1288 1987 |_._|v,
1317 1911 1384 1968 de
1401 1911 1592 1987 funere
1619 1911 1794 1987 Drusi.
1824 1909 2060 1987 Circum-

453 1990 597 2059 fusas
623 1981 754 2059 lecto
778 1985 1113 2059 Claudiorum
1139 1983 1496 2059 Liviorumque
1520 1983 1791 2059 imagines,
1815 1981 2058 2059 deﬂetum

453 2053 508 2115 in
539 2063 652 2129 foro
672 2100 686 2122 ,
722 2056 988 2129 laudatum
1012 2073 1105 2127 pro
1130 2055 1330 2110 rostris.
1355 2055 1544 2129 Neque
1566 2053 1953 2129 intlermnnici
1975 2053 2059 2106 fu-

456 2123 588 2186 nere
627 2145 719 2185 eas
747 2123 1028 2198 prtelatas',
1071 2138 1259 2182 auctor
1295 2137 1377 2182 est
1422 2125 1590 2198 Tacit.
1629 2125 1720 2180 lib.
1759 2141 1795 2178 ιι
1817 2142 1839 2198 εγ
1872 2123 2057 2198 Funus

454 2203 566 2257 sine
593 2196 896 2270 imaginibus
923 2207 971 2254 et
999 2215 1206 2270 pompa,
1238 2214 1328 2267 per
1360 2197 1609 2270 laudes_et
1633 2197 1927 2270 memoriam
1952 2196 2055 2270 viro

457 2282 621 2327 tutum
642 2267 752 2344 ejus
769 2269 960 2325 celebre
978 2267 1094 2340 fuit.
1121 2267 1296 2324 Erant
1332 2268 1631 2344 autem‘ha}
1679 2268 1938 2344 imagines
1964 2267 2050 2321 ni-

456 2344 531 2399 hil
559 2337 727 2410 aliu'd,
751 2357 909 2412 quam
939 2337 1195 2410 eitpressa
1213 2339 1456 2410 corporis
1477 2337 1683 2410 effigies
1700 2341 2050 2412 humerorum

461 2425 616 2474 tenus
644 2431 675 2470 e
701 2409 822 2469 eera
843 2455 856 2478 ,
899 2409 1287 2468 consolationis
1314 2409 1453 2478 ergo
1499 2409 1809 2466 asServatze.
1849 2409 2053 2480 Hujus-

457 2486 605 2542 modi
652 2484 973 2555 imaginibus
1015 2485 1149 2538 atria
1193 2497 1287 2555 sua
1330 2481 1538 2555 nobiles
1571 2482 2056 2555 Romaniexorna-

458 2559 609 2620 bant,
666 2553 982 2612 collocando
1033 2570 1127 2609 eas
1177 2553 1368 2608 ordine
1419 2553 1692 2624 inligneis
1732 2553 2053 2624 quibusdam

460 2629 630 2686 thecis
650 2669 664 2693 ,
699 2628 785 2682 vel
811 2625 1080 2691 armariis,
1111 2625 1254 2679 unde
1279 2623 1652 2694 exsequiarum
1695 2623 1936 2694 tempore
1961 2623 2057 2678 de-

461 2699 889 2772 promebantur,
931 2705 990 2772 ut
1029 2696 1281 2772 colligere
1315 2703 1501 2772 estex
1545 2695 1718 2772 Plinio
1767 2695 1861 2750 lib.
1882 2711 2051 2772 μιν,

461 2767 583 2840 cap.
611 2771 648 2824 Ξ
683 2788 696 2824 :
728 2767 975 2838 Expressi
1013 2785 1131 2821 cera
1170 2768 1338 2840 uultus
1393 2767 1607 2835 singulis
1659 2767 2060 2840 disponebantur

460 2838 700 2896 armariis
720 2882 736 2906 ,
769 2850 826 2893 ut
850 2848 1016 2893 essent
1048 2839 1396 2910 imaginesque
1425 2840 1788 2892 comitarentur
1809 2838 2060 2908 gentilitia

465 2914 646 2982 funera
666 2953 680 2976 ,
710 2925 1001 2980 semperque
1038 2909 1279 2981 defuncto
1306 2909 1498 2982 aliquo,
1536 2919 1668 2982 totus
1694 2911 1873 2964 aderat
1901 2911 2058 2980 fami-

464 2981 549 3039 lia;
563 2984 694 3056 ejus,
725 2983 811 3056 qui
832 2996 1052 3050 unquam
1082 2986 1270 3056 fuerat,
1298 2981 1538 3056 populus.
1573 2981 1628 3034 In
1653 2982 2062 3056 principumuta-

464 3052 597 3111 meti
621 3053 899 3110 funeribus
927 3069 1030 3106 non
1056 3053 1231 3107 solum
1253 3052 1552 3122 gentilitire,
1579 3054 1671 3107 sed
1692 3052 2062 3122 quorumlibet

2167 1909 2288 1965 bius
2318 1907 2534 1964 tradidit
2562 1909 2658 1966 lib.
2688 1925 2761 1966 vi.
2793 1908 2861 1965 Et
2887 1908 3201 1973 notandum,
3235 1907 3408 1965 fasces
3437 1908 3603 1966 hosce
3630 1910 3769 1966 verti

2167 1983 2380 2044 solitos,
2414 1990 2472 2036 ut
2511 1980 2772 2038 discimus
2819 1998 2885 2036 ex
2912 1981 3102 2037 Tacito
3131 1981 3226 2037 lib.
3255 1997 3313 2036 tu
3349 1981 3568 2047 Annal.,
3591 1982 3657 2037 de
3686 1987 3775 2052 [u-

2164 2069 2285 2108 nere
2331 2052 2684 2109 Germanici:
2719 2053 2892 2123 Igitur
2941 2054 3264 2107 tribunorum
3316 2053 3776 2124 centurionumque

2161 2125 2387 2180 humeris
2428 2126 2624 2180 cineres
2677 2125 3014 2196 portabantur
3055 2141 3074 2180 :
3105 2124 3458 2194 praecedebant
3494 2126 3776 2196 incompta

2158 2198 2479 2267 signa,ﬂversi
2511 2195 2693 2267 fasces.
2718 2196 2889 2266 Quem
2918 2211 3126 2251 morem
3153 2196 3393 2267 tetigisse
3418 2195 3632 2251 videtur
3651 2196 3776 2252 Vir-

2157 2266 2253 2339 gil.
2280 2266 2531 2333 Aineid.,
2564 2267 2656 2324 lib.
2692 2284 2766 2323 ιι.
2801 2268 3175 2324 Albinovanus
3201 2266 3474 2324 infunere
3503 2268 3661 2323 Drusi
3700 2287 3712 2320 :

2280 2380 2413 2440 Quos
2438 2382 2645 2442 primum
2660 2381 2758 2432 vidi
2784 2381 2962 2442 fasces,
2991 2382 3041 2430 in
3065 2381 3244 2432 funere
3266 2382 3400 2443 vidi;

2279 2443 2342 2494 Et
2358 2445 2455 2495 vidi
2481 2457 2670 2506 versos,
2700 2443 3046 2508 indiciumque
3068 2444 3206 2495 mali.

2157 2549 2313 2605 Josu.
2346 2549 3010 2606 chausuuus.—Porro
3047 2548 3344 2605 notandum
3388 2561 3472 2606 est
3530 2551 3630 2606 has
3686 2569 3778 2609 ce-

2161 2637 2281 2694 reas
2300 2623 2562 2692 imagines
2582 2624 2710 2678 olim
2733 2623 2898 2678 etiam
2924 2624 2974 2676 in
2998 2621 3187 2679 funere
3212 2637 3437 2694 regnum
3460 2635 3775 2681 nostrorum

2163 2692 2330 2748 fuisse
2358 2709 2482 2749 cum
2513 2709 2724 2750 summo
2756 2693 2965 2750 honore
2992 2693 3222 2750 delatas.

2236 2765 2364 2846 Cum
2381 2782 2494 2820 eum
2521 2766 2683 2846 dicas_.
2705 2765 2907 2846 ῥεξᾀίόί
2929 2782 3044 2820 eum
3066 2781 3132 2822 ex
3159 2766 3410 2823 omnibus
3433 2782 3563 2824 mss.
3592 2776 3646 2823 et
3675 2769 3777 2823 itu-
3809 2815 3838 2846 δ

2169 2837 2391 2907 pressis,
2426 2847 2624 2907 praeter
2653 2836 2853 2894 lColb.

2240 2907 2530 2962 Adoratum
2561 2925 2670 2964 esse
2695 2925 2727 2962 a
2763 2910 3104 2980 quibusdam,
3138 2912 3270 2965 sicut
3297 2910 3471 2965 deum.
3506 2911 3774 2978 Vopiscus

2165 2978 2222 3052 d.
2255 2981 2288 3033 Ι.
2323 2981 2670 3052 ἔροιὶοηὶιιηι
2707 2978 2839 3036 dicit
2862 2984 3030 3051 ipsum
3060 2999 3152 3052 pro
3193 2984 3404 3036 numine
3447 2987 3779 3052 frequentan-

2169 3050 2313 3106 dum.
2341 3051 2412 3106 Et
2437 3053 2620 3122 paucis
2664 3050 2962 3122 interjectis
3000 3050 3070 3108 de
3106 3053 3297 3109 eodem
3327 3071 3342 3109 :
3378 3050 3549 3108 Norat
3580 3057 3778 3108 vultum

465 3140 781 3196 magnorum
811 3124 1044 3198 virorum
1084 3138 1148 3178 ac
1175 3123 2063 3198 virtutepraestantiumimagines
2089 3132 2135 3196 ρ
2170 3123 2468 3198 philosophi
2493 3123 2794 3198 uenerabilis
2825 3125 3134 3198 Aurelianus
3153 3165 3168 3193 ,
3197 3127 3420 3196 atquein
3458 3128 3634 3181 multis
3661 3128 3777 3198 ejus

466 3194 720 3267 prailatae,
745 3205 802 3267 ut
826 3197 879 3250 in
902 3195 1088 3251 funere
1110 3195 1363 3267 Augusti,
1385 3196 1481 3248 Dio
1512 3195 1605 3251 lib.
1639 3211 1744 3249 Lvt.
1782 3195 1924 3249 Idem
1956 3194 2066 3250 fac-

469 3266 578 3323 tum
619 3269 672 3323 in
710 3266 830 3322 aliis
870 3267 1161 3337 exsequiis.
1197 3266 1253 3322 Si
1278 3266 1398 3337 quis
1431 3267 1601 3336 turpis
1631 3276 1686 3322 et
1713 3268 1932 3321 innuani
1964 3268 2070 3321 cri-

468 3341 611 3396 mine
640 3340 924 3394 danmatus
967 3336 1152 3403 esset,
1194 3339 1310 3409 ejus
1342 3336 1519 3409 imago
1539 3338 1778 3392 damnari
1811 3347 1867 3394 et
1897 3338 2070 3409 frangi

469 3411 703 3475 solebat.
736 3425 835 3464 nec
867 3410 920 3464 in
952 3410 1225 3479 exsequiis
1256 3407 1552 3463 ferebatur.
1588 3409 1724 3479 Vide
1750 3407 2068 3466 Juvenalem

466 3483 581 3539 Sat.
605 3483 656 3547 8,
683 3481 856 3537 Tacit.
882 3481 976 3536 lib.
1002 3497 1018 3534 ι
1042 3478 1237 3535 Annal.
1260 3480 1350 3535 Sic
1366 3479 1513 3535 Bruti
1534 3491 1589 3536 et
1607 3478 1778 3536 Cassii
1810 3481 2072 3552 imagines

467 3555 698 3609 abolitas
743 3553 902 3608 docet
956 3553 1175 3607 Tacitus
1206 3553 1260 3606 in
1314 3553 1420 3606 line
1459 3552 1553 3607 lib.
1589 3568 1648 3606 ιιι
1682 3552 1908 3620 Annal.,
1977 3552 2067 3609 ΞΟ.

467 3625 610 3693 Quot
626 3625 784 3694 igitur
802 3625 1064 3691 majorum
1086 3625 1367 3693 imagines,
1386 3623 1604 3679 totidem
1622 3625 1872 3680 videntur
1891 3625 2072 3681 lectuli

467 3697 744 3752 funeribus
760 3696 989 3764 praelati,
1015 3695 1084 3748 ita
1115 3706 1171 3748 ut
1194 3710 1323 3750 suns
1343 3696 1567 3750 cuilibet
1599 3697 1815 3766 imagini
1844 3697 2070 3753 lectulus

469 3777 647 3833 esset,
690 3768 742 3820 in
775 3782 882 3836 quo
907 3767 1218 3836 portabatur
1251 3785 1265 3822 :
1296 3782 1601 3836 quanquam
1633 3768 1930 3832 interdum,
1962 3783 2074 3823 non

473 3840 531 3894 in
582 3837 888 3908 hujusmodi
942 3836 1266 3909 lectis,_sed
1311 3840 1364 3891 in
1420 3838 1668 3909 oblongis
1710 3841 1956 3908 perticis,
1989 3839 2074 3894 vel

474 3907 934 3980 hastisimagines
957 3908 1056 3980 bas
1082 3907 1245 3962 fuisse
1274 3909 1431 3980 latas,
1455 3918 1512 3962 ut
1536 3907 1753 3964 ferculis
1777 3910 2076 3980 triumpho-

468 3994 592 4035 rum
621 3978 886 4050 solebant,
917 3993 1023 4032 non
1047 3979 1227 4050 inepte
1247 3979 1368 4048 quis
1389 3981 1759 4044 aestimaverit,
1794 3978 2072 4050 praeeunte

474 4051 633 4176 Bobiis
657 4048 726 4103 ad
766 4048 904 4104 hanc
946 4049 1318 4119 conjecturam
1349 4050 1484 4106 Silio
1524 4051 1618 4107 lib.
1661 4067 1694 4106 ι
1719 4094 1734 4120 ,
1775 4048 1845 4108 de
1885 4051 2075 4110 funere

519 4137 585 4176 au
611 4138 646 4176 ι.

472 4123 646 4178 Pauli.

563 4233 671 4302 Ifon
695 4235 874 4302 conjux
898 4235 1059 4302 native
1077 4234 1299 4292 aderant.
1321 4249 1417 4302 non
1438 4236 1610 4298 juncta
1627 4238 1899 4302 prOpinquo

566 4297 819 4358 Sanguine
845 4297 987 4346 turba
1008 4299 1186 4357 virum,
1200 4306 1284 4348 aut
1299 4299 1446 4348 celsis
1467 4304 1530 4348 de
1555 4297 1695 4351 more
1719 4297 1919 4352 feretris

566 4359 866 4410 Praecedens
891 4361 1045 4422 prisca
1070 4361 1336 4424 exsequias
1357 4362 1623 4413 decorabat
1641 4366 1819 4428 imago.

547 4464 874 4542 Porromon
915 4463 1172 4542 imagines
1203 4467 1399 4532 solum,
1437 4469 1531 4525 sed
1565 4479 1620 4525 et
1647 4471 1895 4527 simulcra
1933 4487 2066 4542 geu-

2168 3195 2441 3266 imaginem
2465 3195 2659 3266 viderat
2687 3197 2910 3266 templis.
2937 3195 3104 3253 CBLL.

2248 3265 2528 3340 Alexicaci.
2558 3265 2613 3340 l_d
2643 3277 2748 3334 est,
2774 3265 3036 3340 malorum
3067 3268 3390 3338 depulsoris.
3426 3269 3561 3324 Cum
3590 3269 3774 3340 Ephe-

2171 3347 2464 3410 sus_peste
2511 3338 2820 3410 laboraret,
2855 3339 3102 3396 liberavit
3147 3355 3267 3395 eam
3311 3338 3652 3410 Apollonius
3672 3343 3780 3397 hoc

2171 3408 2356 3473 modo,
2385 3408 2430 3463 si
2464 3416 2638 3464 tamen
2671 3408 2996 3466 Philostrato
3045 3411 3317 3468 credatur.
3365 3408 3674 3467 Convocato
3721 3414 3780 3468 in

2172 3480 2491 3554 concionem
2513 3480 2580 3536 ad
2611 3496 2774 3554 sacra,
2793 3481 3036 3539 facienda
3058 3483 3278 3554 populo,
3305 3484 3606 3554 comparuit
3630 3499 3783 3540 men-

2173 3550 2325 3607 dicus
2373 3551 2580 3616 habitu,
2635 3554 2724 3623 qui
2754 3553 2909 3610 facile
2963 3550 3212 3610 homines
3238 3555 3306 3610 ad
3345 3550 3781 3610 misericordiam

2172 3633 2582 3697 commoveret,
2654 3626 2922 3695 jussitque
2986 3625 3250 3697 Ephesios
3316 3641 3438 3681 eum
3505 3626 3783 3696 lapidibus

2175 3694 2428 3769 obruere.
2477 3693 2774 3769 Cunctante
2823 3693 2953 3754 vero
2981 3693 3087 3769 prie
3118 3697 3490 3769 misericordia
3545 3693 3779 3767 populo,

2177 3766 2411 3839 instabat
2456 3767 2774 3839 Apollonius
2819 3766 3046 3834 tamdiu,
3077 3769 3203 3824 dum
3245 3768 3455 3839 aliquos
3481 3766 3671 3823 saltem
3705 3771 3784 3825 ad

2177 3837 2382 3905 lapides
2438 3838 2706 3894 tollendos
2760 3839 3098 3910 perduceret.
3133 3837 3409 3896 Mendicus
3446 3855 3566 3896 cum
3598 3842 3784 3897 semel

2176 3917 2350 3982 atque,
2370 3910 2562 3964 iterum
2593 3911 2776 3981 igneos
2798 3913 3106 3968 ostenderet
3127 3911 3313 3967 oculos
3333 3953 3349 3979 ,
3377 3920 3485 3966 tota
3506 3911 3659 3966 turba
3689 3914 3784 3982 ip-

2177 3981 2629 4054 sumdzemonem
2662 3990 2776 4036 rata
2798 4023 2814 4050 ,
2851 3983 3114 4054 lapidibus
3139 3983 3338 4038 obruit.
3376 3983 3618 4039 Remotis
3650 3981 3786 4053 post

2177 4050 2661 4121 lapidibus,jacuit
2715 4050 2976 4110 inmedio
3020 4053 3252 4109 cadaver
3294 4056 3446 4110 canis
3494 4050 3778 4110 exanime.

2176 4121 2412 4178 Liberati
2467 4139 2535 4179 ex
2591 4125 2693 4179 hoc
2738 4124 2957 4194 Ephesii
3002 4140 3032 4180 a
3083 4137 3254 4194 peste,
3310 4126 3388 4181 illi
3413 4141 3510 4181 ceu
3553 4125 3783 4184 llerculi

2177 4195 2509 4271 ᾄττᾳτρᾳπαξῳ
2538 4194 2638 4266 (sic
2658 4197 2803 4251 enim
2834 4197 2975 4266 apud
3006 4196 3389 4271 Philostratum
3413 4197 3630 4271 legitur,
3661 4213 3784 4255 non

2178 4265 2732 4340 ᾀλεξιὶιάιεῳγεῐειιυίιεη
2781 4265 3098 4337 posuerunt.
3133 4267 3230 4323 Est
3258 4265 3494 4339 alioquin
3523 4268 3624 4324 hoc
3652 4271 3781 4340 cpi-

2179 4323 2364 4392 theton
2392 4323 2656 4394 Herculis.
2679 4323 2879 4396 Berlin.

2252 4406 2316 4461 Et
2343 4409 2563 4462 creditus
2585 4420 2677 4476 est,
2709 4412 2828 4478 quia
2855 4428 2967 4467 vere
2994 4413 3112 4478 fuit.
3142 4412 3233 4468 Sic
3271 4410 3481 4467 restitui
3507 4427 3573 4468 ex
3597 4415 3782 4467 omni-

2177 4477 2276 4533 bus
2303 4481 2470 4553 ferme
2495 4496 2626 4553 mss.
2669 4477 2728 4536 et,
2751 4483 2884 4539 edit.
2909 4477 3110 4539 Cellar.
3156 4484 3213 4539 ln
3252 4483 3288 4538 2
3315 4483 3448 4553 Reg.
3481 4497 3590 4538 rec.
3622 4495 3672 4538 et
3710 4485 3780 4540 16

474 4538 614 4621 riunt.
668 4534 988 4621 urbiumque
1023 4523 1492 4621 "sybacmrum'._¢t
1525 4543 1740 4621 nomina
1763 4543 1868 4621 _s_ub
1900 4523 2066 4598 ti‘t’ulis
2089 4523 2145 4584 D
2170 4523 2898 4621 ἔὶἑυὲῖζῖξεῖὶὶῖἷὐἑὲὶιῖῗὶἕι
2912 4523 3110 4610 Ἑὲἓίἰξ
3143 4523 3213 4610 ἑϊ
3235 4523 3454 4610 cum;
3481 4523 3779 4621 ἐἰΐῡὲᾰέζ

475 4609 713 4684 hostium
752 4609 1039 4684 victorum,
1066 4607 1289 4684 ipsaque
1328 4613 1496 4684 spolia
1537 4614 1605 4669 ab
1638 4615 1880 4669 hostibus
1905 4625 2063 4684 capta

474 4680 716 4750 praeferri
739 4688 804 4755 et
834 4678 1085 4755 exhiberi
1101 4678 1739 4755 solebant—inAfuueribus
1771 4678 2063 4755 imperato-

472 4767 616 4822 rum,
647 4750 930 4822 utvidetnr
951 4750 1088 4822 apud
1111 4751 1418 4822 Dionysium
1439 4753 1706 4810 Halicarn.
1735 4756 1826 4811 lib.
1850 4750 1968 4820 'vm,
1997 4758 2067 4813 de

475 4821 666 4898 funere
685 4821 978 4898 Coriolani.
1013 4821 1231 4898 Tacitus
1248 4821 1320 4878 de
1348 4822 1554 4898 funebri
1579 4842 1773 4896 pompa
1798 4829 2022 4898 Augusti
2049 4846 2064 4885 :

477 4894 620 4968 Tune
645 4895 989 4968 consultatum
1017 4901 1092 4947 est
1121 4892 1184 4947 de
1211 4895 1488 4968 honoribus
1507 4938 1520 4961 ,
1551 4892 1615 4952 ea:
1639 4892 1820 4968 quibus
1846 4892 2064 4956 maxime

475 4966 862 5039 insignesoisi,
916 4976 970 5019 ut
1021 4975 1171 5039 porta
1221 4967 1520 5039 triumphali
1559 4966 1712 5039 {unus
1751 4970 2069 5026 duceretur:

480 5036 659 5092 Gallus
688 5037 912 5103 Asinius,
944 5045 996 5090 ut
1024 5037 1190 5108 legum
1220 5036 1442 5092 latarum
1467 5036 1622 5106 tituli,
1651 5042 1894 5097 victarum
1917 5046 1980 5098 ab
2007 5061 2066 5098 eo

479 5110 703 5178 gentium
754 5109 998 5163 vocabula
1051 5112 1446 5179 anteferrentur.
1485 5111 1636 5179 Quod
1669 5114 1831 5168 etiam
1867 5115 2064 5170 factum

479 5139 703 5178 ycuuuus
755 5139 998 5163 uuouuusu
1051 5139 1168 5162 NIHC
1198 5139 1446 5164 cucusul.
1485 5139 1636 5179 uuuu
1669 5139 1831 5168 cuum
1867 5139 2064 5170 lilCllllll

479 5193 602 5233 esse
628 5179 757 5234 dicit.
785 5179 880 5234 Dio
908 5179 1001 5234 lib.
1033 5195 1136 5234 Lvt.
1165 5139 1223 5236 ld
1243 5182 1414 5250 ipsum
1455 5184 1521 5238 de
1549 5183 1845 5240 Pertinacis
1879 5186 2068 5243 funere

481 5261 666 5305 narrat
687 5250 826 5305 idem
847 5261 1034 5305 auctor
1059 5252 1152 5305 lib.
1175 5269 1352 5308 Lxxw.
1380 5252 1732 5311 Transierunt
1749 5257 1941 5312 deinde
1972 5273 2069 5314 na-

483 5323 657 5398 tiones
683 5336 869 5398 omnes
890 5321 1144 5390 subjecta:
1161 5324 1385 5394 imperio
1410 5325 1564 5398 Rom.
1594 5330 1644 5380 in
1663 5329 1854 5384 statuis
1879 5330 2066 5398 aeneis,

479 5392 562 5468 sic
591 5392 812 5468 ornatis,
848 5403 901 5445 ut
923 5402 1003 5468 (ρει
1031 5392 1290 5466 cujusque
1317 5397 1491 5468 gentis
1518 5399 1688 5466 patria
1707 5392 2064 5456 consuetudo.

477 5462 742 5518 Intellexit
778 5463 881 5517 hoc
928 5463 1172 5544 Lucanus
1203 5462 1434 5523 'libfvnt
1455 5509 1470 5538 ,
1491 5462 1559 5526 de
1578 5469 1767 5527 funere
1799 5472 2066 5544 Pompeii,

477 5548 637 5604 quem
659 5547 763 5588 non
794 5544 977 5604 petere
1005 5535 1149 5605 dicit,

567 5647 808 5699 Praeferat
826 5654 880 5699 ut
903 5655 1107 5700 veteres
1129 5650 1297 5704 feralis
1318 5669 1489 5720 pompa
1513 5657 1801 5722 triumphos.

475 5752 615 5836 Quin
647 5754 757 5836 imo
781 5753 997 5809 lictores
1018 5769 1140 5836 cum
1167 5757 1418 5825 fascibus,
1450 5761 1659 5832 aliaque
1691 5763 1921 5836 insignia
1949 5779 2068 5821 ma-

467 5827 816 5902 gistratuum,
845 5839 980 5899 quos
1020 5827 1147 5884 olim
1171 5844 1466 5902 gesserant,
1503 5827 1847 5905 prfecessiss'e
1869 5878 1882 5903 ,
1911 5836 2069 5910 Poly-

2167 4623 2290 4694 quia
2316 4639 2428 4678 vere
2453 4623 2595 4677 Deus
2617 4625 2732 4694 fuit.

2241 4693 2651 4771 Sacrantentum.
2683 4696 2740 4752 Id
2781 4707 2881 4765 est,
2931 4698 3280 4771 mysterium,
3317 4696 3480 4754 modo
3517 4697 3781 4768 loquendi

2168 4763 2446 4820 Lactantio
2474 4768 2710 4836 proprio.

2239 4836 2585 4907 Assignatum.
2615 4840 2639 4894 l
2671 4837 2826 4896 Colb.
2857 4856 2888 4896 a
2917 4842 3150 4898 secunda
3180 4858 3340 4898 manu
3360 4849 3414 4898 et
3437 4841 3471 4897 6
3496 4851 3601 4897 vet.
3635 4841 3777 4897 edit.

2168 4906 2483 4983 obsignatum
2500 4927 2520 4976 ;
2538 4909 2571 4983 d
2581 4926 2670 4965 un.
2700 4912 2976 4983 signatum.

2243 4978 2508 5056 L'egerent.
2537 4978 2852 5056 Ita_restitui
2877 4999 2944 5040 ex
2975 5001 3103 5041 mss.
3137 4985 3172 5042 5
3201 4987 3333 5056 Reg.
3365 4993 3420 5042 et
3447 4984 3482 5038 2
3511 4983 3678 5039 Brun.
3708 4998 3780 5040 ac

2168 5049 2408 5126 pluribus
2435 5063 2540 5108 vet.
2571 5054 2759 5122 editis,
2801 5059 3132 5126 approbante
3173 5049 3433 5118 Fraﬁcio;
3477 5056 3661 5110 multis
3691 5065 3782 5112 est;

2167 5125 2416 5193 legerint;
2441 5126 2654 5196 scriptis
2695 5126 2730 5180 4
2775 5125 2885 5183 rec.
2934 5129 3262 5202 totidemque
3304 5128 3464 5184 editis
3506 5129 3780 5199 ignorave-

2167 5206 2305 5248 runt.

2242 5266 2365 5322 Non
2387 5269 2553 5323 solum
2579 5269 2769 5325 idcirco
2798 5287 2830 5324 a
2856 5273 3021 5339 nobis,
3052 5282 3157 5329 etc.
3190 5272 3267 5328 Ita
3295 5285 3424 5328 mss.
3459 5271 3525 5328 l0
3548 5268 3710 5338 Reg.,
3741 5270 3770 5324 1

2169 5336 2376 5410 Bonon.
2403 5341 2572 5410 antiq.
2606 5349 2660 5396 et
2683 5343 2716 5397 5
2740 5342 2889 5398 editi.
2920 5336 3089 5401 Abest
3117 5346 3285 5400 solum
3310 5360 3340 5399 a
3372 5343 3438 5398 Μ
3465 5357 3595 5397 mss.
3636 5336 3776 5394 toti-

2169 5409 2739 5535 g‘qmqueimprcssis.
2764 5414 3013 5472 Attamen
3055 5415 3357 5472 addendum
3397 5428 3521 5469 esse
3563 5412 3778 5484 judicat

2235 5496 2512 5535 iomasrus.

2235 5496 2512 5539 ιοηιειειυε.

2245 5551 2367 5627 Non
2413 5555 2578 5609 solum
2607 5557 2914 5612 idcirco.....
2955 5575 3130 5613 verum
3171 5558 3322 5612 etiam
3361 5560 3481 5627 quia
3523 5557 3772 5612 uidimus.

2319 5639 2542 5702 ιγε-ρθρ.
2569 5629 2656 5684 15.
2687 5627 2820 5682 Nam
2866 5630 3001 5698 quod
3037 5631 3108 5685 ait
3135 5623 3413 5702 (Apollo)
3444 5629 3774 5702 portentiﬁca

2169 5695 2318 5772 illum
2347 5696 2669 5772 (Christum)
2688 5716 2844 5770 opera
2873 5695 3070 5772 fecisse,
3099 5695 3205 5771 quo
3226 5695 3455 5758 'maaime'
3473 5699 3772 5772 divinitatis

2173 5765 2326 5845 ﬁdem
2352 5765 2552 5845 meruit,
2602 5765 2846 5845 adsentiri
2873 5765 3040 5829 'nobis
3057 5765 3170 5845 fani
3209 5773 3427 5842 videtur,
3457 5790 3611 5845 quum
3643 5771 3774 5845 dicit

2173 5837 2360 5894 eadem
2411 5841 2588 5910 quibus
2640 5859 2732 5898 nos
2775 5837 3078 5916 gloriamur.
3121 5844 3265 5918 Epit.
3310 5861 3359 5902 c.
3393 5837 3480 5902 4'5:
3538 5844 3600 5899 ob
3643 5839 3770 5899 ilia’c
