2045 3177
171 148 222 179 561

787 145 891 174 LIBER
910 145 943 174 V.
965 145 1011 175 DE
1031 144 1192 175 JUS’I‘lTlA.

1777 141 1831 170 569.

171 208 286 237 rabilia:
302 214 408 243 magum
419 210 600 242 putassemus,
615 202 690 233 utet
705 212 752 233 vos
767 211 839 232 nunc
860 203 972 240 putatis,
987 203 1014 235 Α
1028 208 1054 232 te
1077 207 1137 231 tuus
1163 202 1251 238 arguit
1277 201 1408 235 stultitim,
1422 200 1560 235 vanitatis,
1578 201 1689 229 erroris.
1705 199 1832 228 Afﬁrmas

171 260 198 284 et
211 254 297 283 Judtei
317 258 380 282 tunc
392 256 566 289 putaverunt,
589 251 612 278 si
635 258 689 278 non
705 250 751 278 illa
772 250 829 285 ipsa
844 250 975 277 facturum

171 300 310 329 Christum
326 300 464 335 prophetae
481 305 577 327 omnes
590 304 644 325 uno
657 297 752 333 spiritu
771 295 973 331 praedicassent.

173 349 266 384 Itaque
278 348 362 376 Deum
378 347 525 380 credimus,
540 353 593 374 non
607 345 692 380 magis
705 352 738 372 ex
750 343 826 371 factis
835 343 975 378 operibus-

172 403 226 431 que
241 394 381 427 mirandis,
398 401 478 430 quam
492 400 526 421 ex
542 392 587 420 illa
601 392 657 427 ipsa
672 398 763 423 cruce,
778 397 859 426 quam
873 396 922 417 vos
936 389 975 417 si-

173 446 217 471 cut
237 449 319 470 canes
342 440 477 469 lambitis:
500 439 628 476 quoniam
642 438 765 466 simulet
788 437 831 464 illa
848 437 975 472 praedicta

173 493 227 516 est.
243 488 301 516 Non
318 488 397 523 igitur
420 495 469 515 suo
492 486 646 514 testimonio
660 484 724 522 (cui
744 485 815 512 enim
836 483 871 512 de
886 491 916 511 se
936 483 977 511 di—

174 536 246 564 ccnti
258 540 346 571 potest
360 533 434 562 credi
443 534 479 570 ?),
491 533 538 561 sed
550 532 741 568 prophetarum
753 530 918 563 testimonio,
931 529 976 565 qui

173 583 278 616 omnia,
291 589 351 618 quae
361 581 425 610 fecit
437 588 469 609 ac
480 587 574 615 passus
585 583 636 613 est,
647 578 730 606 multo
739 582 800 605 ante
807 576 975 610 cecinerunt,

175 629 258 658 ﬁdem
273 627 420 657 divinitatis
435 627 553 662 accepit;
570 625 641 662 quod
656 632 743 660 neque
756 623 910 660 Apollonio,
928 630 977 650 ne-

174 685 228 713 que
244 676 373 712 Apuleio,
396 682 482 710 neque
504 673 628 709 cuiquam
649 679 787 708 magorttm
815 670 917 706 potuit,
933 674 980 697 aut

176 727 271 759 potest
292 721 437 757 aliquando
452 720 618 755 contingere.
633 719 701 746 Cum
722 717 805 754 igitur
819 716 881 744 talia
901 716 979 752 igno-

179 769 276 797 rantiae
288 775 345 796 sua:
360 767 536 795 deliramenta
551 765 681 798 fudisset,
697 772 758 792 cum
772 763 913 791 veritatem
934 769 981 797 pe-

180 815 253 843 nitus
266 813 390 842 excidere
402 812 529 840 connisus
543 816 627 845 esset,
650 817 732 838 ausus
754 814 796 837 est
814 808 895 836 libros
917 815 981 835 suos

180 861 309 893 nefarios,
324 866 356 888 ac
371 859 417 887 Dei
428 858 529 892 hostes,
541 858 681 894 φιλαληθεῖς
692 860 831 884 annotare.
847 854 869 882 Ο
879 861 980 882 caecum

1029 250 1100 278 enirn
1113 249 1181 277 deos
1201 256 1281 282 esse;
1297 253 1325 276 et
1346 248 1405 276 illos
1421 252 1509 275 tamen
1524 247 1634 282 subjicis
1654 252 1682 276 et
1694 246 1832 282 mancipas

1030 297 1055 324 ei
1071 296 1136 330 Deo,
1147 295 1223 331 cujus
1236 295 1392 331 religionem
1406 296 1513 323 conaris
1526 299 1658 323 evertere.

1340 364 1454 393 CAPUT
1475 364 1519 392 IV.

1031 423 1083 451 Cur
1093 423 1163 450 istud
1178 430 1243 457 opus
1260 422 1356 450 editum
1369 422 1419 455 sit;
1433 427 1508 456 atque
1519 422 1610 449 iterum
1627 421 1659 448 de
1673 420 1833 448 Tertulliano

1345 473 1367 496 et
1379 468 1415 504 Cy
1419 469 1518 503 priano.

1065 527 1086 555 li
1106 534 1170 562 ergo
1184 526 1218 554 de
1232 526 1329 561 quibus
1341 525 1406 558 dixi,
1420 533 1492 559 cum,
1512 528 1645 560 praesente
1659 531 1718 558 me,
1731 530 1764 551 ac
1780 523 1833 551 do-

1029 572 1111 608 lente,
1126 574 1270 609 sacrilegas
1283 580 1345 601 suas
1360 572 1463 600 litteras
1478 571 1666 607 explicassent,
1683 575 1710 599 et
1725 571 1833 598 illorum

1032 621 1149 657 superba
1165 621 1303 655 impietate
1318 619 1487 653 stimulatus,
1500 623 1527 646 et
1539 618 1661 646 veritatis
1672 617 1754 652 ipsius
1768 624 1835 644 con-

1032 669 1143 697 scientia
1153 689 1160 701 ,
1174 672 1201 696 et
1216 668 1225 703 (
1240 672 1268 695 ut
1280 675 1329 703 ego
1342 667 1459 695 arbitror
1474 668 1483 702 )
1497 665 1552 694 Deo
1562 687 1569 699 ,
1584 666 1690 701 suscepi
1705 665 1756 692 hoc
1769 671 1829 692 mu—

1032 722 1093 749 nus,
1109 718 1137 742 ut
1147 714 1273 742 omnibus
1289 713 1389 749 ingenii
1403 713 1456 741 mei
1471 712 1574 740 viribus
1589 716 1763 739 accusatores
1774 711 1832 746 jus-

1033 761 1098 789 tititc
1111 761 1256 789 relutarem
1272 769 1278 788 :
1295 767 1350 788 non
1366 764 1395 787 ut
1417 764 1510 787 contra
1528 760 1577 786 hos
1600 759 1747 786 scriberem
1761 779 1767 790 ,
1784 757 1833 792 qui

1034 807 1126 842 paucis
1142 806 1233 834 verbis
1259 806 1347 834 obteri
1376 809 1516 841 poterant;
1541 805 1590 833 sed
1612 809 1640 832 ut
1663 811 1774 838 omnes,
1790 804 1838 840 qui

1034 853 1132 889 ubique
1143 853 1212 880 idern
1222 852 1312 887 operis
1322 851 1453 885 efﬁciunt,
1462 856 1508 879 aut
1516 851 1676 885 eﬂ‘ecerunt,
1685 858 1739 878 uno
1750 850 1836 878 semel

180 907 290 943 pectus!
314 914 331 934 ο
353 909 470 933 mentem
494 904 648 933 Cimmeriis
668 903 722 939 (ut
745 901 841 938 aiunt)
862 900 982 929 tenebris
997 900 1021 930 B
1035 899 1136 934 impetu
1164 899 1345 934 proﬂigarent.
1361 898 1420 926 Non
1435 898 1528 926 dubito
1556 898 1639 931 enim,
1667 897 1731 933 quin
1750 901 1778 925 et
1792 896 1840 924 alii

179 953 325 981 atriorem!
341 951 493 987 Discipulus
514 950 558 978 hic
578 950 693 978 fortasse
708 949 874 984 Anaxagora
889 946 980 980 fuerit,

181 1000 224 1028 cui
240 999 315 1027 nives
330 1003 508 1026 atramentum
528 997 644 1024 fuerunt.
662 995 742 1031 Atqui
758 994 852 1023 eadem
875 993 982 1021 caecitas

181 1050 234 1080 est,
248 1050 275 1073 et
296 1052 361 1072 vero
376 1044 517 1076 falsitatis,
541 1047 568 1070 et
587 1041 727 1070 mendacio
748 1040 868 1068 veritatis
883 1046 982 1066 nomen

183 1093 332 1128 imponere.
349 1091 480 1120 Videlicet
494 1091 575 1118 homo
588 1089 717 1118 subdolus
731 1087 815 1115 voluit
828 1087 919 1122 lupum
933 1085 984 1113 sub

183 1140 243 1168 ovis
258 1139 326 1173 pelle
340 1138 440 1171 celare,
454 1142 484 1165 ιιι
497 1136 585 1164 fallaci
598 1136 675 1164 titulo
699 1138 789 1170 posset
803 1133 908 1161 irretire
930 1132 984 1160 iec-

185 1190 282 1213 torem.
302 1185 399 1213 Verum
414 1188 482 1217 esto,
499 1183 605 1211 inscitia
621 1182 682 1215 hoc,
697 1189 750 1209 non
764 1180 864 1208 malitia
878 1179 984 1207 feceris.

184 1231 271 1265 Quam
296 1229 402 1258 tandem
427 1229 505 1257 nobis
526 1227 637 1256 attulisti
659 1226 816 1255 veritatem?
840 1225 890 1252 nisi
915 1223 986 1260 quod

184 1284 306 1308 assertor
320 1278 450 1311 deorttm,
474 1284 522 1305 eos
543 1277 616 1312 ipsos
632 1275 664 1303 ad
686 1274 811 1302 ultimum
834 1271 984 1308 prodidisti.

186 1327 351 1355 Prosecutus
372 1325 445 1353 enim
466 1326 564 1352 summi
588 1323 634 1350 Dei
658 1321 761 1354 laudes,
783 1327 863 1356 quem
884 1326 986 1355 regem,

185 1381 267 1410 quem
282 1372 440 1406 maximum,
463 1378 542 1407 quem
568 1369 693 1406 opiﬁcem
708 1375 809 1401 rerum,
835 1374 914 1402 quem
929 1365 988 1393 fou-

187 1425 241 1449 tem
258 1420 402 1452 bonorum,
425 1425 505 1454 quem
522 1421 660 1453 parentem
676 1415 813 1447 omnium,
837 1421 918 1449 quem
934 1412 989 1439 fac-

187 1471 274 1494 torem
290 1466 455 1501 altoremque
470 1464 619 1492 viventium
639 1462 781 1490 confessus
799 1468 844 1494 es,
866 1458 989 1487 ademisti

187 1513 247 1541 Jovi
263 1518 308 1541 tuo
320 1520 443 1548 regnum,
454 1519 570 1547 eumque
585 1517 688 1538 summa
702 1513 834 1544 potestate
847 1507 990 1542 depulsum

1034 947 1152 981 plurimi,
1167 951 1195 974 et
1210 947 1301 974 multis
1316 946 1344 973 in
1356 946 1433 980 locis,
1449 950 1477 973 et
1490 953 1543 973 non
1560 945 1640 973 modo
1654 945 1760 980 graccis,
1783 944 1832 972 sed

1033 994 1114 1021 etiam
1137 993 1227 1020 latinis
1251 993 1358 1026 litteris,
1388 992 1583 1020 monimentum
1612 991 1751 1025 iniustitia:
1775 998 1834 1018 suae

1034 1040 1182 1068 struxerint
1193 1049 1199 1067 :
1211 1040 1308 1075 quibus
1323 1039 1434 1075 singulis
1445 1039 1572 1074 quoniam
1594 1038 1759 1074 respondere
1777 1045 1834 1065 non

1034 1092 1167 1123 poteram,
1187 1087 1226 1115 sic
1241 1086 1370 1122 agendam
1388 1086 1454 1115 mihi
1477 1085 1547 1113 hanc
1569 1092 1676 1113 causam
1690 1084 1792 1120 putavi,
1807 1088 1838 1111 ut:

1035 1138 1063 1162 et
1078 1134 1181 1169 priores
1194 1141 1255 1161 cum
1270 1133 1395 1161 omnibus
1407 1131 1463 1160 suis
1478 1131 1585 1166 scriptis
1602 1135 1794 1166 perverterem,
1811 1134 1840 1158 et

1039 1180 1136 1208 futuris
1151 1187 1259 1207 omnem
1278 1179 1429 1206 facultatem
1445 1177 1579 1206 scribendi
1594 1181 1640 1204 aut
1653 1174 1838 1212 respondendi

1039 1232 1217 1263 amputarem.
1231 1226 1374 1254 Praebeant
1385 1225 1465 1253 modo
1473 1232 1552 1252 aures
1566 1233 1573 1250 :
1585 1223 1700 1251 efﬁciam
1715 1230 1732 1257 p
1738 1221 1840 1249 rofecto

1039 1280 1068 1302 ut
1083 1274 1245 1309 quicumque
1259 1273 1310 1301 ista
1320 1271 1486 1307 cognoverit,
1500 1275 1544 1298 aut
1554 1271 1682 1306 suscipiat
1692 1269 1762 1305 quod
1776 1272 1840 1297 ante

1040 1320 1193 1353 damnavit,
1216 1324 1279 1353 aut,
1304 1319 1375 1354 quod
1400 1323 1442 1346 cst
1463 1318 1625 1353 proximum,
1651 1316 1775 1344 deridere
1788 1315 1840 1342 ali-

1040 1367 1147 1403 quando
1171 1366 1294 1394 desistat.
1320 1365 1479 1400 Quanquam
1507 1363 1690 1392 'l‘ertullianus
1714 1362 1840 1390 eamdem

1041 1421 1149 1441 causam
1172 1413 1250 1448 plene
1275 1411 1440 1447 peroraverit
1454 1411 1536 1438 in'eo
1550 1410 1618 1438 libro
1641 1410 1683 1437 cui
1705 1408 1841 1444 Apologe-

1042 1460 1096 1488 tico
1110 1467 1208 1487 nomen
1224 1464 1285 1487 est:
1302 1463 1402 1491 tamen,
1417 1458 1544 1493 quoniam
1558 1456 1629 1484 aliud
1651 1460 1692 1484 est
1712 1463 1842 1483 accusan-

1044 1507 1115 1534 tibus
1127 1505 1302 1541 respondere,
1326 1504 1395 1540 quod
1419 1505 1445 1531 in
1460 1503 1617 1532 defensione
1639 1507 1685 1530 aut
1699 1502 1843 1538 negatione

188 1563 217 1590 in
232 1561 416 1590 ministrorum
441 1566 583 1588 numerum
600 1557 736 1593 redegisti.
753 1555 881 1591 Epilogus
901 1554 991 1589 itaque
1003 1548 1027 1580 C
1043 1553 1099 1580 sola
1113 1553 1229 1588 positum
1244 1555 1295 1585 est,
1312 1551 1384 1579 aliud
1398 1551 1549 1582 instituere.
1565 1549 1638 1585 quod
1652 1556 1702 1577 nos
1717 1548 1842 1581 facimus,

866 1620 1046 1650 VARIORUM
1065 1620 1181 1649 NOTAE}.

188 1700 316 1727 miracula
342 1706 455 1733 quum...
478 1696 649 1724 multitudo...
674 1698 701 1721 ut
724 1697 788 1726 erat,
804 1692 850 1720 Dei
871 1691 989 1719 lilium...

188 1736 324 1764 crederet.

228 1762 306 1799 illum:
316 1771 422 1807 putatis.
437 1770 482 1807 Sic
497 1768 617 1797 rescribo
632 1774 692 1807 cum
715 1772 778 1807 mss:
798 1764 809 1791 1
832 1763 906 1807 ῐὶιξες.Δ
922 1762 991 1790 anti-

188 1801 321 1844 quissimo
331 1812 357 1834 et
372 1807 385 1834 1
403 1807 438 1834 al.
453 1806 520 1844 Βεὲ
537 1803 693 1844 recentiori,
707 1802 754 1844 sed
770 1801 847 1828 bona":
863 1803 943 1832 notas,
960 1805 992 1844 ac

189 1838 257 1873 édit.
276 1843 397 1879 Gytunic.
410 1848 437 1870 et
452 1843 488 1869 ita
497 1838 633 1879 :Sparkius
653 1838 795 1879 legendum
815 1842 875 1879 esse
888 1838 990 1879 censet,

189 1870 272 1915 quam
282 1870 429 1915 lectionem
444 1870 605 1915 conﬁrmant
617 1870 738 1910 proxime
751 1871 899 1913 sequentia.
912 1870 993 1903 Qua:-

189 1909 253 1943 tlam
265 1916 363 1949 scripta
379 1919 405 1942 et
417 1914 550 1948 impressa
560 1909 655 1949 legant
668 1909 831 1949 nuncupatis.

232 1941 369 1984 Prop/tiam:
380 1941 478 1982 omnes,
492 1953 544 1975 etc.
559 1941 741 1984 litavmssrvet.
754 1941 774 1971 ’1
783 1943 850 1978 Reg.
861 1946 888 1969 et
898 1941 992 1968 Marm.

190 1996 206 2015 a
223 1981 308 2023 prima
325 1993 415 2018 tnanu,
431 1983 628 2023 cutn_p|u_ri_bus
640 1981 730 2009 editis.

230 2014 292 2050 Non
306 2022 386 2056 magis
400 2014 430 2048 ex
443 2014 556 2056 lactis.)
572 2018 676 2056 Bonan.
694 2021 747 2056 tam
760 2014 889 2056 eaifactis.

231 2048 303 2087 Sicut
312 2048 386 2085 caries
399 2048 519 2084 larribitis.
529 2054 625 2083 Cicero
635 2054 680 2080 lib.
694 2060 731 2084 ut,
742 2053 767 2079 in
780 2048 936 2088 Vérr..cap.
948 2048 993 2088 11.

193 2084 400 2130 ριῶξξέειιιςδ)
417 2091 528 2130 tribunal
550 2098 636 2130 meum
656 2089 726 2130 vides
749 2088 869 2130 Ian-ibertas
886 2084 994 2130 qutius

192 2120 330 2159 Κῆίιὶιιὶιίι.
345 2120 465 2156 Marcell.
482 2128 500 2154 l.
516 2134 561 2159 xv,
580 2133 605 2153 c.
621 2126 654 2153 ὅτ
671 2124 794 2151 Tribunal
818 2122 894 2149 unius
917 2120 994 2154 legati

192 2175 245 2194 non
259 2165 406 2198 lambentes,
416 2164 460 2191 sed
468 2162 579 2191 mentbra
588 2162 664 2188 totius
672 2159 852 2221 reipublicwﬁ.
865 2160 992 2184 vexantes.

842 2201 886 2221 UN.

842 2201 886 2221 UN.

232 2238 332 2270 Potuit,
353 2241 408 2264 aut.
422 2234 519 2263 Addidi
535 2242 567 2262 ex
590 2232 715 2261 omnibus
729 2237 793 2259 mss.
809 2234 838 2257 et.
859 2227 996 2264 plerisque

195 2274 288 2304 editis.

234 2300 371 2337 ἒῶεἱᾱενε.
389 2309 400 2336 1
420 2308 523 2336 Βοιιοιι.
540 2305 623 2341 antiq.
636 2304 718 2333 Goth.
731 2307 759 2331 et
771 2300 880 2330 cdil.ls.
893 2307 926 2327 ea:

194 2347 274 2378 dere;
291 2346 303 2373 1
319 2345 384 2380 Reg.
398 2351 453 2372 rec.
467 2342 592 2371 excidere.

232 2377 372 2410 cannensi
385 2381 449 2408 Mss.
467 2380 500 2407 10
515 2386 568 2406 rec.
582 2377 715 2405 connixus.

232 2418 382 2447 φιλαληθεῖς.
397 2416 425 2443 1d
441 2421 491 2447 est,
508 2414 630 2442 veritatis
645 2411 828 2447 studiososnet
852 2411 996 2436 amatores,

196 2445 443 2490 quoretia-tnjtitulo
464 2445 602 2490 Hierocles
625 2447 762 2476 decoravit
784 2445 891 2476 librum,
917 2448 997 2477 quem

196 2486 291 2519 contra
307 2488 469 2516 christianos
482 2486 635 2520 scripserat.
713 2518 716 2520 Δ
836 2517 841 2520 _
943 2519 946 2520 ν
979 2512 984 2518 _

235 2526 376 2552 Annotare.
394 2517 665 2556 Walchius'exponit,
680 2518 802 2556 allegare,
818 2517 906 2556 citare,
922 2517 999 2556 utsi-

199 2549 529 2594 ntul‘signiﬁeettitulum.
545 2549 670 2594 Barthius
682 2549 827 2594 Adversar.
843 2552 861 2579 l.
877 2559 902 2584 1.,
915 2549 997 2594 calt),

199 2606 243 2633 pr.
258 2597 276 2623 f.
293 2589 375 2628 §5L5,
386 2593 612 2633 aeole-explicati,
628 2591 790 2633 inscribere:
805 2589 840 2633 itIa
862 2594 926 2633 vero
941 2593 1000 2633 qm:

200 2621 426 2666 iiiﬁd'eiéghh’tius
441 2629 504 2657 alibi
521 2621 617 2656 scribit
632 2628 651 2654 l.
668 2635 686 2661 ι,
707 2633 732 2653 c.
749 2626 800 2657 11;
820 2624 837 2651 l.
855 2631 892 2657 vr,
907 2629 931 2649 c.
949 2621 998 2653 18;

200 2671 219 2697 Ι.
237 2676 284 2701 γιι,
298 2676 323 2695 c.
338 2666 381 2694 18.
399 2666 466 2693 Βυιι.

238 2692 262 2731 ό
277 2692 388 2730 intentem
400 2692 544 2728 icititmeriis
559 2699 607 2736 (ut
626 2696 718 2736 aiunt)
734 2695 841 2736 tenebris
848 2692 1001 2736 “ali-iorem!

199 2729 344 2768 Cimmeriir
357 2738 445 2772 populi
463 2729 568 2764 fuerunt
583 2735 692 2772 Sc_ytici,
704 2729 723 2772 _a
736 2732 833 2772 quibus
847 2729 1001 2772 Dosphurus

200 2766 524 2805 Cintmerius'nominatus
546 2777 596 2799 est.
617 2766 645 2797 in
668 2766 752 2805 cujus:
768 2768 837 2805 ostio
854 2766 903 2793 fuit
926 2766 1003 2805 oppi-

201 2801 446 2841 duntNCimmerimt,
459 2808 530 2842 quod
544 2807 595 2834 alio
609 2801 717 2842 nomine
732 2803 867 2842 Cerberi-on
888 2801 1002 2842 vocaba-

275 2836 304 2873 ιιι
317 2836 410 2873 auctor
421 2836 613 2880 est'Plinitts_in
628 2840 721 2880 quinto
737 2838 893 2880 :nexistitn'at
906 2836 1002 2877 Str:an

201 2872 363 2918 iii‘septimo
373 2881 471 2918 dictum
479 2887 556 2918 esse,
569 2872 729 2918 Bpsp'ltorum
737 2872 1004 2918 Cyn'tmer'ium,‘r/‘ttttsi

204 2908 366 2955 iipbt—ltrtiicum
381 2927 394 2944 (ι
406 2908 536 2951 (Tymbris,
550 2908 596 2949 'qui
611 2908 713 2941 incertis
728 2908 866 2938 errabundi
886 2908 1001 2936 sedibus,

1043 1699 1123 1732 usque
1136 1690 1299 1732 aana’olim
1313 1690 1433 1726 paludem
1443 1690 1561 1717 militiam
1575 1690 1716 1732 (igitur-unt.
1730 1687 1844 1716 Cimme-

1043 1727 1143 1754 riorum
1158 1726 1236 1754 clima
1252 1727 1396 1755 obscurum
1407 1733 1468 1753 esse
1476 1733 1507 1752 ac
1519 1726 1703 1758 tenebrosum,
1716 1727 1845 1759 putarunt

1043 1762 1156 1797 antiqui,
1171 1767 1196 1789 ut
1213 1762 1282 1789 idem
1299 1766 1432 1790 memorat
1449 1762 1475 1788 in
1498 1761 1593 1797 primo.
1620 1760 1695 1794 cujus
1709 1760 1748 1787 rei
1762 1759 1843 1787 etiam

1044 1796 1166 1825 meminit
1181 1798 1312 1826 ilomerus
1323 1798 1361 1825 sic
1372 1798 1486 1833 loquens
1499 1798 1531 1823 de
1544 1796 1697 1823 Cimmeriis
1711 1805 1717 1821 ε

1107 1855 1158 1880 Illis
1169 1856 1204 1881 sol
1217 1862 1340 1887 nunquam
1349 1855 1497 1880 Phaetontia
1509 1854 1601 1887 lumina
1613 1853 1717 1887 spargit,

1107 1887 1249 1912 Perniciosa
1257 1885 1333 1918 super
1345 1893 1394 1911 nox
1405 1892 1506 1917 semper
1519 1885 1628 1910 tenditur
1639 1885 1701 1909 istis.

1046 1931 1168 1959 Tibullus
1180 1939 1295 1967 quoque,
1310 1931 1444 1958 Homerici
1453 1930 1580 1958 carminis
1589 1929 1740 1962 mmulator,
1753 1927 1787 1954 ita
1798 1933 1845 1954 ce-

1046 1967 1111 1994 cinit
1127 1968 1152 1994 in
1168 1967 1276 1995 heroico
1291 1972 1432 2002 poemate:

1109 2012 1255 2038 Cimmerion
1265 2013 1341 2038 etiam
1353 2012 1468 2038 obscuras
1475 2012 1579 2036 accessit
1590 2010 1620 2035 ad
1631 2016 1711 2041 arces,

1109 2045 1174 2073 Quas
1187 2051 1311 2075 nunquam
1323 2044 1445 2068 candente
1455 2043 1509 2067 dies
1519 2042 1632 2074 apparuit
1643 2045 1710 2075 ortu,

1109 2076 1167 2101 Sive
1178 2073 1254 2108 super
1267 2079 1347 2100 terras
1358 2075 1474 2105 Phoebus,
1486 2073 1736 2099 seu'c’urreretinfra.

1047 2118 1112 2145 Cum
1127 2119 1215 2152 itaque
1228 2116 1435 2145 Cimmeriorum
1452 2116 1525 2151 regio
1538 2119 1610 2152 esset
1624 2113 1848 2152 tenebricosaLet

1047 2162 1094 2182 aer
1109 2147 1279 2188 eniiginosus,
1296 2153 1441 2181 deductum
1456 2147 1498 2179 est
1513 2150 1574 2178 inde
1586 2149 1763 2177 Proverbium
1776 2157 1783 2175 :
1797 2147 1848 2175 Te-

1047 2190 1130 2217 nebrae
1145 2189 1295 2217 Cimmeriae.

1086 2227 1257 2261 Anaxagorw.
1274 2225 1313 2252 De
1325 2231 1379 2259 quo
1390 2223 1445 2258 jam
1461 2222 1561 2250 dictum
1576 2225 1618 2249 est
1630 2227 1709 2255 supra
1724 2219 1793 2247 libro
1806 2226 1848 2251 ιιι,

1010 2254 1038 2284 D
1049 2269 1108 2296 cap.
1122 2262 1167 2289 25.

1087 2290 1141 2324 Sub
1153 2297 1206 2324 ovis
1220 2295 1294 2331 pelle.
1311 2294 1410 2323 Allndit
1426 2293 1460 2321 ad
1474 2293 1538 2321 illud
1553 2291 1651 2331 Christi
1668 2290 1772 2331 Domini
1790 2297 1850 2331 ver:

1050 2333 1124 2364 bum.
1140 2326 1235 2360 Matth.
1250 2339 1287 2358 vu
1306 2340 1312 2358 :
1329 2330 1420 2359 Cauete
1433 2330 1502 2357 vobis
1521 2338 1536 2356 a
1551 2326 1794 2365 pseudoprophetis,
1806 2326 1850 2361 qui

1049 2362 1152 2396 veniunt
1167 2369 1200 2396 ad
1215 2376 1257 2395 vos
1271 2368 1297 2395 in
1311 2367 1403 2394 vestitu
1416 2367 1509 2398 ouium,
1526 2362 1570 2392 sed
1584 2365 1652 2390 intus
1666 2366 1725 2389 sunt
1739 2362 1794 2397 lupi
1809 2370 1852 2388 ra.

1051 2413 1135 2439 paces.
1386 2438 1392 2439 ί
1494 2437 1499 2439 Α
1592 2404 1601 2412 '

1087 2440 1174 2468 Enim.
1191 2439 1316 2467 Additum
1331 2446 1367 2466 ex
1380 2438 1396 2466 6
1410 2437 1516 2466 excusis
1528 2440 1555 2464 et
1568 2435 1693 2462 omnibus
1706 2440 1772 2461 mss.
1785 2440 1850 2468 prte-

1051 2481 1093 2504 ter
1106 2477 1124 2503 ‘2
1139 2477 1204 2511 lieg.
1219 2484 1274 2503 rec.
1288 2475 1313 2502 itt
1326 2474 1520 2511 quibusdeest,
1534 2472 1602 2499 sicut
1615 2471 1680 2511 el_in
1694 2469 1772 2511 editis
1785 2476 1850 2511 ann.

1051 2513 1132 2546 H76,
1158 2506 1239 2545 1ἕ97,
1264 2506 1381 2539 1515ἐι
1401 2510 1483 2543 1515,
1506 2514 1586 2543 atque
1609 2506 1752 2534 delcttdurn
1773 2508 1852 2540 putat

1051 2548 1236 2576 lleumannus.

1088 2584 1112 2611 li
1128 2592 1198 2619 ergo.
1213 2583 1231 2609 Ξ
1245 2582 1310 2619 Reg.
1324 2579 1517 2619 otedjt._‘Crat.
1535 2578 1652 2619 Πίσαο.

1088 2612 1249 2646 Ι)εο.”Ἀ1)θδι
1261 2612 1315 2644 Det:
1328 2624 1343 2644 a
1355 2618 1372 2644 5
1387 2616 1504 2644 Colbert.
1519 2620 1545 2642 et
1559 2615 1576 2641 5
1588 2612 1709 2647 vulgatis.

1091 2655 1148 2682 Uno
1164 2655 1240 2682 semel
1251 2654 1347 2688 impetu
1361 2653 1536 2686 proﬂigarent.
1550 2650 1613 2677 Mss.
1627 2649 1643 2675 7
1655 2656 1711 2676 rec.
1723 2652 1750 2676 ct
1760 2648 1777 2676 5
1786 2648 1851 2676 edit.

1052 2691 1151 2718 habent
1164 2690 1249 2716 simul.

1090 2726 1277 2753 Monimenlum
1295 2723 1428 2759 injuslitim
1446 2719 1747 2759 sute_strux_eﬂnt._l\iss.
1770 2719 1812 2759 14,
1825 2723 1854 2746 ct

1053 2764 1117 2790 edit.
1166 2755 1331 2791 struxerunt}
1351 2760 1361 2785 1
1379 2759 1445 2786 lion.
1459 2757 1542 2791 antiq.
1556 2761 1583 2783 et
1595 2757 1661 2783 ’I’ax.
1674 2755 1852 2783 instruxerit".

1090 2797 1137 2824 Cui
1151 2796 1315 2831 Apologctica
1331 2803 1422 2821 nomen
1438 2801 1483 2820 est.
1507 2793 1552 2820 Sic
1572 2793 1673 2831 ppassim
1697 2792 1855 2831 I0qtll_{|llial

1054 2827 1220 2862 Lactantius.
1235 2827 1299 2858 Mss.
1316 2839 1369 2858 rce.
1385 2831 1402 2856 9.
1416 2831 1480 2864 Reg.
1497 2834 1523 2856 et
1538 2831 1554 2855 4
1568 2828 1644 2855 Colb.
1660 2828 1748 2855 ferunt
1759 2827 1856 2861 Apolo-

1054 2870 1171 2906 gelicon;
1191 2872 1199 2906 ι
1218 2868 1352 2906 licg._rcc.
1367 2872 1394 2906 et
1410 2866 1491 2906 ῌιςιιη.
1504 2864 1709 2906 tipqlogetious.‘

1091 2899 1403 2940 Dcfcitsione.VDe/etuio,
1418 2902 1461 2929 hic
1475 2905 1515 2929 est
1528 2899 1680 2928 afﬁrmatio.
