4090 6354
300 296 411 356 585

298 480 613 563 habendum
637 504 741 555 est.
764 493 999 553 Saturno
1036 490 1181 548 enim
1206 480 1743 559 regnante,noudutn
1770 480 1903 535 deo-

298 610 420 657 rum
470 592 711 651 cultibus
761 586 1024 646 institutis
1049 628 1063 650 ,
1113 598 1214 640 nec
1240 580 1419 638 adhuc
1471 577 1579 635 ulla
1629 584 1791 649 gente
1833 573 1901 629 ad

299 688 599 749 divinitatis
648 683 958 757 opinionem
996 685 1338 742 consecrata,
1364 674 1509 729 Deus
1537 671 1721 742 utique
1751 668 1900 724 cole-

297 786 478 843 batur.
509 781 579 838 Et
607 779 730 837 ideo
762 792 868 835 non
896 783 1056 833 erant
1081 786 1262 844 neque
1288 766 1655 826 dissensiones
1681 803 1697 833 ,
1725 774 1903 833 neque

298 880 600 941 inimicitia
623 919 640 946 ,
668 888 846 946 neque
867 870 1030 929 bella.

454 991 683 1050 Nondum
703 1000 918 1044 vesanos
928 986 1099 1037 rabies
1120 981 1393 1034 nudaverat
1418 988 1585 1041 enses,

297 1115 360 1166 ut
410 1098 767 1161 Germanicus
803 1094 988 1153 Czcsar
1014 1090 1067 1148 in
1095 1088 1310 1148 Arataeo
1348 1086 1585 1158 loquitur
1623 1082 1899 1140 carmine:

452 1212 561 1266 Nec
582 1207 963 1273 consanguineis
978 1203 1142 1256 fuerat
1165 1198 1406 1252 discordia
1425 1205 1555 1249 nota.

293 1326 470 1384 Immo
495 1337 565 1380 ne
589 1317 904 1389 alienigenis
930 1313 1150 1387 quidem
1178 1328 1192 1366 :
1222 1309 1317 1366 sed
1347 1321 1523 1379 neque
1554 1304 1648 1361 ulli
1680 1303 1905 1360 omnino

294 1418 500 1493 gladii,
529 1414 619 1487 qui
646 1412 1000 1475 nudarentur,
1035 1407 1271 1463 fuerunt.
1301 1401 1433 1472 Quis
1460 1399 1606 1456 enim
1638 1406 1905 1471 praesente

291 1491 363 1570 ac
381 1513 597 1583 vigente
616 1506 824 1580 justitia
849 1540 865 1572 ,
891 1511 983 1561 aut
1002 1501 1071 1559 de
1096 1500 1262 1558 tutela
1292 1498 1400 1565 sui,
1422 1511 1543 1553 cum
1581 1508 1743 1551 nemo
1768 1491 1902 1549 insi-

292 1606 537 1663 diaretur
563 1646 580 1671 ,
632 1609 727 1657 aut
775 1600 845 1655 de
898 1594 1136 1670 pernicie
1177 1590 1403 1650 alterius
1444 1590 1738 1663 cogitaret,
1779 1602 1905 1646 cum

289 1714 459 1759 nemo
485 1694 777 1769 quidquam
800 1686 1216 1761 concupisceret
1243 1685 1267 1741 ἲ

452 1809 705 1865 latebant
720 1806 864 1859 tenui
879 1802 1103 1856 contenti
1118 1800 1295 1853 vivere
1311 1796 1468 1860 cultu,

287 1930 355 1983 ut
398 1922 590 1980 Cicero
624 1918 681 1974 in
712 1927 813 1973 suo
838 1921 1023 1971 narrat
1042 1951 1056 1979 ,
1084 1905 1233 1983 quod
1272 1913 1358 1966 est
1396 1905 1673 1981 proprium
1702 1911 1904 1962 nostrae

288 2013 598 2089 religionis.

416 2128 495 2192 Ne
518 2128 729 2192 signare
743 2123 964 2192 quidem,
984 2130 1069 2174 aut
1090 2120 1262 2192 partiri
1283 2118 1440 2192 limite
1463 2128 1688 2185 campum
1720 2092 1723 2095 Ἴ

422 2186 523 2246 Fas
542 2184 653 2244 e'rat
675 2202 688 2242 :
715 2184 776 2240 ln'
789 2184 1008 2239 medium
1030 2184 1339 2250 quicrebant.

289 2298 506 2375 Quippe
534 2312 656 2355 cum
680 2295 823 2353 Deus
849 2305 1193 2351 communem
1216 2287 1467 2346 omnibus
1492 2293 1695 2345 terram
1719 2285 1900 2344 dedis-

290 2399 412 2461 set,
443 2398 505 2448 ut
528 2400 873 2448 communem
903 2384 1165 2457 degerent
1186 2381 1350 2437 vitam
1372 2423 1387 2449 ,
1417 2394 1525 2436 non
1549 2386 1610 2435 ut
1635 2378 1819 2435 rabida
1846 2385 1903 2434 et

286 2483 481 2546 furens
509 2481 733 2543 avaritia
759 2478 864 2540 sibi
884 2479 1064 2538 omnia
1082 2476 1414 2544 vendicaret,
1432 2489 1533 2532 nec
1558 2474 1655 2532 ulli
1685 2474 1904 2531 deesset

290 2580 438 2654 quod
495 2574 748 2636 omnibus
795 2581 1132 2633 nasceretur.
1188 2568 1345 2640 Quod
1386 2575 1560 2641 poetae
1595 2567 1800 2624 dictum
1824 2566 1904 2624 sic

289 2672 467 2747 accipi
492 2678 729 2746 oportet,
764 2684 870 2728 non
899 2674 960 2725 ut
988 2664 1360 2725 existimemus
1386 2662 1522 2720 nihil
1539 2663 1760 2719 omnino
1788 2668 1903 2719 tum

287 2768 461 2828 fuisse
490 2766 719 2842 privati,
747 2764 842 2823 sed
894 2776 1046 2820 more
1067 2762 1279 2834 poetico
1308 2749 1624 2829 ﬁguratum;
1656 2764 1714 2811 ut
1735 2756 1899 2813 intel-

287 2866 526 2940 iigamus
549 2909 564 2935 ,
598 2875 705 2921 tam
736 2858 988 2919 liberales
1009 2857 1179 2917 fuisse
1216 2857 1467 2914 homines
1486 2896 1500 2925 ,
1531 2864 1588 2912 ut
1616 2860 1769 2911 natas
1796 2855 1900 2913 sibi

297 2960 487 3032 fruges
515 2973 620 3015 non
651 2944 1013 3021 includerent,
1044 2966 1148 3009 nec
1189 2951 1292 3007 soli
1318 2948 1649 3006 absconditis
1680 2947 1902 3003 incuba-

286 3058 449 3120 rent,
474 3050 571 3108 sed
597 3063 865 3124 pauperes
889 3046 961 3104 ad
996 3044 1435 3104 communionem
1467 3041 1674 3114 preprii
1701 3040 1903 3098 laboris

285 3145 663 3203 admitterent.

1513 270 1718 331 LIBER
1753 268 1821 328 Ὺ.
1864 266 1954 326 DE
1991 264 2318 327 JUSTITIA.

298 409 454 483 Quod
482 404 703 481 quidem
726 416 835 462 non
875 414 977 473 pro
1002 397 1216 471 poetica
1243 394 1487 460 ﬁctione,
1517 390 1614 449 sed
1632 403 1741 483 pro
1767 401 1897 483 vero
1924 387 1979 451 Α

1938 1793 1986 1854 Β

3504 249 3612 311 566

2124 381 2348 433 Flumina
2361 379 2464 444 jam
2481 379 2643 443 lactis,
2663 377 2767 455 jam
2785 377 2985 429 flumina
3002 374 3218 426 nectaris
3236 373 3391 424 ibant.

2004 489 2115 546 Nec
2140 488 2335 544 mirum
2364 530 2378 553 ,
2407 501 2530 542 cum
2554 484 2921 556 promptuaria
2954 482 3223 553 justorum
3254 477 3487 549 benigne
3513 491 3609 545 pa-

2006 592 2185 642 terent
2230 582 2512 647 omnibus;
2556 596 2657 636 nec
2685 579 2911 635 avaritia
2958 575 3304 646 intercipiens
3350 570 3613 628 beneﬁcia

2004 680 2218 746 divina,
2277 677 2473 732 famem
2526 675 2775 745 sitimque
2823 671 2980 742 vulgo
3024 668 3272 724 faceret:
3306 663 3403 722 sed
3424 678 3617 720 omnes

2005 772 2285 845 atqualiter
2311 767 2682 831 abundarent,
2704 780 2826 821 cum
2854 763 3118 819 habentes
3143 775 3255 816 non
3284 756 3612 814 habentibus

2004 867 2153 937 large
2179 863 2507 935 copioseque
2546 859 2832 915 donarent.
2865 856 2970 915 Sed
3020 864 3303 928 postquam
3348 851 3615 908 Saturnus

2006 974 2036 1016 a
2063 959 2175 1016 ﬁlio
2197 956 2386 1030 pulsus
2412 997 2426 1021 ,
2456 953 2511 1010 in
2530 951 2850 1024 Latiumque
2879 948 3088 1007 delatus
3108 955 3211 1014 est,

2130 1120 2277 1173 Arma
2293 1120 2431 1171 Jovis
2448 1116 2665 1183 fugiens,
2691 1120 2744 1171 et
2765 1115 2937 1178 regnis
2958 1112 3104 1165 exsul
3125 1111 3404 1176 ademptis;

2005 1291 2128 1333 cum
2179 1275 2289 1345 jam
2347 1271 2579 1344 populus
2616 1270 2701 1325 vel
2753 1267 2882 1324 novi
2941 1267 3087 1338 regis
3153 1273 3337 1332 metu,
3394 1262 3479 1319 vel
3522 1278 3618 1321 sua

2007 1376 2201 1441 sponte
2232 1367 2575 1438 depravatus,
2601 1363 2770 1418 Deum
2801 1360 2981 1415 colere
3007 1357 3278 1424 desiisset,
3324 1371 3619 1427 regemque

2006 1476 2105 1534 pro
2158 1459 2269 1516 Deo
2321 1456 2525 1512 habere
2572 1454 2869 1525 crepisset;
2922 1465 3045 1507 cum
3077 1449 3196 1521 ipse
3223 1448 3618 1519 propemodum

2005 1551 2275 1627 parricida
2320 1548 2570 1620 exemtilo
2616 1546 2831 1604 caeteris
2879 1551 3028 1601 esset
3064 1540 3133 1599 ad
3160 1540 3469 1598 violandam
3498 1540 3616 1614 pie-

2006 1655 2172 1702 tatem
2206 1662 2220 1698 :

2196 1778 2441 1831 Deseruit
2464 1787 2680 1841 propere
2704 1781 2866 1826 terras
2874 1772 3142 1837 justissima
3159 1772 3330 1834 virgo;

2020 1888 2116 1946 sed
2145 1902 2251 1945 non
2274 1928 2292 1955 ,
2322 1892 2378 1941 ut
2408 1884 2485 1939 ait
2512 1880 2704 1939 Cicero
2733 1898 2747 1937 :

2196 2020 2262 2073 Et
2275 2019 2415 2071 Iovis
2431 2021 2485 2069 in
2506 2029 2685 2082 regno,
2709 2015 2923 2080 emitque
2945 2017 2996 2066 in
3021 2017 3163 2078 parte
3186 2011 3399 2065 resedit.

2010 2150 2293 2222 Quomodo
2342 2148 2488 2206 enim
2546 2155 2757 2219 poterat
2807 2147 2860 2202 in
2890 2146 3009 2217 ejus
3039 2160 3211 2217 regno
3240 2136 3501 2213 residere,
3534 2154 3629 2201 aut

2009 2244 2337 2304 commorari
2362 2285 2377 2311 ,
2426 2241 2519 2314 qui
2569 2250 2778 2313 patrem
2807 2256 2977 2314 regno
3002 2240 3239 2312 expulit,
3270 2239 3417 2298 bello
3440 2254 3626 2316 perse-

2012 2350 2168 2398 cutus
2194 2347 2301 2407 est,
2349 2335 2595 2394 exsulem
2621 2343 2734 2392 toto
2761 2334 2894 2390 orbe
2921 2332 3188 2406 iactavit?

2167 2473 2260 2524 Ille
2278 2471 2457 2521 malum
2478 2470 2615 2521 virus
2636 2470 2957 2533 serpentibus
2976 2466 3164 2520 addidit
3185 2468 3321 2533 atris,

2167 2535 2493 2599 Praedamque
2520 2533 2661 2597 lupos
2677 2532 2824 2596 jussit
2848 2546 2860 2581 :

2015 2668 2071 2726 id
2127 2674 2247 2733 est,
2298 2663 2482 2722 odium
2512 2706 2527 2733 ,
2579 2668 2634 2719 et
2688 2658 3287 2729 invidiam,etdolnm
3314 2656 3625 2715 hominibus

2012 2762 2239 2838 inserit,
2290 2768 2348 2815 ut
2391 2768 2501 2831 tam
2540 2765 2756 2823 essent,
2797 2769 2958 2827 quam
2987 2761 3306 2824 serpentes,
3334 2752 3620 2821 venenati,

2020 2864 2129 2911 tam
2181 2865 2410 2925 rapaces
2449 2865 2611 2923 quam
2642 2848 2772 2921 lupi.
2817 2846 2972 2915 Quod
3003 2844 3223 2917 quidem
3261 2859 3392 2901 vere
3421 2843 3625 2901 faciunt

2013 2947 2063 3020 ii,
2083 2949 2175 3019 qui
2222 2946 2399 3018 justos
2422 2959 2486 3000 ac
2514 2943 2701 2999 ﬁdeles
2755 2943 2868 2998 Deo
2908 2948 3304 3013 persequuntur
3331 2982 3345 3007 ,
3389 2938 3629 3010 dantque

2012 3040 2283 3113 iudicibus
2340 3037 2599 3095 smviendi
2646 3035 2905 3093 adversus
2969 3035 3219 3091 innoxios
3269 3041 3621 3107 potestatem.

1932 3126 1978 3192 C
2010 3135 2268 3192 Fortasse
2286 3131 2490 3205 aliquid
2514 3128 2781 3204 ejusmodi
2824 3127 3033 3202 Jupiter
3078 3127 3300 3196 fecerit,
3329 3126 3397 3184 ad
3450 3138 3622 3199 expu-

1619 3275 1981 3336 YARIORUM
2017 3272 2247 3334 NOTAE.

364 3427 483 3484 Nec
532 3425 703 3481 adhuc
750 3424 861 3480 ulla
897 3431 1045 3493 gente
1067 3463 1083 3489 ,
1113 3418 1310 3493 etcrln
1335 3417 1655 3493 27Amss._et
1679 3419 1722 3493 ζ’)Δ
1738 3417 1901 3493 editis

283 3513 373 3559 est
418 3500 533 3555 illa.
578 3494 767 3554 Melius
808 3488 920 3550 ιιιιᾶ
970 3494 1023 3549 in
1070 3488 1319 3554 eteteris;
1359 3488 1428 3545 ad
1466 3488 1594 3560 quid
1637 3488 1781 3560 enim
1807 3488 1901 3544 illa

284 3558 486 3630 referri
542 3580 758 3641 potest,
799 3582 920 3623 cum
952 3564 1156 3641 nullius
1178 3562 1354 3633 gentis
1382 3558 1542 3641 supra
1570 3558 1734 3641 fuerit
1760 3558 1901 3641 facta

281 3646 492 3702 mentio
508 3631 911 3697 i'lleumannus
934 3647 1112 3693 tamen
1144 3631 1310 3691 fretus
1328 3631 1554 3688 vetustis
1573 3631 1902 3688 editionibus

284 3716 571 3773 existimat
595 3710 882 3777 legendum
904 3724 1027 3766 esse
1053 3707 1168 3775 illa,
1200 3704 1352 3777 quasi
1381 3708 1570 3776 agatur
1590 3704 1657 3760 de
1680 3702 1903 3760 Saturni

284 3783 502 3865 familia
517 3803 547 3865 ¹;
581 3782 675 3841 sed
706 3782 846 3839 male
867 3824 881 3848 ,
915 3795 974 3865 ut
1003 3791 1155 3865 puto.

362 3857 614 3915 Nondum
637 3870 848 3911 uesanos
876 3868 894 3910 :
919 3850 1144 3908 Ovidius
1168 3866 1182 3905 ε

444 3952 557 4015 Non
573 3951 751 4015 galeae,
778 3962 878 4000 non
896 3947 1177 4015 emiserat,
1204 3945 1316 4015 sine
1340 3939 1512 4015 militis
1536 3954 1629 3993 usu

449 4008 617 4066 Molli'a
633 4008 823 4065 securze
849 4008 1167 4078 peragebant
1185 4008 1285 4059 otia
1308 4014 1510 4071 gentes.

362 4122 639 4189 Loquitur.
672 4119 787 4176 Hoc
810 4117 1036 4173 verbum
1061 4113 1244 4189 addidi
1272 4127 1336 4168 ex
1370 4124 1509 4167 mss;
1529 4118 1584 4166 et
1612 4108 1737 4165 edd.
1762 4109 1907 4181 quod

287 4196 344 4251 in
372 4187 647 4250 nonnullis
673 4189 902 4262 vulgatis
925 4204 1034 4262 rec.
1062 4187 1234 4243 deest.

366 4266 533 4321 Nota.
574 4264 634 4320 ld
689 4252 1087 4319 observandum
1112 4300 1126 4322 .
1169 4256 1311 4329 quod
1350 4255 1493 4326 apud
1522 4252 1900 4311 Germanicum

290 4339 662 4411 legiturunata.
685 4334 790 4411 sed
820 4333 960 4388 idem
990 4332 1101 4387 fere
1127 4345 1317 4411 sensus
1348 4336 1450 4383 est.

369 4399 440 4481 Ut
470 4409 663 4481 ACi_cero
716 4404 769 4459 in
809 4420 903 4481 suo
932 4412 1130 4481 narrat.
1161 4400 1236 4456 ita
1265 4399 1434 4481 ferme
1461 4412 1651 4481 omnes
1681 4412 1813 4481 mss.
1846 4407 1901 4454 et

292 4482 326 4535 7
349 4479 502 4537 editi.
534 4478 600 4535 Et
625 4488 791 4534 recte.
820 4475 936 4532 Jam
968 4476 1111 4530 enim
1143 4473 1416 4543 prtrcessit
1438 4512 1452 4536 ,
1480 4480 1535 4523 ut
1562 4469 1898 4543 Germanicus

292 4552 469 4610 Ctesar
519 4552 573 4604 in
625 4552 825 4605 Arataeo
875 4548 1095 4616 loquitur
1122 4540 1364 4616 c’artttine.
1390 4541 1548 4616 dun,
1572 4540 1708 4596 Ultr.
1731 4585 1746 4609 ,
1781 4551 1840 4616 et
1865 4541 1897 4596 7

292 4624 483 4681 excusi
508 4664 523 4688 ,
552 4620 619 4678 Ut
644 4620 818 4676 Cicero
861 4619 916 4673 in
939 4610 1034 4673 suo
1063 4616 1135 4670 ait
1166 4614 1364 4682 Arato;
1389 4614 1414 4669 l
1450 4612 1659 4688 Bonan.
1686 4610 1854 4688 a_n_tiq.
1881 4654 1898 4681 ,

292 4704 351 4750 ut
408 4682 562 4749 Maro
606 4695 659 4747 in
708 4707 834 4757 suo,
884 4690 1070 4755 elc.,i
1103 4690 1235 4757 tteg.
1272 4682 1900 4757 t'ec.,i_(1()lb;,Li_ps.,

292 4768 492 4831 Brun.,
524 4776 581 4820 ut
613 4754 858 4834 Virgilius
879 4763 932 4816 in
956 4778 1049 4817 suo
1076 4754 1275 4834 narrat,
1301 4754 1607 4834 quod._Qu:n
1633 4754 1903 4834 Bentleius

292 4837 349 4894 in
378 4826 772 4893 commentario
795 4849 893 4888 suo
923 4835 989 4888 ad
1020 4835 1159 4886 hunc
1182 4826 1355 4885 locum
1391 4826 1581 4893 habet,
1615 4841 1802 4897 parum
1835 4826 1904 4883 ad

294 4926 411 4966 rem
444 4918 687 4965 nostram
713 4905 934 4961 faciunt.
970 4905 1037 4959 At
1056 4903 1367 4959 Lactantius
1385 4898 1548 4954 modo
1569 4897 1901 4968 Germanici,

296 4982 464 5037 modo
493 4978 770 5036 Ciceronis
798 4976 1134 5031 Aratmorum
1169 4972 1518 5029 translatione
1548 4972 1735 5025 utitur.

370 5052 459 5108 Ne
481 5054 685 5124 signare
703 5093 717 5115 ,
746 5048 977 5124 etc._llic
1006 5058 1192 5102 versus
1220 5045 1454 5101 Maronis
1479 5050 1561 5097 est
1583 5084 1597 5109 ,
1628 5057 1697 5124 ex
1718 5041 1902 5124 primo

297 5114 551 5194 Georgic'.
607 5138 750 5194 vers.
775 5191 787 5194 _
809 5120 913 5194 126
939 5162 953 5186 ,
984 5132 1105 5190 quae
1130 5130 1384 5194 expresse
1428 5116 1680 5194 nequenin
1702 5114 1900 5194 Arato,

299 5184 476 5262 neque
504 5196 560 5250 in
593 5191 827 5250 Hesiodo
858 5184 1126 5264 leguntur.
1156 5184 1310 5260 Apud
1341 5184 1566 5245 Aratum
1607 5184 1747 5243 forte
1788 5187 1904 5242 haec

300 5268 553 5325 excolere
580 5266 788 5325 voluit:

521 5385 628 5436 Ᾱὶλὰ
651 5393 733 5444 μις
754 5389 911 5445 ἄροτρα,
931 5391 995 5431 καὶ
1035 5390 1130 5439 ἀυτὴ
1144 5390 1275 5429 πότνια
1294 5389 1393 5427 λαῶν

557 5458 679 5511 Magia
690 5458 815 5496 πάντα.
832 5459 984 5508 Metili
1002 5450 1086 5503 δίκη
1111 5449 1265 5505 Schutch
1287 5448 1453 5491 δίκαιοιν.

302 5555 432 5622 Quae
453 5553 615 5610 etiam
647 5551 997 5609 Germanicus
1047 5548 1268 5622 copiose
1310 5547 1733 5605 circumlocntus
1783 5557 1900 5616 est,

308 5626 585 5700 Virgilium
607 5624 836 5682 fortasse
864 5632 1081 5680 secutus
1106 5639 1120 5676 :

424 5740 636 5792 Divitias
658 5738 943 5803 fructusque
967 5738 1113 5789 dabat
1130 5730 1316 5801 placata
1335 5734 1507 5803 colono

431 5804 619 5866 Sponte
642 5815 728 5852 sua
751 5798 918 5865 tellu's,
938 5814 1034 5851 nec
1057 5798 1189 5866 parvi
1221 5798 1465 5866 terminus
1487 5799 1595 5863 agri

430 5864 704 5942 Praestabat
721 5864 928 5933 dominis
950 5864 1092 5941 signo
1111 5864 1350 5935 tutissima
1372 5876 1507 5929 rura.

2081 3415 2152 3471 In
2177 3413 2421 3470 medium.
2471 3411 2528 3469 Id
2566 3422 2679 3480 est,
2726 3412 2779 3467 in
2805 3420 3114 3468 commune.
3142 3408 3224 3465 Ex
3264 3409 3488 3466 Marone
3516 3410 3622 3466 ite-

2011 3504 2132 3544 rum
2162 3488 2303 3544 libro
2327 3486 2397 3542 de
2422 3486 2528 3551 ira,
2561 3500 2610 3541 c.
2639 3486 2669 3539 7
2698 3502 2710 3539 :
2736 3483 2802 3537 In
2844 3482 3068 3538 medium
3092 3481 3305 3553 quazst'ta
3347 3491 3619 3553 reponunt.

2012 3560 2221 3618 Seneca
2259 3557 2577 3631 Agamemn.
2636 3571 2693 3610 v.
2728 3554 2876 3612 666:
2906 3555 2975 3609 In
2999 3555 3222 3610 medium
3261 3553 3448 3679 deﬂére
3478 3569 3618 3608 suos.

3392 3641 3477 3679 nu.

2086 3702 2198 3758 Nec
2217 3703 2314 3758 ulli
2343 3703 2551 3759 deesset.
2580 3700 2682 3756 Ms.
2707 3702 2731 3755 i
2765 3699 2972 3754 Bouon.
3002 3698 3196 3769 antiq.,
3216 3713 3308 3753 nec
3328 3641 3619 3754 imitatum

2013 3784 2126 3840 est;
2153 3775 2424 3838 Latinius,
2456 3791 2550 3828 nec
2574 3773 2670 3828 ulli
2698 3774 2876 3827 datum
2901 3781 3047 3826 esset.

2094 3848 2334 3902 Omnino.
2369 3846 2601 3918 Thysius
2623 3845 2780 3911 omni,
2804 3842 3097 3918 _sed_mal_e.

2087 3919 2359 3975 Flumina.
2414 3913 2617 3973 Versus
2665 3927 2747 3972 est
2793 3915 2949 3970 Ovid.
2999 3914 3356 3982 Metamorph.
3394 3913 3618 3970 tinitio.

2010 3988 2430 4117 lCujuslvestigia
2460 4004 2562 4045 nec
2591 3989 2732 4059 apud
2760 3984 3078 4055 Hesiodum,
3102 4000 3204 4042 nec
3222 3986 3366 4058 apud
3394 3988 3617 4042 Aratum

2033 4078 2171 4117 eeun
2202 4080 2286 4117 ur.
3095 4108 3103 4115 .

2033 4073 2286 4133 eguntur.
2324 4129 2337 4133 Α
2654 4130 2695 4133 Α
2982 4129 3024 4133 _
3095 4108 3103 4115 .

2084 4128 2264 4190 Arma.
2318 4129 2521 4189 Versus
2547 4143 2631 4188 est
2652 4130 2804 4201 Virg.
2836 4146 2928 4185 vm
2959 4129 3201 4198 JEneid.,
3230 4128 3357 4185 520.
3401 4130 3537 4190 Vide
3565 4140 3620 4188 ct

2008 4206 2068 4263 S.
2097 4206 2458 4277 Augustinum
2481 4204 2549 4260 de
2580 4204 2737 4261 Civit.
2770 4203 2980 4277 De_i_lib.
3003 4218 3106 4277 vn.
3125 4216 3245 4270 cap.
3268 4202 3358 4277 26ξ

2080 4273 2314 4333 Deseruit
2362 4292 2579 4348 propere
2618 4286 2797 4348 terras.
2839 4273 2967 4348 Mss.
2996 4275 3033 4348 ἓ
3061 4274 3269 4348 Bonon.
3292 4317 3307 4340 ,
3338 4274 3532 4348 5Reg.
3563 4286 3619 4331 et

2007 4350 2033 4405 1
2065 4349 2231 4406 Brun.
2260 4344 2503 4422 proprie;
2544 4363 2611 4403 ex
2648 4346 2971 4422 Germanico
2994 4344 3292 4422 Caesarem
3322 4346 3470 4400 Arati
3488 4344 3617 4401 car-

2004 4415 2275 4485 minibus,
2326 4415 2415 4475 ubi
2458 4429 2615 4490 poeta
2643 4417 2909 4488 expressit
2934 4415 3078 4486 quod
3116 4416 3184 4472 de
3208 4415 3385 4473 ferreo
3413 4418 3615 4478 saeculo

1922 4521 1977 4582 υ
2002 4493 2270 4582 "etesse
2298 4493 2714 4582 necessitas;

2076 4556 2275 4619 Cicero.
2300 4556 2405 4631 Qui
2437 4562 2524 4616 hic
2550 4559 2843 4616 Hesiodum
2874 4556 3052 4631 potius
3082 4575 3243 4632 quam
3272 4561 3494 4617 Aratum
3520 4574 3612 4617 se-

2006 4644 2163 4690 cutus
2205 4644 2306 4690 est.
2360 4634 2628 4689 Craterum
2649 4632 2716 4688 de
2742 4648 2909 4688 aureo
2937 4634 3135 4688 surculo
3176 4633 3293 4703 lege
3329 4633 3613 4689 Platonem

2008 4706 2062 4761 in
2094 4706 2321 4762 Politico
2340 4748 2354 4773 ,
2388 4705 2477 4761 ubi
2506 4704 2625 4759 aliis
2652 4720 2773 4777 cum
2801 4704 3151 4777 scriptoribus
3188 4705 3458 4777 convenit.

2078 4777 2306 4834 Resedit.
2340 4778 2414 4835 ita
2436 4791 2568 4832 mss.
2593 4784 2648 4831 et
2672 4775 2823 4834 editi.
2853 4777 2876 4831 1
2903 4775 3055 4832 Colb.
3082 4790 3190 4830 rec.
3225 4775 3429 4842 residet,
3460 4790 3612 4831 men-

2007 4848 2169 4918 dose,
2198 4867 2296 4922 pro
2325 4848 2545 4917 resedit,
2582 4848 2775 4906 litteris
2822 4847 3180 4920 transpositis.
3212 4846 3431 4904 Grotius
3459 4847 3608 4921 legit,

1929 4984 1933 4993 ,
2006 4933 2209 4993 recepta
2231 4935 2323 4979 est.

2050 4990 2198 5077 Illle.
2229 4993 2429 5077 Yersus
2456 4992 2600 5077 Yirg.
2630 5010 2649 5049 ι
2673 4993 2895 5077 Georg.,
2921 4991 3154 5077 159nm
3175 4990 3383 5077 Jovem,
3404 5007 3612 5077 Aquam-

2009 5067 2093 5122 vis
2145 5067 2430 5150 optimum,
2458 5064 2588 5122 facit
2635 5076 2911 5122 auctorem
2959 5064 3115 5131 mali;
3144 5080 3249 5136 quo
3279 5064 3339 5118 lit
3364 5073 3422 5120 ut
3466 5064 3609 5123 Deus

2007 5154 2115 5194 llOl'i
2143 5149 2233 5194 δη.

2078 5209 2296 5293 Inserit.
2337 5209 2475 5293 _l_liss.
2500 5208 2535 5263 2
2567 5209 2714 5293 βθε.
2771 5224 2883 5293 rec.
2932 5216 2988 5293 et
3034 5208 3062 5263 1
3090 5206 3331 5293 polbert.
3358 5210 3522 5293 sevit;
3555 5211 3609 5266 in

2010 5283 2078 5339 18
2108 5298 2219 5340 rec.
2250 5291 2305 5338 et
2335 5283 2368 5339 5
2397 5282 2632 5348 excusis,
2660 5278 2890 5336 inseruit.
2949 5279 3105 5351 Apud
3154 5278 3432 5351 Buneman
3472 5282 3613 5336 inse-

2006 5355 2132 5409 ruit.
2159 5386 2234 5395 —
2260 5352 2330 5410 Ut
2364 5353 2620 5408 Boethius
2661 5353 2700 5408 l.
2729 5370 2745 5408 ι
2774 5350 3019 5418 Censet,
3049 5367 3103 5420 p.
3136 5350 3208 5405 44
3242 5369 3254 5404 :
3288 5350 3612 5420 Sapientiam

2007 5428 2253 5481 mentibus
2304 5425 2533 5480 inseruit
2587 5424 2762 5490 Deus;
2799 5425 2911 5479 etl.
2940 5440 3021 5489 ιιι,
3048 5423 3200 5479 Pros.
3242 5436 3320 5478 n:
3353 5423 3610 5481 Mentibus

2010 5497 2272 5554 hominum
2292 5497 2396 5552 ueri
2423 5496 2541 5550 boni
2585 5496 2886 5550 naturaliter
2912 5495 3112 5552 inserta
3138 5494 3416 5567 cupiditas.
3445 5494 3604 5555 Conf.

2007 5580 2120 5625 not.
2152 5571 2189 5625 l.
2214 5585 2301 5635 γι,
2329 5584 2449 5635 cap.
2485 5569 2571 5625 15.
2601 5567 2733 5623 Βυω.

2094 5640 2355 5722 Venenati.
2377 5636 2498 5722 _Hoc
2520 5648 2602 5695 est
2623 5638 2933 5722 pernicjpsi,
2969 5636 3231 5722 pestiferi,
3264 5650 3318 5722 e_t
3343 5638 3396 5696 in
3421 5639 3605 5722 homi—

2008 5726 2138 5796 num
2189 5712 2481 5796 perniciem
2527 5713 2668 5795 nati,
2697 5722 2758 5766 ut
2798 5711 3061 5796 Meropis,
3093 5711 3373 5782 Caligulte,
3418 5713 3606 5770 Domi-

2011 5784 2140 5840 tiani
2162 5825 2176 5851 ,
2198 5793 2255 5839 et
2280 5783 2332 5839 id
2358 5796 2526 5850 genus
2553 5783 2928 5839 animantium.
2958 5784 3275 5842 Summus.

2082 5854 2302 5925 Fuerit.
2334 5854 2433 5913 Ms.
2465 5855 2489 5911 1
2519 5852 2728 5913 Bonon.
2755 5861 2975 5929 facerm;
3001 5856 3241 5917 nonnulli
3286 5855 3413 5919 editi
3462 5858 3603 5929 feeit.
