4090 6354
469 273 573 328 fit}?

1508 281 1694 338 FIRM.
1739 282 2106 340 LACTANTII
2148 285 2354 344 DIVIN.
2402 290 2642 352 INSTIT.

3677 310 3776 368 568

462 395 693 448 nandant
739 395 1137 468 tollendamque
1157 397 1417 468 justitiam
1446 417 1460 465 ;
1490 410 1545 456 et
1583 401 1790 458 idcirco
1818 402 2081 460 ell‘erasse
2107 407 2163 468 Λ
2188 406 2547 467 multitudinis
2601 422 2904 474 tuerentur.
2957 419 3184 477 Tantum
3235 423 3398 496 igitur
3433 429 3775 498 auctoritate,

460 499 741 561 serpentes
764 533 777 554 ,
806 506 869 546 ac
895 492 1048 562 lupos
1075 493 1284 548 acuisse
1317 495 1578 550 tradatur.

552 626 674 674 'l‘um
699 624 816 676 belli
837 626 1022 689 rabies,
1045 635 1098 677 et
1120 642 1254 677 amor
1277 631 1517 680 successit
1543 630 1778 680 habendi.

455 727 640 800 Neque
687 731 979 787 immerito.
1029 731 1248 789 Sublata
1297 734 1440 789 enim
1477 735 1567 789 Dei
1598 735 1860 806 religione
1885 777 1898 800 ,
1937 735 2068 791 boni

457 837 669 893 quoque
691 839 754 878 ac
778 824 902 878 mali
935 825 1212 880 scientiam
1240 826 1608 896 perdiderunt.
1637 827 1728 882 Sic
1756 827 2066 885 hominibus

455 915 728 972 intercidit
761 919 1119 974 communitas
1150 920 1273 974 vitae
1298 964 1312 985 ,
1345 930 1398 976 et
1427 920 1752 991 diremptum
1783 930 1864 976 est
1892 921 2067 978 ftedus

453 1010 729 1065 societatis
777 1011 1048 1068 humanae.
1101 1013 1235 1068 Tum
1282 1015 1421 1070 inter
1457 1029 1516 1069 se
1565 1030 1754 1069 manus
1778 1029 2066 1072 conserere

451 1110 763 1171 coeperunt,
815 1113 870 1157 et
916 1103 1197 1171 insidiari,
1223 1115 1279 1161 et
1325 1106 1552 1177 gloriam
1593 1107 1694 1162 sibi
1724 1122 1789 1163 ex
1829 1108 2064 1166 humano

454 1195 714 1265 sanguine
741 1212 1081 1268 comparare.

1073 1313 1303 1373 CAPUT
1345 1316 1432 1372 Vl.

452 1429 1387 1504 It‘xplosajustitia,cupiditas,iniqute
1399 1435 1554 1505 leges,
1568 1434 1808 1500 audacia,
1823 1435 2058 1501 avaritia,

526 1524 755 1588 ambitio,
773 1525 1006 1594 superbia
1025 1567 1038 1590 ,
1064 1526 1318 1596 impietas,
1349 1527 1548 1597 aliaque
1581 1537 1855 1598 regnarunt
1878 1528 2014 1582 vitia.

523 1637 765 1704 Quorum
821 1641 1056 1694 omnium
1108 1641 1370 1695 malorum
1415 1641 1534 1697 fons
1583 1643 1847 1713 cupiditas
1895 1651 2055 1699 erat:

452 1746 573 1800 qua:
614 1732 825 1785 scilicet
877 1748 941 1787 ex
993 1743 1304 1804 contemptu
1335 1749 1478 1789 verte
1537 1735 1830 1805 majestatis
1855 1736 2051 1805 erupit.

2171 516 2427 579 quantum
2464 507 2697 575 viribus,
2743 520 2835 566 aut
2864 513 3058 582 Opibus
3081 558 3094 582 ,
3136 525 3229 571 aut
3259 518 3461 574 malitia
3511 523 3777 591 praevale-

2171 601 2320 656 bant.
2372 600 2440 656 Et
2463 601 2713 672 quoniam
2766 605 2974 660 nullum
3022 607 3074 662 in
3123 608 3208 664 his
3232 613 3511 684 vestigium
3554 615 3779 686 justitite

2169 691 2304 758 fuit,
2341 693 2496 763 cujus
2522 693 2697 750 ofﬁcia
2725 706 2850 752 sunt
2877 697 3219 771 humanitas,
3257 706 3514 776 aequitas,
3569 709 3782 766 miseri-

2169 783 2383 851 cordia,
2429 785 2538 856 jam
2582 789 2812 858 superba
2852 799 2907 846 et
2928 793 3129 850 tumida
3178 795 3539 866 inaequalitate
3578 802 3782 872 gaude-

2169 873 2332 940 bant;
2392 875 2718 948 altioresque
2748 895 2808 936 se
2860 884 3074 939 caeteris
3105 885 3444 957 hominibus,
3483 893 3783 950 satellitum

2167 967 2425 1022 comitatu
2449 1009 2464 1034 ,
2500 978 2556 1024 et
2584 967 2765 1037 ferro,
2810 980 2866 1028 et
2893 973 3089 1047 insigni
3131 987 3282 1034 veste
3323 979 3615 1040 faciebant.
3644 984 3784 1042 Hinc

2169 1058 2402 1116 honores
2429 1061 2529 1118 sibi
2558 1105 2572 1128 ,
2604 1073 2658 1119 et
2704 1080 3000 1138 purpuras,
3030 1080 3087 1126 et
3124 1070 3298 1130 fasces
3328 1076 3691 1145 invenerunt,
3722 1090 3783 1138 ut

2167 1157 2436 1211 securium
2485 1157 2893 1232 gladiorumque
2942 1171 3152 1223 terrore
3181 1169 3433 1237 subnixi,
3479 1175 3634 1243 quasi
3655 1175 3780 1246 jure

2165 1248 2508 1306 dominorum
2548 1254 2813 1323 perculsis
2843 1271 2905 1312 ac
2951 1260 3271 1328 paventibus
3311 1263 3662 1334 imperarent.
3721 1268 3778 1324 In

2165 1343 2266 1399 hac
2293 1345 2604 1402 cnnditione
2643 1347 2936 1406 humanam
2985 1354 3148 1409 vitam
3177 1370 3274 1411 rex
3319 1357 3408 1413 ille
3454 1361 3776 1428 constituit,

2165 1437 2278 1506 qui,
2307 1437 2577 1494 debellato
2622 1454 2686 1495 ac
2741 1441 2926 1513 fugato
2956 1455 3184 1515 parente
3205 1490 3219 1513 ,
3251 1463 3357 1504 non
3386 1465 3612 1522 regnum
3635 1495 3651 1519 ,
3679 1453 3778 1509 sed

2166 1529 2385 1599 impiam
2423 1533 2761 1602 tyrannidem
2806 1535 2859 1590 vi
2909 1546 2962 1593 et
3002 1537 3311 1598 hominibus
3341 1546 3566 1599 armatis
3619 1561 3783 1603 occu-

2165 1622 2342 1690 pavit;
2389 1633 2444 1679 et
2470 1639 2692 1680 aureum
2723 1627 2852 1682 illud
2879 1629 3194 1704 justumqne
3231 1636 3488 1691 sarculum
3519 1640 3778 1706 sustulit,

2163 1716 2444 1787 coegitque
2486 1717 2735 1775 homines
2763 1721 2934 1777 malos
2973 1733 3028 1779 et
3055 1725 3250 1796 impios
3285 1727 3436 1796 fieri,
3467 1731 3553 1785 vel
3581 1747 3650 1787 ex
3679 1731 3780 1788 hoc

451 1821 568 1876 Non
600 1830 803 1876 tantum
832 1823 1012 1890 enim,
1049 1840 1156 1878 non
1199 1803 1582 1895 participabant
1616 1803 1752 1881 alios
1791 1827 1822 1880 ii
1865 1827 2045 1896 quibus

2165 1809 2316 1878 ipso,
2366 1809 2509 1879 quod
2549 1811 2692 1880 ipsos
2731 1815 2929 1870 avertit
2957 1830 2986 1869 a
3032 1816 3147 1872 Deo
3174 1817 3240 1872 ad
3288 1833 3348 1876 se
3395 1820 3772 1877 adorandum:

450 1912 650 1983 aliquid
707 1914 997 1969 afﬂuebat:
1056 1917 1148 1970 sed
1191 1917 1364 1971 aliena
1397 1933 1609 1988 quoque
1638 1917 1950 1988 rapiebant,
2004 1921 2055 1975 in

451 2006 720 2075 privatum
774 2008 979 2062 lucrum
1029 2013 1306 2065 trahentes
1379 2012 1592 2074 omnia,
1642 2021 1693 2066 et
1739 2027 1858 2082 qua:
1897 2022 2055 2069 antea

450 2099 507 2152 in
540 2112 670 2152 usus
714 2098 989 2156 hominum
1017 2104 1176 2156 etiam
1217 2104 1414 2175 singuli
1459 2105 1804 2172 laborabant,
1837 2106 1888 2160 in
1922 2122 2054 2176 pan-

450 2207 638 2249 eorum
687 2195 874 2252 domos
904 2197 1339 2252 conferebantur.
1373 2197 1442 2254 Ut
1471 2198 1613 2254 enim
1644 2199 1863 2254 servitio
1891 2211 2052 2256 cmte-

450 2301 542 2340 ros
572 2288 918 2358 subjugareut
936 2331 950 2354 ,
983 2289 1034 2343 in
1059 2290 1246 2360 primis
1274 2291 1574 2345 necessaria
1597 2291 1716 2344 \‘itze
1753 2291 2056 2348 subducere

446 2389 501 2434 et
532 2380 785 2449 colligere
807 2391 1108 2450 cmperunt,
1128 2397 1296 2452 eaque
1313 2383 1536 2438 tirtniter
1549 2383 1796 2437 conclusa
1816 2397 2054 2450 servare,

447 2484 505 2528 ut
523 2473 778 2528 beneficia
798 2475 1036 2530 etelestia
1057 2474 1294 2530 facerent
1318 2492 1434 2540 sua;
1453 2489 1558 2529 non
1576 2485 1794 2546 propter
1814 2475 2058 2530 humani-

448 2576 634 2632 tatem,
654 2583 771 2636 quze
801 2567 940 2621 nulla
973 2568 1022 2621 in
1058 2568 1337 2638 ipsiscrat,
1357 2567 1449 2621 sed
1474 2577 1530 2621 ut
1550 2569 1725 2621 omnia
1750 2567 2055 2638 cupiditatis

444 2670 499 2715 et
546 2661 786 2716 avaritiae
841 2661 1194 2716 instrumenta
1248 2659 1618 2716 corraderent.
1668 2660 1837 2729 Leges
1891 2661 2052 2715 etiam

446 2755 546 2810 sibi
565 2755 1010 2825 nominejustitim
1037 2754 1398 2826 iniquissimas
1416 2753 1901 2823 injustissitnasque
1928 2767 2052 2807 san-

2161 1900 2304 1973 quod
2356 1913 2530 1958 terror
2588 1904 3021 1962 insolentissimm
3073 1912 3357 1980 potestatis
3404 1925 3776 1984 expresserat.

2233 1995 2366 2061 Quis
2391 1994 2534 2050 enim
2567 2011 2673 2052 non
2723 2008 2992 2054 metueret
3035 2017 3158 2056 eum
3179 2044 3194 2068 ,
3223 2018 3385 2074 quem
3411 2020 3561 2060 arma
3593 2007 3779 2080 cinge—

2161 2086 2321 2153 bant,
2355 2103 2514 2159 quem
2547 2088 2674 2145 ferri
2718 2099 2774 2146 et
2819 2091 3119 2160 gladiorum
3167 2094 3342 2166 fulgor
3379 2097 3626 2154 insuetus
3665 2100 3777 2156 cir-

2159 2180 2483 2235 cumdabat?
2504 2191 2595 2236 attt
2620 2182 2706 2236 cui
2736 2193 2977 2253 parceret
3000 2185 3214 2253 alieno,
3246 2189 3339 2259 qui
3371 2204 3438 2246 ne
3469 2191 3608 2261 patri
3657 2194 3781 2263 qui-

2163 2273 2285 2328 dem
2319 2288 2419 2328 suo
2461 2276 2816 2344 pepercerat?
2855 2276 3027 2346 Quem
3057 2294 3184 2335 vero
3206 2291 3508 2349 metueret,
3555 2286 3651 2356 qui
3679 2285 3774 2341 Ti-

2166 2373 2346 2420 tanum
2381 2367 2660 2422 robustum
2693 2378 2747 2424 et
2788 2370 3143 2427 excellentem
3169 2373 3368 2432 viribus
3384 2384 3605 2447 gentem
3632 2378 3772 2436 bello

2163 2458 2403 2523 vicerat,
2430 2459 2712 2515 occidione
2740 2459 3047 2518 deleverat?
3073 2463 3212 2531 Quid
3242 2467 3435 2522 mirum
3455 2510 3470 2533 ,
3519 2469 3566 2523 si
3593 2469 3772 2524 omnis

2163 2553 2480 2618 multitudo,
2515 2552 2734 2609 insolito
2765 2565 2910 2610 metu
2942 2571 3124 2627 pressa
3145 2599 3160 2624 ,
3211 2558 3268 2614 in
3317 2561 3475 2616 unius
3502 2561 3770 2617 adulatio-

2162 2661 2284 2702 nem
2325 2651 2702 2704 concesserat?
2740 2647 2896 2704 Hunc
2941 2651 3292 2719 verebantur,
3337 2653 3463 2710 huic
3504 2654 3766 2712 honorem

2162 2740 2458 2796 maximum
2508 2740 2848 2798 deferebant.
2893 2743 2963 2798 Et
3014 2745 3268 2814 quoniam
3325 2761 3508 2804 mores
3555 2749 3766 2804 acvitia

448 2856 645 2904 xerunt
674 2849 866 2918 quibus
891 2848 1108 2919 rapinas
1137 2856 1192 2903 et
1217 2845 1496 2902 avaritiam
1550 2860 1701 2900 suam
1733 2853 1921 2899 contra
1947 2845 2052 2899 vim
2083 2849 2128 2914 ρ
2160 2838 2299 2908 regis
2328 2837 2528 2893 imitari
2549 2880 2562 2904 ,
2610 2851 2783 2909 genus
2833 2839 3082 2911 obseQuii
3116 2840 3411 2911 iudicatur,
3448 2842 3768 2914 abiecerunt

1807 2956 2168 3016 VARIORUM
2205 2954 2438 3013 NOTAE.

516 3083 587 3138 Et
609 3084 798 3136 idcirco
823 3083 1079 3150 efferasse.
1107 3083 1233 3138 Mss.
1267 3083 1324 3138 11
1359 3096 1469 3138 rec.
1490 3081 1625 3136 ideo.
1651 3080 1708 3136 In
1734 3081 1756 3135 1
1778 3079 1912 3149 Reg.
1935 3090 2050 3135 rec.

446 3165 530 3210 est
559 3165 605 3210 et
631 3155 743 3210 ideo
769 3165 814 3208 et
842 3159 998 3226 feras,
1020 3165 1065 3208 et
1092 3165 1369 3226 serpentes,
1403 3171 1462 3208 ac
1495 3154 1663 3223 lupos.

515 3249 560 3304 T
565 3250 796 3303 radatur.
824 3248 1040 3303 Rectius
1062 3263 1192 3303 mss.
1227 3248 1261 3302 5
1283 3261 1391 3302 rec.
1420 3246 1616 3302 etediti
1633 3245 1785 3302 multi
1803 3246 2046 3313 traditur,

446 3322 498 3376 in
529 3337 756 3390 quorum
781 3337 884 3374 uno
909 3330 990 3374 est
1009 3321 1210 3373 swvisse
1235 3361 1248 3383 ,
1278 3334 1376 3387 pro
1403 3320 1619 3373 acuisse.

516 3415 838 3484 Diremptum
880 3423 951 3467 est
996 3411 1179 3482 fwdus.
1225 3410 1568 3484 Dircntptum,
1593 3411 1718 3466 licet
1745 3411 1965 3468 Taurin.
1994 3423 2048 3468 et

443 3489 659 3556 quidam
687 3482 773 3540 alii
811 3488 860 3539 in
896 3485 1130 3553 Epitout.
1161 3483 1380 3556 cap.~59
1405 3501 1418 3540 :
1445 3482 1725 3553 Diruptum
1773 3493 1914 3538 est...
1945 3487 2038 3555 fte-

443 3553 538 3612 dus
569 3599 603 3611 ..
649 3559 845 3627 direpta
891 3557 1102 3610 societas
1123 3596 1137 3621 ,
1163 3553 1496 3627 ptveferaut;
1517 3570 1660 3624 Stepe
1682 3557 1823 3627 enim
1844 3597 1858 3619 ,
1893 3553 1953 3610 ut
1976 3557 2042 3612 ad

441 3631 713 3700 epitomen
762 3626 886 3683 'tlieo
911 3670 923 3692 ,
967 3630 1250 3700 litevoces
1271 3626 1689 3700 confunduntur.
1721 3626 1891 3700 Latini
1916 3643 2043 3682 vero

444 3697 551 3756 non
604 3701 825 3772 diripere
851 3741 864 3763 ,
914 3699 1007 3772 sed
1038 3697 1274 3772 dirimere
1295 3698 1481 3767 (tedas,
1511 3700 1804 3772 societatem
1835 3698 2040 3772 dicunt.

443 3772 521 3826 Ita
571 3769 754 3827 noster
797 3787 864 3825 ex
911 3771 1170 3825 Cicerone
1209 3770 1246 3824 l.
1297 3785 1383 3833 Vl,
1415 3785 1463 3824 c.
1497 3770 1531 3822 6
1563 3788 1575 3823 :
1609 3769 1869 3824 Dirimant
1899 3770 1951 3823 Ιιὶ

443 3846 752 3898 societatem.
779 3843 909 3897 Rus.

454 4027 466 4038 _
517 3955 709 4010 Manus
735 3971 1011 4010 conserere.
1043 3956 1140 4013 Ms.
1173 3956 1336 4011 Brun.
1367 3956 1594 4028 inferre;
1639 3956 1764 4014 editi
1809 3957 2046 4029 quinque

446 4043 686 4081 inserere.

521 4119 760 4173 Omnium
788 4120 1038 4174 malorum
1063 4124 1178 4191 fons
1201 4119 1474 4190 cupiditas.
1503 4120 1784 4190 Cupiditas
1809 4129 1890 4175 est
1917 4137 2044 4176 ava-

442 4191 600 4263 ritia,
628 4191 695 4245 de
725 4207 827 4262 qua
857 4193 1034 4263 capite
1080 4191 1268 4261 quinto
1299 4192 1506 4263 integro
1532 4194 1657 4263 egit.
1710 4191 1802 4246 llis
1827 4195 2040 4261 gemina

441 4263 534 4319 illa
582 4262 818 4320 Sallustii
866 4262 1026 4318 Catil.
1065 4279 1118 4326 x,
1152 4277 1204 4317 c.
1249 4263 1315 4316 5:
1344 4261 1523 4316 Primo
1551 4261 1792 4332 pecuniae
1813 4304 1827 4324 ,
1857 4264 2043 4320 deinde

441 4335 645 4404 imperii
665 4335 850 4402 cupido
880 4335 1068 4391 crevit.
1120 4333 1198 4388 Ea
1238 4337 1472 4389 materies
1519 4336 1745 4389 omniunt
1786 4335 2039 4388 ntalorum

440 4408 601 4476 fuere.
630 4405 760 4460 BUN.

513 4519 638 4572 Non
662 4518 1031 4587 participabant
1062 4521 1212 4575 alios.
1245 4519 1334 4576 Sic
1359 4520 1566 4574 restitui
1591 4535 1656 4591 ex
1689 4534 1797 4575 mss
1828 4522 1862 4576 3
1900 4521 2030 4591 Reg.

438 4605 668 4660 quorum
691 4591 797 4644 dtto
814 4599 941 4644 sunt
964 4592 1328 4656 veterritni,et
1353 4607 1419 4647 ex
1444 4592 1573 4646 edit.
1591 4590 2032 4661 Cellarii.Scripti

437 4665 772 4718 recentiores
821 4673 874 4717 et
918 4662 1047 4716 editi
1077 4663 1276 4717 habent
1303 4663 1442 4730 aliis,
1489 4662 1630 4733 quod
1670 4678 1790 4717 cum
1825 4665 2040 4733 partici-

435 4735 599 4818 pantli
643 4734 806 4789 verbo
835 4747 938 4787 non
977 4734 1701 4818 con_venit.m0mnino.enim
1731 4737 2040 4804 participare

434 4804 676 4875 jungitur
705 4822 824 4858 cum
855 4808 1182 4860 accusativo.
1235 4805 1454 4877 Plautus
1494 4804 1662 4868 dixit,
1691 4821 1887 4859 servum
1917 4824 2039 4877 par-

436 4878 651 4946 ticipare
681 4877 884 4932 consilii
913 4879 1030 4942 sui,
1075 4877 1282 4932 Cistell.
1323 4876 1442 4931 Aet.
1471 4892 1511 4941 ι,
1557 4891 1637 4939 ttt,
1689 4892 1830 4930 vers.
1867 4878 1953 4941 t7;
1983 4887 2038 4934 et

435 4947 650 5013 Cicero,
681 4950 993 5018 participare
1021 4949 1180 5002 aliunt
1207 4949 1342 5010 alio,
1375 4947 1502 5003 lib.t
1534 4947 1599 5001 dc
1623 4947 1853 5011 Legibus
1871 4965 1923 5003 tt.
1943 4949 2032 5004 55.

436 5019 644 5074 -Νοη
667 5020 1040 5092 participabant
1070 5019 1188 5074 aliis
1209 5021 1265 5073 ii.
1303 5018 1806 5092 Participarealicui
1859 5021 2038 5090 smpis-

435 5093 571 5146 sime
619 5091 673 5146 in
726 5092 1096 5158 antiquissima
1123 5100 1177 5145 et
1203 5091 1402 5145 smculo
1439 5091 1678 5144 secundo
1705 5099 1952 5153 exeunte,
1977 5102 2037 5146 ut

437 5161 665 5218 Crabius
691 5173 743 5217 et
775 5163 1047 5219 Fabricius
1075 5177 1358 5227 censuere,
1390 5162 1632 5218 confecta
1656 5161 1906 5217 versione
1928 5161 2037 5216 lre-

435 5237 539 5288 mei
561 5237 595 5287 l.
619 5251 653 5287 l.
676 5234 1035 5304 lla:res.,cap.
1064 5235 1114 5301 1,
1133 5233 1224 5288 fol.
1243 5234 1328 5289 10.
1351 5232 1464 5287 Nus
1482 5234 1798 5304 excogitabat
1817 5233 2035 5302 reliquis

435 5305 677 5376 teonibus
725 5307 1044 5376 participare
1073 5306 1472 5375 magnitudinem
1524 5306 1703 5370 patris.
1733 5304 1794 5358 L.
1825 5321 1861 5357 ι.
1892 5321 1940 5358 c.
1975 5305 2031 5373 9,

426 5375 528 5447 fol.
553 5376 654 5447 59:
690 5376 791 5441 Qui
818 5375 1218 5446 participavitei
1246 5394 1390 5432 suam
1417 5379 1656 5447 gratiam.
1687 5377 1746 5430 L.
1779 5376 1834 5442 ‘2,
1864 5390 1912 5429 c.
1938 5376 2028 5444 61,

431 5445 527 5500 fol.
563 5446 655 5519 191
697 5463 709 5498 :
763 5445 947 5501 Attinta
977 5450 1301 5519 participans
1354 5445 1454 5504 suo
1507 5450 1738 5516 corpori.
1771 5486 1786 5502 .
1868 5449 2031 5502 vitam

431 5517 764 5588 participans
790 5521 1023 5586 corpori.
1057 5519 1119 5574 L.
1149 5517 1196 5574 tv
1217 5563 1232 5585 ,
1260 5536 1310 5575 c.
1358 5521 1452 5586 28,
1484 5521 1574 5575 fol.
1601 5520 1706 5575 516
1741 5535 1753 5572 ;
1802 5517 2032 5573 Gloriam

430 5605 578 5644 suam
609 5589 931 5658 participare
966 5591 1137 5645 volens
1159 5593 1432 5661 discipulis
1464 5593 1594 5647 suis.
1620 5591 1754 5647 Bux.

505 5703 574 5779 In
605 5705 1044 5779 usus/tominunt.
1077 5704 1154 5779 Ita
1183 5721 1370 5762 omnes
1398 5706 1563 5779 (quod
1591 5706 1780 5776 sciam)
1815 5720 1945 5779 mss.
1976 5717 2031 5779 et

431 5776 582 5832 editi.
605 5775 823 5848 Rectius
856 5779 1083 5831 tortasse
1107 5778 1302 5848 legeris
1329 5775 1556 5832 omnium
1576 5819 1591 5844 ,
1623 5793 1742 5848 qum
1763 5775 1846 5833 est
1868 5777 1986 5833 lszei
2008 5821 2024 5846 ,

428 5849 646 5905 Joannis
659 5846 822 5903 Cauci
839 5847 1118 5905 etFrancii
1137 5848 1610 5917 conjectura.Nam
1632 5846 1858 5906 omnium
1880 5859 2027 5906 recte

2157 3073 2448 3144 opponitur
2474 3081 2547 3147 τῷ
2578 3072 3044 3147 paucorum—In
3066 3091 3188 3130 usus
3231 3077 3478 3130 omnium.
3525 3077 3582 3132 lu
3613 3077 3765 3134 libris

2157 3147 2390 3214 antiquis
2419 3146 2696 3214 pernotas
2718 3146 2914 3209 hoium,
2932 3146 2982 3200 id
3011 3156 3094 3200 est
3121 3147 3406 3212 hominum,
3430 3157 3486 3203 et
3514 3148 3680 3212 oium,
3710 3150 3763 3207 id

2155 3228 2239 3290 est
2262 3216 2508 3290 omnium,
2539 3217 2788 3271 scribitur
2819 3235 2831 3270 :
2865 3217 2991 3290 hinc
3019 3216 3194 3273 facilis
3224 3219 3496 3274 confusio.
3529 3221 3766 3290 Agnovit

2149 3287 2261 3358 jam
2302 3289 2435 3364 olim
2485 3289 2751 3364 interpres
2797 3289 2940 3344 Gall.
2966 3331 2979 3354 ,
3011 3299 3230 3344 vertens
3262 3307 3274 3343 :
3305 3307 3437 3360 pour
3481 3287 3677 3364 l‘usage
3701 3293 3765 3347 de

2154 3373 2266 3418 tous
2292 3360 2531 3413 Itommes.
2562 3359 2694 3414 Buri.

2222 3451 2713 3508 Corraderent.Mss.
2731 3452 2766 3506 2
2781 3451 2910 3522 Reg.
2931 3467 3040 3508 rec.
3053 3494 3066 3517 ,
3084 3454 3107 3508 1
3124 3453 3362 3510 Colbert.
3379 3457 3762 3520 contraderent,

2153 3539 2252 3598 pro
2279 3523 2610 3598 conraderent
2629 3567 2642 3588 ,
2672 3525 2813 3598 quod
2836 3535 2915 3598 est
2964 3525 3015 3578 in
3037 3524 3073 3578 2
3097 3525 3226 3596 Reg.
3253 3528 3420 3598 antiq.
3454 3538 3510 3583 et
3537 3529 3573 3584 4
3598 3529 3762 3594 aliis;

2153 3595 2259 3652 in?
2285 3596 2420 3665 Reg.
2440 3609 2550 3651 rec.
2584 3603 2639 3650 et
2667 3596 2700 3650 5
2727 3595 2887 3650 editis
2907 3637 2922 3662 ,
2977 3595 3349 3654 contraherent.

2228 3689 2340 3763 Sibi
2359 3690 2561 3763 nomine
2580 3689 2815 3763 justitig.
2845 3689 2935 3745 Sic
2965 3705 3095 3763 mss.
3118 3691 3153 3745 2
3173 3692 3704 3763 Ιζθκ.εηιίαιιίεδίωἱ,
3729 3697 3754 3751 1

2154 3762 2226 3816 al.
2262 3761 2392 3830 Reg.
2423 3771 2480 3817 et
2521 3762 2555 3815 4
2595 3760 2726 3815 edit.
2753 3761 2820 3815 Et
2849 3773 3013 3817 recte.
3038 3761 3172 3818 Vide
3197 3763 3353 3828 infra,
3375 3760 3510 3819 Hinc
3536 3760 3766 3822 honores

2155 3834 2248 3888 sibi
2269 3843 2360 3906 ,_et
2389 3841 2753 3906 purpuras_,_et
2782 3833 2945 3902 fasces
2968 3834 3287 3906 invenerunt.
3317 3835 3514 3906 Scripti
3538 3837 3611 3892 26
3639 3853 3760 3893 rec.

2150 3915 2206 3959 et
2255 3904 2322 3960 12
2365 3903 2562 3978 vulgati
2596 3903 2797 3978 addunt
2837 3905 3098 3978 munitas;
3158 3907 3180 3959 1
3215 3903 3634 3978 Βοηοηξτηηὴ.
3661 3912 3764 3964 sub

2148 3977 2360 4045 iustitia:
2403 3975 2623 4050 nomine.
2671 3975 2923 4050 Attamen
2965 3976 3255 4050 Thomasio
3300 3975 3630 4033 assentimur
3664 3983 3763 4050 qui

2148 4057 2302 4120 putat
2328 4061 2541 4120 sensum
2595 4047 2734 4120 forte
2767 4047 3056 4120 meliorem
3098 4051 3142 4102 si
3175 4049 3405 4118 legatur,
3439 4050 3570 4120 leges
3601 4047 3763 4106 etiam

2146 4118 2238 4192 s_ub
2256 4119 2476 4192 justitia:
2525 4119 2726 4192 nomine
2759 4118 3126 4192 iniquissimas.
3168 4120 3242 4174 De
3271 4120 3353 4176 his
3383 4118 3588 4192 legibus
3623 4123 3759 4180 vide

2147 4189 2533 4245 Tertullianum
2575 4190 2627 4242 in
2659 4190 3024 4260 Apologetico,
3054 4205 3171 4260 cap.
3191 4192 3246 4245 4.

2221 4281 2446 4336 Malitia.
2477 4281 2602 4337 Mss.
2638 4280 2704 4336 14
2729 4296 2839 4336 rec.
2871 4291 2925 4336 et
2950 4291 3057 4337 vet.
3088 4281 3210 4338 edd.
3235 4283 3289 4348 5,
3319 4285 3557 4340 avaritia.

2221 4375 2606 4446 Altioresquese
2634 4375 2826 4429 ueteris
2855 4373 3163 4429 hominibus.
3196 4416 3210 4430 .
3243 4415 3256 4428 .
3285 4377 3555 4446 faciebant.
3617 4378 3754 4435 Mss.

2066 4459 2119 4519 Ι)
2145 4447 2178 4502 6
2208 4447 2341 4514 Reg.
2369 4457 2423 4500 et
2452 4445 2578 4502 edd.
2621 4449 2677 4502 4.
2718 4446 3024 4516 altioresque
3080 4445 3291 4501 caneris
3330 4448 3641 4504 hominibus.
3681 4493 3693 4503 .
3738 4495 3753 4505 .

2145 4519 2606 4659 rulggflanilmpiam
2636 4588 2957 4658 tyrannidem
3005 4589 3052 4643 vi
3099 4598 3146 4643 et
3195 4591 3482 4645 hominibus
3530 4595 3755 4650 armatis

2139 4663 2424 4732 occupavit.
2441 4661 2566 4734 Mss.
2586 4661 2609 4713 1
2630 4659 2760 4714 Bon.
2776 4661 2942 4731 auliq.
2964 4679 2976 4714 :
2994 4659 3033 4716 S
3041 4661 3100 4716 ed
3115 4662 3381 4732 intperium
3393 4664 3754 4734 tyrannidem-

2142 4733 2547 4804 quehominibus
2566 4773 2579 4794 ,
2609 4743 2716 4786 etc.
2816 4798 2821 4804 .

2211 4803 2451 4858 Titanum
2501 4804 2827 4857 robustam...
2858 4813 3073 4872 gentem.
3107 4803 3232 4859 Mss.
3270 4806 3334 4859 15
3381 4815 3436 4861 et
3464 4807 3496 4859 fi
3532 4809 3750 4875 excusi,

2138 4874 2402 4939 Titanum,
2435 4875 2594 4938 male,
2628 4889 2695 4929 ex
2720 4877 3142 4930 commutatione
3171 4877 3328 4930 unius
3355 4878 3567 4934 litter:e.
3608 4874 3748 4937 Vide

2139 4960 2299 5016 Supra
2335 4946 2429 5000 lib.
2465 4962 2503 5011 ι,
2534 4959 2652 5015 cap.
2691 4948 2758 5000 10
2803 4955 2927 5001 ante
2949 4946 3134 5014 linem,
3176 4957 3231 5002 et
3261 4962 3378 5018 cap.
3413 4949 3498 5003 14.

2213 5042 2486 5112 Occidionc
2499 5042 2767 5112 deleverat.
2790 5042 2860 5096 lta
2880 5057 3011 5098 mss.
3029 5043 3434 5112 antiquissimi?
3456 5043 3690 5108 Bonon.,
3714 5048 3739 5100 1

2139 5113 2300 5184 Reg.,
2325 5111 2482 5167 Cant.
2515 5111 2720 5166 cum“
2745 5114 3041 5183 impressis.
3076 5111 3271 5184 Scripti
3296 5130 3402 5169 rec.
3433 5115 3504 5169 ‘25
3532 5125 3586 5170 et
3609 5119 3743 5172 editi

2139 5185 2173 5239 5
2205 5186 2388 5254 legunt
2432 5184 2724 5248 occisione;
2770 5200 2888 5255 quae
2921 5185 3092 5255 magis
3121 5188 3312 5240 usitata
3343 5197 3427 5242 est
3477 5202 3605 5252 vox,
3640 5204 3744 5243 nec

2136 5255 2260 5312 ideo
2289 5257 2459 5325 magis
2504 5256 2753 5325 genuina.
2800 5254 3036 5324 Utraque
3088 5272 3188 5310 vox
3217 5257 3602 5323 Ciceroniana;
3650 5261 3742 5313 illa

2136 5328 2372 5398 Pltilipp.
2418 5343 2534 5392 xw,
2591 5326 2959 5396 eap.n|tim.;
3013 5327 3130 5382 haec
3187 5329 3283 5382 lib.
3332 5345 3422 5392 xv,
3476 5332 3641 5399 epist.
3682 5330 3737 5385 4.

2138 5399 2244 5456 Sed
2272 5410 2326 5454 et
2372 5399 2558 5452 Tacito
2582 5407 2666 5452 est
2688 5399 2948 5453 occidione
2973 5399 3289 5464 occumbere,
3337 5415 3432 5464 xu,
3464 5401 3555 5454 '53.

2212 5494 2363 5549 Hunc
2391 5493 2709 5565 verebantur.
2742 5493 2830 5549 Sic
2853 5495 2970 5559 lego
2991 5509 3112 5565 cum
3134 5493 3169 5548 2
3201 5510 3326 5550 mss.
3356 5495 3490 5565 Reg.
3516 5505 3569 5550 et
3603 5497 3735 5552 edit.

2133 5577 2244 5624 vet.
2274 5566 2455 5639 Rom,_
2486 5563 2634 5629 Ald.,
2666 5565 2839 5639 Paris.
2865 5563 3236 5639 1525,7Crat.,
3289 5563 3519 5635 Graph.,
3574 5568 3738 5639 idque

2134 5637 2492 5710 praecedentia
2525 5648 2581 5692 et
2601 5638 2878 5710 sequentia
2903 5638 3181 5706 requirnnt
3205 5655 3218 5690 :
3241 5652 3341 5693 uec
3360 5639 3518 5694 video
3550 5641 3600 5692 in
3627 5637 3738 5709 quo

2132 5709 2380 5766 differant
2407 5709 2778 5764 venerabantur
2804 5718 3122 5781 caeterorum
3144 5751 3156 5774 ,
3185 5712 3253 5764 ab
3294 5724 3359 5764 eo
3380 5711 3522 5780 quod
3555 5715 3740 5781 sequi-

2133 5789 2246 5846 tur,
2279 5781 2394 5834 ltuic
2421 5781 2700 5836 maximum
2729 5781 2972 5844 Itonq'em
3014 5780 3346 5849 deferebant;
3395 5782 3539 5853 quod
3566 5780 3736 5839 unum

2129 5864 2182 5908 et
2207 5853 2343 5908 idem
2361 5863 2460 5908 esu
