4090 6354
313 274 426 336 569

312 498 424 557 tur,
452 490 498 545 si
531 490 619 559 pie
645 489 913 547 viverent.
943 488 1032 547 Sic
1069 489 1285 545 assidua
1315 488 1615 545 imitatione
1655 488 1911 561 corrupti,

312 583 555 639 divinum
584 580 665 637 ias
709 581 1081 653 reliquerunt;
1138 591 1194 639 et
1220 582 1476 653 paulatim
1521 582 1661 638 male
1702 580 1917 639 vivendi

310 675 653 732 Consuetudo
698 691 817 732 mos
864 674 1036 732 iactus
1063 685 1165 733 est.
1218 674 1330 732 Nec
1374 675 1484 746 jam
1528 674 1818 747 quidquam
1847 691 1914 734 ex

311 768 686 826 antecedentis
716 769 899 825 saeculi
930 769 1021 841 pio
1054 778 1216 841 atque
1245 769 1450 840 optimo
1493 776 1638 825 statu
1667 771 1865 826 mansit
1897 787 1912 827 :

310 862 411 920 sed
459 862 680 934 explosa
715 861 962 933 iustitia,
1005 870 1062 918 et
1108 862 1391 920 veritatem
1433 876 1618 919 secum
1651 862 1871 920 trahens
1894 906 1911 932 ,

310 957 533 1027 reliquit
582 955 890 1012 hominibus
933 970 1171 1012 errorem
1198 997 1214 1023 ,
1264 954 1655 1026 ignorantiam,
1702 956 1914 1011 caecita-

311 1062 445 1108 tem.
479 1050 854 1121 Imprudentes
883 1050 1046 1120 igitur
1081 1059 1257 1121 poeta:
1278 1091 1293 1116 ,
1325 1050 1416 1120 qui
1454 1064 1573 1107 eam
1602 1048 1913 1121 confugisse

308 1143 629 1199 cecinerunt
656 1142 724 1198 ad
749 1143 899 1199 Jovis
929 1157 1174 1214 regnum.
1208 1141 1268 1198 Si
1311 1142 1454 1198 enim
1494 1142 1726 1209 saeculo,
1766 1142 1912 1214 quod

308 1246 511 1293 vocant
534 1251 758 1292 aureum
788 1278 803 1303 ,
838 1236 1047 1307 iustitia
1078 1236 1132 1291 in
1163 1245 1307 1291 terra
1328 1234 1428 1291 fuit
1447 1278 1462 1304 ,
1494 1250 1525 1290 a
1548 1235 1683 1292 Jove
1723 1236 1910 1308 utique

308 1330 466 1402 pulsa
504 1342 624 1397 est,
657 1331 748 1403 qui
770 1345 993 1387 aureum
1023 1329 1279 1386 sacculum
1305 1329 1676 1385 commutavit.
1716 1329 1910 1386 Saeculi

308 1434 494 1481 autem
520 1427 904 1493 commutatio,
937 1434 991 1480 et
1015 1424 1259 1497 expulsio
1293 1424 1548 1495 iustitiae,
1579 1423 1710 1479 nihil
1736 1423 1906 1489 aliud,

307 1529 369 1575 ut
397 1522 538 1587 dixi,
572 1535 732 1590 quam
761 1520 999 1577 desertio
1026 1519 1225 1575 divina:
1241 1518 1517 1589 religionis
1534 1518 1765 1588 putanda
1791 1529 1904 1584 est;

308 1627 433 1684 (ποτε
469 1614 584 1669 sola
632 1611 799 1669 eiﬂcit
838 1622 897 1669 ut
950 1613 1111 1670 homo
1146 1612 1419 1668 hominem
1459 1627 1642 1669 carum
1681 1611 1906 1680 habeat,

309 1720 551 1776 eumque
580 1705 682 1761 sibi
711 1704 1067 1762 fraternitatis
1095 1704 1312 1761 vinculo
1334 1706 1474 1762 sciat
1492 1719 1612 1762 esse
1646 1706 1912 1763 constric-

1524 277 1730 337 LIBER
1771 276 1837 335 V.
1878 277 1970 337 DE
2008 277 2340 338 JUSTITIA.

312 410 506 453 omnes
526 393 785 468 pietatem
802 437 817 463 ,
861 410 932 454 ne
960 394 1293 469 exprobrare
1320 395 1432 468 regi
1463 394 1641 452 scelus
1665 395 1915 453 videren-
1940 401 1996 461 Α

3519 279 3626 339 570

2624 395 2855 457 CAPUT
2903 398 3014 457 VII.

2098 533 2174 590 De
2201 533 2329 591 Jesu
2365 535 2584 593 adventu
2619 547 2669 593 et
2694 537 2901 607 fructu;
2937 551 3089 611 atque
3125 539 3189 595 de
3224 542 3337 613 ejus
3373 540 3551 598 swculi

2547 629 2816 686 virtutibus
2853 639 2900 686 et
2936 632 3090 689 vitiis.

2092 770 2406 842 Sed.Deus,
2436 779 2495 826 ut
2523 786 2723 842 parens
2749 771 3288 844 indulgentissimus,
3322 772 3619 844 appropin-

2015 873 2216 935 quante
2255 863 2447 920 ultimo
2495 873 2772 935 tempore,
2816 865 3062 920 nuntium
3104 864 3281 931 misit,
3331 864 3422 936 qui
3462 872 3620 921 vetus

2016 956 2146 1014 illud
2186 959 2443 1014 saeculum
2490 957 2833 1028 iugatamque
2868 957 3133 1029 justitiam
3177 958 3496 1026 reduceret;
3548 973 3620 1015 ne

2016 1052 2309 1107 humanum
2337 1066 2511 1122 genus
2539 1050 2792 1107 maximis
2820 1059 2874 1107 et
2904 1051 3181 1124 perpetuis
3207 1051 3503 1123 agitaretur
3530 1064 3620 1108 er-

2013 1143 2248 1199 roribus.
2283 1141 2463 1199 Rediit
2489 1156 2620 1212 ergo
2647 1142 2857 1211 Species
2882 1142 3029 1200 illius
3056 1142 3207 1199 aurei
3237 1143 3530 1216 temporis,
3561 1149 3619 1199 et

2013 1237 2223 1294 reddita
2255 1237 2471 1309 quidem
2512 1246 2703 1304 terrae,
2743 1238 2838 1294 sed
2880 1237 3064 1308 paucis
3102 1238 3372 1310 assignata
3406 1235 3617 1309 iustitia

2013 1341 2124 1398 est;
2154 1346 2272 1402 quae
2304 1330 2436 1386 nihil
2466 1331 2611 1387 aliud
2640 1340 2758 1398 est,
2789 1345 2951 1400 quam
2983 1330 3078 1387 Dei
3109 1331 3251 1387 unici
3286 1332 3370 1401 pia
3399 1338 3456 1387 et
3480 1328 3615 1387 reli-

2011 1425 2164 1496 giosa
2202 1424 2433 1479 cultura.
2477 1422 2584 1479 Sed
2625 1432 2837 1480 moveat
2875 1423 3108 1494 aliquem
3146 1422 3409 1491 fortasse,
3442 1436 3540 1479 cur
3568 1419 3617 1477 si

2013 1516 2131 1573 haec
2166 1516 2237 1572 sit
2268 1517 2506 1587 justitia,
2544 1531 2649 1572 non
2680 1516 2825 1572 omni
2866 1515 3104 1572 humano
3133 1516 3319 1587 generi
3349 1516 3421 1572 sit
3455 1514 3613 1581 data;

2011 1626 2115 1669 nec
2142 1612 2193 1667 in
2225 1626 2343 1667 eam
2385 1609 2673 1667 multitudo
2708 1611 2961 1666 universa
3000 1609 3362 1667 consenserit.
3408 1608 3617 1680 Magnae

2014 1705 2117 1761 hoc
2144 1704 2520 1774 disputationis
2546 1714 2659 1770 est,
2682 1718 2779 1759 cur
2804 1719 2836 1759 a
2858 1703 2992 1771 Deo,
3019 1717 3140 1758 cum
3166 1702 3430 1772 justitiam
3457 1710 3617 1759 terra:

308 1805 425 1852 tum
462 1815 477 1852 :
516 1796 782 1867 siquidem
841 1806 999 1867 pater
1031 1797 1171 1853 idem
1204 1798 1455 1854 omnibus
1495 1797 1638 1854 Deus
1683 1806 1800 1865 est,
1848 1807 1908 1854 ut
1934 1805 1984 1865 B
2011 1798 2197 1863 daret,
2225 1798 2295 1852 sit
2315 1804 2523 1853 retenta
2556 1794 2869 1852 diversitas:
2903 1795 3047 1866 quod
3074 1802 3128 1852 et
3152 1794 3260 1849 alio
3289 1793 3412 1849 loco
3435 1792 3619 1850 decla-

312 1887 464 1953 Dei,
516 1888 792 1959 patrisque
859 1888 1162 1945 communis
1237 1888 1496 1945 beneﬁcia
1538 1904 1659 1946 cum
1703 1889 1768 1946 iis
1815 1890 1907 1960 qui

309 1995 422 2036 non
452 1980 685 2050 habent,
709 1983 991 2053 partiatur,
1007 1982 1139 2039 nulli
1160 1990 1384 2049 noceat,
1418 1983 1623 2039 nullum
1667 1993 1906 2054 premat,

309 2089 423 2129 non
468 2073 611 2131 iores
639 2074 855 2131 claudat
896 2076 1128 2146 hospiti,
1156 2091 1263 2131 non
1292 2091 1476 2132 aurem
1510 2077 1745 2147 precanti
1769 2093 1784 2143 ;
1813 2075 1910 2132 sed

308 2168 384 2222 sit
410 2167 595 2239 largus
618 2209 635 2234 ,
665 2168 969 2235 beneﬁcus,
998 2168 1237 2225 liberalis
1253 2210 1269 2235 ,
1292 2184 1428 2241 quas
1458 2169 1633 2240 regias
1649 2184 1771 2226 esse
1796 2169 1912 2224 lau-

308 2258 412 2316 des
438 2259 646 2316 Tullius
672 2262 1018 2318 existimavit.
1048 2262 1177 2318 Htec
1216 2271 1301 2318 est
1323 2261 1563 2332 proiecto
1588 2262 1794 2332 iustitia
1817 2305 1833 2330 ,
1854 2271 1912 2320 et

310 2351 420 2409 hoc
468 2368 689 2410 aureum
719 2355 1009 2421 szeculum,
1051 2354 1196 2428 quod
1229 2355 1363 2411 Jove
1391 2356 1620 2426 primum
1651 2365 1912 2429 regnante

310 2455 667 2518 corruptum,
709 2464 834 2504 mox
889 2458 946 2505 et
994 2448 1152 2520 ipso,
1210 2457 1266 2506 et
1306 2450 1453 2505 omni
1507 2449 1625 2520 ejus
1656 2451 1914 2522 progenie

309 2548 669 2610 consecrata,
699 2541 1034 2614 deorumque
1086 2543 1382 2603 multorum
1428 2551 1683 2615 suscepto
1728 2543 1911 2612 cultu,

308 2632 487 2691 fuerat
502 2649 663 2693 omne
688 2634 979 2693 sublatum.

2014 1892 2159 1960 ravi,
2195 1901 2248 1947 et
2277 1891 2600 1962 ubicumque
2628 1898 2893 1961 oportune
2919 1884 3200 1956 inciderit,
3234 1884 3612 1958 explicabitur.

2012 1988 2167 2044 Nunc
2191 1987 2476 2056 designare
2500 1985 2553 2041 id
2581 1984 2903 2041 brevissime
2930 1984 3062 2039 satis
3086 1991 3199 2039 est:
3234 1980 3497 2036 Virtutem
3526 1986 3622 2035 aut

2012 2080 2164 2137 cerni
2191 2094 2297 2135 non
2330 2092 2520 2151 posse,
2550 2077 2651 2133 nisi
2680 2077 2875 2133 habeat
2901 2076 3031 2132 vitia
3057 2074 3363 2139 contraria;
3391 2080 3484 2128 aut
3509 2085 3617 2129 non

2014 2187 2136 2230 esse
2166 2174 2457 2244 perfectam
2475 2213 2492 2239 ,
2522 2170 2625 2226 nisi
2654 2178 2971 2226 exerceatur
2999 2167 3261 2224 adversis.
3292 2166 3442 2222 Hanc
3470 2163 3618 2221 enim

2016 2268 2158 2324 Deus
2184 2266 2445 2322 bonorum
2477 2280 2541 2321 ac
2568 2264 2834 2320 malorum
2857 2263 3027 2319 voluit
3051 2276 3173 2318 esse
3195 2259 3505 2317 distantiam
3523 2300 3539 2325 ,
3562 2268 3622 2315 ut

2015 2358 2326 2432 qualitatem
2354 2357 2480 2414 boni
2508 2373 2573 2412 ex
2600 2359 2740 2411 malo
2761 2355 2992 2412 sciamus
3009 2397 3022 2420 ,
3049 2355 3177 2409 item
3204 2352 3328 2408 tnali
3356 2367 3423 2409 ex
3452 2353 3618 2418 bono;

2016 2468 2117 2510 nec
2159 2453 2381 2509 alterius
2425 2452 2563 2507 ratio
2607 2449 2865 2522 intelligi,
2909 2449 3124 2505 sublato
3165 2448 3372 2516 altero,
3418 2455 3618 2518 potest.

2019 2546 2158 2603 Deus
2186 2561 2315 2616 ergo
2341 2559 2447 2600 non
2476 2543 2706 2600 exclusit
2735 2541 2935 2599 malum
2954 2582 2968 2607 ,
2994 2549 3056 2597 ut
3080 2539 3219 2596 ratio
3247 2539 3460 2594 virtutis
3483 2553 3618 2596 con-

2015 2647 2162 2696 stare
2190 2648 2394 2710 posset.
2427 2636 2709 2707 Quomodo
2733 2636 2878 2693 enim
2912 2635 3169 2707 patientia
3201 2634 3306 2689 vim
3335 2647 3488 2692 suam
3518 2647 3623 2691 no-

1658 2753 2021 2813 VARIORUM
2058 2753 2291 2812 ΝΟΤᾸΕ.

382 2867 697 2942 Consuetudo
715 2911 732 2935 ,
764 2886 873 2925 mos
905 2870 1069 2937 [actus
1093 2878 1189 2926 est.
1217 2869 1417 2925 Contra
1443 2870 1733 2933 Arnobius.
1758 2890 1816 2928 ll.
1850 2889 1902 2942 p.

310 2939 382 3013 58
404 2956 435 3013 ξ
457 2940 572 2994 Fiet
602 2942 733 3013 enim
765 2942 1039 3013 familiaris
1064 2959 1252 3013 emore
1297 2944 1628 2997 consuetudo.
1658 2939 1906 3000 Perottus

307 3009 778 3102 inACorquopi
794 3014 881 3102 ed.
919 3015 1044 3102 Ald.
1067 3012 1131 3102 Ι.
1160 3014 1295 3102 655;
1341 3013 1695 3102 diosuprOprie
1721 3017 1907 3102 άίθῑηίτ
1933 3039 1978 3102 C

306 3091 391 3136 tur
420 3083 553 3138 ratio
582 3084 778 3138 vivendi
798 3086 1164 3140 consuetudine
1186 3086 1411 3151 ﬁrmata.
1452 3085 1675 3140 Varroni
1702 3083 1811 3141 mos
1836 3098 1907 3141 est

302 3154 596 3229 inst_itntum
624 3157 806 3229 animi,
836 3157 972 3229 qrtpd
997 3157 1137 3229 sequi
1164 3158 1304 3211 debet
1334 3158 1669 3229 consuetudo.
1700 3158 1830 3214 BUN.

379 3224 621 3301 Eacpulsa
636 3224 861 3301 justitia.
893 3224 1082 3301 Scribe
1113 3243 1175 3283 ex
1204 3229 1349 3298 Lips.
1376 3227 1503 3295 2,5,
1522 3230 1751 3299 expulsa.
1783 3229 1907 3301 quia

302 3300 558 3372 sequitur
590 3300 682 3353 iul.
707 3300 912 3372 justitia
941 3316 972 3353 a
996 3298 1124 3353 Jove
1150 3301 1336 3369 pulsa;
1383 3308 1437 3354 et
1478 3301 1711 3372 expulsio
1748 3298 1908 3372 justi-

302 3370 393 3444 tia:
406 3386 442 3444 ἐ
469 3370 560 3424 ubi
596 3380 769 3444 tamen
800 3370 1009 3444 Bonou.
1038 3372 1261 3444 explotio
1281 3414 1295 3439 ,
1318 3371 1468 3442 quasi
1495 3370 1728 3438 explosio
1749 3370 1902 3444 VCap.

301 3442 361 3504 Ἰ,
390 3439 653 3511 Fugatam
665 3442 924 3511 justitiam
951 3441 1100 3497 dicit.
1127 3442 1258 3497 BUN.

377 3510 735 3585 Imprudentes
759 3514 917 3584 igitur
939 3525 1119 3584 poetw,
1151 3514 1237 3584 qui
1260 3530 1370 3567 eam
1396 3516 1687 3585 confugisse
1706 3515 1905 3570 cecine~

296 3593 421 3639 runt
447 3584 517 3637 ad
538 3583 937 3656 Jovisrregnum.
962 3585 1034 3639 lta
1059 3600 1189 3640 mss.
1212 3585 1278 3640 10
1297 3585 1454 3655 Reg.,
1475 3583 1505 3638 6
1527 3584 1766 3641 Colbert.
1787 3586 1905 3641 alii-

297 3670 409 3724 que
431 3670 546 3720 sex,
566 3663 621 3711 et
640 3655 845 3712 edit.5.
869 3657 1065 3723 Scripti
1084 3671 1176 3711 sex
1206 3671 1315 3711 rec.
1341 3669 1415 3723 et,
1447 3657 1515 3711 12
1541 3657 1747 3724 excusi,
1784 3698 1796 3710 .
1835 3699 1848 3711 .
1887 3701 1900 3713 .

297 3728 627 3799 cecinerunt,
654 3727 708 3781 id
735 3738 807 3782 est
834 3727 903 3781 ad
930 3727 1332 3799 Jovis_regnum.
1371 3728 1696 3783 ltoltanneus
1732 3729 1902 3786 codex

296 3806 357 3852 et
372 3797 459 3853 ed.
477 3798 694 3871 Sublac.
711 3800 788 3871 sic
810 3799 1004 3854 habent
1027 3817 1039 3853 :
1061 3797 1424 3868 Imprudentes
1438 3801 1594 3871 igitur
1616 3812 1798 3871 poetic,
1816 3803 1903 3870 qui

294 3884 411 3943 eant
438 3870 509 3922 ad
538 3870 1028 3943 cwlum’confugisse
1058 3871 1353 3943 cecinerunt
1383 3870 1626 3925 ad'Jovis
1655 3888 1903 3943 regnum:

292 3939 784 4015 Sangermanensis
814 3939 943 3997 vero
967 3942 1095 4015 legit
1124 3960 1138 3997 :
1169 3941 1529 4015 [inprudenter
1562 3939 1720 4014 igitur
1740 3956 1903 4015 poetae

290 4012 855 4138 quideariijcogfugisse
882 4014 1172 4068 cecinerunt
1199 4014 1267 4067 ad
1291 4013 1436 4068 Jovis
1464 4012 1708 4086 regnum;
1735 4012 1901 4086 eligas

292 4096 387 4138 aut
431 4099 518 4138 um
576 4099 638 4138 ve
664 4099 728 4138 Is.

339 4098 556 4139 lllﬂlllllt]
576 4098 728 4139 VCIIS.

339 4096 445 4137 ιιιαι
507 4100 518 4137 ι
576 4100 604 4135 v
644 4096 728 4138 ιι..

292 4096 331 4153 q
369 4096 861 4228 ζζαέἓυῖδίξίαῖιὶιὶαε.
883 4158 902 4211 1
926 4156 1132 4228 Bonan.
1148 4164 1257 4211 ant.
1274 4156 1898 4228 explosiolovisjustitite.

366 4224 491 4298 Non
518 4224 697 4282 aurem
718 4229 963 4297 precanti.
995 4229 1022 4283 1
1049 4227 1290 4295 Colbcrt,
1324 4224 1530 4295 aurum,
1565 4224 1672 4298 pro'
1687 4244 1900 4293 aurem;

291 4296 324 4351 1
352 4295 561 4370 B_onon.
590 4295 757 4368 antiq.
789 4315 1005 4365 avarus,
1052 4301 1216 4365 forte,
1269 4314 1366 4370 pro
1404 4295 1572 4354 aures.

368 4367 589 4439 Largus.
628 4411 640 4423 .
676 4410 690 4423 .
719 4367 896 4424 laudes
950 4369 1170 4425 Tullius.
1221 4367 1496 4426 Betuleius
1533 4380 1589 4427 et
1631 4370 1773 4425 Gali.
1817 4370 1898 4425 di-

2015 2880 2123 2928 tum
2169 2872 2416 2944 scriptis,
2457 2881 2567 2927 tum
2613 2870 2827 2944 excusis
2866 2870 3035 2944 abest.
3069 2900 3158 2944 —-_
3167 2868 3428 2944 Nuntium
3470 2885 3622 2925 suum

2013 2946 2168 2999 misit.
2198 2941 2373 3013 Quum
2398 2960 2464 3000 ex
2487 2944 2693 2998 Bonon.
2721 2942 3096 3011 antiquissimo
3117 2941 3460 3010 Thomasius,
3486 2951 3623 3013 teste

2011 3016 2163 3082 lsaeo,
2197 3012 2248 3070 in
2274 3016 2455 3081 variis,
2487 3024 2541 3070 et
2570 3016 2656 3070 hic
2674 3024 2727 3069 et
2752 3028 2904 3083 seqq.
2929 3013 3264 3074 addiderint.
3313 3027 3417 3067 non
3458 3012 3624 3069 debe-

2012 3088 2141 3159 bant
2183 3102 2476 3159 pronomen
2503 3085 2771 3159 Cellarius
2796 3085 3208 3159 et_rccentiores
3249 3083 3619 3159 fastidire._lta

2012 3154 2250 3224 solet,’e.
2282 3175 2359 3228 ς..
2392 3158 2485 3213 lib.
2512 3173 2585 3220 ιν,
2619 3174 2669 3211 c.
2695 3155 2803 3214 25:
2831 3154 3003 3221 Quum
3032 3160 3257 3227 legatum
3286 3173 3348 3211 ac
3378 3157 3617 3211 nuntium

2013 3242 2170 3285 SUum
2204 3231 2442 3284 mitteret.
2475 3230 2607 3284 BDN.
3218 3249 3221 3255 ι

2086 3301 2198 3356 Nec
2228 3303 2283 3355 in
2312 3317 2421 3354 eam
2452 3299 2724 3354 multitudo
2752 3298 2989 3353 universa
3017 3298 3345 3352 consenserit.
3379 3297 3619 3367 Reposui

2007 3372 2063 3427 in
2091 3389 2200 3426 eam
2222 3389 2286 3428 ex
2314 3387 2445 3426 mss.
2472 3372 2508 3426 2
2532 3372 2662 3440 Reg.
2691 3381 2744 3424 et
2764 3368 2929 3425 Cauc.
2952 3368 3360 3439 antiquissimis,
3391 3369 3619 3438 aliisque

2008 3443 2197 3498 decem
2218 3484 2232 3508 ,
2271 3452 2325 3498 et
2354 3454 2461 3498 vet.
2494 3443 2652 3498 editis
2683 3442 2841 3496 Rom.
2862 3482 2879 3507 ,
2909 3440 3077 3496 Turn.
3111 3448 3165 3495 et
3195 3440 3467 3497 Soubron.
3495 3440 3612 3496 Ca:-

2008 3515 2111 3569 teri
2154 3516 2206 3568 in
2246 3532 2326 3569 ea.
2346 3543 2420 3557 —-
2441 3513 2509 3568 In
2538 3531 2649 3569 eam
2676 3513 2951 3566 multitudo
2971 3553 2985 3566 .
3009 3550 3023 3563 .
3045 3551 3057 3564 .
3097 3511 3432 3566 consenserit.
3474 3513 3618 3581 Lego

2006 3586 2223 3655 quidem
2246 3628 2259 3648 ,
2291 3587 2344 3639 in
2373 3601 2485 3640 eam
2507 3628 2521 3651 ,
2552 3601 2617 3640 ex
2651 3583 2817 3646 Ultr.,
2845 3582 3036 3647 Cauc.,
3071 3583 3267 3655 Rost.,‘
3288 3583 3419 3637 Ven.
3452 3584 3614 3650 1471,

2009 3653 2108 3720 72,
2137 3666 2363 3726 utraque
2394 3657 2484 3723 78,
2512 3658 2603 3723 9'5,
2632 3658 2724 3722 97,
2763 3655 2982 3726 Parrh.,
3021 3655 3214 3726 Daris,
3239 3653 3414 3722 Junt.,
3444 3655 3613 3710 Torn.

2008 3729 2172 3793 1587,
2207 3725 2370 3795 1615,
2406 3728 2482 3781 ιιιί
2513 3729 2608 3792 lib,
2643 3744 2691 3793 ι,
2730 3741 2849 3796 cap.
2887 3725 2988 3780 18:
3025 3725 3287 3796 Siomnes
3316 3727 3369 3779 in
3398 3742 3615 3780 concor-

2006 3800 2146 3853 diam
2174 3800 2536 3854 eonsenserint.
2566 3799 2683 3854 Lib.
2712 3814 2765 3863 ν,
2797 3795 2914 3864 Cap.
2947 3798 3048 3852 1'5:
3077 3795 3144 3850 In
3169 3813 3319 3867 quant
3348 3807 3491 3851 tanta
3517 3797 3616 3851 Ito-

2006 3872 2204 3925 minum
2233 3871 2396 3925 millia
2420 3872 2754 3925 consentiant.
2783 3867 3009 3937 Quintil.
3040 3868 3190 3923 Dec].
3223 3867 3293 3922 12
3313 3908 3328 3935 ,
3356 3881 3476 3938 cap.
3510 3868 3612 3924 10:

2006 3940 2196 3996 Concio
2226 3944 2279 3997 in
2308 3959 2466 3996 unam
2495 3958 2664 3997 vocem
2692 3941 2995 3996 consentiat.
3031 3939 3273 3995 Alteram
3312 3950 3493 3995 tamen
3513 3980 3528 4003 ,
3559 3941 3615 3994 in

2005 4028 2065 4084 ea
2087 4056 2100 4076 ,
2134 4029 2349 4084 quoque
2379 4015 2598 4083 probam
2631 4013 2831 4084 scias,7
2853 4022 2909 4067 et
2954 4011 3156 4084 habent
3198 4010 3372 4081 Lips.,
3421 4010 3612 4084 60th.,

2004 4080 2239 4140 Reinim.
2264 4080 2404 4140 ’γωδ
2431 4085 2524 4139 lib.
2554 4100 2627 4150 tv,
2658 4099 2778 4152 cap.
2806 4083 2880 4140 25
2906 4101 2918 4137 :
2948 4080 3016 4136 In
3042 4099 3143 4152 quo
3162 4122 3175 4137 .
3200 4124 3215 4138 .
3240 4080 3605 4136 .consenserit.

2004 4156 2081 4228 De
2103 4154 2206 4222 lra,
2230 4171 2347 4228 cap.
2369 4155 2434 4211 9:
2459 4156 2525 4209 In
2551 4173 2650 4228 quo
2678 4156 2872 4224 priores
2893 4154 3142 4209 universi.
3164 4196 3177 4228 .
3198 4193 3210 4206 .
3229 4164 3611 4228 consenserant.

2005 4226 2139 4282 Ibid.
2163 4243 2282 4296 Cap.
2297 4226 2333 4283 71
2350 4234 2371 4283 1
2395 4244 2407 4280 :
2431 4226 2571 4282 Adeo
2592 4230 2645 4281 in
2668 4228 2859 4281 unitate
2878 4234 3065 4280 natura
3085 4227 3320 4278 uniuersa
3340 4226 3608 4279 consentit.

2002 4297 2124 4368 Ipse
2151 4300 2341 4354 Cicero
2365 4314 2465 4370 pro
2495 4298 2700 4366 Sextio,
2731 4313 2849 4368 cap.
2883 4298 2944 4353 51
2973 4314 2985 4352 :
3030 4296 3095 4350 In
3124 4310 3223 4367 qua
3251 4312 3409 4349 causa
3437 4311 3610 4351 omnes

2001 4372 2341 4424 consentiunt.
2378 4371 2509 4425 BUN.

289 4449 427 4521 cunt
451 4482 466 4522 ,
497 4441 631 4531 (tltch
655 4442 838 4531 Ιξοειιηι
866 4442 1017 4531 hordie
1043 4443 1097 4525 in
1125 4440 1384 4531 Ciceronis
1430 4443 1895 4531 ntanunzentisqnon
1924 4471 1975 4531 Β
2072 4440 2311 4531 Retenta.
2345 4441 2442 4531 his.
2477 4442 2641 4531 Bruin'.
2670 4449 2890 4509 reperta.

286 4512 532 4586 inueniri.
576 4510 875 4586 Cellarius,
916 4513 1048 4584 forte
1079 4514 1132 4567 in
1158 4514 1425 4586 deperdita
1471 4513 1695 4586 quodam
1742 4514 1893 4568 libro.

289 4580 597 4654 )‘anchius,
629 4601 728 4653 quo
769 4583 879 4638 loco
909 4580 1175 4639 incertum.
1207 4580 1278 4640 At
1318 4594 1428 4640 tres
1450 4580 1801 4654 posteriores
1827 4598 1894 4640 ex

288 4652 412 4708 1ςωί
435 4652 678 4724 margine
717 4657 1017 4726 potuissent
1053 4656 1285 4724 discere,
1310 4652 1487 4712 locum
1510 4670 1630 4710 esse
1651 4671 1715 4710 ex
1743 4654 1893 4711 Orat.

286 4739 395 4795 pro
440 4726 715 4799 Deiotaro,
747 4742 868 4795 cap.
905 4727 938 4784 9
971 4747 983 4782 :
1018 4726 1183 4799 Frugi
1215 4729 1470 4790 hominem
1492 4728 1593 4781 dici
1620 4742 1726 4799 non
1766 4727 1899 4781 mul-

288 4805 406 4872 tum
438 4798 600 4872 habet
629 4798 803 4872 laudis
830 4800 883 4872 in
916 4815 1042 4870 rege
1069 4817 1082 4853 :
1109 4798 1894 4872 fortem,jnstum,...targnm,

286 4867 597 4941 beneﬁcum,
626 4867 908 4935 liberalem,
934 4867 1013 4924 Ιιιὶι
1041 4880 1158 4925 sunt
1190 4867 1592 4941 regite'virtutes.
1648 4867 1783 4925 Buu.

369 4938 511 5012 Quas
532 4940 700 5010 regias
727 4957 833 4996 esse
849 4942 1045 4996 laudes.
1074 4941 1189 4996 Non
1218 4938 1509 5011 negatillas
1540 4942 1712 5012 regias
1729 4956 1850 4997 esse
1888 4960 1900 4996 :

287 5013 464 5065 sedet
487 5011 627 5067 hanc
659 5013 817 5068 talem
848 5022 1027 5081 putat,
1061 5029 1181 5080 quae
1203 5028 1357 5084 reges
1385 5028 1488 5067 non
1514 5013 1689 5066 minus
1718 5022 1895 5079 ornet,

232 5119 236 5122 ‹
283 5097 454 5154 quam
486 5084 723 5151 privatos
746 5126 759 5150 ,
804 5094 858 5139 et
898 5086 1137 5152 utrisque
1165 5086 1468 5140 communis
1492 5085 1581 5139 sit.
1609 5084 1894 5139 ancws.

367 5153 586 5225 Tullius.
619 5155 736 5210 Non
767 5172 833 5211 ex
862 5154 1142 5225 deperdita
1186 5157 1466 5212 Ciceronis
1507 5156 1645 5210 libro
1667 5198 1681 5220 ,
1718 5167 1773 5209 ut
1804 5173 1897 5223 pn-

286 5234 367 5280 tat
394 5224 703 5293 Bctnleius,
759 5242 823 5282 ac
869 5224 1132 5296 poStcum
1170 5224 1469 5294 Cellarius;
1498 5227 1593 5282 sed
1641 5242 1706 5281 ex
1745 5226 1893 5281 Orat.

285 5312 399 5368 pro;
420 5296 672 5366 Dejotaro
701 5300 860 5368 paulo
890 5308 1010 5368 post
1041 5300 1204 5365 med.,
1251 5314 1366 5368 cap.
1400 5300 1453 5354 9.

362 5366 630 5441 Regnante
654 5366 903 5439 primum.
928 5369 1007 5424 Ad
1029 5366 1333 5425 evitandani
1357 5370 1756 5441 ambiguitatem
1786 5370 1899 5441 hoc

282 5440 613 5513 ordineedo
637 5441 877 5513 exALips.
908 5442 964 5513 2,
997 5443 1049 5507 5,
1078 5442 1334 5513 Reimtu.,
1354 5440 1531 5513 RostIJ
1568 5441 1699 5496 Ven.
1736 5440 1892 5513 14"“,

285 5511 455 5579 1515,
477 5511 675 5575 Paris.
703 5511 876 5578 Crat.,
901 5511 1123 5581 Gymn.,
1153 5512 1319 5568 Torn.
1355 5511 1529 5578 1587;
1559 5514 1718 5568 1615.
1753 5512 1898 5568 Wal-

282 5584 443 5656 eliio,
496 5583 584 5656 ubi
632 5583 831 5652 Fasit.,
864 5584 1094 5656 Gryph.,
1123 5584 1406 5654 Thomas.,
1460 5585 1627 5653 Gall.,
1672 5584 1892 5655 Spark.,

282 5655 452 5727 Gall.,
479 5655 702 5725 primum
728 5655 988 5727 regnante.
1024 5657 1155 5712 BUN.
1461 5689 1463 5691 ι

366 5725 624 5799 Nuntium
654 5725 810 5781 misit.
845 5728 943 5782 Ms.
975 5730 1002 5783 1
1034 5727 1242 5784 Bonan.
1289 5729 1457 5799 antiq.
1504 5736 1559 5783 et
1598 5742 1718 5783 cum
1756 5743 1822 5783 co
1862 5729 1896 5784 5

295 5797 428 5854 editi
457 5813 565 5857 rec.
598 5811 717 5868 post
741 5801 1002 5865 nuntium,
1031 5801 1229 5857 addunt
1259 5797 1434 5865 suum,
1456 5799 1597 5869 quod
1626 5818 1652 5854 a
1680 5803 1894 5857 caeteris

2070 4513 2343 4595 ﬁlioloco.
2373 4512 2676 4595 Sup-ralib.
2705 4526 2780 4595 tt,
2810 4525 2929 4595 cap.
2966 4510 3057 4566 18.

2073 4580 2618 4654 Εῐσριίσιιὺίιαν.’νὶάθ
2665 4583 2801 4637 infra
2850 4580 2948 4639 lib.
2995 4597 3082 4651 γι,
3132 4596 3251 4653 cap.
3285 4581 3355 4637 15
3398 4588 3453 4636 et
3500 4580 3607 4648 22,

2001 4664 2163 4725 atque
2193 4655 2285 4709 lib.
2321 4655 2389 4709 de
2420 4654 2501 4709 lra
2535 4653 2667 4721 Dei,
2698 4669 2818 4725 cap.
2854 4655 2943 4711 15.

2075 4723 2199 4780 Νοη
2219 4743 2327 4781 esse
2350 4730 2646 4797 perfectam,
2666 4723 2770 4781 nisi
2785 4734 3081 4781 exerceatur
3098 4725 3344 4797 adversis.
3368 4723 3609 4797 Intelligo

2001 4797 2053 4852 in
2097 4797 2198 4853 hac
2235 4795 2358 4852 vita
2382 4795 2616 4852 mertali.
2659 4796 2797 4867 Quid
2827 4797 3009 4862 enim;
3059 4814 3184 4852 num
3214 4798 3266 4851 in
3300 4795 3470 4867 beatis
3498 4812 3607 4851 non

1999 4878 2082 4924 est
2127 4868 2363 4939 perfecta
2388 4868 2596 4924 virtus?
2640 4866 2708 4925 At
2738 4869 2855 4924 haec
2887 4885 2990 4922 non
3023 4880 3305 4924 exercetur
3340 4866 3605 4922 adversis.

2072 4938 2211 4995 Deus
2239 4958 2375 5011 ergo.
2409 4940 2532 4996 Post
2566 4941 2683 4995 haec
2712 4957 2843 5011 mss.
2878 4942 2902 4997 1
2936 4941 3068 5010 Reg.
3097 4939 3382 5009 antiquiss.
3415 4938 3605 5006 Cauc.,

2001 5010 2189 5080 Goth.,
2220 5010 2408 5067 Marm.
2438 5024 2493 5067 et
2519 5014 2552 5069 5
2580 5012 2709 5068 editi
2737 5010 2974 5079 addunt,
2995 5012 3251 5083 justitiam
3279 5011 3603 5083 reducturus.

2004 5083 2106 5138 Pro
2154 5085 2377 5151 malum,
2410 5099 2512 5139 ms.
2574 5085 2706 5139 Pen.
2772 5083 2934 5138 habet
2995 5080 3268 5136 malitiam.
3316 5080 3469 5148 Quod
3511 5097 3605 5136 att-

2004 5165 2111 5210 tem
2165 5156 2333 5217 dicit,
2381 5173 2484 5210 nou
2544 5155 2760 5210 exclusit
2800 5156 3025 5221 malum,
3081 5153 3131 5209 id
3192 5164 3309 5216 est,
3365 5151 3606 5221 permisit

2002 5227 2225 5282 malum.
2284 5229 2422 5282 Ecce
2478 5225 2754 5281 Tltomasii
2808 5226 3022 5280 Scholia
3092 5225 3156 5278 ad
3210 5224 3352 5279 hunc
3404 5224 3603 5279 locum.

2003 5297 2172 5363 Hujus
2228 5298 2342 5352 lucc
2380 5298 2542 5353 verba
2583 5308 2726 5353 sunt.
2783 5297 2875 5352 Ha:
2927 5298 3089 5352 etiam
3150 5311 3307 5352 voces
3352 5297 3605 5365 justitiam

1999 5372 2302 5424 reducturus
2324 5411 2338 5435 ,
2370 5368 2762 5439 expungendus,
2790 5384 2908 5438 qua:
2962 5383 3092 5423 sane
3140 5385 3203 5423 ex
3260 5368 3503 5437 margine
3529 5371 3605 5422 vi-

2000 5441 2196 5496 dentur
2247 5441 2411 5495 luisse
2465 5440 2737 5495 translata:
2788 5441 2840 5492 in
2912 5450 3139 5494 textum.
3206 5440 3261 5495 In
3320 5440 3423 5494 hoc
3472 5455 3604 5494 sane

1999 5513 2173 5583 capite
2195 5513 2359 5567 multa
2381 5512 2592 5567 videtur
2611 5512 2791 5567 dicere
2808 5510 3132 5583 Lactantius,
3155 5511 3349 5581 quibus
3370 5511 3600 5580 quodam

2000 5582 2162 5639 modo
2205 5593 2477 5639 auctorem
2519 5584 2642 5637 mali
2670 5586 2867 5638 taceret
2896 5582 3085 5637 Deum.
3134 5582 3332 5637 Verum
3380 5584 3421 5635 si
3457 5595 3602 5638 recte

1999 5656 2209 5726 singula
2240 5655 2669 5721 considerentur,
2704 5653 2805 5709 hoc
2836 5655 2949 5724 ipse
2978 5670 3082 5708 non
3116 5656 3328 5709 asserit.
3360 5653 3602 5724 Namque

1997 5737 2089 5781 aut
2114 5726 2241 5781 dicit
2267 5728 2432 5782 Deum
2457 5742 2563 5781 non
2588 5726 2877 5781 excludere
2901 5727 3122 5794 malum,
3151 5727 3234 5781 vel
3267 5727 3575 5796 pt‘t‘tttillerc

2000 5810 2056 5854 ut
2087 5798 2252 5854 virtus
2280 5814 2400 5854 cum
2432 5813 2540 5868 quo
2569 5808 2767 5870 pugnet
2794 5798 3007 5853 haheat.
3039 5815 3150 5855 nec
3178 5813 3339 5854 etiam
3368 5814 3420 5851 ιιι
3455 5812 3593 5861 toro,
