4090 6354
315 274 427 334 573

1516 276 1723 340 LIBER
1760 277 1827 339 V.
1868 277 1960 345 DE
1995 278 2321 345 1081'le.

3514 290 3623 349 57l-

315 398 445 455 tiam
465 438 482 464 ,
507 398 783 472 exigitque
807 399 1134 469 bonitatem;
1164 399 1322 474 cuius
1350 394 1623 474 templum
1641 407 1761 471 est,
1798 412 1908 459 non
1934 414 1992 479 Α
2012 400 2121 459 lida
2156 408 2215 459 et
2240 409 2442 459 teterna
2491 401 2828 473 praeferrent.
2865 402 2984 460 Non
3013 412 3198 463 essent
3220 362 3519 478 adulteria,
3541 407 3623 466 'et

312 491 551 563 lapides,
581 501 676 550 aut
699 493 867 551 lutum
890 533 908 563 ,
939 494 1038 553 sed
1079 494 1243 553 homo
1269 495 1418 565 ipse,
1444 493 1536 566 qui
1560 493 1786 565 ﬁguram
1814 493 1909 550 Dei

310 594 509 658 gestat.
557 587 713 655 Quod
762 588 1021 660 templum
1050 604 1158 646 non
1180 591 1295 646 auri
1321 600 1727 659 etgemmarum
1754 586 1912 646 donis

311 678 788 750 corruptibilibus,
823 679 923 738 sed
949 682 1167 738 aeternis
1191 681 1445 737 virtutum
1482 679 1795 736 muneribus
1820 694 1911 736 or-

309 781 490 829 natur.
520 772 721 829 Discite
746 772 906 844 igitur
924 774 991 845 (si
1007 773 1135 845 quid
1160 773 1312 831 vobis
1334 772 1553 844 reliquae
1582 771 1777 828 mentis
1801 769 1909 844 est)

310 864 561 925 homines
590 866 714 923 ideo
756 867 929 925 malos
955 878 1012 925 et
1037 868 1267 938 injustas
1291 881 1415 925 esse
1434 906 1451 933 ,
1470 866 1597 938 quia
1619 864 1696 921 dii
1716 865 1907 923 colun—

311 971 434 1026 tur;
462 968 517 1016 et
542 959 666 1016 ideo
692 960 831 1016 mala
855 960 1039 1017 omnia
1064 960 1229 1019 rebus
1254 958 1507 1016 humanis
1533 957 1776 1030 quotidie
1824 958 1912 1015 in-

305 1067 656 1124 gravescere,
674 1054 797 1124 quia
824 1053 965 1109 Deus
990 1050 1150 1127 hujus
1179 1052 1362 1109 mundi
1390 1051 1616 1109 ell‘ector
1636 1058 1693 1108 et
1711 1050 1909 1123 guber-

303 1160 465 1208 nator
510 1152 801 1210 derelictus
846 1161 964 1221 est;
1011 1155 1138 1226 quia
1182 1162 1452 1224 susceptas
1500 1161 1659 1220 sunt,
1711 1159 1905 1209 contra

303 1257 467 1315 quam
513 1248 595 1301 fas
640 1255 757 1314 est,
786 1246 965 1317 impiae
993 1247 1319 1320 religiones;
1351 1255 1658 1318 postremo,
1682 1248 1807 1319 quia
1837 1262 1906 1303 ne

300 1335 405 1392 coli
430 1336 680 1407 quidem,
712 1338 800 1395 vel
823 1350 856 1394 a
884 1339 1068 1409 paucis
1087 1377 1104 1405 ,
1130 1340 1304 1397 Deum
1332 1339 1531 1396 sinitis.

368 1430 529 1499 Quod
554 1432 601 1488 si
625 1433 774 1489 solus
806 1433 948 1491 Deus
1004 1434 1295 1503 coleretur,
1343 1449 1455 1491 non
1481 1441 1666 1492 essent
1691 1433 1902 1491 dissen-

294 1523 481 1581 siones
526 1531 581 1581 et
625 1524 798 1592 bella,
849 1541 976 1583 eum
1020 1526 1225 1584 scirent
1252 1525 1499 1585 homines
1530 1527 1690 1584 unius
1718 1542 1781 1585 se
1802 1527 1901 1587 Dei

292 1614 439 1672 ﬁlios
487 1631 644 1685 esse;
696 1617 926 1690 ideoque
970 1618 1169 1677 divinas
1210 1619 1626 1678 necessitudinis
1663 1636 1823 1680 sacro
1844 1631 1901 1679 et

289 1708 592 1765 inviolabili
632 1710 852 1768 vinculo
905 1712 1192 1784 copulatis,
1223 1712 1385 1773 nullm
1405 1712 1600 1771 ﬂerent
1643 1713 1891 1785 insidim,

284 1816 416 1860 cum
437 1802 643 1858 scirent
664 1802 968 1875 cuiusmodi
997 1819 1189 1876 ptanas
1218 1806 1361 1862 Deus
1385 1806 1687 1863 animarum
1717 1806 1891 1863 inter-

284 1892 583 1951 fectoribus
636 1905 1010 1967 praepararet,
1052 1898 1145 1969 qui
1191 1897 1527 1955 clandestina
1563 1897 1808 1966 scelera,
1836 1907 1893 1957 et

282 1986 433 2057 ipsas
452 1988 615 2043 etiam
639 1988 994 2060 cogitationes
1016 1990 1280 2061 pervidet.
1300 1990 1418 2047 Non
1439 2002 1620 2048 essent
1645 1989 1885 2062 fraudes,

282 2092 468 2150 neque
496 2079 722 2150 rapinae,
741 2081 786 2135 si
820 2082 929 2138 Deo
952 2082 1295 2155 praecipiente
1324 2081 1661 2152 didicissent,
1680 2092 1736 2139 et
1761 2099 1882 2153 suo,

276 2181 341 2229 et
370 2185 537 2245 parvo
561 2185 681 2231 esse
702 2174 942 2233 contenti
960 2219 975 2247 ,
1010 2180 1071 2232 ut
1092 2172 1367 2249 (rasilibus
1387 2218 1402 2244 ,
1432 2184 1488 2233 et
1504 2175 1722 2233 caducis
1747 2218 1762 2244 ,
1795 2189 1883 2232 so-

2012 503 2233 567 stupra,
2283 503 2340 551 et
2382 496 2666 553 mulierum
2690 496 3098 569 prostitutioues
3119 538 3136 564 ,
3163 499 3209 556 si
3232 500 3487 557 omnibus
3517 517 3617 557 no-

2013 594 2124 643 tum
2155 596 2341 657 esset,
2369 586 2615 644 damnari
2644 603 2673 642 a
2720 588 2833 665 Deo
2895 590 3152 662 quidquid
3180 592 3448 663 appetitur
3473 592 3615 650 ultra

2008 679 2306 752 generandi
2335 679 2705 750 cupiditatem.
2739 680 2849 737 Nec
2878 682 3154 739 ft‘eminam
3200 683 3496 739 necessitas
3525 698 3620 740 ca-

2010 781 2165 846 geret
2202 773 2463 846 pudorem
2509 787 2666 829 suum
2713 774 3026 846 profanare,
3072 783 3131 830 ut
3155 776 3352 830 victum
3384 775 3486 833 sibi
3515 776 3616 833 ob-

2010 866 2413 925 sctenissimum
2439 875 2682 936 quaerat;
2712 881 2833 922 cum
2864 877 2918 923 et
2946 882 3122 923 mares
3164 866 3440 924 libidinem
3480 883 3614 926 con-

2013 959 2276 1027 tinerent,
2322 966 2380 1017 et
2440 956 2756 1015 habentium
2791 960 2880 1029 pia
2906 967 2961 1016 et
2988 960 3237 1032 religiosa
3261 960 3474 1016 collatio
3505 977 3611 1019 non

2010 1049 2336 1109 habentibus
2361 1049 2696 1107 subveniret.
2746 1050 2865 1124 Non
2911 1059 3095 1108 essent
3123 1053 3318 1124 igitur,
3359 1063 3415 1107 ut
3458 1052 3567 1109 dixi
3592 1094 3609 1123 ,

2006 1143 2126 1203 haec
2151 1143 2333 1201 omnia
2363 1143 2414 1201 in
2447 1143 2608 1201 terris
2638 1144 2780 1200 mala
2810 1185 2826 1213 ,
2865 1145 2912 1200 si
2946 1146 3011 1200 ab
3046 1146 3295 1204 omnibus
3340 1146 3395 1202 in
3435 1147 3608 1219 legem

2007 1235 2106 1293 Dei
2149 1235 2526 1307 conjuraretur
2553 1253 2568 1303 ;
2599 1235 2644 1292 si
2670 1236 2737 1292 ab
2765 1237 3027 1294 universis
3055 1237 3264 1304 tierent,
3312 1254 3432 1312 quae
3471 1255 3609 1296 unus

2004 1338 2194 1387 noster
2218 1328 2446 1401 populus
2476 1338 2749 1400 operatur.
2782 1330 2953 1399 Quam
3000 1329 3189 1386 beatus
3213 1340 3389 1400 esset,
3419 1347 3608 1403 quam—

2002 1437 2109 1494 que
2158 1437 2356 1480 aureus
2399 1422 2754 1479 humanarum
2787 1438 2965 1480 rerum
3006 1433 3207 1490 status,
3240 1424 3286 1480 si
3312 1439 3405 1496 per
3437 1433 3604 1483 totum

2001 1517 2191 1573 orbem
2220 1517 2598 1585 mansuetudo,
2629 1525 2684 1573 et
2713 1517 2884 1589 pictas
2909 1558 2926 1586 ,
2954 1527 3009 1575 et
3031 1534 3164 1590 pax,
3192 1526 3247 1574 et
3274 1518 3600 1589 innocentia,

2000 1618 2053 1665 et
2101 1609 2361 1679 aequitas,
2418 1619 2473 1664 et
2530 1611 2918 1680 temperantia,
2976 1620 3029 1665 et
3084 1610 3214 1665 iides
3263 1614 3599 1671 moraretur!

2000 1702 2243 1774 Denique
2285 1700 2354 1757 ad
2408 1702 2675 1774 regendos
2704 1701 2952 1760 homines
3004 1719 3109 1759 non
3137 1719 3273 1775 opus
3304 1715 3447 1761 esset
3492 1715 3600 1775 tam

1999 1797 2181 1853 multis
2204 1805 2259 1854 et
2290 1805 2397 1854 tam
2428 1796 2590 1853 variis
2622 1796 2828 1868 legibus
2854 1838 2868 1864 ,
2913 1811 3035 1852 cum
3080 1797 3145 1852 ad
3176 1798 3470 1867 perfectam
3502 1800 3591 1857 in-

1998 1891 2302 1948 nocentiam
2330 1890 2426 1947 Dei
2453 1890 2536 1946 lex
2564 1906 2667 1949 una
2696 1889 2970 1947 sufficeret
2993 1896 3027 1958 ;‘
3052 1904 3225 1962 neque
3251 1891 3553 1949 carceribus
3574 1935 3590 1960 ,

1992 2000 2169 2060 neque
2182 1986 2372 2060 gladiis
2388 1986 2721 2058 praesidium,
2737 2000 2911 2058 neque
2924 1996 3133 2043 terrore
3150 1998 3452 2057 poenarum,
3468 2002 3592 2043 cum

1990 2089 2384 2152 praeceptorum
2401 2080 2702 2137 caelestium
2719 2079 3009 2136 salubritas
3027 2079 3275 2135 humanis
3290 2080 3595 2151 pectoribus

1987 2172 2185 2240 infusa,
2208 2173 2353 2230 ultro
2380 2172 2446 2229 ad
2460 2171 2682 2244 iustitiae
2701 2186 2867 2246 opera
2888 2171 3138 2230 homines
3156 2172 3414 2231 erudiret.
3440 2171 3593 2231 Nunc

1626 2311 1994 2374 VARIORUM
2031 2309 2256 2373 NOTA'J.

348 2449 480 2510 Non
518 2453 749 2526 lapides,
776 2464 865 2511 aut
892 2452 1074 2513 lutum.
1105 2452 1231 2513 Mss.
1261 2454 1427 2512 Brun.
1456 2469 1561 2511 non
1586 2454 1722 2526 lapis
1741 2494 1756 2522 ,
1787 2462 1877 2510 aut

272 2526 479 2655 ,δ’ιῆῗῆ
523 2600 640 2657 auri
676 2609 725 2655 et
768 2615 1084 2670 gemmarum
1126 2600 1296 2656 donis.
1329 2599 1540 2671 Sequor
1570 2613 1709 2671 mss.
1731 2598 1873 2671 anti-

268 2672 500 2744 quiores
529 2670 562 2726 6
591 2671 722 2744 Reg.
745 2666 826 2742 ,4
857 2672 1091 2729 Colbert.
1125 2670 1322 2745 Scripti
1342 2671 1378 2730 8
1402 2666 1513 2731 rec.
1547 2681 1607 2733 et
1627 2666 1757 2729 editi
1796 2667 1875 2728 fe-

266 2752 407 2800 runt
445 2760 591 2798 aura.

351 2814 601 2870 Ornatur.
641 2812 893 2871 Nonnulli
920 2815 1082 2884 editi,
1104 2823 1335 2871 ornetur.

347 2906 559 2963 Discite.
602 2907 676 2964 ita
710 2908 929 2979 reposui
958 2924 1023 2966 ex
1050 2909 1457 2980 quamplurimis
1484 2909 1643 2965 editis
1669 2923 1735 2966 es
1761 2923 1876 2967 om-

261 2980 439 3035 nibus
472 2996 620 3055 ansa.
675 2991 871 3055 pra-ter
912 2982 942 3055 1
993 2980 1128 3055 Reg.
1174 2997 1286 3055 rec.
1337 2983 1427 3051 qui
1456 2981 1874 3055 habetaprima

260 3067 440 3107 rnauu
462 3050 614 3108 Disce
636 3094 649 3119 ,
676 3050 736 3108 ut
758 3053 813 3108 in
834 3050 1153 3124 quibusdam
1185 3050 1485 3124 impressis.

347 3144 557 3213 Siquid
584 3146 721 3200 vobis
750 3145 1164 3217 reliqutementis
1194 3155 1286 3201 est.
1319 3145 1620 3211 Waleliius,
1648 3147 1864 3217 reliqua,

259 3216 477 3339 inquit,
510 3234 671 3283 mens,
700 3232 813 3288 qua:
840 3215 1126 3271 hominibus
1149 3227 1262 3288 post
1303 3218 1501 3288 lapsum
1531 3218 1706 3273 relicta
1742 3215 1867 3343 luit.

259 3286 398 3342 Miti
439 3288 623 3342 valent
673 3290 786 3342 lucc
833 3287 1055 3343 eadem.
1100 3303 1162 3343 ac
1203 3288 1238 3342 l.
1271 3304 1323 3343 ι.
1348 3306 1399 3343 c.
1426 3289 1493 3343 21
1524 3306 1537 3343 :
1573 3290 1633 3343 Si
1673 3290 1739 3342 Its
1775 3291 1867 3343 etis

254 3286 398 3342 Milli
439 3288 623 3342 valent
673 3286 786 3342 lucc
833 3287 1055 3354 eadem,
1100 3286 1162 3343 ac
1203 3288 1238 3342 l.
1271 3304 1323 3352 ι,
1348 3286 1399 3345 c.
1426 3289 1493 3345 21
1524 3306 1537 3343 :
1573 3290 1633 3344 Si
1673 3286 1868 3345 habetis

254 3358 467 3427 aliquid
494 3356 763 3424 sanitatis;
794 3359 885 3414 lib.
919 3375 969 3421 v,
1001 3374 1052 3414 c.
1078 3360 1113 3414 '5
1139 3378 1152 3414 :
1176 3359 1239 3415 Si
1260 3361 1385 3430 quid
1411 3362 1550 3416 vobis
1573 3362 1745 3417 cordis
1766 3371 1859 3427 est;

254 3431 402 3503 ibid.
423 3444 481 3503 Ac.
505 3431 540 3487 9
565 3450 581 3503 ξ
611 3432 671 3487 Si
695 3431 819 3500 quid
846 3432 1047 3498 sapitis.
1093 3432 1472 3498 Heumauuus,
1500 3449 1600 3503 pro
1622 3434 1863 3503 reliquas,

253 3501 461 3557 scribit
498 3502 755 3573 reliquum
785 3519 803 3573 ξ
844 3502 938 3557 sed
974 3520 1078 3557 non
1107 3512 1193 3559 est
1219 3518 1351 3572 opus
1382 3505 1449 3560 ab
1481 3501 1710 3559 lectione
1730 3501 1867 3559 cnt-

250 3573 416 3627 nium
456 3571 712 3627 librorum
763 3572 932 3628 abire.
962 3573 1035 3627 lla
1068 3571 1388 3629 Prudentius
1422 3573 1733 3630 Cathenter.
1767 3590 1859 3643 χι,

250 3645 334 3700 94
357 3687 373 3709 ,
401 3644 475 3699 95
498 3662 510 3697 :
543 3645 605 3698 Si
624 3646 921 3717 quidquam
938 3644 1028 3698 tibi
1050 3646 1229 3717 mentis
1250 3647 1434 3717 resedit
1462 3646 1692 3717 integrae.
1722 3647 1862 3703 Bur-

247 3730 498 3771 maunus
523 3731 591 3771 ex
614 3715 851 3771 Suetonii
882 3715 1060 3771 Tiber.
1090 3732 1139 3772 c.
1170 3715 1268 3771 62:
1292 3715 1686 3772 Classiuriorum
1706 3735 1863 3773 manu

248 3788 811 3861 elidentehcadavera,
860 3803 951 3842 nec
988 3789 1069 3843 cui
1104 3789 1303 3845 residui
1340 3791 1561 3861 Spiritus
1580 3789 1861 3861 quidquam

248 3861 470 3916 inesset.
489 3859 622 3916 BDN.

335 3952 404 4006 Et
428 3951 653 4026 injustas
679 3970 805 4017 esse,
824 3953 945 4025 quia
979 3952 1049 4008 dii
1088 3952 1347 4010 coluntur.
1373 3952 1588 4012 Crimen
1617 3953 1861 4026 objecto-

245 4041 379 4081 rmn
421 4024 691 4098 ma_lorum
741 4026 1317 4098 impietatisqueibcne
1356 4035 1631 4098 retorquet
1669 4024 1721 4082 iu
1764 4042 1859 4084 na-

249 4098 457 4170 tiones.
486 4093 717 4170 Turtull.
752 4093 980 4170 Apolog.
1010 4093 1209 4170 cale
1239 4095 1369 4152 :Vos
1399 4093 1557 4168 igitur
1578 4098 1859 4170 importuni

246 4168 407 4223 rebus
434 4167 691 4235 humanis,
719 4184 807 4222 vos
836 4169 908 4221 rei
937 4169 1253 4238 publicorum
1281 4167 1740 4239 incommodarum,
1770 4186 1858 4227 vos

245 4239 514 4312 malorum
543 4239 701 4293 illices
720 4255 941 4312 semper,
963 4240 1104 4312 apud
1126 4256 1251 4312 quas
1276 4241 1413 4295 Deus
1441 4244 1719 4312 spernitur,
1747 4252 1855 4297 sta-

246 4322 361 4366 ture
395 4310 699 4364 adorantur.
730 4311 983 4380 Cyprian.
1026 4311 1093 4365 ad
1136 4310 1513 4367 Demetrium:
1549 4313 1768 4380 Quando
1796 4331 1857 4369 ea

246 4326 361 4366 tute
395 4326 699 4364 adorantur.
730 4326 983 4436 bgprtan.
1026 4326 1093 4365 aa
1136 4326 1462 4367 uetuetrtan.
1500 4330 1513 4366 :
1549 4326 1768 4380 Quando
1796 4331 1857 4369 ea

243 4384 550 4455 ﬁuntgquat
596 4383 727 4437 iram
806 4382 1191 4455 ei_indignantis
1208 4385 1496 4450 ostendunt,
1529 4402 1631 4440 non
1648 4396 1857 4455 propter

245 4471 350 4509 nos
384 4453 541 4526 fiunt,
570 4470 600 4506 a
636 4455 821 4526 quibus
848 4452 1003 4526 Deus,
1022 4455 1227 4526 colitur;
1250 4455 1340 4509 sed
1365 4455 1561 4526 delictis
1587 4452 1854 4513 el'meritt's

1980 2458 2039 2507 et
2065 2451 2447 2523 lmpressorum
2478 2459 2623 2508 octo.
2647 2449 2760 2508 Hoc
2783 2450 3017 2523 probant
3041 2463 3204 2507 voces
3228 2450 3579 2521 clandestina;

1984 2525 2113 2581 item
2142 2524 2497 2594 cogitationes.

2058 2594 2128 2651 Ut
2151 2593 2437 2668 fragilibus.
2471 2593 2664 2668 Addidi
2676 2604 2741 2668 ut
2770 2610 2836 2651 ex
2864 2593 2897 2651 6
2924 2593 3081 2668 editis
3102 2594 3427 2668 cunctisque
3446 2613 3579 2654 mss.

1984 2662 2182 2739 praeter
2205 2662 2494 2739 l'QoIbert.
2528 2676 2583 2739 et
2614 2664 2925 2739 lClarom.,
2957 2662 3009 2721 in
3034 2666 3228 2735 quibus
3251 2673 3305 2722 et
3329 2662 3384 2739 in
3409 2667 3442 2725 9
3470 2668 3588 2725 vul-

1986 2736 2122 2809 gatis
2153 2736 2510 2794 desideratur.
2530 2737 2598 2793 Et
2625 2738 2821 2794 ibidem
2850 2752 2947 2808 pro
2972 2740 3299 2808 praferrent,
3326 2737 3585 2799 Francius

1983 2815 2049 2864 ad
2075 2825 2226 2865 oram
2256 2809 2338 2865 sui
2368 2810 2627 2865 Lactantii
2655 2810 2869 2880 legebat
2898 2810 3162 2880 prwfst‘re.

2056 2880 2436 2939 Faminanu...
2458 2892 2674 2951 quierat.
2709 2879 2808 2938 Ms.
2838 2879 3001 2937 Brun.
3030 2893 3084 2938 et
3113 2879 3240 2938 edit.
3274 2881 3449 2939 Betui.
3483 2887 3580 2957 fta-

1982 2951 2214 3024 tninas...
2244 2961 2495 3024 quterant.

2053 3020 2225 3079 Mares
2256 3020 2521 3079 libidinem
2559 3026 2887 3079 continerent.
2930 3023 3175 3080 Genuina
3217 3024 3377 3081 lectio
3415 3038 3444 3080 a
3489 3042 3576 3085 me

1896 3126 1941 3191 C
1975 3097 2228 3191 ἷῗὶίῖἷῗίὲ
2253 3096 2511 3191 ἓξκθίέίξξ
2547 3095 3407 3191 13999;-“.9°'lﬁ:‘:-€:t"99§at'£
3444 3114 3576 3191 ωὲξε

1975 3177 2172 3237 praeter
2195 3168 2230 3222 2
2253 3167 2385 3237 Reg.
2422 3183 2532 3225 rec.
2562 3169 2789 3240 quibus,
2838 3183 2903 3224 ac
2953 3168 3166 3224 caneris
3195 3167 3445 3240 excusis,
3498 3180 3581 3228 est

1972 3248 2369 3294 contemnerent.

2047 3302 2304 3382 Religiosa
2333 3309 2558 3365 collatio.
2589 3308 2642 3365 Id
2669 3316 2752 3366 est
2785 3309 3025 3382 collecta:
3046 3311 3427 3382 eieemOSynm.

2046 3381 2177 3436 Non
2193 3393 2355 3455 essent
2385 3382 2561 3453 igitur,
2588 3392 2642 3436 ut
2668 3382 2797 3437 diui.
2828 3381 2984 3455 Ms.t
3019 3382 3226 3437 Bnuon.
3255 3381 3423 3455 antiq.
3458 3394 3513 3441 et
3542 3387 3575 3441 ὅ

1969 3453 2099 3525 edit.
2130 3469 2240 3508 ree.
2270 3452 2378 3525 Nec
2404 3452 2566 3525 essent
2592 3464 2768 3508 mutua
2788 3494 2802 3518 ,
2834 3465 2887 3508 ut
2908 3454 3055 3517 dixi;
3085 3456 3281 3525 inepte.

2046 3522 2108 3580 Si
2134 3525 2195 3595 ab
2222 3523 2473 3581 omnibus.
2528 3524 2607 3595 Ex
2638 3526 2847 3581 cunctis
2887 3540 3027 3595 pene
3067 3522 3195 3595 mss:
3228 3526 3560 3583 restitutum.

1966 3590 2116 3721 {ubi
2151 3590 2283 3667 Reg.
2317 3608 2425 3652 rec.
2468 3597 2502 3653 5
2528 3592 2766 3652 Colbcrt.
2795 3604 2850 3652 et
2874 3590 3031 3652 editis
3074 3593 3174 3663 16,
3221 3595 3266 3651 si
3314 3596 3377 3652 ab
3408 3600 3574 3655 Itami-

2004 3683 2018 3719 t
2056 3682 2087 3720 lt
2122 3702 2137 3721 .

1967 3680 2137 3721 ntaus.

2038 3736 2107 3794 In
2156 3738 2315 3811 legem
2361 3737 2455 3793 Dei
2498 3740 2872 3808 canjuraretur.
2906 3740 2960 3794 Id
2991 3748 3110 3806 est,
3162 3742 3566 3811 canspiraretur,

1963 3822 2092 3877 seu,
2123 3816 2179 3864 ut
2208 3809 2440 3865 Gallmus
2478 3820 2533 3866 et
2570 3811 2827 3866 Francius
2869 3812 3087 3877 volunt,
3124 3812 3406 3882 jurarelur.
3449 3809 3568 3871 νυνι

1962 3882 2410 3965 οιιὶιιιροηῂενανε
2432 3883 2745 3965 plerumque
2767 3882 3041 3965 iurtnalatn
3073 3887 3568 3965 partemaccipilur

1962 3966 1991 4005 a
2024 3952 2395 4023 scriptoribus.
2428 3952 2738 4008 Laclantius
2769 3952 2931 4023 igitur
2972 3954 3187 4023 proprie
3217 3954 3389 4009 voluit
3417 3952 3565 4011 acci-

1961 4038 2091 4149 rere
2140 4041 2236 4094 pro
2280 4025 2436 4080 simul
2483 4026 2702 4094 iurare;
2734 4036 2895 4149 atque
2926 4025 3110 4079 alludit
3134 4024 3200 4078 ad
3235 4028 3467 4095 priscum
3499 4027 3565 4083 il-

1984 4109 2069 4149 um
2124 4110 2329 4149 morem
2358 4138 2372 4149 .
2414 4112 2519 4149 auo
2563 4097 2736 4149 sancti
2771 4110 2801 4148 v
2827 4097 2870 4149 ri
2891 4095 3107 4149 Judaeos
3139 4095 3444 4149 iuramento
3468 4100 3565 4149 nh-

1984 4109 2069 4149 um
2124 4110 2329 4151 morem
2358 4138 2372 4162 ,
2414 4112 2519 4167 quo
2563 4097 2736 4151 sancti
2771 4095 2870 4152 viri
2891 4095 3107 4152 Judaeos
3133 4095 3444 4165 iuramento
3468 4100 3566 4156 ob-

1959 4166 2293 4239 stringebant
2314 4208 2326 4231 ,
2360 4184 2419 4222 se
2436 4166 2750 4239 servaturos
2778 4168 2870 4239 Dei
2903 4169 3100 4239 legem,
3120 4183 3219 4223 nec
3241 4170 3309 4223 ab
3335 4171 3424 4225 illa
3449 4172 3561 4226 ullo

1958 4235 2123 4311 modo
2147 4235 2472 4311 deﬂexuros.
2496 4238 2643 4295 Talis
2673 4235 2982 4311 eonjuratid
3004 4240 3141 4311 bona
3172 4246 3227 4294 et
3254 4239 3563 4297 laudabilis.

1957 4307 2244 4365 Gnaeus.
2270 4340 2341 4352 —
2368 4309 2617 4366 Attamen
2643 4326 2748 4365 non
2776 4307 3168 4367 discedendum
3223 4324 3251 4363 a
3292 4326 3565 4369 consensu

1956 4381 2198 4437 omnium
2231 4384 2560 4452 scriptorttm
2587 4391 2638 4436 et
2668 4383 2955 4437 editorum.
2991 4380 3124 4436 Nam
3159 4381 3284 4435 licet
3318 4384 3560 4451 plerum-

1995 4468 2062 4507 ue
2117 4453 2168 4507 in
2210 4455 2403 4508 malam
2451 4469 2663 4522 partem
2712 4458 2973 4517 sumatur,
3002 4452 3227 4507 Servius
3274 4462 3451 4508 tamen
3494 4455 3561 4510 ad
3633 4484 3640 4492 -

241 4527 434 4600 vestris
461 4522 776 4600 irrogaritur,
807 4543 837 4580 a
866 4524 1048 4596 quibus
1080 4523 1217 4581 Deus
1242 4524 1448 4583 omnino
1470 4545 1559 4584 nec
1583 4529 1848 4600 quaeritur,
1877 4527 1930 4587 D
1958 4522 2111 4600 Virg.
2137 4539 2231 4579 vut
2264 4522 2400 4600 thin.
2421 4524 2455 4581 5
2480 4540 2493 4577 :
2529 4522 2867 4600 Notandum,
2893 4524 3190 4600 inquitidc
3208 4540 3267 4600 re
3289 4526 3418 4600 bona
3440 4543 3562 4580 con-

240 4613 344 4653 nec
370 4597 590 4651 timetur.
625 4596 1005 4655 Euanaonsr.

322 4690 459 4767 Ideo
489 4691 720 4767 mala.
764 4692 1135 4767 ingravescere.
1163 4692 1317 4767 Legit
1344 4693 1570 4767 vestigia
1596 4693 1850 4767 Cypriani

244 4764 384 4819 adv.
416 4758 838 4818 Demetrianumi
861 4762 1196 4832 Objieiebant
1234 4758 1850 4825 Gentiles'Cliri'stianas

238 4849 376 4908 esse
408 4834 660 4908 omnium
701 4835 964 4908 malorum
1003 4850 1215 4891 causas.
1264 4835 1417 4891 Talia
1446 4846 1503 4892 ut
1527 4835 1847 4908 refutarent,

239 4906 527 4981 Arnobius
556 4921 683 4981 suos
713 4906 881 4981 libros
904 4916 1092 4981 contra
1107 4907 1401 4981 ﬁentiles,
1436 4917 1491 4965 et
1520 4906 1848 4981 AuguSIiuus

238 4994 388 5061 opus
429 4976 506 5103 ⁵(ἓει
535 4976 781 5104 Ιξὶινίιιιιθ
827 4977 957 5047 Dei,
1002 4987 1058 5035 et
1095 4977 1322 5037 Orosius
1360 4976 1648 5038 Historiam
1693 4996 1847 5041 suam

238 5064 440 5104 scrmSI
475 5086 490 5103 .
580 5065 666 5104 au.
945 5098 950 5104 .

237 5050 490 5118 scripsit.
535 5050 666 5105 lion.
945 5098 950 5104 .

316 5118 609 5195 Copulatis.
637 5121 774 5195 _Sine
804 5122 910 5177 ulla
944 5123 1397 5195 interpunctione.
1423 5124 1513 5182 Sic
1538 5126 1751 5183 restitui
1776 5142 1845 5184 ex

235 5208 384 5248 mss.
421 5193 455 5247 7
479 5192 612 5264 Reg.
636 5191 777 5248 inter
803 5208 939 5264 quos
977 5191 1102 5251 duo'
1120 5206 1245 5252 sunt
1281 5198 1665 5265 vetustissimi,
1706 5215 1774 5255 ex
1811 5202 1848 5257 4

234 5265 488 5321 Colbert.
506 5266 956 5342 _multi_sque_al_iis
976 5307 992 5333 ,
1022 5276 1077 5323 et
1106 5279 1213 5322 vet.
1238 5268 1370 5342 edit.
1397 5268 1557 5324 Rom.
1582 5268 1781 5342 Scripti
1809 5273 1842 5327 7

233 5352 360 5410 rec_.
390 5345 447 5391 et
474 5335 686 5405 plurimi
706 5337 836 5410 editi
872 5337 1069 5393 habent
1094 5340 1380 5410 copulatas.

316 5406 671 5484 Prcepararet.
720 5408 804 5484 Ita
844 5410 1065 5480 reposui
1112 5406 1179 5466 ei
1229 5426 1361 5484 mss.
1415 5412 1734 5484 Regiu-Put.
1788 5425 1846 5472 et

232 5479 658 5550 quamplurimis
717 5479 873 5546 aliis,
921 5490 977 5537 et
1024 5490 1129 5538 vet.
1175 5482 1335 5538 editis
1374 5479 1532 5539 Rom'.
1567 5484 1779 5543 favente
1811 5489 1837 5543 1

231 5552 352 5627 alio
380 5550 515 5621 Reg.
549 5551 945 5627 antiquissimo,
988 5553 1041 5608 in
1072 5569 1179 5627 quo
1206 5555 1401 5627 legitur
1430 5559 1759 5627 prcepararit;
1789 5561 1841 5617 in

230 5623 274 5678 4
304 5624 442 5697 Reg.
461 5637 612 5697 _r_ec.,
634 5622 678 5697 _2
701 5623 939 5697 Colbert.
993 5634 1050 5679 et
1076 5624 1109 5681 9
1138 5622 1371 5690 excusis.
1422 5622 1706 5697 prteparet.

313 5693 715 5775 Prrvidetz‘Sic
742 5695 949 5775 restitui
977 5712 1042 5775 ex
1069 5711 1198 5752 mss.
1227 5693 1462 5775 maximo
1490 5693 1746 5775 numero,
1778 5714 1842 5761 ac

228 5771 273 5826 2
296 5778 406 5824 ret.
427 5767 562 5824 edit.
582 5765 742 5848 Rom.
772 5766 889 5848 liae
911 5768 1077 5826 verba
1101 5773 1298 5848 passim
1325 5776 1489 5831 utitur
1501 5765 1838 5848 Lactantius;

228 5853 294 5923 et
320 5840 711 5923 congruentius
727 5846 840 5917 est,
871 5856 1033 5930 quam
1062 5840 1194 5915 videt
1222 5848 1711 5937 titanuseriptorum'
1741 5840 1839 5931 sci

1945 4595 2258 4667 jttrationent
2298 4596 2401 4649 dici
2446 4613 2612 4667 posse.
2654 4595 2852 4667 Notum
2897 4596 3028 4651 illud
3053 4594 3332 4651 Claudiaui
3361 4596 3428 4653 de
3457 4610 3554 4667 ιιι,

1957 4664 2178 4722 Consul.
2210 4663 2454 4735 Honorii,
2488 4663 2607 4739 pag.
2641 4665 2732 4735 96,
2762 4666 2832 4724 98
2859 4684 2871 4723 :

2078 4758 2119 4824 ρ
2144 4761 2344 4824 nimium
2362 4759 2543 4824 dilecte
2567 4760 2694 4819 Deo,
2710 4760 2789 4824 cui
2816 4760 2989 4811 militat
3011 4761 3176 4824 ather,

2075 4821 2139 4875 Et
2156 4821 2395 4888 conjurali
2419 4824 2623 4877 veniunt.
2659 4825 2717 4875 ad
2740 4822 2937 4875 classica
2962 4825 3116 4874 venti.

2024 4925 2337 4985 Horaretur.
2370 4928 2432 4984 Ni
2465 4930 2774 4987 Lactantius
2799 4931 2877 4985 sic
2906 4930 3048 4999 loqui
3072 4939 3315 4999 amaret,
3359 4939 3415 4985 ut
3440 4931 3553 5001 jam

1950 5006 2239 5066 annotavi,
2270 5000 2517 5057 lubenter
2538 5018 2663 5059 cum
2710 5002 2939 5059 Francia
2966 5002 3259 5057 scriberem
3288 5000 3551 5057 morarcn‘

1951 5080 2077 5197 tuta:
2104 5074 2248 5144 quod
2276 5085 2464 5130 contra
2495 5089 2624 5130 mss.
2659 5083 2715 5131 et
2748 5075 3013 5131 editurum
3044 5073 3207 5130 ﬁdem
3239 5072 3416 5131 facere
3444 5088 3552 5131 non

1951 5157 2017 5197 au
2059 5159 2145 5197 eo.

1949 5157 2145 5200 δυαθο.

2019 5213 2151 5270 Ταηι
2177 5217 2369 5275 multis.
2394 5218 2606 5274 Jamdiu
2627 5218 2885 5274 dixerunt
2909 5216 3117 5274 cordati
3147 5232 3211 5273 ac
3234 5216 3530 5286 sapientes,

1946 5288 2145 5360 multas
2194 5288 2338 5357 leges
2389 5302 2760 5360 argumentum
2787 5306 2908 5345 esse
2929 5299 3302 5359 corruptorum
3345 5290 3396 5342 in
3432 5289 3537 5343 lle-

1946 5359 2074 5429 pub.
2102 5374 2334 5415 morum.
2368 5360 2523 5417 Unde
2546 5360 2736 5417 Cicero
2758 5378 2794 5418 ll
2819 5362 2887 5416 de
2915 5360 3146 5422 Officiis.
3174 5370 3228 5415 et
3256 5361 3542 5417 Sallustius

1945 5431 2196 5504 dixerunt
2215 5471 2230 5494 ,
2256 5447 2323 5487 ex
2354 5434 2508 5488 malis
2535 5435 2773 5489 moribus
2799 5434 2966 5488 bonas
2992 5433 3138 5488 nasci
3163 5432 3327 5504 leges.

2015 5500 2329 5576 grauidam.
2363 5504 2461 5570 Qui
2492 5506 2781 5575 provinciis
2815 5513 3103 5576 praeerant.

2021 5570 2171 5628 Ultro
2198 5576 2267 5628 ad
2285 5570 2508 5648 ,ᾔτεειὶιὲιὲ
2534 5594 2691 5647 opera
2736 5570 2964 5648 homines
3003 5578 3244 5632 erudirel.
3280 5576 3546 5645 Praeposi-

1946 5644 2145 5717 tionem
2177 5647 2248 5699 ad
2286 5644 2353 5702 ex
2383 5663 2511 5703 mss.
2538 5644 2596 5704 ct
2624 5649 2838 5705 excusis
2859 5647 3070 5711 addidi,
3125 5664 3247 5717 qua:
3275 5644 3428 5704 deest
3452 5649 3545 5704 uni

1942 5714 2267 5791 Bononiensi
2298 5720 2466 5790 autiq.
2492 5731 2546 5775 et
2573 5720 2734 5775 editis
2764 5723 3022 5791 quinque.
3054 5714 3187 5775 Vide
3229 5720 3367 5775 inira
3418 5735 3536 5788 cap.

1944 5787 2068 5871 1.0,
2090 5790 2389 5845 erudiuntur
2422 5787 2498 5871 ad
2544 5787 2889 5871 iujttstitiamg
2916 5787 2982 5849 'ct
3008 5809 3126 5871 cup.
3160 5794 3224 5859 11
3257 5792 3322 5850 ad
3352 5787 3535 5865 linem,

1944 5858 2028 5945 Att
2047 5860 2156 5921 lusa
2171 5877 2327 5945 opera
2345 5864 2567 5929 cultores
2590 5858 2719 5943 'suos
2740 5862 2999 5925 erudiunt.
