4090 6354
548 260 661 327 i575

1589 273 1775 334 FIRM.
1818 273 2185 335 LACTANTII
2212 275 2418 336 DlVlN.
2461 277 2710 336 lNS’l‘l'l‘.

3742 282 3841 341 5%‘6

552 393 732 445 autem
750 391 875 446 mali
893 390 1366 465 suntignoratione
1384 395 1514 450 recti
1532 409 1595 451 ac
1611 395 1920 464 boni.Quod
1939 397 2154 468 quidem
2181 407 2232 467 Α
2260 413 2357 456 eos
2375 399 2452 467 iit,
2477 415 2638 472 quam
2673 408 2734 456 ut
2767 398 3104 470 occidantur,
3143 404 3225 460 vel
3269 405 3321 460 in
3355 404 3664 461 servitutem
3685 403 3846 460 abdu-

553 479 745 538 Cicero
767 483 930 550 vidit;
960 484 1239 556 disputans
1260 487 1403 542 enim
1429 487 1498 543 de
1527 488 1732 560 legibus
1757 507 1769 544 :
1803 508 1820 541 ι
1849 489 2002 546 Sicut
2023 505 2150 560 una,

553 575 751 648 inquit,
805 578 1102 650 eademque
1145 589 1333 636 natura
1367 581 1600 637 mundus
1629 583 1878 638 omnibus
1909 583 2152 654 partibus

555 667 699 723 inter
727 683 786 724 se
812 671 1234 741 congruentibus
1256 673 1492 729 cohaeret
1513 688 1576 729 ac
1605 673 1826 729 nititur:
1861 677 1938 730 sic
1963 691 2154 732 omnes

555 758 804 818 homines
823 762 962 818 inter
981 778 1041 820 se
1064 773 1252 820 natura
1275 765 1505 833 confusi,
1526 767 1788 838 pravitate
1804 767 2150 832 dissentiunt;

557 868 659 909 nec
676 869 734 910 se
749 855 1055 928 intelligunt
1073 873 1193 914 esse
1213 861 1663 930 consanguineos,
1685 870 1735 914 et
1755 861 2026 930 subjectos
2041 875 2156 916 om-

554 961 654 1004 nes
674 948 775 1004 sub
796 965 955 1006 unam
973 952 1328 1024 eamdemque
1358 954 1610 1010 tutelam:
1631 955 1776 1026 quod
1792 956 1836 1010 si
1855 967 2154 1023 teneretur,

553 1040 779 1098 deorum
801 1043 1043 1113 profecto
1070 1047 1231 1101 vitam
1263 1046 1513 1104 homines
1538 1048 1799 1104 viverent.
1833 1069 1852 1101 ›
1895 1047 2157 1104 Universa

557 1134 719 1206 igitur
757 1135 894 1191 mala
919 1179 936 1204 ,
976 1137 1167 1208 quibus
1208 1138 1500 1194 humanum
1531 1155 1702 1211 genus
1738 1140 1977 1210 seipsum
2019 1140 2157 1196 invi-

557 1241 675 1282 cem
715 1227 969 1293 coniicit,
1011 1230 1239 1300 injustus
1278 1240 1438 1302 atque
1478 1232 1672 1303 impius
1711 1231 1938 1288 deorum
1978 1233 2159 1288 cultus

559 1321 790 1378 induxit.
843 1322 956 1378 Nec
999 1325 1142 1379 enim
1199 1334 1449 1396 p0terant
1478 1327 1715 1381 retinere
1747 1326 1998 1396 pietatem
2022 1369 2037 1393 ,
2069 1325 2159 1397 qui

559 1429 900 1472 communem
928 1416 1167 1472 omnium
1199 1426 1405 1488 patrem
1441 1418 1607 1474 Deum
1653 1427 1905 1490 tanquam
1953 1417 2162 1490 prodigi

560 1522 624 1564 ac
653 1508 889 1566 rebelles
911 1509 1069 1566 liberi
1105 1511 1480 1582 abnegassent.

1174 1668 1404 1728 CAPUT
1443 1669 1535 1726 IX.

2253 500 2464 548 cantur.
2500 495 2614 549 line
2642 509 2770 551 vero
2798 496 3160 553 inenarrabile
3183 510 3296 567 est,
3329 501 3472 570 quod
3503 500 3562 554 lit
3598 499 3848 556 adversus

2254 600 2349 641 eos
2395 585 2485 656 qui
2540 587 2860 645 maleiacere
2902 590 3168 646 nesciunt.
3211 590 3282 647 Et
3334 592 3466 648 nulli
3518 593 3848 648 nocentiores

2257 676 2545 746 habentur,
2579 695 2737 749 quam
2769 682 2861 752 qui
2889 691 3012 738 sunt
3041 698 3108 738 ex
3133 683 3383 740 omnibus
3412 684 3744 741 innocentes.

2332 769 2548 826 Audeat
2579 772 2740 842 igitur
2767 772 3016 830 homines
3045 775 3426 845 improbissimi
3440 775 3664 846 justitize
3681 773 3850 831 facere

2258 863 2612 931 mentionem,
2636 865 2724 936 qui
2754 865 2896 921 i‘eras
2927 867 3261 925 immanitate
3286 869 3540 932 vincunt,
3568 869 3659 939 qui
3689 867 3848 938 placi-

2259 958 2542 1016 dissimum
2574 961 2665 1017 Dei
2697 976 2914 1033 gregem
2945 972 3178 1030 vastant,

2389 1139 2632 1206 Raptores
2654 1147 2757 1192 atra
2783 1142 2831 1191 in
2853 1142 3057 1203 nebula,
3081 1155 3206 1205 quos
3227 1078 3655 1206 imtii‘ldli'apfgntris

2388 1203 2573 1266 Exegit
2595 1217 2752 1254 caecos
2775 1206 2954 1256 rabies.

2266 1333 2464 1389 Verum
2497 1331 2598 1388 hos
2625 1347 2731 1388 non
2759 1332 2967 1388 ventris
2992 1375 3006 1397 ,
3035 1333 3130 1388 sed
3159 1334 3340 1390 cordis
3383 1333 3562 1389 rabies
3588 1331 3857 1398 eiferavit;

2266 1440 2369 1481 nec
2389 1434 2504 1480 atra
2529 1425 2579 1480 in
2608 1424 2822 1492 nebula,
2843 1425 2940 1481 sed
2966 1435 3150 1496 aperta
3175 1425 3505 1498 praedatione
3529 1435 3860 1496 grassantur;

2269 1535 2368 1578 nec
2410 1535 2506 1577 eos
2547 1535 2782 1592 unquam
2832 1520 3165 1577 conscientia
3212 1521 3478 1578 scelerum
3530 1528 3771 1586 revocat,
3803 1535 3864 1574 ne

2267 1625 2513 1671 sanctum
2533 1629 2596 1670 ac
2621 1616 2768 1686 pium
2786 1629 2982 1670 nomen
2999 1615 3221 1685 justitia:
3241 1629 3336 1670 ore
3363 1613 3454 1669 illo
3477 1612 3700 1678 violent,
3730 1610 3864 1682 quod

2266 1723 2461 1765 cruore
2478 1709 2866 1777 innocentium,
2887 1716 3138 1779 tanquam
3161 1707 3328 1763 rictus
3349 1706 3641 1763 bestiarum
3668 1703 3864 1760 madet.

564 1801 646 1859 De
671 1803 939 1862 sceleribus
965 1805 1240 1878 impiorum
1261 1851 1276 1875 ,
1319 1819 1365 1864 et
1389 1806 1798 1864 Christianorum
1832 1809 2160 1865 cruciatibus.
2194 1807 2241 1869 B
2271 1802 2440 1873 Hujus
2467 1801 2601 1858 tanti
2631 1810 2684 1857 et
2713 1813 2819 1856 tam
2850 1801 3138 1872 pertinacis
3178 1800 3286 1856 odii
3327 1815 3490 1872 quam
3531 1798 3866 1870 potissimum

635 1941 1034 2013 Nonnunquam
1065 1954 1243 2001 tamen
1275 1955 1514 2002 sentiunt
1542 1961 1604 2002 se
1634 1953 1805 2003 malos
1833 1961 1977 2013 esse,
2003 1957 2056 2003 et
2076 1962 2169 2003 ve-

567 2042 742 2091 terum
769 2036 1087 2092 saaculorum
1119 2047 1316 2094 statum
1349 2039 1586 2106 laudant,
1618 2049 1672 2096 et
1697 2040 1763 2096 de
1793 2041 1906 2096 suis
1931 2040 2171 2096 moribus

569 2127 887 2200 meritisque
915 2129 1223 2200 conjectant
1244 2131 1436 2187 abesse
1458 2133 1717 2202 justitiam
1745 2151 1757 2185 :
1790 2149 1950 2204 quam
1981 2131 2172 2188 obver-

571 2237 779 2282 santem
822 2227 995 2282 oculis
1037 2228 1148 2283 suis
1193 2243 1299 2284 non
1341 2238 1546 2285 tantum
1577 2246 1681 2285 non
1714 2231 2042 2301 suscipiunt,
2073 2243 2174 2284 nec

570 2330 888 2390 agnoscunt,
915 2336 1102 2376 verum
1148 2323 1307 2378 etiam
1333 2324 1596 2379 violenter
1624 2325 1876 2391 oderunt,
1905 2333 1960 2379 et
1987 2339 2173 2393 perse-

567 2422 831 2481 quuntur,
865 2421 919 2468 et
942 2415 1306 2472 exterminare
1333 2417 1688 2472 contendunt.
1715 2417 2006 2488 Fingamus
2033 2415 2174 2471 hanc

571 2505 786 2560 interim
839 2521 944 2560 non
994 2522 1114 2562 esse
1152 2507 1448 2577 justitiam,
1496 2524 1656 2579 quam
1710 2523 1808 2564 nos
1856 2508 2173 2578 sequimur:

569 2598 864 2668 quomodo,
891 2600 936 2654 si
978 2600 1064 2654 illa
1110 2601 1341 2669 venerit,
1367 2618 1528 2673 quam
1576 2617 1756 2658 veram
1807 2613 2024 2673 putant,
2055 2618 2174 2659 eam

573 2693 873 2762 recipient,
904 2693 994 2763 qui
1027 2692 1230 2748 laniant
1272 2704 1327 2750 et
1366 2695 1621 2751 occidunt
1647 2711 1765 2762 eos,
1791 2712 1928 2766 quos
1973 2707 2028 2752 et
2076 2697 2177 2768 ipsi

572 2782 809 2839 fatentur
839 2785 1136 2842 imitatores
1163 2802 1284 2844 esse
1302 2788 1593 2857 justorum,
1625 2789 1748 2859 quia
1777 2789 1916 2844 bona
1943 2803 2176 2861 operen-

573 2883 661 2931 tur
685 2885 741 2932 et
773 2876 946 2946 justa;
977 2893 1120 2947 cum,
1153 2880 1198 2934 si
1226 2879 1597 2936 tantummodo
1628 2881 1802 2936 malos
1840 2882 2175 2949 occiderent,

573 2967 722 3040 digni
749 2980 932 3025 essent
957 2971 1023 3026 ad
1050 2987 1187 3042 quos
1221 2972 1428 3042 justitia
1475 2989 1581 3028 non
1623 2975 1871 3040 veniret,
1899 2975 1988 3030 cui
2035 2974 2177 3030 nulla

575 3060 673 3116 fuit
693 3061 793 3116 alia
819 3077 979 3117 causa
1010 3064 1284 3135 linquendi
1316 3075 1536 3132 terram,
1566 3081 1729 3138 quam
1769 3066 1990 3122 humani
2019 3082 2180 3122 cruo-

575 3155 650 3209 ris
681 3153 890 3210 eil'usio.
937 3155 1147 3224 Quanto
1188 3159 1378 3230 magis,
1409 3175 1530 3215 cum
1574 3161 1692 3231 pios
1733 3160 2092 3227 interﬁciant,
2125 3172 2179 3218 et

574 3250 720 3319 ipsos
760 3250 983 3322 iustitiae
1029 3263 1323 3312 sectatores
1355 3273 1450 3326 pro
1482 3258 1722 3315 hostibus
1753 3258 1983 3327 ducant;
2013 3261 2178 3315 immo

575 3357 704 3398 vero
731 3344 852 3412 plus
892 3359 1051 3414 qnam
1099 3362 1194 3416 pro
1244 3347 1522 3404 hostibus?
1567 3351 1781 3421 quibus,
1828 3351 2010 3422 utique
2055 3367 2176 3407 cum

575 3435 784 3490 animas
813 3451 1026 3504 eorum,
1059 3449 1114 3494 et
1139 3455 1272 3510 opes
1300 3452 1354 3497 et
1385 3442 1583 3499 liberos
1612 3445 1756 3500 ferro
1781 3453 1838 3502 et
1865 3445 1973 3516 igni
2013 3460 2177 3517 appe-

576 3538 713 3596 tant,
747 3543 923 3588 tamen
957 3533 1197 3603 parcitur
1234 3535 1424 3603 victis;
1458 3545 1512 3592 ct
1537 3547 1620 3593 est
1654 3539 1806 3594 locus
1849 3539 1991 3594 inter
2031 3554 2179 3594 arma

575 3624 876 3682 clementiae
907 3645 918 3680 :
948 3636 1040 3683 aut
1067 3629 1110 3683 si
1156 3628 1294 3686 adeo
1334 3630 1526 3687 srevire
1573 3632 1784 3701 placuit,
1820 3633 1951 3688 nihil
1979 3633 2099 3704 plus
2127 3635 2178 3689 in

2272 1909 2490 1951 causam
2521 1908 2643 1950 esse
2672 1893 2950 1950 dicamus?
2972 1893 3232 1950 Utrumne

3033 2005 3232 2056 Veritas
3253 2005 3418 2056 odium
3445 2007 3588 2070 parit,

2275 2147 2334 2192 ut
2359 2138 2433 2192 ait
2461 2146 2640 2208 poeta,
2672 2137 2823 2208 quasi
2850 2135 3031 2192 divino
3061 2136 3255 2207 Spiritu
3293 2133 3610 2191 instinctus?
3636 2135 3724 2192 An
3756 2150 3873 2190 eru-

2278 2230 2504 2287 bescunt
2527 2245 2708 2286 coram
2733 2229 2892 2300 justis
2913 2239 2964 2284 et
2990 2230 3143 2284 honis
3163 2243 3285 2285 esse
3311 2228 3579 2299 nequam?
3603 2242 3674 2282 an
3699 2228 3873 2297 potius

2279 2321 2600 2393 utrumque?
2626 2321 2756 2377 Nam
2788 2330 2842 2376 et
2885 2322 3085 2377 veritas
3133 2321 3255 2376 ideo
3303 2336 3517 2391 semper
3557 2319 3739 2374 invisa
3777 2328 3873 2382 est,

2277 2415 2422 2488 quod
2449 2418 2517 2482 is,
2543 2415 2634 2487 qui
2659 2425 2864 2486 peccat,
2892 2415 3007 2469 vult
3030 2415 3229 2470 habere
3258 2415 3486 2470 liberum
3516 2413 3776 2484 peccandi
3804 2413 3876 2467 lo-

2279 2526 2436 2576 cum;
2469 2526 2567 2566 nec
2597 2509 2756 2565 aliter
2781 2524 2842 2564 se
2873 2517 3023 2578 putat
3053 2507 3458 2563 malefactorum
3489 2506 3771 2576 voluptate
3799 2520 3878 2562 se-

2279 2603 2461 2659 curius
2501 2602 2702 2674 perfrui
2746 2616 2906 2672 posse
2927 2641 2942 2668 ,
2979 2616 3136 2672 quam
3177 2601 3222 2655 si
3255 2615 3414 2656 nemo
3442 2600 3541 2667 sit,
3570 2599 3663 2655 cui
3692 2599 3874 2654 delicta

2281 2713 2387 2752 non
2420 2697 2686 2768 placeant.
2711 2695 2855 2768 Ergo
2883 2705 3132 2765 tanquam
3154 2694 3418 2750 scelerum
3443 2702 3498 2749 et
3525 2693 3749 2747 malitia:
3773 2708 3877 2747 sua:

2281 2798 2448 2845 testes
2477 2791 2748 2860 extirpare
2775 2789 3012 2844 funditus
3033 2789 3301 2852 nituntur,
3332 2798 3390 2843 et
3420 2787 3634 2851 tollere,
3664 2800 3877 2858 graves-

2281 2899 2386 2955 que
2414 2883 2516 2940 sibi
2545 2893 2752 2954 putant,
2778 2893 3028 2953 tanquam
3059 2883 3168 2937 vita
3199 2896 3385 2936 eorum
3409 2890 3756 2951 coarguatur.
3782 2879 3879 2935 Cur

2281 2979 2425 3032 enim
2457 2978 2564 3032 sint
2585 2977 2747 3048 aliqui
2774 2977 3149 3046 intempestive
3174 2975 3326 3042 boni,
3354 2976 3757 3046 qui,corruptis
3778 2989 3879 3028 mo-

2284 3070 2430 3126 ribus
2469 3070 2716 3141 publicis,
2757 3069 3057 3126 convicium
3087 3068 3224 3124 bene
3255 3067 3486 3124 vivendo
3517 3067 3714 3122 faciant
3734 3067 3756 3120 ’ἒ
3779 3065 3881 3122 Cur

2285 3182 2390 3222 non
2431 3180 2619 3222 omnes
2648 3164 2753 3219 sint
2779 3177 2930 3233 aeque
2960 3161 3109 3226 mali,
3143 3176 3384 3231 rapaces,
3417 3160 3699 3230 impudici,
3733 3160 3879 3214 adut.

2287 3261 2407 3325 teri,
2433 3259 2656 3330 perjuri,
2684 3255 2884 3327 cupidi,
2913 3253 3269 3309 lraudulenti?
3292 3254 3417 3323 quin
3441 3255 3616 3324 potius
3639 3253 3882 3308 auferan.

2288 3361 2391 3419 tur,
2415 3353 2607 3423 quibus
2634 3365 2814 3405 coram
2846 3347 2987 3403 male
3006 3349 3185 3402 vivere
3213 3346 3406 3417 pudet;
3438 3345 3525 3416 qui
3551 3346 3879 3416 peccantium

2287 3445 2514 3500 frontem
2540 3487 2553 3509 ,
2594 3444 2692 3498 etsi
2745 3457 2851 3498 non
2895 3443 3107 3507 verbis,
3133 3441 3255 3512 quia
3305 3449 3514 3505 tacent,
3549 3447 3734 3494 tamen
3777 3439 3882 3508 ipso

2290 3539 2412 3594 vitae
2437 3553 2633 3609 genere
2659 3535 2907 3592 dissimili
2940 3535 3139 3590 feriunt
3178 3543 3234 3590 et
3264 3533 3585 3590 verberant?
3607 3532 3881 3604 Castigare

2290 3631 2432 3687 enim
2458 3631 2668 3686 videtur
2696 3629 3019 3701 quicumque
3048 3628 3317 3684 dissentit.

1927 3767 2287 3826 VARIORUM
2323 3766 2556 3824 ΝΟΤᾸΒ.

652 3899 782 3974 Mali
805 3910 952 3974 sunt.
973 3901 1072 3958 Ms.
1104 3899 1415 3972 Cantabrig.
1441 3910 1495 3956 ct
1521 3902 1555 3958 6
1583 3910 1690 3957 vet.
1715 3901 1847 3958 edit.
1884 3918 2170 3974 perperam

577 3969 780 4025 addunt
817 3972 1061 4026 homines.

652 4041 934 4119 Disputans
955 4045 1104 4097 enim.
1141 4043 1267 4119 Mss.
1298 4041 1486 4112 σθαι,
1522 4045 1544 4100 1
1580 4044 1751 4115 Lips.,
1777 4047 1968 4114 Brun.,
1991 4049 2171 4119 dispu-

579 4122 693 4166 tans
718 4115 914 4177 valide,
943 4119 1145 4170 omisso
1171 4117 1325 4170 enim.

653 4183 923 4259 S_icutuna
943 4227 956 4248 ,
981 4201 1086 4241 etc.
1115 4186 1230 4259 Non
1261 4194 1408 4241 extat
1438 4186 1523 4241 hic
1544 4187 1718 4254 locus,
1741 4203 1916 4259 neque
1945 4190 1996 4243 in
2015 4189 2170 4245 libris

579 4255 646 4330 de
673 4255 934 4326 Legibus.
961 4273 1059 4312 nec
1089 4261 1138 4312 in
1175 4258 1293 4313 aliis
1323 4259 1600 4313 Ciceronis
1630 4255 1903 4330 operibus.
1940 4263 2072 4316 llinc
2113 4271 2170 4317 et

577 4329 792 4383 aliunde
815 4329 1084 4397 cnnjicere
1109 4341 1193 4385 est
1234 4339 1511 4385 truncatos
1538 4329 1750 4387 esse’ac
1801 4334 2028 4388 multum
2072 4333 2172 4390 de-

581 4411 834 4466 pravatos
857 4398 1134 4457 Ciceronis
1166 4402 1353 4458 libros.

654 4470 763 4544 Sub
795 4488 946 4524 unam
977 4476 1300 4544 eamdemque
1328 4474 1557 4528 tutelam.
1586 4475 1713 4532 Mss.
1745 4475 1778 4532 6
1807 4491 1939 4544 rec.,
1963 4477 2053 4532 sub
2076 4495 2179 4534 una

580 4543 852 4612 eademque
876 4543 1052 4598 tutela.

655 4612 880 4667 Deorum
908 4615 1134 4682 profecto
1150 4617 1302 4668 vitam
1324 4617 1550 4672 homines
1571 4618 1812 4673 viverent.
1832 4619 1956 4676 Mss.
1980 4621 2047 4675 l6
2063 4637 2173 4677 rec.

581 4694 637 4740 et
721 4685 853 4740 edit.
882 4686 1112 4758 habent,
1145 4685 1354 4740 deorum
1395 4692 1619 4758 profecto
1655 4693 1756 4744 vita
1788 4691 2016 4746 homines
2048 4694 2178 4747 vive-

580 4765 711 4833 rent.
767 4757 991 4833 htjpsa
1037 4758 1250 4833 phrasis
1293 4769 1374 4811 est
1407 4757 1546 4833 inter
1571 4761 1849 4816 Ciceronis
1879 4763 2176 4833 fragmenta

584 4827 676 4883 lib.
710 4843 723 4882 l
751 4827 820 4899 de
848 4827 1079 4897 Legibus
1100 4871 1115 4895 ,
1165 4829 1375 4882 deorum
1420 4831 1646 4899 proferto
1668 4834 1821 4884 vitam
1842 4827 2016 4888 onmEs
2045 4838 2179 4890 vive-

580 4909 710 4952 rent.
747 4898 815 4953 Et
841 4899 954 4954 Cic.
986 4901 1134 4953 Orat.
1167 4899 1201 4952 4
1225 4898 1461 4966 Verrin.,
1495 4917 1548 4955 n.
1579 4904 1682 4957 118
1706 4921 1719 4957 :
1743 4902 2004 4959 Tutiorem
2025 4907 2178 4961 vitam

583 4987 690 5024 sese
730 4988 838 5025 meo
885 4973 1123 5041 pra’sidio
1159 4972 1378 5025 victuros
1411 4989 1516 5026 esse
1545 4975 1876 5028 arbitrantur.
1908 4976 2175 5032 Cmternm

585 5043 810 5096 homines
850 5042 903 5097 in
952 5059 1154 5105 omnes,
1189 5053 1374 5098 contra
1408 5046 1647 5099 omnium
1701 5047 2176 5104 Lactantianornm

584 5114 827 5167 codicum
877 5113 1034 5169 iidem
1059 5156 1073 5178 ,
1126 5125 1335 5169 mutare
1363 5115 1528 5170 nolui.
1563 5117 1626 5171 Et
1659 5117 1964 5172 Lactantius
1995 5132 2179 5176 noster

585 5184 711 5259 alihi
741 5200 952 5259 quoque
983 5185 1118 5240 dixit
1159 5186 1252 5239 lib.
1288 5201 1498 5259 [ηραν.
1534 5187 1601 5242 M-
1659 5208 1670 5241 :
1714 5189 1975 5259 Agrestem
2025 5191 2178 5244 vitam

587 5255 844 5333 tacebam,
879 5257 970 5310 lib.
1005 5273 1107 5333 vn,
1141 5272 1266 5333 cap.
1298 5256 1406 5310 24:
1442 5257 1619 5333 _Vivent
1661 5255 1888 5333 homines
1929 5265 2180 5333 tranquil-

587 5324 832 5399 lissimam
857 5337 923 5399 _et
957 5329 1361 5398 copiosissimam
1405 5331 1582 5392 vitam;
1608 5341 1661 5385 et
1689 5332 1781 5385 lib.
1811 5331 1879 5388 de
1924 5333 2004 5386 Ira
2053 5324 2176 5399 Dei,

589 5410 706 5473 cap.
739 5397 768 5449 7
799 5415 822 5473 εΔ
855 5397 1027 5473 Vitam
1049 5401 1298 5473 pecudum
1326 5401 1418 5454 sub
1450 5402 1674 5457 humana
1700 5405 1865 5473 specie
1888 5407 2035 5458 vivet.

663 5465 894 5523 Interim.
926 5465 1057 5524 Mss.
1085 5472 1118 5523 5
1141 5486 1250 5527 rec.
1275 5483 1328 5526 et
1359 5482 1467 5527 vet.
1489 5474 1616 5528 edit.
1647 5465 1805 5528 Βοίιι.
1833 5476 2035 5529 iterum.

665 5536 966 5616 Quialmna
1010 5555 1298 5616 operentur.
1342 5543 1432 5616 Sic
1475 5544 1594 5615 lego
1633 5560 1753 5599 cum
1795 5547 2183 5616 antiquiorilms

593 5609 790 5690 msssb‘
819 5609 950 5678 Reg.
995 5609 1338 5690 pluribusque
1375 5609 1619 5681 aliisfet
1665 5617 1699 5671 9
1743 5618 1898 5672 editis
1926 5609 2032 5672 vet.
2066 5619 2120 5672 In
2151 5621 2184 5673 5

590 5687 806 5756 scriptis
839 5697 953 5756 rec._
997 5692 1103 5756 est,
1128 5687 1213 5748 qui
1261 5687 1391 5739 bona
1432 5698 1736 5756 aperentur;
1783 5691 1834 5743 in
1865 5691 1899 5745 5
1929 5705 2038 5744 rec.
2075 5700 2126 5744 et
2151 5691 2182 5744 7

591 5750 842 5829 “ligatis,
869 5752 988 5824 quia
1011 5753 1147 5829 bona
1174 5750 1481 5825 aperantur;
1506 5761 1556 5813 in
1589 5762 1624 5813 2
1650 5750 1866 5816 excusis
1890 5762 1995 5829 qui.

667 5819 856 5880 Tamen
882 5819 1108 5897 parcitur
1132 5819 1293 5897 victis,
1316 5837 1422 5888 etc.
1447 5819 1774 5902 Augustinus
1801 5832 1856 5888 in
1883 5819 1913 5888 1
1942 5848 2060 5904 cap.
2090 5831 2183 5888 lib.

2203 4436 2257 4498 D

2281 3919 2318 3966 ι.
2348 3903 2415 3957 de
2459 3901 2574 3958 Civ.
2626 3900 2719 3957 Dei
2765 3901 3115 3972 conqueritur
3163 3902 3430 3958 civitatem
3479 3895 3714 3966 Christi,
3771 3915 3883 3970 qurc

2281 3974 2518 4029 Ecclesia
2547 3983 2650 4037 est,
2680 3971 2902 4028 exulare
2938 3975 2988 4028 in
3021 3975 3122 4028 hoc
3152 3974 3372 4038 mundo,
3406 3981 3460 4028 et
3498 3972 3665 4042 amigi
3709 3973 3778 4026 ab
3824 3971 3884 4024 iis

2278 4047 2682 4172 ipsigquornm
2725 4062 2836 4114 ars,
2880 4045 3176 4102 secundum
3226 4058 3460 4114 poetam,
3484 4057 3538 4100 et
3578 4046 3697 4100 laus
3731 4057 3884 4115 pecu-

2303 4133 2452 4172 laI‘IS.

2303 4133 2452 4183 laris,

2402 4232 2621 4282 Parcere
2640 4231 2894 4295 subjectis,
2924 4239 2976 4295 et
2993 4230 3252 4295 debellare
3275 4230 3542 4295 superbos.

2872 4293 3081 4360 (Virgil.
3103 4311 3148 4345 vi
3164 4292 3380 4358 JEneidL,
3407 4306 3452 4344 v.
3474 4293 3628 4358 8‘55.)

2286 4399 2349 4473 Et
2364 4401 2416 4454 in
2440 4401 2609 4456 altero
2627 4415 2746 4473 cap.
2770 4401 2975 4472 aliquot
2997 4400 3258 4470 exemplis
3283 4399 3461 4466 docet,
3481 4400 3629 4455 nulla
3651 4414 3882 4472 unquam

2287 4471 2427 4544 bella
2458 4475 2622 4528 luisse
2651 4471 2824 4544 gesta,
2858 4471 2915 4527 ut
2944 4473 3359 4544 victisivictores
3387 4481 3691 4544 parcerent.

2360 4543 2505 4598 Inter
2532 4542 2696 4599 arma.
2724 4545 2856 4600 Vide
2885 4544 3060 4600 Cicer.
3090 4543 3237 4599 Orat.
3273 4557 3368 4613 pro
3395 4542 3670 4598 Marcello.

2354 4615 2512 4687 Lupi.
2546 4615 2681 4671 Vide
2708 4616 2854 4687 Virg.
2894 4633 2927 4670 ιι
2961 4614 3203 4678 ιίΕηοίἀη
3231 4614 3355 4687 556.

2355 4686 2638 4741 Dicamus?
2659 4687 2732 4741 Ita
2751 4685 2940 4743 omnes
2968 4702 3096 4741 mss.
3121 4697 3176 4741 et
3199 4685 3348 4751 editi,
3379 4693 3580 4755 praater
3603 4687 3625 4742 1
3646 4685 3880 4742 Colbcrt.

2282 4767 2336 4813 et
2365 4760 2398 4814 5
2424 4759 2554 4813 edit.
2587 4759 2779 4828 quibus
2809 4769 2892 4814 est
2917 4758 3186 4813 dicemus?

2365 4828 2584 4883 Veritas.
2615 4830 2834 4886 Terent.
2866 4831 3036 4887 Andr.
3070 4841 3174 4885 act.
3207 4845 3246 4892 ι,
3279 4843 3425 4884 scen.
3462 4829 3516 4884 1.
3549 4828 3664 4884 lloc
3687 4829 3760 4883 ait
3788 4827 3886 4883 So-

2281 4901 2394 4956 sias
2415 4901 2658 4956 libertus.

2356 4971 2542 5026 Divina
2580 4975 2766 5043 spiritu
2808 4974 3097 5028 instinctus.
3132 4973 3258 5029 Mss.
3288 4972 3321 5027 8
3351 4986 3458 5028 rec.
3489 4980 3542 5028 et
3567 4971 3694 5027 edit.
3721 4973 3782 5035 4,
3809 4972 3885 5025 in-

2280 5053 2538 5108 structus;
2563 5045 2744 5099 caeteri
2773 5046 3063 5100 instinctus.

2350 5113 2606 5168 Graves...
2658 5125 2856 5186 putant.
2908 5117 3070 5171 Plane
3115 5117 3358 5186 geminus
3396 5124 3482 5170 est
3527 5113 3793 5186 locuslih.
3829 5128 3881 5178 v,

2280 5199 2402 5253 cap.
2433 5186 2497 5239 21
2533 5205 2544 5236 :
2585 5184 2964 5258 Persequuntur
2997 5184 3234 5258 (sanctos
3255 5199 3308 5243 et
3332 5189 3505 5254 justas
3533 5184 3694 5255 virus)
3717 5226 3732 5250 ,
3759 5201 3884 5254 quos

2281 5258 2376 5310 sibi
2423 5274 2599 5326 graues
2643 5262 2932 5312 sentiunt...
2968 5271 3090 5314 ut...
3125 5264 3364 5330 auferant
3394 5262 3600 5313 omnino
3637 5259 3699 5310 de
3748 5267 3882 5310 terra

2283 5345 2344 5383 ne
2364 5330 2472 5402 sint
2500 5331 2586 5398 qui
2619 5332 2811 5398 possint
2839 5348 3012 5385 eorum
3043 5333 3319 5402 nequitiam
3349 5348 3596 5385 coercere.

2361 5399 2641 5474 Tamquam
2662 5403 2763 5456 vita
2809 5419 2981 5456 eorum
3023 5399 3350 5474 coarguatur.
3379 5402 3538 5456 Cani.
3565 5401 3629 5456 ad
3660 5412 3880 5474 reduc.

2285 5472 2338 5526 6.
2389 5473 2539 5541 Sulp.
2572 5490 2620 5528 c.
2671 5474 2856 5528 Sevcr.
2904 5477 2997 5528 lib.
3033 5491 3092 5538 ll,
3121 5471 3240 5545 cap.
3267 5473 3340 5528 ‘28
3377 5491 3391 5538 ;
3425 5474 3634 5539 Semper
3671 5471 3884 5545 inimica

2284 5545 2480 5597 uirtutis
2508 5546 2628 5598 vitia
2657 5555 2793 5607 sunt,
2827 5556 2873 5599 et
2905 5547 3084 5615 optimi
3119 5541 3302 5616 quique
3343 5546 3405 5599 ab
3451 5545 3688 5611 improbis
3736 5541 3886 5616 quasi

2287 5617 2649 5687 exprobrantes
2663 5611 3039 5687 adspiciuntnr.
3063 5611 3269 5674 Seneca
3288 5618 3354 5672 de
3374 5619 3405 5669 γ
3419 5619 3487 5671 ita
3509 5618 3678 5677 licata,
3705 5629 3760 5667 c.
3785 5611 3879 5687 t

2289 5685 2510 5759 Expedit
2537 5688 2673 5742 vobis
2700 5685 2949 5743 neminem
2976 5690 3134 5743 uideri
3160 5689 3348 5742 bonum
3365 5733 3380 5755 ,
3409 5690 3552 5756 quasi
3579 5687 3744 5742 aliena
3775 5685 3883 5736 vir-

2288 5771 2367 5812 tus
2397 5761 2719 5826 exprobratio
2749 5761 3048 5814 delictorum
3074 5772 3353 5816 vestrorum
3381 5764 3466 5815 sit.
3508 5761 3634 5816 BUN.

2365 5831 2556 5896 Quibus
2603 5847 2777 5888 coram
2824 5833 2958 5887 male
2995 5835 3160 5888 vivere
3204 5832 3380 5902 pudet.
3406 5831 3479 5889 lla
3500 5843 3676 5889 omnes
3709 5840 3882 5898 prope
