  <div class='ocr_page' id='page_1' title='image "/cluster/home/n/w/nwhite01/storage/ocr_20150623/6/hvd.32044015471238/304.png"; bbox 0 0 4090 6354; ppageno 0'>
   <div class='ocr_carea' id='block_1_1' title="bbox 238 316 347 376">
    <p class='ocr_par' dir='ltr' id='par_1_1' title="bbox 238 316 347 376">
     <span class='ocr_line' id='line_1_1' title="bbox 238 316 347 376; baseline -0.018 0"><span class='ocrx_word' id='word_1_1' title='bbox 238 316 347 376; x_wconf 81' lang='lat'><strong>577</strong></span> 
     </span>
    </p>
   </div>
   <div class='ocr_carea' id='block_1_2' title="bbox 1451 314 2263 377">
    <p class='ocr_par' dir='ltr' id='par_1_2' title="bbox 1451 314 2263 377">
     <span class='ocr_line' id='line_1_2' title="bbox 1451 314 2263 377; baseline -0.001 -2"><span class='ocrx_word' id='word_1_2' title='bbox 1451 314 1655 376; x_wconf 82' lang='lat' dir='ltr'><strong>LIBER</strong></span> <span class='ocrx_word' id='word_1_3' title='bbox 1699 316 1761 373; x_wconf 84' lang='lat' dir='ltr'><strong>V.</strong></span> <span class='ocrx_word' id='word_1_4' title='bbox 1802 316 1893 375; x_wconf 85' lang='lat' dir='ltr'><strong>DE</strong></span> <span class='ocrx_word' id='word_1_5' title='bbox 1931 314 2263 377; x_wconf 81' lang='lat' dir='ltr'><strong>JUSTITIA.</strong></span> 
     </span>
    </p>
   </div>
   <div class='ocr_carea' id='block_1_3' title="bbox 3450 325 3556 385">
    <p class='ocr_par' dir='ltr' id='par_1_3' title="bbox 3450 325 3556 385">
     <span class='ocr_line' id='line_1_3' title="bbox 3450 325 3556 385; baseline 0.019 -2"><span class='ocrx_word' id='word_1_6' title='bbox 3450 325 3556 385; x_wconf 71' lang='lat'><strong>578</strong></span> 
     </span>
    </p>
   </div>
   <div class='ocr_carea' id='block_1_4' title="bbox 336 433 3559 517">
    <p class='ocr_par' dir='ltr' id='par_1_4' title="bbox 336 433 3559 517">
     <span class='ocr_line' id='line_1_4' title="bbox 336 433 3559 517; baseline 0.003 -26"><span class='ocrx_word' id='word_1_7' title='bbox 336 433 449 492; x_wconf 84' lang='lat' dir='ltr'><strong>Nec</strong></span> <span class='ocrx_word' id='word_1_8' title='bbox 529 444 618 493; x_wconf 90' lang='lat' dir='ltr'><strong>est</strong></span> <span class='ocrx_word' id='word_1_9' title='bbox 683 448 1013 507; x_wconf 79' lang='lat' dir='ltr'><strong>magnopere</strong></span> <span class='ocrx_word' id='word_1_10' title='bbox 1083 434 1422 502; x_wconf 88' lang='lat' dir='ltr'><strong>mirandum,</strong></span> <span class='ocrx_word' id='word_1_11' title='bbox 1482 436 1526 489; x_wconf 88' lang='lat' dir='ltr'><strong>si</strong></span> <span class='ocrx_word' id='word_1_12' title='bbox 1594 434 1852 492; x_wconf 83' lang='lat' dir='ltr'><strong>adversus</strong></span> <span class='ocrx_word' id='word_1_13' title='bbox 1876 448 1930 506; x_wconf 74' lang='grc' dir='ltr'><strong>Α</strong></span> <span class='ocrx_word' id='word_1_14' title='bbox 1960 434 2292 493; x_wconf 85' lang='lat' dir='ltr'><strong>humanitas!</strong></span> <span class='ocrx_word' id='word_1_15' title='bbox 2322 437 2388 494; x_wconf 86' lang='lat' dir='ltr'><strong>Et</strong></span> <span class='ocrx_word' id='word_1_16' title='bbox 2414 446 2735 513; x_wconf 88' lang='lat' dir='ltr'><strong>retorquent</strong></span> <span class='ocrx_word' id='word_1_17' title='bbox 2755 439 2809 498; x_wconf 92' lang='lat' dir='ltr'><strong>in</strong></span> <span class='ocrx_word' id='word_1_18' title='bbox 2839 440 3290 517; x_wconf 86' lang='lat' dir='ltr'><strong>hominesjustos</strong></span> <span class='ocrx_word' id='word_1_19' title='bbox 3314 444 3559 502; x_wconf 87' lang='lat' dir='ltr'><strong>convicia</strong></span> 
     </span>
    </p>
   </div>
   <div class='ocr_carea' id='block_1_5' title="bbox 241 530 1851 603">
    <p class='ocr_par' dir='ltr' id='par_1_5' title="bbox 241 530 1851 603">
     <span class='ocr_line' id='line_1_5' title="bbox 241 530 1851 603; baseline 0.001 -16"><span class='ocrx_word' id='word_1_20' title='bbox 241 531 492 589; x_wconf 80' lang='lat' dir='ltr'><strong>homines</strong></span> <span class='ocrx_word' id='word_1_21' title='bbox 543 531 645 587; x_wconf 89' lang='lat' dir='ltr'><strong>ista</strong></span> <span class='ocrx_word' id='word_1_22' title='bbox 699 531 873 599; x_wconf 91' lang='lat' dir='ltr'><strong>ﬁunt,</strong></span> <span class='ocrx_word' id='word_1_23' title='bbox 927 545 1049 587; x_wconf 91' lang='lat' dir='ltr'><strong>cum</strong></span> <span class='ocrx_word' id='word_1_24' title='bbox 1108 530 1372 589; x_wconf 87' lang='lat' dir='ltr'><strong>adversus</strong></span> <span class='ocrx_word' id='word_1_25' title='bbox 1427 532 1600 603; x_wconf 90' lang='lat' dir='ltr'><strong>ipsum</strong></span> <span class='ocrx_word' id='word_1_26' title='bbox 1644 534 1851 603; x_wconf 91' lang='lat' dir='ltr'><strong>Deum,</strong></span> 
     </span>
    </p>
   </div>
   <div class='ocr_carea' id='block_1_6' title="bbox 241 622 1855 698">
    <p class='ocr_par' dir='ltr' id='par_1_6' title="bbox 241 622 1855 698">
     <span class='ocr_line' id='line_1_6' title="bbox 241 622 1855 698; baseline 0.001 -17"><span class='ocrx_word' id='word_1_27' title='bbox 241 633 463 696; x_wconf 80' lang='lat' dir='ltr'><strong>propter</strong></span> <span class='ocrx_word' id='word_1_28' title='bbox 506 622 754 680; x_wconf 84' lang='lat' dir='ltr'><strong>eamdem</strong></span> <span class='ocrx_word' id='word_1_29' title='bbox 792 639 1030 690; x_wconf 87' lang='lat' dir='ltr'><strong>causam,</strong></span> <span class='ocrx_word' id='word_1_30' title='bbox 1074 625 1428 683; x_wconf 81' lang='lat' dir='ltr'><strong>insurrexerit</strong></span> <span class='ocrx_word' id='word_1_31' title='bbox 1472 626 1631 681; x_wconf 90' lang='lat' dir='ltr'><strong>etiam</strong></span> <span class='ocrx_word' id='word_1_32' title='bbox 1679 642 1855 698; x_wconf 84' lang='lat' dir='ltr'><strong>popu-</strong></span> 
     </span>
    </p>
   </div>
   <div class='ocr_carea' id='block_1_7' title="bbox 240 717 1855 791">
    <p class='ocr_par' dir='ltr' id='par_1_7' title="bbox 240 717 1855 791">
     <span class='ocr_line' id='line_1_7' title="bbox 240 717 1855 791; baseline 0.001 -17"><span class='ocrx_word' id='word_1_33' title='bbox 240 719 327 775; x_wconf 89' lang='lat' dir='ltr'><strong>lus</strong></span> <span class='ocrx_word' id='word_1_34' title='bbox 376 719 431 773; x_wconf 91' lang='lat' dir='ltr'><strong>in</strong></span> <span class='ocrx_word' id='word_1_35' title='bbox 486 732 584 789; x_wconf 89' lang='lat' dir='ltr'><strong>spe</strong></span> <span class='ocrx_word' id='word_1_36' title='bbox 625 717 968 785; x_wconf 88' lang='lat' dir='ltr'><strong>constitutus,</strong></span> <span class='ocrx_word' id='word_1_37' title='bbox 1019 733 1121 775; x_wconf 91' lang='lat' dir='ltr'><strong>nec</strong></span> <span class='ocrx_word' id='word_1_38' title='bbox 1163 718 1260 775; x_wconf 87' lang='lat' dir='ltr'><strong>Dei</strong></span> <span class='ocrx_word' id='word_1_39' title='bbox 1303 719 1548 786; x_wconf 89' lang='lat' dir='ltr'><strong>nescius;</strong></span> <span class='ocrx_word' id='word_1_40' title='bbox 1589 720 1855 791; x_wconf 87' lang='lat' dir='ltr'><strong>sequitur-</strong></span> 
     </span>
    </p>
   </div>
   <div class='ocr_carea' id='block_1_8' title="bbox 242 810 1854 883">
    <p class='ocr_par' dir='ltr' id='par_1_8' title="bbox 242 810 1854 883">
     <span class='ocr_line' id='line_1_8' title="bbox 242 810 1854 883; baseline 0.001 -16"><span class='ocrx_word' id='word_1_41' title='bbox 242 826 352 883; x_wconf 85' lang='lat' dir='ltr'><strong>que</strong></span> <span class='ocrx_word' id='word_1_42' title='bbox 373 811 551 882; x_wconf 87' lang='lat' dir='ltr'><strong>justos</strong></span> <span class='ocrx_word' id='word_1_43' title='bbox 580 810 772 867; x_wconf 89' lang='lat' dir='ltr'><strong>eadem</strong></span> <span class='ocrx_word' id='word_1_44' title='bbox 798 810 1115 877; x_wconf 78' lang='lat' dir='ltr'><strong>necessitas,</strong></span> <span class='ocrx_word' id='word_1_45' title='bbox 1146 826 1266 883; x_wconf 65' lang='lat' dir='ltr'><strong>quas</strong></span> <span class='ocrx_word' id='word_1_46' title='bbox 1291 812 1466 882; x_wconf 90' lang='lat' dir='ltr'><strong>ipsum</strong></span> <span class='ocrx_word' id='word_1_47' title='bbox 1490 811 1711 882; x_wconf 64' lang='lat' dir='ltr'><strong>iustitiae</strong></span> <span class='ocrx_word' id='word_1_48' title='bbox 1739 813 1854 868; x_wconf 84' lang='lat' dir='ltr'><strong>vio-</strong></span> 
     </span>
    </p>
   </div>
   <div class='ocr_carea' id='block_1_9' title="bbox 245 902 1854 975">
    <p class='ocr_par' dir='ltr' id='par_1_9' title="bbox 245 902 1854 975">
     <span class='ocr_line' id='line_1_9' title="bbox 245 902 1854 975; baseline 0.001 -17"><span class='ocrx_word' id='word_1_49' title='bbox 245 904 379 959; x_wconf 88' lang='lat' dir='ltr'><strong>lavit</strong></span> <span class='ocrx_word' id='word_1_50' title='bbox 400 912 703 960; x_wconf 86' lang='lat' dir='ltr'><strong>auctorem.</strong></span> <span class='ocrx_word' id='word_1_51' title='bbox 738 902 946 959; x_wconf 81' lang='lat' dir='ltr'><strong>Vexant</strong></span> <span class='ocrx_word' id='word_1_52' title='bbox 973 918 1125 975; x_wconf 91' lang='lat' dir='ltr'><strong>ergo,</strong></span> <span class='ocrx_word' id='word_1_53' title='bbox 1154 914 1208 959; x_wconf 91' lang='lat' dir='ltr'><strong>et</strong></span> <span class='ocrx_word' id='word_1_54' title='bbox 1245 904 1529 974; x_wconf 80' lang='lat' dir='ltr'><strong>exquisitis</strong></span> <span class='ocrx_word' id='word_1_55' title='bbox 1573 918 1854 975; x_wconf 75' lang='lat' dir='ltr'><strong>poenarum</strong></span> 
     </span>
    </p>
   </div>
   <div class='ocr_carea' id='block_1_10' title="bbox 242 997 1854 1070">
    <p class='ocr_par' dir='ltr' id='par_1_10' title="bbox 242 997 1854 1070">
     <span class='ocr_line' id='line_1_10' title="bbox 242 997 1854 1070; baseline -0.001 -15"><span class='ocrx_word' id='word_1_56' title='bbox 242 997 535 1070; x_wconf 76' lang='lat' dir='ltr'><strong>generibus</strong></span> <span class='ocrx_word' id='word_1_57' title='bbox 573 997 920 1063; x_wconf 77' lang='lat' dir='ltr'><strong>excruciant;</strong></span> <span class='ocrx_word' id='word_1_58' title='bbox 964 1012 1263 1067; x_wconf 86' lang='lat' dir='ltr'><strong>parumque</strong></span> <span class='ocrx_word' id='word_1_59' title='bbox 1304 998 1506 1056; x_wconf 83' lang='lat' dir='ltr'><strong>habent</strong></span> <span class='ocrx_word' id='word_1_60' title='bbox 1546 997 1854 1054; x_wconf 89' lang='lat' dir='ltr'><strong>interﬁcere</strong></span> 
     </span>
    </p>
   </div>
   <div class='ocr_carea' id='block_1_11' title="bbox 245 1092 1852 1165">
    <p class='ocr_par' dir='ltr' id='par_1_11' title="bbox 245 1092 1852 1165">
     <span class='ocr_line' id='line_1_11' title="bbox 245 1092 1852 1165; baseline 0.001 -16"><span class='ocrx_word' id='word_1_61' title='bbox 245 1110 382 1165; x_wconf 90' lang='lat' dir='ltr'><strong>quos</strong></span> <span class='ocrx_word' id='word_1_62' title='bbox 404 1093 657 1159; x_wconf 88' lang='lat' dir='ltr'><strong>oderunt,</strong></span> <span class='ocrx_word' id='word_1_63' title='bbox 683 1092 785 1148; x_wconf 88' lang='lat' dir='ltr'><strong>nisi</strong></span> <span class='ocrx_word' id='word_1_64' title='bbox 811 1093 972 1149; x_wconf 91' lang='lat' dir='ltr'><strong>etiam</strong></span> <span class='ocrx_word' id='word_1_65' title='bbox 1000 1092 1293 1149; x_wconf 85' lang='lat' dir='ltr'><strong>crudelitas</strong></span> <span class='ocrx_word' id='word_1_66' title='bbox 1309 1094 1628 1165; x_wconf 83' lang='lat' dir='ltr'><strong>corporibus</strong></span> <span class='ocrx_word' id='word_1_67' title='bbox 1646 1094 1852 1150; x_wconf 89' lang='lat' dir='ltr'><strong>illudat.</strong></span> 
     </span>
    </p>
   </div>
   <div class='ocr_carea' id='block_1_12' title="bbox 247 1185 1856 1259">
    <p class='ocr_par' dir='ltr' id='par_1_12' title="bbox 247 1185 1856 1259">
     <span class='ocr_line' id='line_1_12' title="bbox 247 1185 1856 1259; baseline -0.001 -14"><span class='ocrx_word' id='word_1_68' title='bbox 247 1188 304 1246; x_wconf 87' lang='lat' dir='ltr'><strong>Si</strong></span> <span class='ocrx_word' id='word_1_69' title='bbox 329 1187 421 1258; x_wconf 87' lang='lat' dir='ltr'><strong>qui</strong></span> <span class='ocrx_word' id='word_1_70' title='bbox 447 1198 630 1242; x_wconf 89' lang='lat' dir='ltr'><strong>autem</strong></span> <span class='ocrx_word' id='word_1_71' title='bbox 656 1185 861 1243; x_wconf 88' lang='lat' dir='ltr'><strong>doloris</strong></span> <span class='ocrx_word' id='word_1_72' title='bbox 881 1186 967 1243; x_wconf 85' lang='lat' dir='ltr'><strong>vel</strong></span> <span class='ocrx_word' id='word_1_73' title='bbox 996 1186 1187 1244; x_wconf 90' lang='lat' dir='ltr'><strong>mortis</strong></span> <span class='ocrx_word' id='word_1_74' title='bbox 1212 1198 1382 1254; x_wconf 92' lang='lat' dir='ltr'><strong>metu,</strong></span> <span class='ocrx_word' id='word_1_75' title='bbox 1402 1188 1488 1244; x_wconf 91' lang='lat' dir='ltr'><strong>vel</strong></span> <span class='ocrx_word' id='word_1_76' title='bbox 1509 1203 1606 1244; x_wconf 90' lang='lat' dir='ltr'><strong>sua</strong></span> <span class='ocrx_word' id='word_1_77' title='bbox 1633 1188 1856 1259; x_wconf 88' lang='lat' dir='ltr'><strong>perﬁdia</strong></span> 
     </span>
    </p>
   </div>
   <div class='ocr_carea' id='block_1_13' title="bbox 247 1279 1857 1348">
    <p class='ocr_par' dir='ltr' id='par_1_13' title="bbox 247 1279 1857 1348">
     <span class='ocr_line' id='line_1_13' title="bbox 247 1279 1857 1348; baseline -0.002 -10"><span class='ocrx_word' id='word_1_78' title='bbox 247 1280 479 1338; x_wconf 72' lang='lat' dir='ltr'><strong>cmleste</strong></span> <span class='ocrx_word' id='word_1_79' title='bbox 522 1288 920 1335; x_wconf 86' lang='lat' dir='ltr'><strong>sacramentum</strong></span> <span class='ocrx_word' id='word_1_80' title='bbox 947 1279 1322 1348; x_wconf 83' lang='lat' dir='ltr'><strong>deseruerint,</strong></span> <span class='ocrx_word' id='word_1_81' title='bbox 1347 1288 1403 1336; x_wconf 91' lang='lat' dir='ltr'><strong>et</strong></span> <span class='ocrx_word' id='word_1_82' title='bbox 1426 1279 1497 1336; x_wconf 90' lang='lat' dir='ltr'><strong>ad</strong></span> <span class='ocrx_word' id='word_1_83' title='bbox 1526 1281 1734 1336; x_wconf 86' lang='lat' dir='ltr'><strong>funesta</strong></span> <span class='ocrx_word' id='word_1_84' title='bbox 1765 1295 1857 1336; x_wconf 89' lang='lat' dir='ltr'><strong>sa-</strong></span> 
     </span>
    </p>
   </div>
   <div class='ocr_carea' id='block_1_14' title="bbox 246 1371 1858 1439">
    <p class='ocr_par' dir='ltr' id='par_1_14' title="bbox 246 1371 1858 1439">
     <span class='ocr_line' id='line_1_14' title="bbox 246 1371 1858 1439; baseline -0.002 -8"><span class='ocrx_word' id='word_1_85' title='bbox 246 1371 455 1431; x_wconf 82' lang='lat' dir='ltr'><strong>criﬁcia</strong></span> <span class='ocrx_word' id='word_1_86' title='bbox 484 1372 888 1439; x_wconf 87' lang='lat' dir='ltr'><strong>consenserint,</strong></span> <span class='ocrx_word' id='word_1_87' title='bbox 917 1386 1014 1429; x_wconf 87' lang='lat' dir='ltr'><strong>eos</strong></span> <span class='ocrx_word' id='word_1_88' title='bbox 1039 1371 1283 1439; x_wconf 89' lang='lat' dir='ltr'><strong>laudant,</strong></span> <span class='ocrx_word' id='word_1_89' title='bbox 1310 1382 1366 1429; x_wconf 88' lang='lat' dir='ltr'><strong>et</strong></span> <span class='ocrx_word' id='word_1_90' title='bbox 1392 1371 1688 1429; x_wconf 87' lang='lat' dir='ltr'><strong>honoribus</strong></span> <span class='ocrx_word' id='word_1_91' title='bbox 1707 1387 1858 1429; x_wconf 86' lang='lat' dir='ltr'><strong>mac-</strong></span> 
     </span>
    </p>
   </div>
   <div class='ocr_carea' id='block_1_15' title="bbox 249 1464 1863 1537">
    <p class='ocr_par' dir='ltr' id='par_1_15' title="bbox 249 1464 1863 1537">
     <span class='ocr_line' id='line_1_15' title="bbox 249 1464 1863 1537; baseline -0.001 -15"><span class='ocrx_word' id='word_1_92' title='bbox 249 1474 388 1531; x_wconf 83' lang='lat' dir='ltr'><strong>tant,</strong></span> <span class='ocrx_word' id='word_1_93' title='bbox 419 1476 474 1522; x_wconf 92' lang='lat' dir='ltr'><strong>ut</strong></span> <span class='ocrx_word' id='word_1_94' title='bbox 523 1480 711 1522; x_wconf 91' lang='lat' dir='ltr'><strong>eorum</strong></span> <span class='ocrx_word' id='word_1_95' title='bbox 756 1465 1007 1537; x_wconf 80' lang='lat' dir='ltr'><strong>exemplo</strong></span> <span class='ocrx_word' id='word_1_96' title='bbox 1030 1474 1257 1521; x_wconf 67' lang='lat' dir='ltr'><strong>creteros</strong></span> <span class='ocrx_word' id='word_1_97' title='bbox 1289 1465 1530 1522; x_wconf 82' lang='lat' dir='ltr'><strong>illiciant.</strong></span> <span class='ocrx_word' id='word_1_98' title='bbox 1561 1464 1660 1535; x_wconf 83' lang='lat' dir='ltr'><strong>Qui</strong></span> <span class='ocrx_word' id='word_1_99' title='bbox 1683 1476 1863 1523; x_wconf 88' lang='lat' dir='ltr'><strong>autem</strong></span> 
     </span>
    </p>
   </div>
   <div class='ocr_carea' id='block_1_16' title="bbox 248 1558 1863 1632">
    <p class='ocr_par' dir='ltr' id='par_1_16' title="bbox 248 1558 1863 1632">
     <span class='ocr_line' id='line_1_16' title="bbox 248 1558 1863 1632; baseline -0.001 -15"><span class='ocrx_word' id='word_1_100' title='bbox 248 1560 432 1632; x_wconf 88' lang='lat' dir='ltr'><strong>magni</strong></span> <span class='ocrx_word' id='word_1_101' title='bbox 474 1559 857 1615; x_wconf 74' lang='lat' dir='ltr'><strong>mstimaverint</strong></span> <span class='ocrx_word' id='word_1_102' title='bbox 901 1558 1087 1625; x_wconf 88' lang='lat' dir='ltr'><strong>ﬁdem,</strong></span> <span class='ocrx_word' id='word_1_103' title='bbox 1124 1559 1475 1631; x_wconf 88' lang='lat' dir='ltr'><strong>cultoresque</strong></span> <span class='ocrx_word' id='word_1_104' title='bbox 1519 1572 1580 1616; x_wconf 90' lang='lat' dir='ltr'><strong>se</strong></span> <span class='ocrx_word' id='word_1_105' title='bbox 1618 1558 1716 1617; x_wconf 86' lang='lat' dir='ltr'><strong>Dei</strong></span> <span class='ocrx_word' id='word_1_106' title='bbox 1755 1573 1863 1615; x_wconf 92' lang='lat' dir='ltr'><strong>non</strong></span> 
     </span>
    </p>
   </div>
   <div class='ocr_carea' id='block_1_17' title="bbox 245 1650 1863 1723">
    <p class='ocr_par' dir='ltr' id='par_1_17' title="bbox 245 1650 1863 1723">
     <span class='ocr_line' id='line_1_17' title="bbox 245 1650 1863 1723; baseline 0 -16"><span class='ocrx_word' id='word_1_107' title='bbox 245 1650 659 1723; x_wconf 83' lang='lat' dir='ltr'><strong>abnegaverint,</strong></span> <span class='ocrx_word' id='word_1_108' title='bbox 691 1652 744 1707; x_wconf 92' lang='lat' dir='ltr'><strong>in</strong></span> <span class='ocrx_word' id='word_1_109' title='bbox 773 1665 869 1707; x_wconf 91' lang='lat' dir='ltr'><strong>eos</strong></span> <span class='ocrx_word' id='word_1_110' title='bbox 893 1665 1024 1708; x_wconf 89' lang='lat' dir='ltr'><strong>vero</strong></span> <span class='ocrx_word' id='word_1_111' title='bbox 1048 1652 1175 1707; x_wconf 93' lang='lat' dir='ltr'><strong>totis</strong></span> <span class='ocrx_word' id='word_1_112' title='bbox 1217 1650 1546 1708; x_wconf 79' lang='lat' dir='ltr'><strong>carniﬁcina:</strong></span> <span class='ocrx_word' id='word_1_113' title='bbox 1583 1666 1695 1708; x_wconf 78' lang='lat' dir='ltr'><strong>suae</strong></span> <span class='ocrx_word' id='word_1_114' title='bbox 1732 1653 1863 1707; x_wconf 90' lang='lat' dir='ltr'><strong>viri-</strong></span> 
     </span>
    </p>
   </div>
   <div class='ocr_carea' id='block_1_18' title="bbox 245 1743 1864 1816">
    <p class='ocr_par' dir='ltr' id='par_1_18' title="bbox 245 1743 1864 1816">
     <span class='ocr_line' id='line_1_18' title="bbox 245 1743 1864 1816; baseline 0 -15"><span class='ocrx_word' id='word_1_115' title='bbox 245 1744 376 1811; x_wconf 89' lang='lat' dir='ltr'><strong>bus,</strong></span> <span class='ocrx_word' id='word_1_116' title='bbox 404 1745 571 1801; x_wconf 84' lang='lat' dir='ltr'><strong>veluti</strong></span> <span class='ocrx_word' id='word_1_117' title='bbox 598 1744 914 1816; x_wconf 90' lang='lat' dir='ltr'><strong>sanguinem</strong></span> <span class='ocrx_word' id='word_1_118' title='bbox 946 1743 1155 1810; x_wconf 86' lang='lat' dir='ltr'><strong>sitiant,</strong></span> <span class='ocrx_word' id='word_1_119' title='bbox 1187 1743 1547 1809; x_wconf 88' lang='lat' dir='ltr'><strong>incumbunt;</strong></span> <span class='ocrx_word' id='word_1_120' title='bbox 1578 1752 1633 1800; x_wconf 91' lang='lat' dir='ltr'><strong>et</strong></span> <span class='ocrx_word' id='word_1_121' title='bbox 1666 1743 1864 1816; x_wconf 88' lang='lat' dir='ltr'><strong>despe-</strong></span> 
     </span>
    </p>
   </div>
   <div class='ocr_carea' id='block_1_19' title="bbox 251 1838 1863 1911">
    <p class='ocr_par' dir='ltr' id='par_1_19' title="bbox 251 1838 1863 1911">
     <span class='ocr_line' id='line_1_19' title="bbox 251 1838 1863 1911; baseline -0.002 -15"><span class='ocrx_word' id='word_1_122' title='bbox 251 1847 410 1896; x_wconf 88' lang='lat' dir='ltr'><strong>ratos</strong></span> <span class='ocrx_word' id='word_1_123' title='bbox 437 1847 655 1906; x_wconf 86' lang='lat' dir='ltr'><strong>vocant,</strong></span> <span class='ocrx_word' id='word_1_124' title='bbox 684 1839 808 1910; x_wconf 91' lang='lat' dir='ltr'><strong>quia</strong></span> <span class='ocrx_word' id='word_1_125' title='bbox 833 1838 1047 1911; x_wconf 85' lang='lat' dir='ltr'><strong>corpori</strong></span> <span class='ocrx_word' id='word_1_126' title='bbox 1065 1852 1166 1897; x_wconf 88' lang='lat' dir='ltr'><strong>suo</strong></span> <span class='ocrx_word' id='word_1_127' title='bbox 1184 1839 1409 1895; x_wconf 89' lang='lat' dir='ltr'><strong>minime</strong></span> <span class='ocrx_word' id='word_1_128' title='bbox 1436 1838 1863 1910; x_wconf 71' lang='lat' dir='ltr'><strong>parcunttquasi</strong></span> 
     </span>
    </p>
   </div>
   <div class='ocr_carea' id='block_1_20' title="bbox 247 1933 1865 2007">
    <p class='ocr_par' dir='ltr' id='par_1_20' title="bbox 247 1933 1865 2007">
     <span class='ocr_line' id='line_1_20' title="bbox 247 1933 1865 2007; baseline 0.001 -17"><span class='ocrx_word' id='word_1_129' title='bbox 247 1934 548 2006; x_wconf 89' lang='lat' dir='ltr'><strong>quidquam</strong></span> <span class='ocrx_word' id='word_1_130' title='bbox 575 1933 913 2006; x_wconf 89' lang='lat' dir='ltr'><strong>desperatius</strong></span> <span class='ocrx_word' id='word_1_131' title='bbox 941 1948 1064 1991; x_wconf 90' lang='lat' dir='ltr'><strong>esse</strong></span> <span class='ocrx_word' id='word_1_132' title='bbox 1092 1934 1283 2005; x_wconf 89' lang='lat' dir='ltr'><strong>possit,</strong></span> <span class='ocrx_word' id='word_1_133' title='bbox 1309 1950 1470 2007; x_wconf 89' lang='lat' dir='ltr'><strong>quam</strong></span> <span class='ocrx_word' id='word_1_134' title='bbox 1512 1942 1767 2006; x_wconf 86' lang='lat' dir='ltr'><strong>torquere</strong></span> <span class='ocrx_word' id='word_1_135' title='bbox 1800 1950 1865 1993; x_wconf 88' lang='lat' dir='ltr'><strong>ac</strong></span> 
     </span>
    </p>
   </div>
   <div class='ocr_carea' id='block_1_21' title="bbox 251 2028 1864 2101">
    <p class='ocr_par' dir='ltr' id='par_1_21' title="bbox 251 2028 1864 2101">
     <span class='ocr_line' id='line_1_21' title="bbox 251 2028 1864 2101; baseline 0.001 -15"><span class='ocrx_word' id='word_1_136' title='bbox 251 2029 521 2086; x_wconf 86' lang='lat' dir='ltr'><strong>dilaniare</strong></span> <span class='ocrx_word' id='word_1_137' title='bbox 547 2044 694 2096; x_wconf 90' lang='lat' dir='ltr'><strong>eum,</strong></span> <span class='ocrx_word' id='word_1_138' title='bbox 716 2045 876 2101; x_wconf 86' lang='lat' dir='ltr'><strong>quem</strong></span> <span class='ocrx_word' id='word_1_139' title='bbox 904 2028 1045 2086; x_wconf 89' lang='lat' dir='ltr'><strong>scias</strong></span> <span class='ocrx_word' id='word_1_140' title='bbox 1059 2042 1181 2086; x_wconf 89' lang='lat' dir='ltr'><strong>esse</strong></span> <span class='ocrx_word' id='word_1_141' title='bbox 1201 2029 1566 2086; x_wconf 89' lang='lat' dir='ltr'><strong>innocentem.</strong></span> <span class='ocrx_word' id='word_1_142' title='bbox 1594 2028 1747 2086; x_wconf 85' lang='lat' dir='ltr'><strong>Adeo</strong></span> <span class='ocrx_word' id='word_1_143' title='bbox 1765 2045 1864 2087; x_wconf 90' lang='lat' dir='ltr'><strong>nec</strong></span> 
     </span>
    </p>
   </div>
   <div class='ocr_carea' id='block_1_22' title="bbox 250 2122 1865 2197">
    <p class='ocr_par' dir='ltr' id='par_1_22' title="bbox 250 2122 1865 2197">
     <span class='ocr_line' id='line_1_22' title="bbox 250 2122 1865 2197; baseline -0.002 -15"><span class='ocrx_word' id='word_1_144' title='bbox 250 2124 432 2197; x_wconf 86' lang='lat' dir='ltr'><strong>pudor</strong></span> <span class='ocrx_word' id='word_1_145' title='bbox 460 2124 599 2182; x_wconf 90' lang='lat' dir='ltr'><strong>ullus</strong></span> <span class='ocrx_word' id='word_1_146' title='bbox 622 2122 764 2196; x_wconf 88' lang='lat' dir='ltr'><strong>apud</strong></span> <span class='ocrx_word' id='word_1_147' title='bbox 790 2139 885 2181; x_wconf 88' lang='lat' dir='ltr'><strong>eos</strong></span> <span class='ocrx_word' id='word_1_148' title='bbox 908 2130 1189 2196; x_wconf 87' lang='lat' dir='ltr'><strong>superest,</strong></span> <span class='ocrx_word' id='word_1_149' title='bbox 1213 2138 1245 2180; x_wconf 91' lang='lat' dir='ltr'><strong>a</strong></span> <span class='ocrx_word' id='word_1_150' title='bbox 1271 2123 1465 2196; x_wconf 88' lang='lat' dir='ltr'><strong>quibus</strong></span> <span class='ocrx_word' id='word_1_151' title='bbox 1492 2123 1649 2181; x_wconf 89' lang='lat' dir='ltr'><strong>abest</strong></span> <span class='ocrx_word' id='word_1_152' title='bbox 1686 2124 1865 2180; x_wconf 89' lang='lat' dir='ltr'><strong>omnis</strong></span> 
     </span>
    </p>
   </div>
   <div class='ocr_carea' id='block_1_23' title="bbox 1893 1900 1939 1962">
    <p class='ocr_par' dir='ltr' id='par_1_23' title="bbox 1893 1900 1939 1962">
     <span class='ocr_line' id='line_1_23' title="bbox 1893 1900 1939 1962; baseline 0 0"><span class='ocrx_word' id='word_1_153' title='bbox 1893 1900 1939 1962; x_wconf 89' lang='lat' dir='ltr'><strong>B</strong></span> 
     </span>
    </p>
   </div>
   <div class='ocr_carea' id='block_1_24' title="bbox 1957 529 2457 602">
    <p class='ocr_par' dir='ltr' id='par_1_24' title="bbox 1957 529 2457 602">
     <span class='ocr_line' id='line_1_24' title="bbox 1957 529 2457 602; baseline 0.008 -18"><span class='ocrx_word' id='word_1_154' title='bbox 1957 529 2058 585; x_wconf 90' lang='lat' dir='ltr'><strong>sibi</strong></span> <span class='ocrx_word' id='word_1_155' title='bbox 2086 532 2457 602; x_wconf 82' lang='lat' dir='ltr'><strong>congruentia.</strong></span> 
     </span>
    </p>
   </div>
   <div class='ocr_carea' id='block_1_25' title="bbox 2028 624 3560 705">
    <p class='ocr_par' dir='ltr' id='par_1_25' title="bbox 2028 624 3560 705">
     <span class='ocr_line' id='line_1_25' title="bbox 2028 624 3560 705; baseline 0.01 -26"><span class='ocrx_word' id='word_1_156' title='bbox 2028 624 2226 696; x_wconf 91' lang='lat' dir='ltr'><strong>Impios</strong></span> <span class='ocrx_word' id='word_1_157' title='bbox 2247 627 2391 683; x_wconf 89' lang='lat' dir='ltr'><strong>enim</strong></span> <span class='ocrx_word' id='word_1_158' title='bbox 2420 636 2634 698; x_wconf 89' lang='lat' dir='ltr'><strong>vocant,</strong></span> <span class='ocrx_word' id='word_1_159' title='bbox 2666 630 2768 702; x_wconf 91' lang='lat' dir='ltr'><strong>ipsi</strong></span> <span class='ocrx_word' id='word_1_160' title='bbox 2794 632 3003 689; x_wconf 91' lang='lat' dir='ltr'><strong>scilicet</strong></span> <span class='ocrx_word' id='word_1_161' title='bbox 3033 633 3128 705; x_wconf 85' lang='lat' dir='ltr'><strong>pii,</strong></span> <span class='ocrx_word' id='word_1_162' title='bbox 3151 643 3207 691; x_wconf 89' lang='lat' dir='ltr'><strong>et</strong></span> <span class='ocrx_word' id='word_1_163' title='bbox 3231 635 3300 693; x_wconf 90' lang='lat' dir='ltr'><strong>ab</strong></span> <span class='ocrx_word' id='word_1_164' title='bbox 3320 635 3560 695; x_wconf 86' lang='lat' dir='ltr'><strong>humano</strong></span> 
     </span>
    </p>
   </div>
   <div class='ocr_carea' id='block_1_26' title="bbox 1957 719 3559 790">
    <p class='ocr_par' dir='ltr' id='par_1_26' title="bbox 1957 719 3559 790">
     <span class='ocr_line' id='line_1_26' title="bbox 1957 719 3559 790; baseline 0.009 -17"><span class='ocrx_word' id='word_1_165' title='bbox 1957 719 2217 790; x_wconf 83' lang='lat' dir='ltr'><strong>sanguine</strong></span> <span class='ocrx_word' id='word_1_166' title='bbox 2246 719 2627 790; x_wconf 85' lang='lat' dir='ltr'><strong>abhorrentes;</strong></span> <span class='ocrx_word' id='word_1_167' title='bbox 2658 739 2781 785; x_wconf 91' lang='lat' dir='ltr'><strong>cum</strong></span> <span class='ocrx_word' id='word_1_168' title='bbox 2807 724 2854 782; x_wconf 91' lang='lat' dir='ltr'><strong>si</strong></span> <span class='ocrx_word' id='word_1_169' title='bbox 2886 736 2939 783; x_wconf 93' lang='lat' dir='ltr'><strong>et</strong></span> <span class='ocrx_word' id='word_1_170' title='bbox 2964 736 3117 784; x_wconf 90' lang='lat' dir='ltr'><strong>actus</strong></span> <span class='ocrx_word' id='word_1_171' title='bbox 3146 743 3276 785; x_wconf 91' lang='lat' dir='ltr'><strong>suos</strong></span> <span class='ocrx_word' id='word_1_172' title='bbox 3302 730 3559 788; x_wconf 89' lang='lat' dir='ltr'><strong>conside-</strong></span> 
     </span>
    </p>
   </div>
   <div class='ocr_carea' id='block_1_27' title="bbox 1959 812 3561 895">
    <p class='ocr_par' dir='ltr' id='par_1_27' title="bbox 1959 812 3561 895">
     <span class='ocr_line' id='line_1_27' title="bbox 1959 812 3561 895; baseline 0.009 -30"><span class='ocrx_word' id='word_1_173' title='bbox 1959 821 2101 878; x_wconf 91' lang='lat' dir='ltr'><strong>rent,</strong></span> <span class='ocrx_word' id='word_1_174' title='bbox 2130 821 2184 867; x_wconf 89' lang='lat' dir='ltr'><strong>et</strong></span> <span class='ocrx_word' id='word_1_175' title='bbox 2211 812 2426 869; x_wconf 91' lang='lat' dir='ltr'><strong>illorum</strong></span> <span class='ocrx_word' id='word_1_176' title='bbox 2458 829 2594 885; x_wconf 92' lang='lat' dir='ltr'><strong>quos</strong></span> <span class='ocrx_word' id='word_1_177' title='bbox 2626 824 2879 888; x_wconf 85' lang='lat' dir='ltr'><strong>tanquam</strong></span> <span class='ocrx_word' id='word_1_178' title='bbox 2907 820 3104 891; x_wconf 88' lang='lat' dir='ltr'><strong>impios</strong></span> <span class='ocrx_word' id='word_1_179' title='bbox 3138 821 3420 891; x_wconf 87' lang='lat' dir='ltr'><strong>damnant,</strong></span> <span class='ocrx_word' id='word_1_180' title='bbox 3446 823 3561 895; x_wconf 88' lang='lat' dir='ltr'><strong>jam</strong></span> 
     </span>
    </p>
   </div>
   <div class='ocr_carea' id='block_1_28' title="bbox 1958 900 3565 988">
    <p class='ocr_par' dir='ltr' id='par_1_28' title="bbox 1958 900 3565 988">
     <span class='ocr_line' id='line_1_28' title="bbox 1958 900 3565 988; baseline 0.011 -31"><span class='ocrx_word' id='word_1_181' title='bbox 1958 900 2279 975; x_wconf 78' lang='lat' dir='ltr'><strong>intelligant,</strong></span> <span class='ocrx_word' id='word_1_182' title='bbox 2309 920 2471 976; x_wconf 90' lang='lat' dir='ltr'><strong>quam</strong></span> <span class='ocrx_word' id='word_1_183' title='bbox 2497 907 2788 966; x_wconf 88' lang='lat' dir='ltr'><strong>mendaces</strong></span> <span class='ocrx_word' id='word_1_184' title='bbox 2808 912 2937 978; x_wconf 92' lang='lat' dir='ltr'><strong>sint,</strong></span> <span class='ocrx_word' id='word_1_185' title='bbox 2966 924 3022 969; x_wconf 92' lang='lat' dir='ltr'><strong>et</strong></span> <span class='ocrx_word' id='word_1_186' title='bbox 3048 913 3116 970; x_wconf 91' lang='lat' dir='ltr'><strong>iis</strong></span> <span class='ocrx_word' id='word_1_187' title='bbox 3142 915 3417 986; x_wconf 90' lang='lat' dir='ltr'><strong>omnibus,</strong></span> <span class='ocrx_word' id='word_1_188' title='bbox 3442 933 3565 988; x_wconf 72' lang='lat' dir='ltr'><strong>quae</strong></span> 
     </span>
    </p>
   </div>
   <div class='ocr_carea' id='block_1_29' title="bbox 1955 995 3564 1079">
    <p class='ocr_par' dir='ltr' id='par_1_29' title="bbox 1955 995 3564 1079">
     <span class='ocr_line' id='line_1_29' title="bbox 1955 995 3564 1079; baseline 0.012 -30"><span class='ocrx_word' id='word_1_189' title='bbox 1955 995 2216 1051; x_wconf 90' lang='lat' dir='ltr'><strong>adversus</strong></span> <span class='ocrx_word' id='word_1_190' title='bbox 2230 997 2405 1053; x_wconf 92' lang='lat' dir='ltr'><strong>bonos</strong></span> <span class='ocrx_word' id='word_1_191' title='bbox 2425 1008 2517 1054; x_wconf 91' lang='lat' dir='ltr'><strong>aut</strong></span> <span class='ocrx_word' id='word_1_192' title='bbox 2537 999 2741 1068; x_wconf 89' lang='lat' dir='ltr'><strong>dicunt,</strong></span> <span class='ocrx_word' id='word_1_193' title='bbox 2769 1013 2862 1059; x_wconf 89' lang='lat' dir='ltr'><strong>aut</strong></span> <span class='ocrx_word' id='word_1_194' title='bbox 2880 1002 3103 1075; x_wconf 87' lang='lat' dir='ltr'><strong>faciunt,</strong></span> <span class='ocrx_word' id='word_1_195' title='bbox 3124 1006 3417 1079; x_wconf 79' lang='lat' dir='ltr'><strong>digniores.</strong></span> <span class='ocrx_word' id='word_1_196' title='bbox 3443 1009 3564 1068; x_wconf 85' lang='lat' dir='ltr'><strong>Non</strong></span> 
     </span>
    </p>
   </div>
   <div class='ocr_carea' id='block_1_30' title="bbox 1957 1088 3564 1173">
    <p class='ocr_par' dir='ltr' id='par_1_30' title="bbox 1957 1088 3564 1173">
     <span class='ocr_line' id='line_1_30' title="bbox 1957 1088 3564 1173; baseline 0.009 -29"><span class='ocrx_word' id='word_1_197' title='bbox 1957 1089 2102 1144; x_wconf 91' lang='lat' dir='ltr'><strong>enim</strong></span> <span class='ocrx_word' id='word_1_198' title='bbox 2122 1088 2191 1147; x_wconf 91' lang='lat' dir='ltr'><strong>de</strong></span> <span class='ocrx_word' id='word_1_199' title='bbox 2217 1099 2427 1162; x_wconf 90' lang='lat' dir='ltr'><strong>nostro,</strong></span> <span class='ocrx_word' id='word_1_200' title='bbox 2459 1093 2555 1150; x_wconf 90' lang='lat' dir='ltr'><strong>sed</strong></span> <span class='ocrx_word' id='word_1_201' title='bbox 2574 1110 2641 1150; x_wconf 81' lang='lat' dir='ltr'><strong>ex</strong></span> <span class='ocrx_word' id='word_1_202' title='bbox 2656 1094 2875 1151; x_wconf 90' lang='lat' dir='ltr'><strong>illorum</strong></span> <span class='ocrx_word' id='word_1_203' title='bbox 2902 1112 3134 1156; x_wconf 90' lang='lat' dir='ltr'><strong>numero</strong></span> <span class='ocrx_word' id='word_1_204' title='bbox 3172 1115 3388 1173; x_wconf 87' lang='lat' dir='ltr'><strong>semper</strong></span> <span class='ocrx_word' id='word_1_205' title='bbox 3418 1104 3564 1159; x_wconf 82' lang='lat' dir='ltr'><strong>exis-</strong></span> 
     </span>
    </p>
   </div>
   <div class='ocr_carea' id='block_1_31' title="bbox 1959 1184 3563 1266">
    <p class='ocr_par' dir='ltr' id='par_1_31' title="bbox 1959 1184 3563 1266">
     <span class='ocr_line' id='line_1_31' title="bbox 1959 1184 3563 1266; baseline 0.01 -30"><span class='ocrx_word' id='word_1_206' title='bbox 1959 1188 2093 1252; x_wconf 90' lang='lat' dir='ltr'><strong>tunt,</strong></span> <span class='ocrx_word' id='word_1_207' title='bbox 2130 1184 2221 1254; x_wconf 90' lang='lat' dir='ltr'><strong>qui</strong></span> <span class='ocrx_word' id='word_1_208' title='bbox 2273 1184 2389 1241; x_wconf 83' lang='lat' dir='ltr'><strong>vias</strong></span> <span class='ocrx_word' id='word_1_209' title='bbox 2436 1185 2721 1244; x_wconf 88' lang='lat' dir='ltr'><strong>obsideant</strong></span> <span class='ocrx_word' id='word_1_210' title='bbox 2760 1190 2979 1260; x_wconf 89' lang='lat' dir='ltr'><strong>armati,</strong></span> <span class='ocrx_word' id='word_1_211' title='bbox 3014 1193 3186 1248; x_wconf 84' lang='lat' dir='ltr'><strong>maria</strong></span> <span class='ocrx_word' id='word_1_212' title='bbox 3213 1194 3563 1266; x_wconf 70' lang='lat' dir='ltr'><strong>prmdentur;</strong></span> 
     </span>
    </p>
   </div>
   <div class='ocr_carea' id='block_1_32' title="bbox 1960 1274 3566 1360">
    <p class='ocr_par' dir='ltr' id='par_1_32' title="bbox 1960 1274 3566 1360">
     <span class='ocr_line' id='line_1_32' title="bbox 1960 1274 3566 1360; baseline 0.011 -31"><span class='ocrx_word' id='word_1_213' title='bbox 1960 1274 2045 1331; x_wconf 91' lang='lat' dir='ltr'><strong>vel</strong></span> <span class='ocrx_word' id='word_1_214' title='bbox 2066 1275 2111 1329; x_wconf 90' lang='lat' dir='ltr'><strong>si</strong></span> <span class='ocrx_word' id='word_1_215' title='bbox 2142 1275 2319 1347; x_wconf 87' lang='lat' dir='ltr'><strong>palam</strong></span> <span class='ocrx_word' id='word_1_216' title='bbox 2344 1279 2579 1349; x_wconf 90' lang='lat' dir='ltr'><strong>grassari</strong></span> <span class='ocrx_word' id='word_1_217' title='bbox 2610 1296 2716 1336; x_wconf 92' lang='lat' dir='ltr'><strong>non</strong></span> <span class='ocrx_word' id='word_1_218' title='bbox 2744 1280 2917 1352; x_wconf 90' lang='lat' dir='ltr'><strong>licuit,</strong></span> <span class='ocrx_word' id='word_1_219' title='bbox 2949 1299 3163 1341; x_wconf 88' lang='lat' dir='ltr'><strong>venena</strong></span> <span class='ocrx_word' id='word_1_220' title='bbox 3197 1285 3336 1342; x_wconf 90' lang='lat' dir='ltr'><strong>clam</strong></span> <span class='ocrx_word' id='word_1_221' title='bbox 3356 1296 3566 1360; x_wconf 88' lang='lat' dir='ltr'><strong>tempe-</strong></span> 
     </span>
    </p>
   </div>
   <div class='ocr_carea' id='block_1_33' title="bbox 1963 1371 3560 1451">
    <p class='ocr_par' dir='ltr' id='par_1_33' title="bbox 1963 1371 3560 1451">
     <span class='ocr_line' id='line_1_33' title="bbox 1963 1371 3560 1451; baseline 0.011 -28"><span class='ocrx_word' id='word_1_222' title='bbox 1963 1376 2116 1435; x_wconf 90' lang='lat' dir='ltr'><strong>rent;</strong></span> <span class='ocrx_word' id='word_1_223' title='bbox 2149 1371 2239 1441; x_wconf 88' lang='lat' dir='ltr'><strong>qui</strong></span> <span class='ocrx_word' id='word_1_224' title='bbox 2272 1386 2470 1429; x_wconf 78' lang='lat' dir='ltr'><strong>uxores</strong></span> <span class='ocrx_word' id='word_1_225' title='bbox 2500 1383 2715 1442; x_wconf 88' lang='lat' dir='ltr'><strong>necent,</strong></span> <span class='ocrx_word' id='word_1_226' title='bbox 2747 1385 2803 1430; x_wconf 89' lang='lat' dir='ltr'><strong>ut</strong></span> <span class='ocrx_word' id='word_1_227' title='bbox 2847 1376 3005 1434; x_wconf 89' lang='lat' dir='ltr'><strong>dotes</strong></span> <span class='ocrx_word' id='word_1_228' title='bbox 3031 1393 3219 1435; x_wconf 89' lang='lat' dir='ltr'><strong>earum</strong></span> <span class='ocrx_word' id='word_1_229' title='bbox 3261 1380 3560 1451; x_wconf 90' lang='lat' dir='ltr'><strong>lucrentur,</strong></span> 
     </span>
    </p>
   </div>
   <div class='ocr_carea' id='block_1_34' title="bbox 1965 1463 3568 1544">
    <p class='ocr_par' dir='ltr' id='par_1_34' title="bbox 1965 1463 3568 1544">
     <span class='ocr_line' id='line_1_34' title="bbox 1965 1463 3568 1544; baseline 0.012 -29"><span class='ocrx_word' id='word_1_230' title='bbox 1965 1469 2060 1516; x_wconf 89' lang='lat' dir='ltr'><strong>aut</strong></span> <span class='ocrx_word' id='word_1_231' title='bbox 2101 1463 2347 1532; x_wconf 90' lang='lat' dir='ltr'><strong>maritos,</strong></span> <span class='ocrx_word' id='word_1_232' title='bbox 2401 1474 2460 1520; x_wconf 93' lang='lat' dir='ltr'><strong>ut</strong></span> <span class='ocrx_word' id='word_1_233' title='bbox 2508 1465 2769 1524; x_wconf 89' lang='lat' dir='ltr'><strong>adulteris</strong></span> <span class='ocrx_word' id='word_1_234' title='bbox 2806 1470 3032 1540; x_wconf 90' lang='lat' dir='ltr'><strong>nubant,</strong></span> <span class='ocrx_word' id='word_1_235' title='bbox 3074 1473 3168 1544; x_wconf 91' lang='lat' dir='ltr'><strong>qui</strong></span> <span class='ocrx_word' id='word_1_236' title='bbox 3198 1482 3356 1531; x_wconf 88' lang='lat' dir='ltr'><strong>natos</strong></span> <span class='ocrx_word' id='word_1_237' title='bbox 3395 1491 3464 1533; x_wconf 85' lang='lat' dir='ltr'><strong>ex</strong></span> <span class='ocrx_word' id='word_1_238' title='bbox 3507 1492 3568 1535; x_wconf 89' lang='lat' dir='ltr'><strong>se</strong></span> 
     </span>
    </p>
   </div>
   <div class='ocr_carea' id='block_1_35' title="bbox 1968 1560 3564 1637">
    <p class='ocr_par' dir='ltr' id='par_1_35' title="bbox 1968 1560 3564 1637">
     <span class='ocr_line' id='line_1_35' title="bbox 1968 1560 3564 1637; baseline 0.01 -28"><span class='ocrx_word' id='word_1_239' title='bbox 1968 1567 2165 1624; x_wconf 89' lang='lat' dir='ltr'><strong>pueros</strong></span> <span class='ocrx_word' id='word_1_240' title='bbox 2191 1565 2287 1612; x_wconf 90' lang='lat' dir='ltr'><strong>aut</strong></span> <span class='ocrx_word' id='word_1_241' title='bbox 2328 1560 2687 1630; x_wconf 89' lang='lat' dir='ltr'><strong>strangulent,</strong></span> <span class='ocrx_word' id='word_1_242' title='bbox 2729 1570 2824 1617; x_wconf 87' lang='lat' dir='ltr'><strong>aut</strong></span> <span class='ocrx_word' id='word_1_243' title='bbox 2871 1562 2918 1617; x_wconf 88' lang='lat' dir='ltr'><strong>si</strong></span> <span class='ocrx_word' id='word_1_244' title='bbox 2971 1562 3196 1621; x_wconf 89' lang='lat' dir='ltr'><strong>nimium</strong></span> <span class='ocrx_word' id='word_1_245' title='bbox 3226 1566 3297 1637; x_wconf 90' lang='lat' dir='ltr'><strong>pii</strong></span> <span class='ocrx_word' id='word_1_246' title='bbox 3335 1565 3564 1637; x_wconf 91' lang='lat' dir='ltr'><strong>fuerint,</strong></span> 
     </span>
    </p>
   </div>
   <div class='ocr_carea' id='block_1_36' title="bbox 1966 1653 3566 1730">
    <p class='ocr_par' dir='ltr' id='par_1_36' title="bbox 1966 1653 3566 1730">
     <span class='ocr_line' id='line_1_36' title="bbox 1966 1653 3566 1730; baseline 0.008 -24"><span class='ocrx_word' id='word_1_247' title='bbox 1966 1662 2279 1722; x_wconf 78' lang='lat' dir='ltr'><strong>exponant;</strong></span> <span class='ocrx_word' id='word_1_248' title='bbox 2325 1653 2417 1724; x_wconf 92' lang='lat' dir='ltr'><strong>qui</strong></span> <span class='ocrx_word' id='word_1_249' title='bbox 2464 1653 2718 1712; x_wconf 89' lang='lat' dir='ltr'><strong>libidines</strong></span> <span class='ocrx_word' id='word_1_250' title='bbox 2758 1656 3014 1724; x_wconf 90' lang='lat' dir='ltr'><strong>incestas,</strong></span> <span class='ocrx_word' id='word_1_251' title='bbox 3043 1674 3146 1716; x_wconf 89' lang='lat' dir='ltr'><strong>nec</strong></span> <span class='ocrx_word' id='word_1_252' title='bbox 3173 1675 3205 1716; x_wconf 90' lang='lat' dir='ltr'><strong>a</strong></span> <span class='ocrx_word' id='word_1_253' title='bbox 3241 1659 3375 1730; x_wconf 88' lang='lat' dir='ltr'><strong>ﬁlia,</strong></span> <span class='ocrx_word' id='word_1_254' title='bbox 3407 1676 3509 1719; x_wconf 90' lang='lat' dir='ltr'><strong>nec</strong></span> <span class='ocrx_word' id='word_1_255' title='bbox 3531 1677 3566 1719; x_wconf 75' lang='grc' dir='ltr'><strong>ιι</strong></span> 
     </span>
    </p>
   </div>
   <div class='ocr_carea' id='block_1_37' title="bbox 1965 1751 3562 1825">
    <p class='ocr_par' dir='ltr' id='par_1_37' title="bbox 1965 1751 3562 1825">
     <span class='ocr_line' id='line_1_37' title="bbox 1965 1751 3562 1825; baseline 0.006 -24"><span class='ocrx_word' id='word_1_256' title='bbox 1965 1759 2178 1814; x_wconf 89' lang='lat' dir='ltr'><strong>sorore,</strong></span> <span class='ocrx_word' id='word_1_257' title='bbox 2208 1761 2311 1803; x_wconf 93' lang='lat' dir='ltr'><strong>nec</strong></span> <span class='ocrx_word' id='word_1_258' title='bbox 2350 1762 2383 1802; x_wconf 91' lang='lat' dir='ltr'><strong>a</strong></span> <span class='ocrx_word' id='word_1_259' title='bbox 2419 1757 2616 1817; x_wconf 90' lang='lat' dir='ltr'><strong>matre,</strong></span> <span class='ocrx_word' id='word_1_260' title='bbox 2650 1764 2753 1805; x_wconf 93' lang='lat' dir='ltr'><strong>nec</strong></span> <span class='ocrx_word' id='word_1_261' title='bbox 2796 1764 2826 1804; x_wconf 89' lang='lat' dir='ltr'><strong>a</strong></span> <span class='ocrx_word' id='word_1_262' title='bbox 2881 1751 3164 1809; x_wconf 89' lang='lat' dir='ltr'><strong>sacerdote</strong></span> <span class='ocrx_word' id='word_1_263' title='bbox 3215 1754 3562 1825; x_wconf 88' lang='lat' dir='ltr'><strong>contineant;</strong></span> 
     </span>
    </p>
   </div>
   <div class='ocr_carea' id='block_1_38' title="bbox 1966 1839 3572 1919">
    <p class='ocr_par' dir='ltr' id='par_1_38' title="bbox 1966 1839 3572 1919">
     <span class='ocr_line' id='line_1_38' title="bbox 1966 1839 3572 1919; baseline 0.007 -24"><span class='ocrx_word' id='word_1_264' title='bbox 1966 1839 2058 1910; x_wconf 85' lang='lat' dir='ltr'><strong>qui</strong></span> <span class='ocrx_word' id='word_1_265' title='bbox 2076 1839 2340 1897; x_wconf 89' lang='lat' dir='ltr'><strong>adversus</strong></span> <span class='ocrx_word' id='word_1_266' title='bbox 2353 1840 2501 1898; x_wconf 88' lang='lat' dir='ltr'><strong>cives</strong></span> <span class='ocrx_word' id='word_1_267' title='bbox 2535 1855 2662 1898; x_wconf 90' lang='lat' dir='ltr'><strong>suos</strong></span> <span class='ocrx_word' id='word_1_268' title='bbox 2676 1843 3014 1916; x_wconf 88' lang='lat' dir='ltr'><strong>patriamque</strong></span> <span class='ocrx_word' id='word_1_269' title='bbox 3035 1845 3342 1916; x_wconf 85' lang='lat' dir='ltr'><strong>conjurent:</strong></span> <span class='ocrx_word' id='word_1_270' title='bbox 3363 1847 3455 1919; x_wconf 90' lang='lat' dir='ltr'><strong>qui</strong></span> <span class='ocrx_word' id='word_1_271' title='bbox 3468 1862 3572 1906; x_wconf 86' lang='lat' dir='ltr'><strong>nec</strong></span> 
     </span>
    </p>
   </div>
   <div class='ocr_carea' id='block_1_39' title="bbox 1969 1934 3563 2015">
    <p class='ocr_par' dir='ltr' id='par_1_39' title="bbox 1969 1934 3563 2015">
     <span class='ocr_line' id='line_1_39' title="bbox 1969 1934 3563 2015; baseline 0.006 -23"><span class='ocrx_word' id='word_1_272' title='bbox 1969 1934 2206 1992; x_wconf 91' lang='lat' dir='ltr'><strong>culleum</strong></span> <span class='ocrx_word' id='word_1_273' title='bbox 2229 1946 2508 2007; x_wconf 87' lang='lat' dir='ltr'><strong>metuant;</strong></span> <span class='ocrx_word' id='word_1_274' title='bbox 2539 1939 2630 2009; x_wconf 92' lang='lat' dir='ltr'><strong>qui</strong></span> <span class='ocrx_word' id='word_1_275' title='bbox 2648 1937 2883 2012; x_wconf 89' lang='lat' dir='ltr'><strong>denique</strong></span> <span class='ocrx_word' id='word_1_276' title='bbox 2895 1942 3179 2015; x_wconf 88' lang='lat' dir='ltr'><strong>sacrilegia</strong></span> <span class='ocrx_word' id='word_1_277' title='bbox 3198 1944 3563 2013; x_wconf 89' lang='lat' dir='ltr'><strong>committant,</strong></span> 
     </span>
    </p>
   </div>
   <div class='ocr_carea' id='block_1_40' title="bbox 1971 2027 3573 2107">
    <p class='ocr_par' dir='ltr' id='par_1_40' title="bbox 1971 2027 3573 2107">
     <span class='ocr_line' id='line_1_40' title="bbox 1971 2027 3573 2107; baseline 0.006 -23"><span class='ocrx_word' id='word_1_278' title='bbox 1971 2037 2026 2084; x_wconf 91' lang='lat' dir='ltr'><strong>et</strong></span> <span class='ocrx_word' id='word_1_279' title='bbox 2054 2027 2306 2097; x_wconf 89' lang='lat' dir='ltr'><strong>deorum,</strong></span> <span class='ocrx_word' id='word_1_280' title='bbox 2334 2044 2471 2100; x_wconf 91' lang='lat' dir='ltr'><strong>quos</strong></span> <span class='ocrx_word' id='word_1_281' title='bbox 2519 2030 2726 2099; x_wconf 90' lang='lat' dir='ltr'><strong>colunt,</strong></span> <span class='ocrx_word' id='word_1_282' title='bbox 2784 2034 2982 2105; x_wconf 90' lang='lat' dir='ltr'><strong>templa</strong></span> <span class='ocrx_word' id='word_1_283' title='bbox 3027 2033 3364 2107; x_wconf 90' lang='lat' dir='ltr'><strong>dispolient;</strong></span> <span class='ocrx_word' id='word_1_284' title='bbox 3406 2045 3462 2093; x_wconf 90' lang='lat' dir='ltr'><strong>et</strong></span> <span class='ocrx_word' id='word_1_285' title='bbox 3511 2045 3573 2094; x_wconf 86' lang='lat' dir='ltr'><strong>ut</strong></span> 
     </span>
    </p>
   </div>
   <div class='ocr_carea' id='block_1_41' title="bbox 1971 2123 3573 2204">
    <p class='ocr_par' dir='ltr' id='par_1_41' title="bbox 1971 2123 3573 2204">
     <span class='ocr_line' id='line_1_41' title="bbox 1971 2123 3573 2204; baseline 0.008 -27"><span class='ocrx_word' id='word_1_286' title='bbox 1971 2139 2092 2195; x_wconf 73' lang='lat' dir='ltr'><strong>qua:</strong></span> <span class='ocrx_word' id='word_1_287' title='bbox 2119 2123 2261 2179; x_wconf 86' lang='lat' dir='ltr'><strong>levia</strong></span> <span class='ocrx_word' id='word_1_288' title='bbox 2289 2132 2417 2180; x_wconf 89' lang='lat' dir='ltr'><strong>sunt</strong></span> <span class='ocrx_word' id='word_1_289' title='bbox 2436 2132 2601 2197; x_wconf 91' lang='lat' dir='ltr'><strong>atque</strong></span> <span class='ocrx_word' id='word_1_290' title='bbox 2624 2125 2733 2184; x_wconf 89' lang='lat' dir='ltr'><strong>illis</strong></span> <span class='ocrx_word' id='word_1_291' title='bbox 2754 2127 2951 2185; x_wconf 90' lang='lat' dir='ltr'><strong>usitata</strong></span> <span class='ocrx_word' id='word_1_292' title='bbox 2973 2128 3241 2197; x_wconf 89' lang='lat' dir='ltr'><strong>dicamus,</strong></span> <span class='ocrx_word' id='word_1_293' title='bbox 3274 2132 3366 2204; x_wconf 91' lang='lat' dir='ltr'><strong>qui</strong></span> <span class='ocrx_word' id='word_1_294' title='bbox 3398 2130 3573 2190; x_wconf 77' lang='lat' dir='ltr'><strong>luere-</strong></span> 
     </span>
    </p>
   </div>
   <div class='ocr_carea' id='block_1_42' title="bbox 1624 2265 2247 2325">
    <p class='ocr_par' dir='ltr' id='par_1_42' title="bbox 1624 2265 2247 2325">
     <span class='ocr_line' id='line_1_42' title="bbox 1624 2265 2247 2325; baseline -0.002 -3"><span class='ocrx_word' id='word_1_295' title='bbox 1624 2265 1984 2325; x_wconf 80' lang='lat' dir='ltr'><strong>VARIORUM</strong></span> <span class='ocrx_word' id='word_1_296' title='bbox 2018 2265 2247 2325; x_wconf 65' lang='lat' dir='ltr'><strong>NOTAE.</strong></span> 
     </span>
    </p>
   </div>
   <div class='ocr_carea' id='block_1_43' title="bbox 256 2377 1867 2509">
    <p class='ocr_par' dir='ltr' id='par_1_43' title="bbox 256 2377 1867 2509">
     <span class='ocr_line' id='line_1_43' title="bbox 256 2377 1867 2455; baseline -0.005 -12"><span class='ocrx_word' id='word_1_297' title='bbox 256 2399 395 2443; x_wconf 88' lang='lat' dir='ltr'><strong>mss.</strong></span> <span class='ocrx_word' id='word_1_298' title='bbox 424 2392 480 2440; x_wconf 90' lang='lat' dir='ltr'><strong>et</strong></span> <span class='ocrx_word' id='word_1_299' title='bbox 507 2382 642 2455; x_wconf 91' lang='lat' dir='ltr'><strong>pleri</strong></span> <span class='ocrx_word' id='word_1_300' title='bbox 684 2397 751 2439; x_wconf 89' lang='lat' dir='ltr'><strong>ue</strong></span> <span class='ocrx_word' id='word_1_301' title='bbox 770 2380 921 2438; x_wconf 88' lang='lat' dir='ltr'><strong>editi.</strong></span> <span class='ocrx_word' id='word_1_302' title='bbox 947 2381 1015 2437; x_wconf 87' lang='lat' dir='ltr'><strong>Et</strong></span> <span class='ocrx_word' id='word_1_303' title='bbox 1038 2389 1205 2446; x_wconf 88' lang='lat' dir='ltr'><strong>recte,</strong></span> <span class='ocrx_word' id='word_1_304' title='bbox 1223 2395 1320 2451; x_wconf 91' lang='lat' dir='ltr'><strong>per</strong></span> <span class='ocrx_word' id='word_1_305' title='bbox 1339 2377 1737 2449; x_wconf 87' lang='lat' dir='ltr'><strong>anastrophen;</strong></span> <span class='ocrx_word' id='word_1_306' title='bbox 1761 2378 1867 2435; x_wconf 90' lang='lat' dir='ltr'><strong>hoc</strong></span> 
     </span>
     <span class='ocr_line' id='line_1_44' title="bbox 256 2398 1865 2509; baseline -0.004 0"><span class='ocrx_word' id='word_1_307' title='bbox 256 2467 553 2509; x_wconf 79' lang='lat' dir='ltr'><strong>cst.coram</strong></span> <span class='ocrx_word' id='word_1_308' title='bbox 569 2398 748 2509; x_wconf 42' lang='lat' dir='ltr'><strong>auiam</strong></span> <span class='ocrx_word' id='word_1_309' title='bbox 767 2454 1077 2509; x_wconf 88' lang='lat' dir='ltr'><strong>christianis</strong></span> <span class='ocrx_word' id='word_1_310' title='bbox 1099 2455 1251 2509; x_wconf 85' lang='lat' dir='ltr'><strong>nudet</strong></span> <span class='ocrx_word' id='word_1_311' title='bbox 1267 2452 1512 2507; x_wconf 84' lang='lat' dir='ltr'><strong>ethnicos</strong></span> <span class='ocrx_word' id='word_1_312' title='bbox 1527 2450 1660 2505; x_wconf 87' lang='lat' dir='ltr'><strong>male</strong></span> <span class='ocrx_word' id='word_1_313' title='bbox 1680 2451 1865 2505; x_wconf 84' lang='lat' dir='ltr'><strong>vivere.</strong></span> 
     </span>
    </p>
   </div>
   <div class='ocr_carea' id='block_1_44' title="bbox 256 2450 1865 2523">
    <p class='ocr_par' dir='ltr' id='par_1_44' title="bbox 256 2450 1865 2523">
     <span class='ocr_line' id='line_1_45' title="bbox 256 2450 1865 2523; baseline -0.006 -10"><span class='ocrx_word' id='word_1_314' title='bbox 256 2450 553 2523; x_wconf 77' lang='lat' dir='ltr'><strong>cst,corant</strong></span> <span class='ocrx_word' id='word_1_315' title='bbox 569 2450 748 2521; x_wconf 73' lang='lat' dir='ltr'><strong>quibus</strong></span> <span class='ocrx_word' id='word_1_316' title='bbox 767 2454 1077 2510; x_wconf 88' lang='lat' dir='ltr'><strong>christianis</strong></span> <span class='ocrx_word' id='word_1_317' title='bbox 1098 2450 1251 2523; x_wconf 81' lang='lat' dir='ltr'><strong>pudet</strong></span> <span class='ocrx_word' id='word_1_318' title='bbox 1267 2452 1512 2507; x_wconf 84' lang='lat' dir='ltr'><strong>ethnicos</strong></span> <span class='ocrx_word' id='word_1_319' title='bbox 1527 2450 1660 2505; x_wconf 87' lang='lat' dir='ltr'><strong>male</strong></span> <span class='ocrx_word' id='word_1_320' title='bbox 1680 2451 1865 2505; x_wconf 84' lang='lat' dir='ltr'><strong>vivere.</strong></span> 
     </span>
    </p>
   </div>
   <div class='ocr_carea' id='block_1_45' title="bbox 257 2523 1868 2593">
    <p class='ocr_par' dir='ltr' id='par_1_45' title="bbox 257 2523 1868 2593">
     <span class='ocr_line' id='line_1_46' title="bbox 257 2523 1868 2593; baseline -0.007 -7"><span class='ocrx_word' id='word_1_321' title='bbox 257 2531 336 2586; x_wconf 82' lang='lat' dir='ltr'><strong>At</strong></span> <span class='ocrx_word' id='word_1_322' title='bbox 379 2543 510 2583; x_wconf 90' lang='lat' dir='ltr'><strong>mss.</strong></span> <span class='ocrx_word' id='word_1_323' title='bbox 555 2525 731 2583; x_wconf 78' lang='lat' dir='ltr'><strong>Oxon.</strong></span> <span class='ocrx_word' id='word_1_324' title='bbox 764 2535 819 2581; x_wconf 90' lang='lat' dir='ltr'><strong>et</strong></span> <span class='ocrx_word' id='word_1_325' title='bbox 854 2526 918 2582; x_wconf 91' lang='grc'><strong>11</strong></span> <span class='ocrx_word' id='word_1_326' title='bbox 973 2524 1202 2593; x_wconf 75' lang='lat' dir='ltr'><strong>vulgati,</strong></span> <span class='ocrx_word' id='word_1_327' title='bbox 1229 2523 1513 2579; x_wconf 88' lang='lat' dir='ltr'><strong>ediderunt</strong></span> <span class='ocrx_word' id='word_1_328' title='bbox 1540 2538 1666 2593; x_wconf 84' lang='lat' dir='ltr'><strong>quos</strong></span> <span class='ocrx_word' id='word_1_329' title='bbox 1692 2538 1868 2576; x_wconf 88' lang='lat' dir='ltr'><strong>coram</strong></span> 
     </span>
    </p>
   </div>
   <div class='ocr_carea' id='block_1_46' title="bbox 256 2594 1870 2669">
    <p class='ocr_par' dir='ltr' id='par_1_46' title="bbox 256 2594 1870 2669">
     <span class='ocr_line' id='line_1_47' title="bbox 256 2594 1870 2669; baseline -0.004 -15"><span class='ocrx_word' id='word_1_330' title='bbox 256 2601 401 2656; x_wconf 85' lang='lat' dir='ltr'><strong>male</strong></span> <span class='ocrx_word' id='word_1_331' title='bbox 436 2600 598 2654; x_wconf 83' lang='lat' dir='ltr'><strong>vivere</strong></span> <span class='ocrx_word' id='word_1_332' title='bbox 644 2597 799 2668; x_wconf 87' lang='lat' dir='ltr'><strong>pudet</strong></span> <span class='ocrx_word' id='word_1_333' title='bbox 814 2614 843 2669; x_wconf 19' lang='grc' dir='ltr'><strong>με</strong></span> <span class='ocrx_word' id='word_1_334' title='bbox 885 2597 1035 2669; x_wconf 85' lang='lat' dir='ltr'><strong>quasi</strong></span> <span class='ocrx_word' id='word_1_335' title='bbox 1076 2610 1372 2666; x_wconf 88' lang='lat' dir='ltr'><strong>pronomen</strong></span> <span class='ocrx_word' id='word_1_336' title='bbox 1401 2610 1530 2667; x_wconf 85' lang='lat' dir='ltr'><strong>quos</strong></span> <span class='ocrx_word' id='word_1_337' title='bbox 1555 2608 1679 2650; x_wconf 90' lang='lat' dir='ltr'><strong>cum</strong></span> <span class='ocrx_word' id='word_1_338' title='bbox 1711 2594 1870 2669; x_wconf 76' lang='lat' dir='ltr'><strong>pudet</strong></span> 
     </span>
    </p>
   </div>
   <div class='ocr_carea' id='block_1_47' title="bbox 251 2664 1867 2744">
    <p class='ocr_par' dir='ltr' id='par_1_47' title="bbox 251 2664 1867 2744">
     <span class='ocr_line' id='line_1_48' title="bbox 251 2664 1867 2744; baseline -0.007 -16"><span class='ocrx_word' id='word_1_339' title='bbox 251 2671 414 2744; x_wconf 75' lang='lat' dir='ltr'><strong>iungi</strong></span> <span class='ocrx_word' id='word_1_340' title='bbox 460 2664 663 2741; x_wconf 82' lang='lat' dir='ltr'><strong>poscat.</strong></span> <span class='ocrx_word' id='word_1_341' title='bbox 687 2664 1257 2744; x_wconf 46' lang='lat' dir='ltr'><strong>7N9t1&#39;_inirequens</strong></span> <span class='ocrx_word' id='word_1_342' title='bbox 1297 2664 1867 2744; x_wconf 62' lang='lat' dir='ltr'><strong>nostroanastmplie.</strong></span> 
     </span>
    </p>
   </div>
   <div class='ocr_carea' id='block_1_48' title="bbox 260 2737 1868 2810">
    <p class='ocr_par' dir='ltr' id='par_1_48' title="bbox 260 2737 1868 2810">
     <span class='ocr_line' id='line_1_49' title="bbox 260 2737 1868 2810; baseline -0.006 -11"><span class='ocrx_word' id='word_1_343' title='bbox 260 2737 389 2800; x_wconf 49' lang='lat' dir='ltr'><strong>lib:</strong></span> <span class='ocrx_word' id='word_1_344' title='bbox 408 2737 482 2808; x_wconf 74' lang='lat' dir='ltr'><strong>vr,</strong></span> <span class='ocrx_word' id='word_1_345' title='bbox 530 2757 649 2810; x_wconf 89' lang='lat' dir='ltr'><strong>cap.</strong></span> <span class='ocrx_word' id='word_1_346' title='bbox 700 2741 776 2796; x_wconf 84' lang='lat'><strong>5:</strong></span> <span class='ocrx_word' id='word_1_347' title='bbox 814 2738 966 2807; x_wconf 85' lang='lat' dir='ltr'><strong>Queis</strong></span> <span class='ocrx_word' id='word_1_348' title='bbox 1008 2738 1064 2793; x_wconf 88' lang='lat' dir='ltr'><strong>in</strong></span> <span class='ocrx_word' id='word_1_349' title='bbox 1108 2737 1394 2810; x_wconf 80' lang='lat' dir='ltr'><strong>versamur.</strong></span> <span class='ocrx_word' id='word_1_350' title='bbox 1436 2737 1576 2810; x_wconf 42' lang='lat' dir='ltr'><strong>lbidi</strong></span> <span class='ocrx_word' id='word_1_351' title='bbox 1604 2751 1724 2807; x_wconf 88' lang='lat' dir='ltr'><strong>cap.</strong></span> <span class='ocrx_word' id='word_1_352' title='bbox 1757 2737 1868 2791; x_wconf 81' lang='lat' dir='ltr'><strong>l7:</strong></span> 
     </span>
    </p>
   </div>
   <div class='ocr_carea' id='block_1_49' title="bbox 264 2807 1872 2883">
    <p class='ocr_par' dir='ltr' id='par_1_49' title="bbox 264 2807 1872 2883">
     <span class='ocr_line' id='line_1_50' title="bbox 264 2807 1872 2883; baseline -0.005 -13"><span class='ocrx_word' id='word_1_353' title='bbox 264 2815 412 2883; x_wconf 81' lang='lat' dir='ltr'><strong>Quos</strong></span> <span class='ocrx_word' id='word_1_354' title='bbox 428 2807 609 2868; x_wconf 83' lang='lat' dir='ltr'><strong>contra</strong></span> <span class='ocrx_word' id='word_1_355' title='bbox 619 2813 902 2882; x_wconf 75' lang='lat' dir='ltr'><strong>disputant.</strong></span> <span class='ocrx_word' id='word_1_356' title='bbox 919 2811 1120 2867; x_wconf 89' lang='lat' dir='ltr'><strong>Sensus</strong></span> <span class='ocrx_word' id='word_1_357' title='bbox 1132 2818 1237 2875; x_wconf 91' lang='lat' dir='ltr'><strong>est,</strong></span> <span class='ocrx_word' id='word_1_358' title='bbox 1255 2808 1417 2883; x_wconf 83' lang='lat' dir='ltr'><strong>pudet</strong></span> <span class='ocrx_word' id='word_1_359' title='bbox 1431 2807 1675 2883; x_wconf 73' lang='lat' dir='ltr'><strong>ethnicos</strong></span> <span class='ocrx_word' id='word_1_360' title='bbox 1689 2822 1872 2863; x_wconf 89' lang='lat' dir='ltr'><strong>coram</strong></span> 
     </span>
    </p>
   </div>
   <div class='ocr_carea' id='block_1_50' title="bbox 258 2880 1870 2948">
    <p class='ocr_par' dir='ltr' id='par_1_50' title="bbox 258 2880 1870 2948">
     <span class='ocr_line' id='line_1_51' title="bbox 258 2880 1870 2948; baseline -0.006 -5"><span class='ocrx_word' id='word_1_361' title='bbox 258 2880 592 2943; x_wconf 77' lang='lat' dir='ltr'><strong>Christianis</strong></span> <span class='ocrx_word' id='word_1_362' title='bbox 636 2880 775 2939; x_wconf 86' lang='lat' dir='ltr'><strong>male</strong></span> <span class='ocrx_word' id='word_1_363' title='bbox 819 2884 1001 2939; x_wconf 84' lang='lat' dir='ltr'><strong>vivere</strong></span> <span class='ocrx_word' id='word_1_364' title='bbox 1029 2900 1042 2936; x_wconf 90' lang='lat'><strong>:</strong></span> <span class='ocrx_word' id='word_1_365' title='bbox 1070 2896 1232 2937; x_wconf 88' lang='lat' dir='ltr'><strong>sensu</strong></span> <span class='ocrx_word' id='word_1_366' title='bbox 1279 2880 1470 2936; x_wconf 87' lang='lat' dir='ltr'><strong>eodem</strong></span> <span class='ocrx_word' id='word_1_367' title='bbox 1498 2880 1638 2934; x_wconf 77' lang='lat' dir='ltr'><strong>dixit</strong></span> <span class='ocrx_word' id='word_1_368' title='bbox 1662 2894 1870 2948; x_wconf 89' lang='lat' dir='ltr'><strong>supra:</strong></span> 
     </span>
    </p>
   </div>
   <div class='ocr_carea' id='block_1_51' title="bbox 262 2950 1799 3025">
    <p class='ocr_par' dir='ltr' id='par_1_51' title="bbox 262 2950 1799 3025">
     <span class='ocr_line' id='line_1_52' title="bbox 262 2950 1799 3025; baseline -0.005 -12"><span class='ocrx_word' id='word_1_369' title='bbox 262 2957 587 3013; x_wconf 82' lang='lat' dir='ltr'><strong>Erubescant</strong></span> <span class='ocrx_word' id='word_1_370' title='bbox 621 2971 797 3010; x_wconf 87' lang='lat' dir='ltr'><strong>coram</strong></span> <span class='ocrx_word' id='word_1_371' title='bbox 835 2955 993 3025; x_wconf 86' lang='lat' dir='ltr'><strong>justis</strong></span> <span class='ocrx_word' id='word_1_372' title='bbox 1020 2962 1068 3007; x_wconf 90' lang='lat' dir='ltr'><strong>et</strong></span> <span class='ocrx_word' id='word_1_373' title='bbox 1095 2953 1238 3025; x_wconf 84' lang='lat' dir='ltr'><strong>bonis</strong></span> <span class='ocrx_word' id='word_1_374' title='bbox 1266 2968 1373 3007; x_wconf 86' lang='lat' dir='ltr'><strong>esse</strong></span> <span class='ocrx_word' id='word_1_375' title='bbox 1398 2968 1634 3023; x_wconf 85' lang='lat' dir='ltr'><strong>nequam.</strong></span> <span class='ocrx_word' id='word_1_376' title='bbox 1663 2950 1799 3006; x_wconf 80' lang='lat' dir='ltr'><strong>BUN.</strong></span> 
     </span>
    </p>
   </div>
   <div class='ocr_carea' id='block_1_52' title="bbox 343 3024 1297 3099">
    <p class='ocr_par' dir='ltr' id='par_1_52' title="bbox 343 3024 1297 3099">
     <span class='ocr_line' id='line_1_53' title="bbox 343 3024 1297 3099; baseline -0.006 -16"><span class='ocrx_word' id='word_1_377' title='bbox 343 3027 530 3099; x_wconf 69' lang='lat' dir='ltr'><strong>ipsum</strong></span> <span class='ocrx_word' id='word_1_378' title='bbox 561 3027 746 3082; x_wconf 88' lang='lat' dir='ltr'><strong>Deum.</strong></span> <span class='ocrx_word' id='word_1_379' title='bbox 772 3024 1045 3081; x_wconf 77' lang='lat' dir='ltr'><strong>Christum</strong></span> <span class='ocrx_word' id='word_1_380' title='bbox 1071 3024 1297 3099; x_wconf 65' lang='lat' dir='ltr'><strong>sciiicett</strong></span> 
     </span>
    </p>
   </div>
   <div class='ocr_carea' id='block_1_53' title="bbox 344 3093 1951 3171">
    <p class='ocr_par' dir='ltr' id='par_1_53' title="bbox 344 3093 1951 3171">
     <span class='ocr_line' id='line_1_54' title="bbox 344 3093 1951 3171; baseline -0.003 -18"><span class='ocrx_word' id='word_1_381' title='bbox 344 3093 578 3171; x_wconf 79' lang='lat' dir='ltr'><strong>Populus</strong></span> <span class='ocrx_word' id='word_1_382' title='bbox 603 3100 658 3153; x_wconf 90' lang='lat' dir='ltr'><strong>in</strong></span> <span class='ocrx_word' id='word_1_383' title='bbox 677 3114 767 3169; x_wconf 87' lang='lat' dir='ltr'><strong>spe</strong></span> <span class='ocrx_word' id='word_1_384' title='bbox 796 3098 1116 3171; x_wconf 78' lang='lat' dir='ltr'><strong>constitutus.</strong></span> <span class='ocrx_word' id='word_1_385' title='bbox 1145 3095 1402 3171; x_wconf 83' lang='lat' dir='ltr'><strong>Judaicus</strong></span> <span class='ocrx_word' id='word_1_386' title='bbox 1423 3094 1653 3159; x_wconf 88' lang='lat' dir='ltr'><strong>scilicet,</strong></span> <span class='ocrx_word' id='word_1_387' title='bbox 1676 3093 1742 3148; x_wconf 89' lang='lat' dir='ltr'><strong>de</strong></span> <span class='ocrx_word' id='word_1_388' title='bbox 1769 3106 1877 3163; x_wconf 92' lang='lat' dir='ltr'><strong>quo</strong></span> <span class='ocrx_word' id='word_1_389' title='bbox 1904 3105 1951 3171; x_wconf 71' lang='grc' dir='ltr'><strong>ρ</strong></span> 
     </span>
    </p>
   </div>
   <div class='ocr_carea' id='block_1_54' title="bbox 262 3167 1875 3239">
    <p class='ocr_par' dir='ltr' id='par_1_54' title="bbox 262 3167 1875 3239">
     <span class='ocr_line' id='line_1_55' title="bbox 262 3167 1875 3239; baseline -0.007 -9"><span class='ocrx_word' id='word_1_390' title='bbox 262 3167 457 3230; x_wconf 79' lang='lat' dir='ltr'><strong>Actor.</strong></span> <span class='ocrx_word' id='word_1_391' title='bbox 490 3186 541 3227; x_wconf 91' lang='lat' dir='ltr'><strong>c.</strong></span> <span class='ocrx_word' id='word_1_392' title='bbox 568 3167 716 3233; x_wconf 77' lang='lat' dir='ltr'><strong>xxvr,</strong></span> <span class='ocrx_word' id='word_1_393' title='bbox 745 3185 797 3224; x_wconf 93' lang='lat' dir='ltr'><strong>v.</strong></span> <span class='ocrx_word' id='word_1_394' title='bbox 829 3168 899 3224; x_wconf 89' lang='lat'><strong>6:</strong></span> <span class='ocrx_word' id='word_1_395' title='bbox 933 3167 1003 3239; x_wconf 88' lang='lat' dir='ltr'><strong>In</strong></span> <span class='ocrx_word' id='word_1_396' title='bbox 1024 3184 1115 3239; x_wconf 85' lang='lat' dir='ltr'><strong>spe</strong></span> <span class='ocrx_word' id='word_1_397' title='bbox 1138 3182 1252 3239; x_wconf 76' lang='lat' dir='ltr'><strong>qute</strong></span> <span class='ocrx_word' id='word_1_398' title='bbox 1275 3167 1344 3222; x_wconf 91' lang='lat' dir='ltr'><strong>ad</strong></span> <span class='ocrx_word' id='word_1_399' title='bbox 1372 3174 1544 3235; x_wconf 86' lang='lat' dir='ltr'><strong>patres</strong></span> <span class='ocrx_word' id='word_1_400' title='bbox 1570 3175 1770 3220; x_wconf 84' lang='lat' dir='ltr'><strong>nostros</strong></span> <span class='ocrx_word' id='word_1_401' title='bbox 1790 3180 1875 3220; x_wconf 86' lang='lat' dir='ltr'><strong>re-</strong></span> 
     </span>
    </p>
   </div>
   <div class='ocr_carea' id='block_1_55' title="bbox 264 3238 1102 3317">
    <p class='ocr_par' dir='ltr' id='par_1_55' title="bbox 264 3238 1102 3317">
     <span class='ocr_line' id='line_1_56' title="bbox 264 3238 1102 3317; baseline -0.007 -18"><span class='ocrx_word' id='word_1_402' title='bbox 264 3242 624 3317; x_wconf 59' lang='lat' dir='ltr'><strong>proinissionig</strong></span> <span class='ocrx_word' id='word_1_403' title='bbox 655 3243 897 3317; x_wconf 77' lang='lat' dir='ltr'><strong>[acta_est_</strong></span> <span class='ocrx_word' id='word_1_404' title='bbox 910 3259 944 3295; x_wconf 83' lang='grc' dir='ltr'><em>α</em></span> <span class='ocrx_word' id='word_1_405' title='bbox 959 3238 1102 3317; x_wconf 85' lang='lat' dir='ltr'><strong>_I)eo.</strong></span> 
     </span>
    </p>
   </div>
   <div class='ocr_carea' id='block_1_56' title="bbox 341 3311 1129 3380">
    <p class='ocr_par' dir='ltr' id='par_1_56' title="bbox 341 3311 1129 3380">
     <span class='ocr_line' id='line_1_57' title="bbox 341 3311 1129 3380; baseline -0.006 -11"><span class='ocrx_word' id='word_1_406' title='bbox 341 3313 542 3370; x_wconf 79' lang='lat' dir='ltr'><strong>Justos.</strong></span> <span class='ocrx_word' id='word_1_407' title='bbox 557 3313 617 3369; x_wconf 88' lang='lat' dir='ltr'><strong>Id</strong></span> <span class='ocrx_word' id='word_1_408' title='bbox 641 3311 744 3380; x_wconf 83' lang='lat' dir='ltr'><strong>est,</strong></span> <span class='ocrx_word' id='word_1_409' title='bbox 771 3311 1129 3367; x_wconf 88' lang='lat' dir='ltr'><strong>Christianos.</strong></span> 
     </span>
    </p>
   </div>
   <div class='ocr_carea' id='block_1_57' title="bbox 345 3378 1877 3457">
    <p class='ocr_par' dir='ltr' id='par_1_57' title="bbox 345 3378 1877 3457">
     <span class='ocr_line' id='line_1_58' title="bbox 345 3378 1877 3457; baseline -0.005 -16"><span class='ocrx_word' id='word_1_410' title='bbox 345 3386 459 3442; x_wconf 86' lang='lat' dir='ltr'><strong>Sua</strong></span> <span class='ocrx_word' id='word_1_411' title='bbox 483 3378 736 3457; x_wconf 63' lang='lat' dir='ltr'><strong>perﬁdia.</strong></span> <span class='ocrx_word' id='word_1_412' title='bbox 753 3383 880 3440; x_wconf 84' lang='lat' dir='ltr'><strong>Mss.</strong></span> <span class='ocrx_word' id='word_1_413' title='bbox 916 3380 1383 3457; x_wconf 25' lang='lat' dir='ltr'><strong>lRegioqutiet</strong></span> <span class='ocrx_word' id='word_1_414' title='bbox 1413 3378 1452 3457; x_wconf 64' lang='lat'><strong>8</strong></span> <span class='ocrx_word' id='word_1_415' title='bbox 1472 3394 1736 3457; x_wconf 86' lang='lat' dir='ltr'><strong>re_c._cum</strong></span> <span class='ocrx_word' id='word_1_416' title='bbox 1758 3378 1877 3435; x_wconf 91' lang='lat' dir='ltr'><strong>edi-</strong></span> 
     </span>
    </p>
   </div>
   <div class='ocr_carea' id='block_1_58' title="bbox 267 3450 1879 3526">
    <p class='ocr_par' dir='ltr' id='par_1_58' title="bbox 267 3450 1879 3526">
     <span class='ocr_line' id='line_1_59' title="bbox 267 3450 1879 3526; baseline -0.006 -12"><span class='ocrx_word' id='word_1_417' title='bbox 267 3460 364 3523; x_wconf 89' lang='lat' dir='ltr'><strong>tis,</strong></span> <span class='ocrx_word' id='word_1_418' title='bbox 409 3450 625 3526; x_wconf 83' lang='lat' dir='ltr'><strong>suapte;</strong></span> <span class='ocrx_word' id='word_1_419' title='bbox 652 3456 816 3511; x_wconf 90' lang='lat' dir='ltr'><strong>Brun.</strong></span> <span class='ocrx_word' id='word_1_420' title='bbox 836 3450 1100 3510; x_wconf 71' lang='lat' dir='ltr'><strong>suadente.</strong></span> <span class='ocrx_word' id='word_1_421' title='bbox 1124 3453 1319 3526; x_wconf 68' lang='lat' dir='ltr'><strong>Cteteri</strong></span> <span class='ocrx_word' id='word_1_422' title='bbox 1349 3451 1555 3526; x_wconf 88' lang='lat' dir='ltr'><strong>scripti,</strong></span> <span class='ocrx_word' id='word_1_423' title='bbox 1584 3450 1726 3506; x_wconf 89' lang='lat' dir='ltr'><strong>inter</strong></span> <span class='ocrx_word' id='word_1_424' title='bbox 1741 3464 1879 3521; x_wconf 90' lang='lat' dir='ltr'><strong>quos</strong></span> 
     </span>
    </p>
   </div>
   <div class='ocr_carea' id='block_1_59' title="bbox 271 3524 1879 3599">
    <p class='ocr_par' dir='ltr' id='par_1_59' title="bbox 271 3524 1879 3599">
     <span class='ocr_line' id='line_1_60' title="bbox 271 3524 1879 3599; baseline -0.007 -11"><span class='ocrx_word' id='word_1_425' title='bbox 271 3535 298 3588; x_wconf 89' lang='grc'><strong>1</strong></span> <span class='ocrx_word' id='word_1_426' title='bbox 331 3524 543 3586; x_wconf 86' lang='lat' dir='ltr'><strong>Bonon.</strong></span> <span class='ocrx_word' id='word_1_427' title='bbox 567 3539 621 3582; x_wconf 92' lang='lat' dir='ltr'><strong>et</strong></span> <span class='ocrx_word' id='word_1_428' title='bbox 648 3529 674 3582; x_wconf 92' lang='grc'><strong>1</strong></span> <span class='ocrx_word' id='word_1_429' title='bbox 709 3527 841 3599; x_wconf 82' lang='lat' dir='ltr'><strong>Reg.</strong></span> <span class='ocrx_word' id='word_1_430' title='bbox 882 3524 1266 3599; x_wconf 83' lang='lat' dir='ltr'><strong>antiquissimi,</strong></span> <span class='ocrx_word' id='word_1_431' title='bbox 1292 3532 1349 3599; x_wconf 63' lang='lat' dir='ltr'><strong>ut</strong></span> <span class='ocrx_word' id='word_1_432' title='bbox 1377 3525 1427 3599; x_wconf 88' lang='lat' dir='ltr'><strong>in</strong></span> <span class='ocrx_word' id='word_1_433' title='bbox 1469 3533 1654 3599; x_wconf 62' lang='grc' dir='ltr'><strong>ιεξιιιιιἓ</strong></span> <span class='ocrx_word' id='word_1_434' title='bbox 1679 3526 1879 3577; x_wconf 77' lang='lat' dir='ltr'><strong>caeleste</strong></span> 
     </span>
    </p>
   </div>
   <div class='ocr_carea' id='block_1_60' title="bbox 267 3593 1840 3665">
    <p class='ocr_par' dir='ltr' id='par_1_60' title="bbox 267 3593 1840 3665">
     <span class='ocr_line' id='line_1_61' title="bbox 267 3593 1840 3665; baseline -0.008 -6"><span class='ocrx_word' id='word_1_435' title='bbox 267 3612 651 3659; x_wconf 85' lang='lat' dir='ltr'><strong>sacramentum</strong></span> <span class='ocrx_word' id='word_1_436' title='bbox 679 3593 1033 3663; x_wconf 62' lang='lat' dir='ltr'><strong>deseruerint;</strong></span> <span class='ocrx_word' id='word_1_437' title='bbox 1065 3596 1117 3652; x_wconf 89' lang='lat' dir='ltr'><strong>id</strong></span> <span class='ocrx_word' id='word_1_438' title='bbox 1139 3605 1245 3661; x_wconf 86' lang='lat' dir='ltr'><strong>est,</strong></span> <span class='ocrx_word' id='word_1_439' title='bbox 1282 3593 1481 3651; x_wconf 87' lang='lat' dir='ltr'><strong>Christi</strong></span> <span class='ocrx_word' id='word_1_440' title='bbox 1503 3593 1840 3665; x_wconf 84' lang='lat' dir='ltr'><strong>religionem.</strong></span> 
     </span>
    </p>
   </div>
   <div class='ocr_carea' id='block_1_61' title="bbox 346 3666 1876 3737">
    <p class='ocr_par' dir='ltr' id='par_1_61' title="bbox 346 3666 1876 3737">
     <span class='ocr_line' id='line_1_62' title="bbox 346 3666 1876 3737; baseline -0.005 -9"><span class='ocrx_word' id='word_1_441' title='bbox 346 3673 419 3728; x_wconf 84' lang='lat' dir='ltr'><strong>Et</strong></span> <span class='ocrx_word' id='word_1_442' title='bbox 474 3671 749 3726; x_wconf 87' lang='lat' dir='ltr'><strong>ltonoribus</strong></span> <span class='ocrx_word' id='word_1_443' title='bbox 793 3678 1036 3725; x_wconf 80' lang='lat' dir='ltr'><strong>mactant.</strong></span> <span class='ocrx_word' id='word_1_444' title='bbox 1077 3666 1137 3722; x_wconf 87' lang='lat' dir='ltr'><strong>Id</strong></span> <span class='ocrx_word' id='word_1_445' title='bbox 1175 3674 1538 3737; x_wconf 13' lang='lat' dir='ltr'><strong>est,raugent,</strong></span> <span class='ocrx_word' id='word_1_446' title='bbox 1577 3666 1876 3733; x_wconf 88' lang='lat' dir='ltr'><strong>cumulant,</strong></span> 
     </span>
    </p>
   </div>
   <div class='ocr_carea' id='block_1_62' title="bbox 265 3736 1879 3817">
    <p class='ocr_par' dir='ltr' id='par_1_62' title="bbox 265 3736 1879 3817">
     <span class='ocr_line' id='line_1_63' title="bbox 265 3736 1879 3817; baseline -0.007 -16"><span class='ocrx_word' id='word_1_447' title='bbox 265 3746 414 3817; x_wconf 86' lang='lat' dir='ltr'><strong>apud</strong></span> <span class='ocrx_word' id='word_1_448' title='bbox 464 3743 710 3817; x_wconf 72' lang='lat' dir='ltr'><strong>Plautum</strong></span> <span class='ocrx_word' id='word_1_449' title='bbox 754 3750 810 3817; x_wconf 85' lang='lat' dir='ltr'><strong>et</strong></span> <span class='ocrx_word' id='word_1_450' title='bbox 850 3738 1190 3817; x_wconf 75' lang='lat' dir='ltr'><strong>Ciceronem.</strong></span> <span class='ocrx_word' id='word_1_451' title='bbox 1218 3739 1245 3793; x_wconf 90' lang='grc'><strong>1</strong></span> <span class='ocrx_word' id='word_1_452' title='bbox 1277 3736 1432 3817; x_wconf 84' lang='lat' dir='ltr'><strong>Colb.</strong></span> <span class='ocrx_word' id='word_1_453' title='bbox 1463 3746 1519 3794; x_wconf 91' lang='lat' dir='ltr'><strong>et</strong></span> <span class='ocrx_word' id='word_1_454' title='bbox 1547 3737 1735 3803; x_wconf 87' lang='lat' dir='ltr'><strong>Brun.,</strong></span> <span class='ocrx_word' id='word_1_455' title='bbox 1767 3753 1879 3817; x_wconf 80' lang='lat' dir='ltr'><strong>ma-</strong></span> 
     </span>
    </p>
   </div>
   <div class='ocr_carea' id='block_1_63' title="bbox 306 3808 1874 3886">
    <p class='ocr_par' dir='ltr' id='par_1_63' title="bbox 306 3808 1874 3886">
     <span class='ocr_line' id='line_1_64' title="bbox 306 3808 1874 3886; baseline -0.006 -14"><span class='ocrx_word' id='word_1_456' title='bbox 306 3808 544 3886; x_wconf 73' lang='lat' dir='ltr'><strong>niﬁcant.</strong></span> <span class='ocrx_word' id='word_1_457' title='bbox 588 3814 849 3886; x_wconf 81' lang='lat' dir='ltr'><strong>Francius</strong></span> <span class='ocrx_word' id='word_1_458' title='bbox 874 3811 1012 3886; x_wconf 88' lang='lat' dir='ltr'><strong>forte</strong></span> <span class='ocrx_word' id='word_1_459' title='bbox 1039 3809 1345 3886; x_wconf 30' lang='lat' dir='ltr'><strong>lactaniuAi</strong></span> <span class='ocrx_word' id='word_1_460' title='bbox 1367 3819 1618 3886; x_wconf 77' lang='lat' dir='ltr'><strong>mactant,</strong></span> <span class='ocrx_word' id='word_1_461' title='bbox 1642 3808 1874 3878; x_wconf 87' lang='lat' dir='ltr'><strong>genuina</strong></span> 
     </span>
    </p>
   </div>
   <div class='ocr_carea' id='block_1_64' title="bbox 265 3835 1874 3952">
    <p class='ocr_par' dir='ltr' id='par_1_64' title="bbox 265 3835 1874 3952">
     <span class='ocr_line' id='line_1_65' title="bbox 306 3835 1874 3886; baseline -0.006 -14"><span class='ocrx_word' id='word_1_462' title='bbox 306 3835 544 3886; x_wconf 69' lang='lat' dir='ltr'><strong>uincant.</strong></span> <span class='ocrx_word' id='word_1_463' title='bbox 589 3835 619 3870; x_wconf 76' lang='grc' dir='ltr'><strong>ι’</strong></span> <span class='ocrx_word' id='word_1_464' title='bbox 636 3835 849 3869; x_wconf 80' lang='lat' dir='ltr'><strong>rancms</strong></span> <span class='ocrx_word' id='word_1_465' title='bbox 874 3835 1012 3867; x_wconf 76' lang='lat' dir='ltr'><strong>torte</strong></span> <span class='ocrx_word' id='word_1_466' title='bbox 1039 3835 1249 3865; x_wconf 78' lang='lat' dir='ltr'><strong>tucmut.</strong></span> <span class='ocrx_word' id='word_1_467' title='bbox 1274 3835 1345 3864; x_wconf 78' lang='lat' dir='ltr'><strong>At</strong></span> <span class='ocrx_word' id='word_1_468' title='bbox 1367 3835 1618 3874; x_wconf 67' lang='lat' dir='ltr'><strong>&quot;suetum,</strong></span> <span class='ocrx_word' id='word_1_469' title='bbox 1642 3835 1874 3878; x_wconf 62' lang='lat' dir='ltr'><strong>saltuum</strong></span> 
     </span>
     <span class='ocr_line' id='line_1_66' title="bbox 265 3835 1874 3952; baseline -0.009 -6"><span class='ocrx_word' id='word_1_470' title='bbox 265 3835 541 3947; x_wconf 54' lang='lat' dir='ltr'><strong>iactandi</strong></span> <span class='ocrx_word' id='word_1_471' title='bbox 557 3884 735 3942; x_wconf 89' lang='lat' dir='ltr'><strong>lectio.</strong></span> <span class='ocrx_word' id='word_1_472' title='bbox 767 3883 858 3940; x_wconf 91' lang='lat' dir='ltr'><strong>Sic</strong></span> <span class='ocrx_word' id='word_1_473' title='bbox 885 3884 1042 3949; x_wconf 87' lang='lat' dir='ltr'><strong>infra,</strong></span> <span class='ocrx_word' id='word_1_474' title='bbox 1061 3898 1181 3952; x_wconf 86' lang='lat' dir='ltr'><strong>cap.</strong></span> <span class='ocrx_word' id='word_1_475' title='bbox 1208 3880 1299 3946; x_wconf 90' lang='grc'><strong>10,</strong></span> <span class='ocrx_word' id='word_1_476' title='bbox 1321 3880 1605 3952; x_wconf 80' lang='lat' dir='ltr'><strong>infortunio</strong></span> <span class='ocrx_word' id='word_1_477' title='bbox 1631 3887 1874 3952; x_wconf 79' lang='lat' dir='ltr'><strong>mactant.</strong></span> 
     </span>
    </p>
   </div>
   <div class='ocr_carea' id='block_1_65' title="bbox 345 3951 1874 4029">
    <p class='ocr_par' dir='ltr' id='par_1_65' title="bbox 345 3951 1874 4029">
     <span class='ocr_line' id='line_1_67' title="bbox 345 3951 1874 4029; baseline -0.007 -15"><span class='ocrx_word' id='word_1_478' title='bbox 345 3959 657 4029; x_wconf 81' lang='lat' dir='ltr'><strong>Desperatos</strong></span> <span class='ocrx_word' id='word_1_479' title='bbox 695 3966 896 4021; x_wconf 85' lang='lat' dir='ltr'><strong>vocant,</strong></span> <span class='ocrx_word' id='word_1_480' title='bbox 927 3966 1030 4010; x_wconf 88' lang='lat' dir='ltr'><strong>etc.</strong></span> <span class='ocrx_word' id='word_1_481' title='bbox 1059 3951 1390 4029; x_wconf 74' lang='lat' dir='ltr'><strong>pesperatus</strong></span> <span class='ocrx_word' id='word_1_482' title='bbox 1434 3960 1517 4029; x_wconf 82' lang='lat' dir='ltr'><strong>est</strong></span> <span class='ocrx_word' id='word_1_483' title='bbox 1542 3951 1874 4029; x_wconf 69' lang='grc' dir='ltr'><strong>παράϐολοςξ</strong></span> 
     </span>
    </p>
   </div>
   <div class='ocr_carea' id='block_1_66' title="bbox 270 4021 1877 4098">
    <p class='ocr_par' dir='ltr' id='par_1_66' title="bbox 270 4021 1877 4098">
     <span class='ocr_line' id='line_1_68' title="bbox 270 4021 1877 4098; baseline -0.007 -10"><span class='ocrx_word' id='word_1_484' title='bbox 270 4032 347 4088; x_wconf 86' lang='lat' dir='ltr'><strong>ita</strong></span> <span class='ocrx_word' id='word_1_485' title='bbox 391 4021 568 4086; x_wconf 70' lang='lat' dir='ltr'><strong>vocati</strong></span> <span class='ocrx_word' id='word_1_486' title='bbox 612 4029 700 4098; x_wconf 90' lang='lat' dir='ltr'><strong>qui</strong></span> <span class='ocrx_word' id='word_1_487' title='bbox 745 4028 903 4083; x_wconf 88' lang='lat' dir='ltr'><strong>aliter</strong></span> <span class='ocrx_word' id='word_1_488' title='bbox 946 4021 1285 4098; x_wconf 78' lang='lat' dir='ltr'><strong>confectores</strong></span> <span class='ocrx_word' id='word_1_489' title='bbox 1323 4021 1659 4098; x_wconf 79' lang='lat' dir='ltr'><strong>dicebantur,</strong></span> <span class='ocrx_word' id='word_1_490' title='bbox 1691 4023 1780 4093; x_wconf 90' lang='lat' dir='ltr'><strong>qui</strong></span> <span class='ocrx_word' id='word_1_491' title='bbox 1808 4021 1877 4077; x_wconf 89' lang='lat' dir='ltr'><strong>ad</strong></span> 
     </span>
    </p>
   </div>
   <div class='ocr_carea' id='block_1_67' title="bbox 271 4094 1876 4171">
    <p class='ocr_par' dir='ltr' id='par_1_67' title="bbox 271 4094 1876 4171">
     <span class='ocr_line' id='line_1_69' title="bbox 271 4094 1876 4171; baseline -0.007 -12"><span class='ocrx_word' id='word_1_492' title='bbox 271 4104 480 4159; x_wconf 89' lang='lat' dir='ltr'><strong>bestias</strong></span> <span class='ocrx_word' id='word_1_493' title='bbox 512 4094 841 4171; x_wconf 84' lang='lat' dir='ltr'><strong>pugnabant,</strong></span> <span class='ocrx_word' id='word_1_494' title='bbox 873 4108 926 4154; x_wconf 89' lang='lat' dir='ltr'><strong>et</strong></span> <span class='ocrx_word' id='word_1_495' title='bbox 957 4096 1065 4171; x_wconf 81' lang='lat' dir='ltr'><strong>illis</strong></span> <span class='ocrx_word' id='word_1_496' title='bbox 1082 4094 1443 4171; x_wconf 73' lang='lat' dir='ltr'><strong>conﬁciendis</strong></span> <span class='ocrx_word' id='word_1_497' title='bbox 1473 4109 1692 4164; x_wconf 87' lang='lat' dir='ltr'><strong>operam</strong></span> <span class='ocrx_word' id='word_1_498' title='bbox 1722 4108 1876 4171; x_wconf 81' lang='lat' dir='ltr'><strong>suam</strong></span> 
     </span>
    </p>
   </div>
   <div class='ocr_carea' id='block_1_68' title="bbox 271 4165 1872 4245">
    <p class='ocr_par' dir='ltr' id='par_1_68' title="bbox 271 4165 1872 4245">
     <span class='ocr_line' id='line_1_70' title="bbox 271 4165 1872 4245; baseline -0.008 -14"><span class='ocrx_word' id='word_1_499' title='bbox 271 4165 549 4238; x_wconf 79' lang='lat' dir='ltr'><strong>locabant,</strong></span> <span class='ocrx_word' id='word_1_500' title='bbox 579 4165 712 4245; x_wconf 66' lang='lat' dir='ltr'><strong>quos</strong></span> <span class='ocrx_word' id='word_1_501' title='bbox 740 4171 863 4245; x_wconf 86' lang='lat' dir='ltr'><strong>inde</strong></span> <span class='ocrx_word' id='word_1_502' title='bbox 892 4168 1213 4245; x_wconf 61' lang='grc' dir='ltr'><strong>πᾳρᾳςὸλους</strong></span> <span class='ocrx_word' id='word_1_503' title='bbox 1257 4169 1550 4245; x_wconf 64' lang='lat' dir='ltr'><strong>uesper-aias</strong></span> <span class='ocrx_word' id='word_1_504' title='bbox 1588 4165 1872 4221; x_wconf 85' lang='lat' dir='ltr'><strong>vocabant.</strong></span> 
     </span>
    </p>
   </div>
   <div class='ocr_carea' id='block_1_69' title="bbox 278 4237 1880 4310">
    <p class='ocr_par' dir='ltr' id='par_1_69' title="bbox 278 4237 1880 4310">
     <span class='ocr_line' id='line_1_71' title="bbox 278 4237 1880 4310; baseline -0.006 -9"><span class='ocrx_word' id='word_1_505' title='bbox 278 4245 353 4301; x_wconf 86' lang='lat' dir='ltr'><strong>Et</strong></span> <span class='ocrx_word' id='word_1_506' title='bbox 380 4247 455 4300; x_wconf 88' lang='lat' dir='ltr'><strong>ita</strong></span> <span class='ocrx_word' id='word_1_507' title='bbox 482 4237 611 4298; x_wconf 83' lang='lat' dir='ltr'><strong>oliui</strong></span> <span class='ocrx_word' id='word_1_508' title='bbox 627 4241 915 4298; x_wconf 88' lang='lat' dir='ltr'><strong>Christiani</strong></span> <span class='ocrx_word' id='word_1_509' title='bbox 944 4237 1227 4310; x_wconf 82' lang='lat' dir='ltr'><strong>iitdigitati,</strong></span> <span class='ocrx_word' id='word_1_510' title='bbox 1263 4238 1405 4310; x_wconf 91' lang='lat' dir='ltr'><strong>quod</strong></span> <span class='ocrx_word' id='word_1_511' title='bbox 1431 4237 1531 4293; x_wconf 86' lang='lat' dir='ltr'><strong>sibi</strong></span> <span class='ocrx_word' id='word_1_512' title='bbox 1555 4252 1660 4292; x_wconf 91' lang='lat' dir='ltr'><strong>non</strong></span> <span class='ocrx_word' id='word_1_513' title='bbox 1690 4251 1880 4306; x_wconf 86' lang='lat' dir='ltr'><strong>parce-</strong></span> 
     </span>
    </p>
   </div>
   <div class='ocr_carea' id='block_1_70' title="bbox 276 4309 1875 4385">
    <p class='ocr_par' dir='ltr' id='par_1_70' title="bbox 276 4309 1875 4385">
     <span class='ocr_line' id='line_1_72' title="bbox 276 4309 1875 4385; baseline -0.006 -14"><span class='ocrx_word' id='word_1_514' title='bbox 276 4327 423 4383; x_wconf 90' lang='lat' dir='ltr'><strong>rent,</strong></span> <span class='ocrx_word' id='word_1_515' title='bbox 454 4327 615 4385; x_wconf 87' lang='lat' dir='ltr'><strong>atque</strong></span> <span class='ocrx_word' id='word_1_516' title='bbox 641 4315 873 4385; x_wconf 72' lang='lat' dir='ltr'><strong>animum</strong></span> <span class='ocrx_word' id='word_1_517' title='bbox 907 4309 1135 4385; x_wconf 83' lang='lat' dir='ltr'><strong>libenter</strong></span> <span class='ocrx_word' id='word_1_518' title='bbox 1162 4324 1258 4385; x_wconf 84' lang='lat' dir='ltr'><strong>pro</strong></span> <span class='ocrx_word' id='word_1_519' title='bbox 1286 4309 1399 4364; x_wconf 88' lang='lat' dir='ltr'><strong>Deo</strong></span> <span class='ocrx_word' id='word_1_520' title='bbox 1445 4323 1551 4385; x_wconf 75' lang='lat' dir='ltr'><strong>suo</strong></span> <span class='ocrx_word' id='word_1_521' title='bbox 1590 4314 1875 4385; x_wconf 67' lang='lat' dir='ltr'><strong>ponerent.</strong></span> 
     </span>
    </p>
   </div>
   <div class='ocr_carea' id='block_1_71' title="bbox 273 4378 1879 4455">
    <p class='ocr_par' dir='ltr' id='par_1_71' title="bbox 273 4378 1879 4455">
     <span class='ocr_line' id='line_1_73' title="bbox 273 4378 1879 4455; baseline -0.006 -10"><span class='ocrx_word' id='word_1_522' title='bbox 273 4378 1003 4455; x_wconf 65' lang='lat' dir='ltr'><strong>Sstiasrus.—Mallentque</strong></span> <span class='ocrx_word' id='word_1_523' title='bbox 1026 4378 1274 4448; x_wconf 76' lang='lat' dir='ltr'><strong>lacerari,</strong></span> <span class='ocrx_word' id='word_1_524' title='bbox 1303 4394 1464 4451; x_wconf 90' lang='lat' dir='ltr'><strong>quam</strong></span> <span class='ocrx_word' id='word_1_525' title='bbox 1483 4378 1643 4436; x_wconf 84' lang='lat' dir='ltr'><strong>ﬁdem</strong></span> <span class='ocrx_word' id='word_1_526' title='bbox 1660 4378 1879 4435; x_wconf 83' lang='lat' dir='ltr'><strong>Christo</strong></span> 
     </span>
    </p>
   </div>
   <div class='ocr_carea' id='block_1_72' title="bbox 276 4457 708 4515">
    <p class='ocr_par' dir='ltr' id='par_1_72' title="bbox 276 4457 708 4515">
     <span class='ocr_line' id='line_1_74' title="bbox 276 4457 708 4515; baseline -0.014 0"><span class='ocrx_word' id='word_1_527' title='bbox 276 4461 460 4515; x_wconf 87' lang='lat' dir='ltr'><strong>datam</strong></span> <span class='ocrx_word' id='word_1_528' title='bbox 490 4457 708 4512; x_wconf 74' lang='lat' dir='ltr'><strong>violare.</strong></span> 
     </span>
    </p>
   </div>
   <div class='ocr_carea' id='block_1_73' title="bbox 356 4492 1955 4601">
    <p class='ocr_par' dir='ltr' id='par_1_73' title="bbox 356 4492 1955 4601">
     <span class='ocr_line' id='line_1_75' title="bbox 356 4492 1955 4601; baseline -0.004 -17"><span class='ocrx_word' id='word_1_529' title='bbox 356 4492 721 4601; x_wconf 54' lang='lat' dir='ltr'><strong>Elin</strong></span> <span class='ocrx_word' id='word_1_530' title='bbox 748 4525 1268 4601; x_wconf 14' lang='lat' dir='ltr'><strong>vocant.iChristiani</strong></span> <span class='ocrx_word' id='word_1_531' title='bbox 1296 4522 1515 4601; x_wconf 70' lang='lat' dir='ltr'><strong>vulgari</strong></span> <span class='ocrx_word' id='word_1_532' title='bbox 1538 4522 1782 4601; x_wconf 79' lang='lat' dir='ltr'><strong>convitio</strong></span> <span class='ocrx_word' id='word_1_533' title='bbox 1805 4521 1876 4577; x_wconf 86' lang='lat' dir='ltr'><strong>ab</strong></span> <span class='ocrx_word' id='word_1_534' title='bbox 1900 4492 1955 4553; x_wconf 82' lang='lat' dir='ltr'><strong>D</strong></span> 
     </span>
    </p>
   </div>
   <div class='ocr_carea' id='block_1_74' title="bbox 279 4592 1873 4671">
    <p class='ocr_par' dir='ltr' id='par_1_74' title="bbox 279 4592 1873 4671">
     <span class='ocr_line' id='line_1_76' title="bbox 279 4592 1873 4671; baseline -0.007 -12"><span class='ocrx_word' id='word_1_535' title='bbox 279 4592 521 4659; x_wconf 81' lang='lat' dir='ltr'><strong>ethnicis</strong></span> <span class='ocrx_word' id='word_1_536' title='bbox 547 4600 722 4671; x_wconf 87' lang='lat' dir='ltr'><strong>impii,</strong></span> <span class='ocrx_word' id='word_1_537' title='bbox 749 4597 994 4671; x_wconf 82' lang='lat' dir='ltr'><strong>infausti,</strong></span> <span class='ocrx_word' id='word_1_538' title='bbox 1030 4598 1196 4671; x_wconf 68' lang='lat' dir='ltr'><strong>uilici,</strong></span> <span class='ocrx_word' id='word_1_539' title='bbox 1231 4594 1538 4671; x_wconf 79' lang='lat' dir='ltr'><strong>irreligiosi,</strong></span> <span class='ocrx_word' id='word_1_540' title='bbox 1571 4592 1787 4671; x_wconf 76' lang='lat' dir='ltr'><strong>profani</strong></span> <span class='ocrx_word' id='word_1_541' title='bbox 1814 4602 1873 4649; x_wconf 91' lang='lat' dir='ltr'><strong>et</strong></span> 
     </span>
    </p>
   </div>
   <div class='ocr_carea' id='block_1_75' title="bbox 277 4665 1868 4743">
    <p class='ocr_par' dir='ltr' id='par_1_75' title="bbox 277 4665 1868 4743">
     <span class='ocr_line' id='line_1_77' title="bbox 277 4665 1868 4743; baseline -0.008 -13"><span class='ocrx_word' id='word_1_542' title='bbox 277 4673 533 4743; x_wconf 86' lang='lat' dir='ltr'><strong>sacrilegi</strong></span> <span class='ocrx_word' id='word_1_543' title='bbox 564 4665 878 4743; x_wconf 77' lang='lat' dir='ltr'><strong>nuncttpati,</strong></span> <span class='ocrx_word' id='word_1_544' title='bbox 909 4670 1033 4740; x_wconf 90' lang='lat' dir='ltr'><strong>quia</strong></span> <span class='ocrx_word' id='word_1_545' title='bbox 1060 4667 1166 4743; x_wconf 85' lang='lat' dir='ltr'><strong>diis</strong></span> <span class='ocrx_word' id='word_1_546' title='bbox 1192 4668 1267 4743; x_wconf 90' lang='lat' dir='ltr'><strong>nil</strong></span> <span class='ocrx_word' id='word_1_547' title='bbox 1288 4666 1509 4743; x_wconf 68' lang='lat' dir='ltr'><strong>omnino</strong></span> <span class='ocrx_word' id='word_1_548' title='bbox 1538 4665 1868 4743; x_wconf 67' lang='lat' dir='ltr'><strong>tribuebant,</strong></span> 
     </span>
    </p>
   </div>
   <div class='ocr_carea' id='block_1_76' title="bbox 283 4735 1873 4817">
    <p class='ocr_par' dir='ltr' id='par_1_76' title="bbox 283 4735 1873 4817">
     <span class='ocr_line' id='line_1_78' title="bbox 283 4735 1873 4817; baseline -0.007 -17"><span class='ocrx_word' id='word_1_549' title='bbox 283 4761 385 4802; x_wconf 88' lang='lat' dir='ltr'><strong>nec</strong></span> <span class='ocrx_word' id='word_1_550' title='bbox 411 4735 511 4817; x_wconf 67' lang='lat' dir='ltr'><strong>pro</strong></span> <span class='ocrx_word' id='word_1_551' title='bbox 542 4735 955 4817; x_wconf 74' lang='lat' dir='ltr'><strong>imperatoribus</strong></span> <span class='ocrx_word' id='word_1_552' title='bbox 978 4738 1375 4817; x_wconf 75' lang='lat' dir='ltr'><strong>sacriﬁcabant,</strong></span> <span class='ocrx_word' id='word_1_553' title='bbox 1410 4736 1678 4817; x_wconf 75' lang='lat' dir='ltr'><strong>Tertull.:</strong></span> <span class='ocrx_word' id='word_1_554' title='bbox 1709 4735 1873 4817; x_wconf 59' lang='lat' dir='ltr'><strong>Deos,</strong></span> 
     </span>
    </p>
   </div>
   <div class='ocr_carea' id='block_1_77' title="bbox 282 4807 1879 4887">
    <p class='ocr_par' dir='ltr' id='par_1_77' title="bbox 282 4807 1879 4887">
     <span class='ocr_line' id='line_1_79' title="bbox 282 4807 1879 4887; baseline -0.007 -16"><span class='ocrx_word' id='word_1_555' title='bbox 282 4807 520 4887; x_wconf 77' lang='lat' dir='ltr'><strong>inquitis,</strong></span> <span class='ocrx_word' id='word_1_556' title='bbox 564 4807 665 4887; x_wconf 76' lang='lat' dir='ltr'><strong>non</strong></span> <span class='ocrx_word' id='word_1_557' title='bbox 701 4813 890 4879; x_wconf 82' lang='lat' dir='ltr'><strong>colitis,</strong></span> <span class='ocrx_word' id='word_1_558' title='bbox 925 4821 982 4887; x_wconf 26' lang='lat' dir='ltr'><strong>Aet</strong></span> <span class='ocrx_word' id='word_1_559' title='bbox 1035 4827 1129 4883; x_wconf 87' lang='lat' dir='ltr'><strong>pro</strong></span> <span class='ocrx_word' id='word_1_560' title='bbox 1176 4807 1879 4887; x_wconf 50' lang='lat' dir='ltr'><strong>imperatoribussacriﬁcia</strong></span> 
     </span>
    </p>
   </div>
   <div class='ocr_carea' id='block_1_78' title="bbox 284 4879 1882 4956">
    <p class='ocr_par' dir='ltr' id='par_1_78' title="bbox 284 4879 1882 4956">
     <span class='ocr_line' id='line_1_80' title="bbox 284 4879 1882 4956; baseline -0.008 -12"><span class='ocrx_word' id='word_1_561' title='bbox 284 4879 389 4943; x_wconf 74' lang='lat' dir='ltr'><strong>non</strong></span> <span class='ocrx_word' id='word_1_562' title='bbox 419 4879 737 4956; x_wconf 84' lang='lat' dir='ltr'><strong>impenditis,</strong></span> <span class='ocrx_word' id='word_1_563' title='bbox 769 4892 875 4956; x_wconf 89' lang='lat' dir='ltr'><strong>etc.</strong></span> <span class='ocrx_word' id='word_1_564' title='bbox 905 4879 1091 4956; x_wconf 78' lang='lat' dir='ltr'><strong>itaque</strong></span> <span class='ocrx_word' id='word_1_565' title='bbox 1117 4880 1375 4956; x_wconf 73' lang='lat' dir='ltr'><strong>sacrilegii</strong></span> <span class='ocrx_word' id='word_1_566' title='bbox 1404 4889 1452 4934; x_wconf 91' lang='lat' dir='ltr'><strong>et</strong></span> <span class='ocrx_word' id='word_1_567' title='bbox 1495 4879 1778 4956; x_wconf 79' lang='lat' dir='ltr'><strong>majestatis</strong></span> <span class='ocrx_word' id='word_1_568' title='bbox 1799 4881 1882 4956; x_wconf 73' lang='lat' dir='ltr'><strong>rei</strong></span> 
     </span>
    </p>
   </div>
   <div class='ocr_carea' id='block_1_79' title="bbox 282 4949 1870 5022">
    <p class='ocr_par' dir='ltr' id='par_1_79' title="bbox 282 4949 1870 5022">
     <span class='ocr_line' id='line_1_81' title="bbox 282 4949 1870 5022; baseline -0.008 -7"><span class='ocrx_word' id='word_1_569' title='bbox 282 4949 632 5015; x_wconf 75' lang='lat' dir='ltr'><strong>convenimur.</strong></span> <span class='ocrx_word' id='word_1_570' title='bbox 663 4949 871 5012; x_wconf 82' lang='lat' dir='ltr'><strong>Arnob.</strong></span> <span class='ocrx_word' id='word_1_571' title='bbox 901 4949 1119 5010; x_wconf 62' lang='lat' dir='ltr'><strong>nam</strong></span> <span class='ocrx_word' id='word_1_572' title='bbox 1149 4949 1402 5022; x_wconf 77' lang='lat' dir='ltr'><strong>Quoniam</strong></span> <span class='ocrx_word' id='word_1_573' title='bbox 1433 4967 1526 5006; x_wconf 92' lang='lat' dir='ltr'><strong>nos</strong></span> <span class='ocrx_word' id='word_1_574' title='bbox 1550 4949 1760 5021; x_wconf 80' lang='lat' dir='ltr'><strong>impias,</strong></span> <span class='ocrx_word' id='word_1_575' title='bbox 1792 4949 1870 5003; x_wconf 86' lang='lat' dir='ltr'><strong>ir-</strong></span> 
     </span>
    </p>
   </div>
   <div class='ocr_carea' id='block_1_80' title="bbox 282 5029 1854 5102">
    <p class='ocr_par' dir='ltr' id='par_1_80' title="bbox 282 5029 1854 5102">
     <span class='ocr_line' id='line_1_82' title="bbox 282 5029 1854 5102; baseline 0.006 -16"><span class='ocrx_word' id='word_1_576' title='bbox 282 5032 555 5101; x_wconf 80' lang='lat' dir='ltr'><strong>religiosos</strong></span> <span class='ocrx_word' id='word_1_577' title='bbox 582 5029 794 5102; x_wconf 86' lang='lat' dir='ltr'><strong>vocatis.</strong></span> <span class='ocrx_word' id='word_1_578' title='bbox 928 5097 958 5102; x_wconf 18' lang='lat' dir='ltr'><strong>_A</strong></span> <span class='ocrx_word' id='word_1_579' title='bbox 1085 5095 1132 5102; x_wconf 92' lang='lat'><em>__</em></span> <span class='ocrx_word' id='word_1_580' title='bbox 1244 5098 1274 5102; x_wconf 92' lang='lat'><em>_</em></span> <span class='ocrx_word' id='word_1_581' title='bbox 1535 5094 1560 5102; x_wconf 48' lang='grc' dir='ltr'><strong>Α</strong></span> 
     </span>
    </p>
   </div>
   <div class='ocr_carea' id='block_1_81' title="bbox 358 5091 1878 5171">
    <p class='ocr_par' dir='ltr' id='par_1_81' title="bbox 358 5091 1878 5171">
     <span class='ocr_line' id='line_1_83' title="bbox 358 5091 1878 5171; baseline -0.007 -14"><span class='ocrx_word' id='word_1_582' title='bbox 358 5091 503 5157; x_wconf 50' lang='lat' dir='ltr'><strong>Ideo</strong></span> <span class='ocrx_word' id='word_1_583' title='bbox 540 5117 630 5156; x_wconf 87' lang='lat' dir='ltr'><strong>nec</strong></span> <span class='ocrx_word' id='word_1_584' title='bbox 671 5101 837 5171; x_wconf 85' lang='lat' dir='ltr'><strong>pudor</strong></span> <span class='ocrx_word' id='word_1_585' title='bbox 881 5097 1040 5171; x_wconf 76' lang='lat' dir='ltr'><strong>ullus.</strong></span> <span class='ocrx_word' id='word_1_586' title='bbox 1083 5095 1208 5152; x_wconf 86' lang='lat' dir='ltr'><strong>Mss.</strong></span> <span class='ocrx_word' id='word_1_587' title='bbox 1244 5098 1278 5153; x_wconf 83' lang='lat'><strong>5</strong></span> <span class='ocrx_word' id='word_1_588' title='bbox 1305 5110 1415 5152; x_wconf 88' lang='lat' dir='ltr'><strong>rec.</strong></span> <span class='ocrx_word' id='word_1_589' title='bbox 1447 5103 1500 5150; x_wconf 88' lang='lat' dir='ltr'><strong>et</strong></span> <span class='ocrx_word' id='word_1_590' title='bbox 1528 5094 1563 5150; x_wconf 91' lang='lat'><strong>6</strong></span> <span class='ocrx_word' id='word_1_591' title='bbox 1589 5102 1694 5150; x_wconf 82' lang='lat' dir='ltr'><strong>vet.</strong></span> <span class='ocrx_word' id='word_1_592' title='bbox 1727 5091 1878 5160; x_wconf 90' lang='lat' dir='ltr'><strong>editi,</strong></span> 
     </span>
    </p>
   </div>
   <div class='ocr_carea' id='block_1_82' title="bbox 286 5168 1071 5241">
    <p class='ocr_par' dir='ltr' id='par_1_82' title="bbox 286 5168 1071 5241">
     <span class='ocr_line' id='line_1_84' title="bbox 286 5168 1071 5241; baseline -0.011 -10"><span class='ocrx_word' id='word_1_593' title='bbox 286 5176 427 5231; x_wconf 86' lang='lat' dir='ltr'><strong>Adeo</strong></span> <span class='ocrx_word' id='word_1_594' title='bbox 457 5189 574 5229; x_wconf 85' lang='lat' dir='ltr'><strong>vero</strong></span> <span class='ocrx_word' id='word_1_595' title='bbox 602 5168 694 5228; x_wconf 81' lang='lat' dir='ltr'><strong>nec</strong></span> <span class='ocrx_word' id='word_1_596' title='bbox 720 5168 1071 5241; x_wconf 15' lang='lat' dir='ltr'><strong>pudoriullus.</strong></span> 
     </span>
    </p>
   </div>
   <div class='ocr_carea' id='block_1_83' title="bbox 360 5233 1885 5317">
    <p class='ocr_par' dir='ltr' id='par_1_83' title="bbox 360 5233 1885 5317">
     <span class='ocr_line' id='line_1_85' title="bbox 360 5233 1885 5317; baseline -0.009 -16"><span class='ocrx_word' id='word_1_597' title='bbox 360 5245 691 5317; x_wconf 78' lang='lat' dir='ltr'><strong>Retorquent.</strong></span> <span class='ocrx_word' id='word_1_598' title='bbox 720 5233 835 5296; x_wconf 57' lang='lat' dir='ltr'><strong>&#39;Ms.</strong></span> <span class='ocrx_word' id='word_1_599' title='bbox 879 5239 1006 5297; x_wconf 75' lang='lat' dir='ltr'><strong>Jun.</strong></span> <span class='ocrx_word' id='word_1_600' title='bbox 1037 5250 1093 5296; x_wconf 92' lang='lat' dir='ltr'><strong>et</strong></span> <span class='ocrx_word' id='word_1_601' title='bbox 1136 5240 1172 5296; x_wconf 85' lang='lat'><strong>5</strong></span> <span class='ocrx_word' id='word_1_602' title='bbox 1216 5237 1433 5307; x_wconf 83' lang='lat' dir='ltr'><strong>excusi,</strong></span> <span class='ocrx_word' id='word_1_603' title='bbox 1483 5238 1809 5309; x_wconf 84' lang='lat' dir='ltr'><strong>detorquent;</strong></span> <span class='ocrx_word' id='word_1_604' title='bbox 1847 5233 1885 5288; x_wconf 71' lang='lat'><strong>2</strong></span> 
     </span>
    </p>
   </div>
   <div class='ocr_carea' id='block_1_84' title="bbox 286 5315 1120 5383">
    <p class='ocr_par' dir='ltr' id='par_1_84' title="bbox 286 5315 1120 5383">
     <span class='ocr_line' id='line_1_86' title="bbox 286 5315 1120 5383; baseline -0.011 -9"><span class='ocrx_word' id='word_1_605' title='bbox 286 5318 442 5374; x_wconf 91' lang='lat' dir='ltr'><strong>Colb.</strong></span> <span class='ocrx_word' id='word_1_606' title='bbox 475 5315 579 5373; x_wconf 74' lang='lat' dir='ltr'><strong>eti</strong></span> <span class='ocrx_word' id='word_1_607' title='bbox 608 5315 841 5371; x_wconf 81' lang='lat' dir='ltr'><strong>Clarum.</strong></span> <span class='ocrx_word' id='word_1_608' title='bbox 870 5321 1120 5383; x_wconf 86' lang='lat' dir='ltr'><strong>torquent.</strong></span> 
     </span>
    </p>
   </div>
   <div class='ocr_carea' id='block_1_85' title="bbox 361 5381 1883 5461">
    <p class='ocr_par' dir='ltr' id='par_1_85' title="bbox 361 5381 1883 5461">
     <span class='ocr_line' id='line_1_87' title="bbox 361 5381 1883 5461; baseline -0.009 -16"><span class='ocrx_word' id='word_1_609' title='bbox 361 5386 477 5461; x_wconf 85' lang='lat' dir='ltr'><strong>Ipsi</strong></span> <span class='ocrx_word' id='word_1_610' title='bbox 495 5388 689 5461; x_wconf 77' lang='lat' dir='ltr'><strong>scilicet</strong></span> <span class='ocrx_word' id='word_1_611' title='bbox 706 5386 810 5461; x_wconf 84' lang='lat' dir='ltr'><strong>pii,</strong></span> <span class='ocrx_word' id='word_1_612' title='bbox 840 5396 886 5461; x_wconf 70' lang='lat' dir='ltr'><strong>et</strong></span> <span class='ocrx_word' id='word_1_613' title='bbox 914 5381 978 5437; x_wconf 78' lang='lat' dir='ltr'><strong>ab</strong></span> <span class='ocrx_word' id='word_1_614' title='bbox 997 5385 1234 5461; x_wconf 59' lang='grc' dir='ltr'><strong>ΙειρυιαιιοΔ</strong></span> <span class='ocrx_word' id='word_1_615' title='bbox 1254 5382 1503 5461; x_wconf 77' lang='lat' dir='ltr'><strong>sanguine</strong></span> <span class='ocrx_word' id='word_1_616' title='bbox 1528 5381 1883 5461; x_wconf 41' lang='lat' dir='ltr'><strong>abhorrenie&#39;s.</strong></span> 
     </span>
    </p>
   </div>
   <div class='ocr_carea' id='block_1_86' title="bbox 290 5450 1885 5532">
    <p class='ocr_par' dir='ltr' id='par_1_86' title="bbox 290 5450 1885 5532">
     <span class='ocr_line' id='line_1_88' title="bbox 290 5450 1885 5532; baseline -0.007 -16"><span class='ocrx_word' id='word_1_617' title='bbox 290 5450 421 5517; x_wconf 69' lang='lat' dir='ltr'><strong>“me</strong></span> <span class='ocrx_word' id='word_1_618' title='bbox 451 5476 549 5532; x_wconf 86' lang='lat' dir='ltr'><strong>per</strong></span> <span class='ocrx_word' id='word_1_619' title='bbox 580 5450 808 5532; x_wconf 76' lang='lat' dir='ltr'><strong>ironiam</strong></span> <span class='ocrx_word' id='word_1_620' title='bbox 826 5456 990 5532; x_wconf 81' lang='lat' dir='ltr'><strong>dicta.</strong></span> <span class='ocrx_word' id='word_1_621' title='bbox 1010 5454 1137 5510; x_wconf 87' lang='lat' dir='ltr'><strong>Mss.</strong></span> <span class='ocrx_word' id='word_1_622' title='bbox 1175 5456 1244 5510; x_wconf 75' lang='grc'><strong>14</strong></span> <span class='ocrx_word' id='word_1_623' title='bbox 1282 5450 1499 5532; x_wconf 60' lang='lat' dir='ltr'><strong>et&#39;edit:</strong></span> <span class='ocrx_word' id='word_1_624' title='bbox 1532 5452 1688 5507; x_wconf 78' lang='lat' dir='ltr'><strong>ltom.</strong></span> <span class='ocrx_word' id='word_1_625' title='bbox 1720 5450 1885 5532; x_wconf 69' lang='lat' dir='ltr'><strong>U70,</strong></span> 
     </span>
    </p>
   </div>
   <div class='ocr_carea' id='block_1_87' title="bbox 288 5524 1889 5599">
    <p class='ocr_par' dir='ltr' id='par_1_87' title="bbox 288 5524 1889 5599">
     <span class='ocr_line' id='line_1_89' title="bbox 288 5524 1889 5599; baseline -0.006 -14"><span class='ocrx_word' id='word_1_626' title='bbox 288 5532 392 5599; x_wconf 87' lang='lat' dir='ltr'><strong>ipsi</strong></span> <span class='ocrx_word' id='word_1_627' title='bbox 414 5524 607 5588; x_wconf 66' lang='lat' dir='ltr'><strong>scilicet</strong></span> <span class='ocrx_word' id='word_1_628' title='bbox 646 5528 817 5595; x_wconf 82' lang='lat' dir='ltr'><strong>impii,</strong></span> <span class='ocrx_word' id='word_1_629' title='bbox 857 5528 1032 5593; x_wconf 89' lang='lat' dir='ltr'><strong>male;</strong></span> <span class='ocrx_word' id='word_1_630' title='bbox 1081 5542 1188 5581; x_wconf 90' lang='lat' dir='ltr'><strong>non</strong></span> <span class='ocrx_word' id='word_1_631' title='bbox 1242 5525 1386 5582; x_wconf 91' lang='lat' dir='ltr'><strong>enim</strong></span> <span class='ocrx_word' id='word_1_632' title='bbox 1414 5524 1654 5580; x_wconf 61' lang='lat' dir='ltr'><strong>cubaret</strong></span> <span class='ocrx_word' id='word_1_633' title='bbox 1684 5538 1807 5580; x_wconf 92' lang='lat' dir='ltr'><strong>cum</strong></span> <span class='ocrx_word' id='word_1_634' title='bbox 1838 5529 1889 5575; x_wconf 89' lang='lat' dir='ltr'><strong>et</strong></span> 
     </span>
    </p>
   </div>
   <div class='ocr_carea' id='block_1_88' title="bbox 289 5598 1255 5670">
    <p class='ocr_par' dir='ltr' id='par_1_88' title="bbox 289 5598 1255 5670">
     <span class='ocr_line' id='line_1_90' title="bbox 289 5598 1255 5670; baseline -0.008 -13"><span class='ocrx_word' id='word_1_635' title='bbox 289 5598 354 5657; x_wconf 84' lang='lat' dir='ltr'><strong>ab</strong></span> <span class='ocrx_word' id='word_1_636' title='bbox 378 5605 606 5659; x_wconf 81' lang='lat' dir='ltr'><strong>humano</strong></span> <span class='ocrx_word' id='word_1_637' title='bbox 627 5601 876 5670; x_wconf 87' lang='lat' dir='ltr'><strong>sanguine</strong></span> <span class='ocrx_word' id='word_1_638' title='bbox 901 5598 1255 5670; x_wconf 57' lang='lat' dir='ltr'><strong>ali/torrentes.</strong></span> 
     </span>
    </p>
   </div>
   <div class='ocr_carea' id='block_1_89' title="bbox 364 5665 1882 5739">
    <p class='ocr_par' dir='ltr' id='par_1_89' title="bbox 364 5665 1882 5739">
     <span class='ocr_line' id='line_1_91' title="bbox 364 5665 1882 5739; baseline -0.006 -10"><span class='ocrx_word' id='word_1_639' title='bbox 364 5675 442 5732; x_wconf 87' lang='lat' dir='ltr'><strong>De</strong></span> <span class='ocrx_word' id='word_1_640' title='bbox 469 5683 664 5739; x_wconf 87' lang='lat' dir='ltr'><strong>nostra,</strong></span> <span class='ocrx_word' id='word_1_641' title='bbox 693 5665 785 5729; x_wconf 58' lang='lat' dir='ltr'><strong>scd</strong></span> <span class='ocrx_word' id='word_1_642' title='bbox 810 5687 875 5727; x_wconf 79' lang='lat' dir='ltr'><strong>ea:</strong></span> <span class='ocrx_word' id='word_1_643' title='bbox 896 5668 1104 5725; x_wconf 87' lang='lat' dir='ltr'><strong>illorum</strong></span> <span class='ocrx_word' id='word_1_644' title='bbox 1129 5684 1362 5724; x_wconf 87' lang='lat' dir='ltr'><strong>numero.</strong></span> <span class='ocrx_word' id='word_1_645' title='bbox 1390 5666 1466 5722; x_wconf 91' lang='lat' dir='ltr'><strong>Ita</strong></span> <span class='ocrx_word' id='word_1_646' title='bbox 1499 5665 1713 5739; x_wconf 80' lang='lat' dir='ltr'><strong>plurimi</strong></span> <span class='ocrx_word' id='word_1_647' title='bbox 1746 5677 1882 5721; x_wconf 89' lang='lat' dir='ltr'><strong>mss.</strong></span> 
     </span>
    </p>
   </div>
   <div class='ocr_carea' id='block_1_90' title="bbox 297 5736 1887 5815">
    <p class='ocr_par' dir='ltr' id='par_1_90' title="bbox 297 5736 1887 5815">
     <span class='ocr_line' id='line_1_92' title="bbox 297 5736 1887 5815; baseline -0.005 -16"><span class='ocrx_word' id='word_1_648' title='bbox 297 5745 436 5802; x_wconf 90' lang='lat' dir='ltr'><strong>inter</strong></span> <span class='ocrx_word' id='word_1_649' title='bbox 460 5760 597 5815; x_wconf 86' lang='lat' dir='ltr'><strong>quos</strong></span> <span class='ocrx_word' id='word_1_650' title='bbox 616 5736 742 5799; x_wconf 86' lang='lat' dir='ltr'><strong>sunt</strong></span> <span class='ocrx_word' id='word_1_651' title='bbox 766 5741 996 5814; x_wconf 88' lang='lat' dir='ltr'><strong>antiqui.</strong></span> <span class='ocrx_word' id='word_1_652' title='bbox 1028 5739 1087 5797; x_wconf 87' lang='lat' dir='ltr'><strong>In</strong></span> <span class='ocrx_word' id='word_1_653' title='bbox 1116 5742 1182 5796; x_wconf 70' lang='grc'><strong>12</strong></span> <span class='ocrx_word' id='word_1_654' title='bbox 1208 5756 1321 5797; x_wconf 89' lang='lat' dir='ltr'><strong>rec.</strong></span> <span class='ocrx_word' id='word_1_655' title='bbox 1346 5738 1430 5798; x_wconf 89' lang='lat' dir='ltr'><strong>bis</strong></span> <span class='ocrx_word' id='word_1_656' title='bbox 1452 5736 1647 5810; x_wconf 85' lang='lat' dir='ltr'><strong>legitur</strong></span> <span class='ocrx_word' id='word_1_657' title='bbox 1673 5737 1735 5793; x_wconf 82' lang='lat' dir='ltr'><strong>de</strong></span> <span class='ocrx_word' id='word_1_658' title='bbox 1759 5752 1774 5805; x_wconf 86' lang='lat'><strong>;</strong></span> <span class='ocrx_word' id='word_1_659' title='bbox 1801 5739 1887 5792; x_wconf 87' lang='lat' dir='ltr'><strong>bis</strong></span> 
     </span>
    </p>
   </div>
   <div class='ocr_carea' id='block_1_91' title="bbox 297 5819 633 5876">
    <p class='ocr_par' dir='ltr' id='par_1_91' title="bbox 297 5819 633 5876">
     <span class='ocr_line' id='line_1_93' title="bbox 297 5819 633 5876; baseline -0.012 0"><span class='ocrx_word' id='word_1_660' title='bbox 297 5833 359 5876; x_wconf 72' lang='lat' dir='ltr'><strong>ea:</strong></span> <span class='ocrx_word' id='word_1_661' title='bbox 383 5819 436 5875; x_wconf 92' lang='lat' dir='ltr'><strong>in</strong></span> <span class='ocrx_word' id='word_1_662' title='bbox 469 5820 633 5875; x_wconf 81' lang='lat' dir='ltr'><strong>Brun.</strong></span> 
     </span>
    </p>
   </div>
   <div class='ocr_carea' id='block_1_92' title="bbox 2043 2380 3568 2459">
    <p class='ocr_par' dir='ltr' id='par_1_92' title="bbox 2043 2380 3568 2459">
     <span class='ocr_line' id='line_1_94' title="bbox 2043 2380 3568 2459; baseline 0.006 -22"><span class='ocrx_word' id='word_1_663' title='bbox 2043 2380 2105 2437; x_wconf 89' lang='lat' dir='ltr'><strong>Si</strong></span> <span class='ocrx_word' id='word_1_664' title='bbox 2127 2380 2338 2459; x_wconf 83' lang='lat' dir='ltr'><strong>nimium</strong></span> <span class='ocrx_word' id='word_1_665' title='bbox 2364 2383 2439 2452; x_wconf 89' lang='lat' dir='ltr'><strong>pii</strong></span> <span class='ocrx_word' id='word_1_666' title='bbox 2474 2383 2699 2459; x_wconf 63' lang='lat' dir='ltr'><strong>fuerint.</strong></span> <span class='ocrx_word' id='word_1_667' title='bbox 2720 2383 2885 2459; x_wconf 75' lang='lat' dir='ltr'><strong>Coilt.</strong></span> <span class='ocrx_word' id='word_1_668' title='bbox 2910 2401 2922 2439; x_wconf 93' lang='lat'><strong>:</strong></span> <span class='ocrx_word' id='word_1_669' title='bbox 2946 2385 3018 2459; x_wconf 66' lang='grc' dir='ltr'><strong><em>δί</em></strong></span> <span class='ocrx_word' id='word_1_670' title='bbox 3044 2387 3213 2459; x_wconf 88' lang='lat' dir='ltr'><strong>minus</strong></span> <span class='ocrx_word' id='word_1_671' title='bbox 3241 2388 3315 2457; x_wconf 88' lang='lat' dir='ltr'><strong>pii</strong></span> <span class='ocrx_word' id='word_1_672' title='bbox 3351 2388 3568 2459; x_wconf 85' lang='lat' dir='ltr'><strong>fuerint.</strong></span> 
     </span>
    </p>
   </div>
   <div class='ocr_carea' id='block_1_93' title="bbox 1972 2453 3570 2529">
    <p class='ocr_par' dir='ltr' id='par_1_93' title="bbox 1972 2453 3570 2529">
     <span class='ocr_line' id='line_1_95' title="bbox 1972 2453 3570 2529; baseline 0.005 -21"><span class='ocrx_word' id='word_1_673' title='bbox 1972 2453 2043 2508; x_wconf 84' lang='lat' dir='ltr'><strong>At</strong></span> <span class='ocrx_word' id='word_1_674' title='bbox 2069 2454 2328 2529; x_wconf 78' lang='lat' dir='ltr'><strong>volebant</strong></span> <span class='ocrx_word' id='word_1_675' title='bbox 2358 2455 2531 2529; x_wconf 80' lang='lat' dir='ltr'><strong>magis</strong></span> <span class='ocrx_word' id='word_1_676' title='bbox 2552 2454 2623 2529; x_wconf 87' lang='lat' dir='ltr'><strong>pii</strong></span> <span class='ocrx_word' id='word_1_677' title='bbox 2651 2455 2847 2529; x_wconf 86' lang='lat' dir='ltr'><strong>videri.</strong></span> <span class='ocrx_word' id='word_1_678' title='bbox 2866 2456 2959 2529; x_wconf 90' lang='lat' dir='ltr'><strong>qui</strong></span> <span class='ocrx_word' id='word_1_679' title='bbox 2987 2453 3331 2527; x_wconf 81' lang='lat' dir='ltr'><strong>exponebant</strong></span> <span class='ocrx_word' id='word_1_680' title='bbox 3349 2453 3570 2529; x_wconf 81' lang='lat' dir='ltr'><strong>pueros,</strong></span> 
     </span>
    </p>
   </div>
   <div class='ocr_carea' id='block_1_94' title="bbox 1973 2524 3572 2602">
    <p class='ocr_par' dir='ltr' id='par_1_94' title="bbox 1973 2524 3572 2602">
     <span class='ocr_line' id='line_1_96' title="bbox 1973 2524 3572 2602; baseline 0.007 -25"><span class='ocrx_word' id='word_1_681' title='bbox 1973 2539 2135 2602; x_wconf 82' lang='lat' dir='ltr'><strong>quam</strong></span> <span class='ocrx_word' id='word_1_682' title='bbox 2159 2524 2248 2602; x_wconf 80' lang='lat' dir='ltr'><strong>qui</strong></span> <span class='ocrx_word' id='word_1_683' title='bbox 2277 2524 2733 2602; x_wconf 42' lang='lat' dir='ltr'><strong>strangulabunt;</strong></span> <span class='ocrx_word' id='word_1_684' title='bbox 2751 2524 2899 2602; x_wconf 81' lang='lat' dir='ltr'><strong>Alias</strong></span> <span class='ocrx_word' id='word_1_685' title='bbox 2935 2524 3095 2602; x_wconf 83' lang='lat' dir='ltr'><strong>facile</strong></span> <span class='ocrx_word' id='word_1_686' title='bbox 3123 2542 3242 2586; x_wconf 86' lang='lat' dir='ltr'><strong>erat</strong></span> <span class='ocrx_word' id='word_1_687' title='bbox 3275 2524 3572 2602; x_wconf 74' lang='lat' dir='ltr'><strong>corrigere,</strong></span> 
     </span>
    </p>
   </div>
   <div class='ocr_carea' id='block_1_95' title="bbox 1973 2596 3572 2668">
    <p class='ocr_par' dir='ltr' id='par_1_95' title="bbox 1973 2596 3572 2668">
     <span class='ocr_line' id='line_1_97' title="bbox 1973 2596 3572 2668; baseline 0.007 -18"><span class='ocrx_word' id='word_1_688' title='bbox 1973 2596 2019 2650; x_wconf 87' lang='lat' dir='ltr'><strong>si</strong></span> <span class='ocrx_word' id='word_1_689' title='bbox 2047 2596 2289 2651; x_wconf 85' lang='lat' dir='ltr'><strong>nimirum</strong></span> <span class='ocrx_word' id='word_1_690' title='bbox 2321 2598 2396 2667; x_wconf 83' lang='lat' dir='ltr'><strong>pii</strong></span> <span class='ocrx_word' id='word_1_691' title='bbox 2421 2600 2632 2668; x_wconf 79' lang='lat' dir='ltr'><strong>fuerint.</strong></span> <span class='ocrx_word' id='word_1_692' title='bbox 2692 2598 2917 2656; x_wconf 86' lang='lat' dir='ltr'><strong>Variare</strong></span> <span class='ocrx_word' id='word_1_693' title='bbox 2962 2601 3108 2656; x_wconf 91' lang='lat' dir='ltr'><strong>enim</strong></span> <span class='ocrx_word' id='word_1_694' title='bbox 3161 2602 3260 2659; x_wconf 90' lang='lat' dir='ltr'><strong>has</strong></span> <span class='ocrx_word' id='word_1_695' title='bbox 3305 2596 3465 2659; x_wconf 70' lang='lat' dir='ltr'><strong>voces</strong></span> <span class='ocrx_word' id='word_1_696' title='bbox 3515 2596 3572 2661; x_wconf 86' lang='lat' dir='ltr'><strong>in</strong></span> 
     </span>
    </p>
   </div>
   <div class='ocr_carea' id='block_1_96' title="bbox 1974 2669 3076 2741">
    <p class='ocr_par' dir='ltr' id='par_1_96' title="bbox 1974 2669 3076 2741">
     <span class='ocr_line' id='line_1_98' title="bbox 1974 2669 3076 2741; baseline 0.005 -19"><span class='ocrx_word' id='word_1_697' title='bbox 1974 2682 2108 2723; x_wconf 89' lang='lat' dir='ltr'><strong>mss.</strong></span> <span class='ocrx_word' id='word_1_698' title='bbox 2141 2669 2352 2724; x_wconf 90' lang='lat' dir='ltr'><strong>ostendi</strong></span> <span class='ocrx_word' id='word_1_699' title='bbox 2383 2670 2451 2724; x_wconf 92' lang='lat' dir='ltr'><strong>ad</strong></span> <span class='ocrx_word' id='word_1_700' title='bbox 2480 2669 2572 2726; x_wconf 90' lang='lat' dir='ltr'><strong>lib.</strong></span> <span class='ocrx_word' id='word_1_701' title='bbox 2598 2686 2636 2737; x_wconf 84' lang='grc' dir='ltr'>ι,</span> <span class='ocrx_word' id='word_1_702' title='bbox 2668 2684 2790 2741; x_wconf 92' lang='lat' dir='ltr'><strong>cap.</strong></span> <span class='ocrx_word' id='word_1_703' title='bbox 2818 2670 2906 2727; x_wconf 88' lang='grc'><strong>10.</strong></span> <span class='ocrx_word' id='word_1_704' title='bbox 2942 2672 3076 2727; x_wconf 78' lang='lat' dir='ltr'><strong>Buu.</strong></span> 
     </span>
    </p>
   </div>
   <div class='ocr_carea' id='block_1_97' title="bbox 2056 2759 3576 2836">
    <p class='ocr_par' dir='ltr' id='par_1_97' title="bbox 2056 2759 3576 2836">
     <span class='ocr_line' id='line_1_99' title="bbox 2056 2759 3576 2836; baseline 0.007 -21"><span class='ocrx_word' id='word_1_705' title='bbox 2056 2759 2481 2836; x_wconf 69' lang='lat' dir='ltr'><strong>Exponani._Sic</strong></span> <span class='ocrx_word' id='word_1_706' title='bbox 2516 2762 2744 2836; x_wconf 75' lang='lat' dir='ltr'><strong>Tertull.</strong></span> <span class='ocrx_word' id='word_1_707' title='bbox 2775 2762 2965 2836; x_wconf 88' lang='lat' dir='ltr'><strong>Apol.,</strong></span> <span class='ocrx_word' id='word_1_708' title='bbox 2995 2765 3171 2836; x_wconf 89' lang='lat' dir='ltr'><strong>capite</strong></span> <span class='ocrx_word' id='word_1_709' title='bbox 3198 2766 3273 2823; x_wconf 86' lang='lat'><strong>9:</strong></span> <span class='ocrx_word' id='word_1_710' title='bbox 3312 2767 3576 2836; x_wconf 84' lang='lat' dir='ltr'><strong>Imprimis</strong></span> 
     </span>
    </p>
   </div>
   <div class='ocr_carea' id='block_1_98' title="bbox 1980 2831 3573 2906">
    <p class='ocr_par' dir='ltr' id='par_1_98' title="bbox 1980 2831 3573 2906">
     <span class='ocr_line' id='line_1_100' title="bbox 1980 2831 3573 2906; baseline 0.006 -20"><span class='ocrx_word' id='word_1_711' title='bbox 1980 2831 2118 2906; x_wconf 81' lang='lat' dir='ltr'><strong>ﬁlios</strong></span> <span class='ocrx_word' id='word_1_712' title='bbox 2145 2833 2419 2906; x_wconf 49' lang='lat' dir='ltr'><strong>epponitis,</strong></span> <span class='ocrx_word' id='word_1_713' title='bbox 2451 2834 2802 2906; x_wconf 74' lang='lat' dir='ltr'><strong>suscipiendos</strong></span> <span class='ocrx_word' id='word_1_714' title='bbox 2825 2831 2890 2889; x_wconf 77' lang='lat' dir='ltr'><strong>ab</strong></span> <span class='ocrx_word' id='word_1_715' title='bbox 2921 2831 3096 2906; x_wconf 76' lang='lat' dir='ltr'><strong>aliqua</strong></span> <span class='ocrx_word' id='word_1_716' title='bbox 3122 2847 3286 2893; x_wconf 88' lang='lat' dir='ltr'><strong>matre</strong></span> <span class='ocrx_word' id='word_1_717' title='bbox 3310 2831 3573 2896; x_wconf 75' lang='lat' dir='ltr'><strong>extranea.</strong></span> 
     </span>
    </p>
   </div>
   <div class='ocr_carea' id='block_1_99' title="bbox 1983 2904 3574 2983">
    <p class='ocr_par' dir='ltr' id='par_1_99' title="bbox 1983 2904 3574 2983">
     <span class='ocr_line' id='line_1_101' title="bbox 1983 2904 3574 2983; baseline 0.008 -26"><span class='ocrx_word' id='word_1_718' title='bbox 1983 2904 2712 2983; x_wconf 55' lang='lat' dir='ltr'><strong>nrist._lib.__v1t,_i’olitic.1</strong></span> <span class='ocrx_word' id='word_1_719' title='bbox 2749 2922 2878 2983; x_wconf 85' lang='lat' dir='ltr'><strong>_ca_p.</strong></span> <span class='ocrx_word' id='word_1_720' title='bbox 2930 2904 3019 2983; x_wconf 72' lang='lat' dir='ltr'><strong>l7.</strong></span> <span class='ocrx_word' id='word_1_721' title='bbox 3052 2908 3359 2983; x_wconf 85' lang='lat' dir='ltr'><strong>Secundum</strong></span> <span class='ocrx_word' id='word_1_722' title='bbox 3400 2911 3574 2983; x_wconf 90' lang='lat' dir='ltr'><strong>legem</strong></span> 
     </span>
    </p>
   </div>
   <div class='ocr_carea' id='block_1_100' title="bbox 1984 2974 3577 3054">
    <p class='ocr_par' dir='ltr' id='par_1_100' title="bbox 1984 2974 3577 3054">
     <span class='ocr_line' id='line_1_102' title="bbox 1984 2974 3577 3054; baseline 0.004 -22"><span class='ocrx_word' id='word_1_723' title='bbox 1984 2974 2412 3054; x_wconf 76' lang='lat' dir='ltr'><strong>Atheniensibus</strong></span> <span class='ocrx_word' id='word_1_724' title='bbox 2443 2977 2653 3054; x_wconf 74' lang='lat' dir='ltr'><strong>libitum</strong></span> <span class='ocrx_word' id='word_1_725' title='bbox 2690 2976 2788 3033; x_wconf 91' lang='lat' dir='ltr'><strong>fuit</strong></span> <span class='ocrx_word' id='word_1_726' title='bbox 2815 2974 3139 3054; x_wconf 82' lang='lat' dir='ltr'><strong>interficere,</strong></span> <span class='ocrx_word' id='word_1_727' title='bbox 3169 2981 3256 3037; x_wconf 89' lang='lat' dir='ltr'><strong>vel</strong></span> <span class='ocrx_word' id='word_1_728' title='bbox 3281 2974 3577 3054; x_wconf 64' lang='lat' dir='ltr'><strong>exponEre,</strong></span> 
     </span>
    </p>
   </div>
   <div class='ocr_carea' id='block_1_101' title="bbox 1986 3047 3576 3125">
    <p class='ocr_par' dir='ltr' id='par_1_101' title="bbox 1986 3047 3576 3125">
     <span class='ocr_line' id='line_1_103' title="bbox 1986 3047 3576 3125; baseline 0.006 -23"><span class='ocrx_word' id='word_1_729' title='bbox 1986 3047 2242 3125; x_wconf 85' lang='lat' dir='ltr'><strong>quidquid</strong></span> <span class='ocrx_word' id='word_1_730' title='bbox 2272 3056 2454 3125; x_wconf 83' lang='lat' dir='ltr'><strong>natum</strong></span> <span class='ocrx_word' id='word_1_731' title='bbox 2486 3049 2716 3125; x_wconf 83' lang='lat' dir='ltr'><strong>nollent:</strong></span> <span class='ocrx_word' id='word_1_732' title='bbox 2758 3065 2883 3125; x_wconf 63' lang='lat' dir='ltr'><strong>quae</strong></span> <span class='ocrx_word' id='word_1_733' title='bbox 2919 3050 3213 3125; x_wconf 81' lang='lat' dir='ltr'><strong>crudelitas</strong></span> <span class='ocrx_word' id='word_1_734' title='bbox 3241 3047 3403 3109; x_wconf 74' lang='lat' dir='ltr'><strong>etiam</strong></span> <span class='ocrx_word' id='word_1_735' title='bbox 3434 3055 3576 3125; x_wconf 88' lang='lat' dir='ltr'><strong>apud</strong></span> 
     </span>
    </p>
   </div>
   <div class='ocr_carea' id='block_1_102' title="bbox 1984 3120 3582 3198">
    <p class='ocr_par' dir='ltr' id='par_1_102' title="bbox 1984 3120 3582 3198">
     <span class='ocr_line' id='line_1_104' title="bbox 1984 3120 3582 3198; baseline 0.006 -25"><span class='ocrx_word' id='word_1_736' title='bbox 1984 3120 2243 3189; x_wconf 89' lang='lat' dir='ltr'><strong>populum</strong></span> <span class='ocrx_word' id='word_1_737' title='bbox 2275 3120 2771 3198; x_wconf 66' lang='lat' dir='ltr'><strong>sapientissimum}</strong></span> <span class='ocrx_word' id='word_1_738' title='bbox 2803 3120 3046 3178; x_wconf 88' lang='lat' dir='ltr'><strong>Thebani</strong></span> <span class='ocrx_word' id='word_1_739' title='bbox 3086 3125 3418 3198; x_wconf 72' lang='lat' dir='ltr'><strong>conirariutn</strong></span> <span class='ocrx_word' id='word_1_740' title='bbox 3462 3120 3582 3198; x_wconf 79' lang='lat' dir='ltr'><strong>lege</strong></span> 
     </span>
    </p>
   </div>
   <div class='ocr_carea' id='block_1_103' title="bbox 1978 3191 3580 3263">
    <p class='ocr_par' dir='ltr' id='par_1_103' title="bbox 1978 3191 3580 3263">
     <span class='ocr_line' id='line_1_105' title="bbox 1978 3191 3580 3263; baseline 0.007 -19"><span class='ocrx_word' id='word_1_741' title='bbox 1978 3199 2255 3263; x_wconf 83' lang='lat' dir='ltr'><strong>caverant,</strong></span> <span class='ocrx_word' id='word_1_742' title='bbox 2305 3199 2366 3246; x_wconf 91' lang='lat' dir='ltr'><strong>ut</strong></span> <span class='ocrx_word' id='word_1_743' title='bbox 2386 3192 2454 3263; x_wconf 72' lang='lat' dir='ltr'><strong>_si</strong></span> <span class='ocrx_word' id='word_1_744' title='bbox 2502 3192 2645 3263; x_wconf 88' lang='lat' dir='ltr'><strong>quis</strong></span> <span class='ocrx_word' id='word_1_745' title='bbox 2675 3191 2934 3249; x_wconf 89' lang='lat' dir='ltr'><strong>infantem</strong></span> <span class='ocrx_word' id='word_1_746' title='bbox 2988 3196 3350 3263; x_wconf 85' lang='lat' dir='ltr'><strong>exposuisset,</strong></span> <span class='ocrx_word' id='word_1_747' title='bbox 3402 3191 3580 3255; x_wconf 61' lang='lat' dir='ltr'><strong>mor&#39;te</strong></span> 
     </span>
    </p>
   </div>
   <div class='ocr_carea' id='block_1_104' title="bbox 1978 3261 3581 3335">
    <p class='ocr_par' dir='ltr' id='par_1_104' title="bbox 1978 3261 3581 3335">
     <span class='ocr_line' id='line_1_106' title="bbox 1978 3261 3581 3335; baseline 0.005 -19"><span class='ocrx_word' id='word_1_748' title='bbox 1978 3262 2327 3335; x_wconf 81' lang='lat' dir='ltr'><strong>plecteretur.</strong></span> <span class='ocrx_word' id='word_1_749' title='bbox 2360 3261 2610 3319; x_wconf 61' lang='lat' dir='ltr'><strong>IElianus</strong></span> <span class='ocrx_word' id='word_1_750' title='bbox 2637 3262 2847 3335; x_wconf 81' lang='lat' dir='ltr'><strong>Variar.</strong></span> <span class='ocrx_word' id='word_1_751' title='bbox 2875 3264 3003 3320; x_wconf 91' lang='lat' dir='ltr'><strong>hist.</strong></span> <span class='ocrx_word' id='word_1_752' title='bbox 3033 3261 3129 3322; x_wconf 83' lang='lat' dir='ltr'><strong>lib.</strong></span> <span class='ocrx_word' id='word_1_753' title='bbox 3149 3282 3209 3333; x_wconf 85' lang='lat' dir='ltr'><strong>tt,</strong></span> <span class='ocrx_word' id='word_1_754' title='bbox 3233 3281 3355 3335; x_wconf 87' lang='lat' dir='ltr'><strong>cap.</strong></span> <span class='ocrx_word' id='word_1_755' title='bbox 3384 3268 3436 3321; x_wconf 89' lang='lat'><strong>7.</strong></span> <span class='ocrx_word' id='word_1_756' title='bbox 3464 3268 3581 3324; x_wconf 81' lang='lat' dir='ltr'><strong>Ex-</strong></span> 
     </span>
    </p>
   </div>
   <div class='ocr_carea' id='block_1_105' title="bbox 1979 3333 3573 3407">
    <p class='ocr_par' dir='ltr' id='par_1_105' title="bbox 1979 3333 3573 3407">
     <span class='ocr_line' id='line_1_107' title="bbox 1979 3333 3573 3407; baseline 0.004 -18"><span class='ocrx_word' id='word_1_757' title='bbox 1979 3333 2320 3405; x_wconf 89' lang='lat' dir='ltr'><strong>ponebantur</strong></span> <span class='ocrx_word' id='word_1_758' title='bbox 2352 3350 2498 3407; x_wconf 23' lang='lat' dir='ltr'><strong>“vero</strong></span> <span class='ocrx_word' id='word_1_759' title='bbox 2541 3350 2685 3403; x_wconf 62' lang='lat' dir='ltr'><strong>saepe</strong></span> <span class='ocrx_word' id='word_1_760' title='bbox 2716 3334 2960 3407; x_wconf 76' lang='lat' dir='ltr'><strong>infantes</strong></span> <span class='ocrx_word' id='word_1_761' title='bbox 3009 3352 3131 3392; x_wconf 92' lang='lat' dir='ltr'><strong>cum</strong></span> <span class='ocrx_word' id='word_1_762' title='bbox 3182 3333 3573 3407; x_wconf 83' lang='lat' dir='ltr'><strong>monumentis,</strong></span> 
     </span>
    </p>
   </div>
   <div class='ocr_carea' id='block_1_106' title="bbox 1978 3405 3582 3483">
    <p class='ocr_par' dir='ltr' id='par_1_106' title="bbox 1978 3405 3582 3483">
     <span class='ocr_line' id='line_1_108' title="bbox 1978 3405 3582 3483; baseline 0.004 -23"><span class='ocrx_word' id='word_1_763' title='bbox 1978 3420 2099 3476; x_wconf 68' lang='lat' dir='ltr'><strong>qua:</strong></span> <span class='ocrx_word' id='word_1_764' title='bbox 2144 3405 2386 3483; x_wconf 74' lang='lat' dir='ltr'><strong>gonerali</strong></span> <span class='ocrx_word' id='word_1_765' title='bbox 2434 3407 2655 3483; x_wconf 48' lang='lat' dir='ltr'><strong>uomitu:</strong></span> <span class='ocrx_word' id='word_1_766' title='bbox 2703 3405 2911 3483; x_wconf 70' lang='lat' dir='ltr'><strong>Graecis</strong></span> <span class='ocrx_word' id='word_1_767' title='bbox 2956 3411 3315 3483; x_wconf 67' lang='grc' dir='ltr'><strong>γνωρίσματα,</strong></span> <span class='ocrx_word' id='word_1_768' title='bbox 3371 3405 3582 3483; x_wconf 80' lang='lat' dir='ltr'><strong>Latinis</strong></span> 
     </span>
    </p>
   </div>
   <div class='ocr_carea' id='block_1_107' title="bbox 1977 3476 3581 3550">
    <p class='ocr_par' dir='ltr' id='par_1_107' title="bbox 1977 3476 3581 3550">
     <span class='ocr_line' id='line_1_109' title="bbox 1977 3476 3581 3550; baseline 0.004 -16"><span class='ocrx_word' id='word_1_769' title='bbox 1977 3476 2271 3548; x_wconf 88' lang='lat' dir='ltr'><strong>crepundia</strong></span> <span class='ocrx_word' id='word_1_770' title='bbox 2299 3476 2570 3533; x_wconf 91' lang='lat' dir='ltr'><strong>dicuntur.</strong></span> <span class='ocrx_word' id='word_1_771' title='bbox 2602 3477 2821 3534; x_wconf 86' lang='lat' dir='ltr'><strong>Terent.</strong></span> <span class='ocrx_word' id='word_1_772' title='bbox 2852 3476 3101 3534; x_wconf 82' lang='lat' dir='ltr'><strong>Eunuch.</strong></span> <span class='ocrx_word' id='word_1_773' title='bbox 3136 3476 3256 3536; x_wconf 79' lang='lat' dir='ltr'><strong>Act.</strong></span> <span class='ocrx_word' id='word_1_774' title='bbox 3286 3495 3366 3550; x_wconf 81' lang='grc' dir='ltr'>ιν,</span> <span class='ocrx_word' id='word_1_775' title='bbox 3392 3481 3482 3539; x_wconf 91' lang='lat' dir='ltr'><strong>Sc.</strong></span> <span class='ocrx_word' id='word_1_776' title='bbox 3507 3482 3581 3540; x_wconf 85' lang='lat'><strong>6:</strong></span> 
     </span>
    </p>
   </div>
   <div class='ocr_carea' id='block_1_108' title="bbox 2076 3612 3219 3666">
    <p class='ocr_par' dir='ltr' id='par_1_108' title="bbox 2076 3612 3219 3666">
     <span class='ocr_line' id='line_1_110' title="bbox 2076 3612 3219 3666; baseline 0.001 -1"><span class='ocrx_word' id='word_1_777' title='bbox 2076 3614 2169 3665; x_wconf 87' lang='lat' dir='ltr'><strong>Ubi</strong></span> <span class='ocrx_word' id='word_1_778' title='bbox 2194 3622 2248 3666; x_wconf 92' lang='lat' dir='ltr'><strong>tu</strong></span> <span class='ocrx_word' id='word_1_779' title='bbox 2272 3613 2549 3666; x_wconf 83' lang='lat' dir='ltr'><strong>cistellam?</strong></span> <span class='ocrx_word' id='word_1_780' title='bbox 2571 3612 2711 3665; x_wconf 89' lang='lat' dir='ltr'><strong>adfer</strong></span> <span class='ocrx_word' id='word_1_781' title='bbox 2734 3627 2846 3665; x_wconf 89' lang='lat' dir='ltr'><strong>cum</strong></span> <span class='ocrx_word' id='word_1_782' title='bbox 2868 3617 3219 3666; x_wconf 84' lang='lat' dir='ltr'><strong>monumentis.</strong></span> 
     </span>
    </p>
   </div>
   <div class='ocr_carea' id='block_1_109' title="bbox 1981 3761 3580 3834">
    <p class='ocr_par' dir='ltr' id='par_1_109' title="bbox 1981 3761 3580 3834">
     <span class='ocr_line' id='line_1_111' title="bbox 1981 3761 3580 3834; baseline 0.004 -17"><span class='ocrx_word' id='word_1_783' title='bbox 1981 3761 2327 3819; x_wconf 84' lang='lat' dir='ltr'><strong>Addebantur</strong></span> <span class='ocrx_word' id='word_1_784' title='bbox 2348 3762 2463 3820; x_wconf 67' lang='lat' dir='ltr'><strong>haec</strong></span> <span class='ocrx_word' id='word_1_785' title='bbox 2501 3761 2819 3833; x_wconf 89' lang='lat' dir='ltr'><strong>crepundia,</strong></span> <span class='ocrx_word' id='word_1_786' title='bbox 2857 3773 3108 3834; x_wconf 90' lang='lat' dir='ltr'><strong>tanquam</strong></span> <span class='ocrx_word' id='word_1_787' title='bbox 3153 3762 3388 3821; x_wconf 80' lang='lat' dir='ltr'><strong>fortunae</strong></span> <span class='ocrx_word' id='word_1_788' title='bbox 3422 3766 3580 3823; x_wconf 44' lang='lat' dir='ltr'><strong>viati‘</strong></span> 
     </span>
    </p>
   </div>
   <div class='ocr_carea' id='block_1_110' title="bbox 1977 3834 3571 3906">
    <p class='ocr_par' dir='ltr' id='par_1_110' title="bbox 1977 3834 3571 3906">
     <span class='ocr_line' id='line_1_112' title="bbox 1977 3834 3571 3906; baseline 0.003 -17"><span class='ocrx_word' id='word_1_789' title='bbox 1977 3850 2059 3906; x_wconf 87' lang='lat' dir='ltr'><strong>ea,</strong></span> <span class='ocrx_word' id='word_1_790' title='bbox 2086 3843 2164 3900; x_wconf 92' lang='lat' dir='ltr'><strong>ut,</strong></span> <span class='ocrx_word' id='word_1_791' title='bbox 2192 3835 2285 3906; x_wconf 92' lang='lat' dir='ltr'><strong>qui</strong></span> <span class='ocrx_word' id='word_1_792' title='bbox 2316 3834 2547 3891; x_wconf 88' lang='lat' dir='ltr'><strong>infantes</strong></span> <span class='ocrx_word' id='word_1_793' title='bbox 2585 3834 2873 3901; x_wconf 89' lang='lat' dir='ltr'><strong>inveniret,</strong></span> <span class='ocrx_word' id='word_1_794' title='bbox 2930 3834 3155 3891; x_wconf 89' lang='lat' dir='ltr'><strong>haberet</strong></span> <span class='ocrx_word' id='word_1_795' title='bbox 3205 3837 3348 3893; x_wconf 92' lang='lat' dir='ltr'><strong>unde</strong></span> <span class='ocrx_word' id='word_1_796' title='bbox 3378 3840 3571 3895; x_wconf 89' lang='lat' dir='ltr'><strong>aleret.</strong></span> 
     </span>
    </p>
   </div>
   <div class='ocr_carea' id='block_1_111' title="bbox 1978 3905 3571 3978">
    <p class='ocr_par' dir='ltr' id='par_1_111' title="bbox 1978 3905 3571 3978">
     <span class='ocr_line' id='line_1_113' title="bbox 1978 3905 3571 3978; baseline 0.002 -17"><span class='ocrx_word' id='word_1_797' title='bbox 1978 3905 2155 3962; x_wconf 75' lang='lat' dir='ltr'><strong>Variae</strong></span> <span class='ocrx_word' id='word_1_798' title='bbox 2180 3905 2484 3978; x_wconf 83' lang='lat' dir='ltr'><strong>hujusmodi</strong></span> <span class='ocrx_word' id='word_1_799' title='bbox 2529 3915 3003 3978; x_wconf 84' lang='lat' dir='ltr'><strong>monumentorum</strong></span> <span class='ocrx_word' id='word_1_800' title='bbox 3033 3908 3244 3978; x_wconf 91' lang='lat' dir='ltr'><strong>species</strong></span> <span class='ocrx_word' id='word_1_801' title='bbox 3272 3923 3571 3966; x_wconf 89' lang='lat' dir='ltr'><strong>recensen-</strong></span> 
     </span>
    </p>
   </div>
   <div class='ocr_carea' id='block_1_112' title="bbox 1980 3977 3574 4053">
    <p class='ocr_par' dir='ltr' id='par_1_112' title="bbox 1980 3977 3574 4053">
     <span class='ocr_line' id='line_1_114' title="bbox 1980 3977 3574 4053; baseline 0.004 -21"><span class='ocrx_word' id='word_1_802' title='bbox 1980 3987 2065 4053; x_wconf 80' lang='lat' dir='ltr'><strong>tur</strong></span> <span class='ocrx_word' id='word_1_803' title='bbox 2086 3977 2232 4053; x_wconf 84' lang='lat' dir='ltr'><strong>apud</strong></span> <span class='ocrx_word' id='word_1_804' title='bbox 2245 3979 2510 4050; x_wconf 83' lang='lat' dir='ltr'><strong>Longum,</strong></span> <span class='ocrx_word' id='word_1_805' title='bbox 2531 3978 2623 4053; x_wconf 70' lang='lat' dir='ltr'><strong>lib.</strong></span> <span class='ocrx_word' id='word_1_806' title='bbox 2658 3994 2676 4031; x_wconf 87' lang='grc' dir='ltr'><strong>ι</strong></span> <span class='ocrx_word' id='word_1_807' title='bbox 2705 3977 3390 4053; x_wconf 43' lang='grc' dir='ltr'><strong>πριμενὶαηῷῐάθιιιεειίε,</strong></span> <span class='ocrx_word' id='word_1_808' title='bbox 3423 3982 3574 4038; x_wconf 87' lang='lat' dir='ltr'><strong>ensi-</strong></span> 
     </span>
    </p>
   </div>
   <div class='ocr_carea' id='block_1_113' title="bbox 1978 4049 3573 4175">
    <p class='ocr_par' dir='ltr' id='par_1_113' title="bbox 1978 4049 3573 4175">
     <span class='ocr_line' id='line_1_115' title="bbox 1978 4049 3573 4175; baseline 0.004 -72"><span class='ocrx_word' id='word_1_809' title='bbox 1978 4049 2124 4175; x_wconf 49' lang='lat' dir='ltr'><strong>(Iziulo,</strong></span> <span class='ocrx_word' id='word_1_810' title='bbox 2163 4050 2345 4117; x_wconf 87' lang='lat' dir='ltr'><strong>mitra,</strong></span> <span class='ocrx_word' id='word_1_811' title='bbox 2372 4049 2635 4121; x_wconf 36' lang='lat' dir='ltr'><strong>’crepidis</strong></span> <span class='ocrx_word' id='word_1_812' title='bbox 2684 4049 2929 4122; x_wconf 21' lang='lat' dir='ltr'><strong>aliisque.</strong></span> <span class='ocrx_word' id='word_1_813' title='bbox 2963 4049 3019 4106; x_wconf 89' lang='lat' dir='ltr'><strong>id</strong></span> <span class='ocrx_word' id='word_1_814' title='bbox 3062 4066 3258 4122; x_wconf 90' lang='lat' dir='ltr'><strong>genus,</strong></span> <span class='ocrx_word' id='word_1_815' title='bbox 3311 4052 3573 4125; x_wconf 89' lang='lat' dir='ltr'><strong>loquitur.</strong></span> 
     </span>
     <span class='ocr_line' id='line_1_116' title="bbox 2026 4136 2185 4175; baseline 0 0"><span class='ocrx_word' id='word_1_816' title='bbox 2026 4136 2185 4175; x_wconf 69' lang='lat' dir='ltr'><strong>sror.</strong></span> 
     </span>
    </p>
   </div>
   <div class='ocr_carea' id='block_1_114' title="bbox 2026 4136 2185 4177">
    <p class='ocr_par' dir='ltr' id='par_1_114' title="bbox 2026 4136 2185 4177">
     <span class='ocr_line' id='line_1_117' title="bbox 2026 4136 2185 4177; baseline -0.006 -1"><span class='ocrx_word' id='word_1_817' title='bbox 2026 4136 2185 4177; x_wconf 75' lang='lat' dir='ltr'><strong>ETUL.</strong></span> 
     </span>
    </p>
   </div>
   <div class='ocr_carea' id='block_1_115' title="bbox 2053 4233 3583 4309">
    <p class='ocr_par' dir='ltr' id='par_1_115' title="bbox 2053 4233 3583 4309">
     <span class='ocr_line' id='line_1_118' title="bbox 2053 4233 3583 4309; baseline 0.001 -18"><span class='ocrx_word' id='word_1_818' title='bbox 2053 4234 2352 4309; x_wconf 73' lang='lat' dir='ltr'><strong>Sacerdote.</strong></span> <span class='ocrx_word' id='word_1_819' title='bbox 2389 4235 2492 4309; x_wconf 77' lang='lat' dir='ltr'><strong>Pro</strong></span> <span class='ocrx_word' id='word_1_820' title='bbox 2528 4233 2722 4309; x_wconf 75' lang='lat' dir='ltr'><strong>Vestali</strong></span> <span class='ocrx_word' id='word_1_821' title='bbox 2751 4236 2964 4309; x_wconf 76' lang='lat' dir='ltr'><strong>virgine,</strong></span> <span class='ocrx_word' id='word_1_822' title='bbox 2994 4235 3076 4292; x_wconf 86' lang='lat' dir='ltr'><strong>sic</strong></span> <span class='ocrx_word' id='word_1_823' title='bbox 3116 4233 3337 4294; x_wconf 67' lang='lat' dir='ltr'><strong>Eneid.</strong></span> <span class='ocrx_word' id='word_1_824' title='bbox 3374 4252 3413 4306; x_wconf 89' lang='grc' dir='ltr'>ι,</span> <span class='ocrx_word' id='word_1_825' title='bbox 3450 4238 3583 4309; x_wconf 73' lang='grc'><strong>2⁵17,</strong></span> 
     </span>
    </p>
   </div>
   <div class='ocr_carea' id='block_1_116' title="bbox 1983 4304 2862 4379">
    <p class='ocr_par' dir='ltr' id='par_1_116' title="bbox 1983 4304 2862 4379">
     <span class='ocr_line' id='line_1_119' title="bbox 1983 4304 2862 4379; baseline -0.003 -17"><span class='ocrx_word' id='word_1_826' title='bbox 1983 4304 2180 4379; x_wconf 82' lang='lat' dir='ltr'><strong>Regina</strong></span> <span class='ocrx_word' id='word_1_827' title='bbox 2206 4307 2486 4373; x_wconf 83' lang='lat' dir='ltr'><strong>Sacerdos,</strong></span> <span class='ocrx_word' id='word_1_828' title='bbox 2512 4322 2612 4377; x_wconf 90' lang='lat' dir='ltr'><strong>pro</strong></span> <span class='ocrx_word' id='word_1_829' title='bbox 2648 4305 2862 4362; x_wconf 85' lang='lat' dir='ltr'><strong>Vestali.</strong></span> 
     </span>
    </p>
   </div>
   <div class='ocr_carea' id='block_1_117' title="bbox 2057 4417 3585 4491">
    <p class='ocr_par' dir='ltr' id='par_1_117' title="bbox 2057 4417 3585 4491">
     <span class='ocr_line' id='line_1_120' title="bbox 2057 4417 3585 4491; baseline 0.002 -17"><span class='ocrx_word' id='word_1_830' title='bbox 2057 4419 2168 4475; x_wconf 83' lang='lat' dir='ltr'><strong>Nec</strong></span> <span class='ocrx_word' id='word_1_831' title='bbox 2221 4421 2460 4475; x_wconf 85' lang='lat' dir='ltr'><strong>culleum.</strong></span> <span class='ocrx_word' id='word_1_832' title='bbox 2518 4419 2593 4473; x_wconf 78' lang='grc' dir='ltr'><strong>ιω</strong></span> <span class='ocrx_word' id='word_1_833' title='bbox 2629 4417 2826 4491; x_wconf 80' lang='lat' dir='ltr'><strong>scribo</strong></span> <span class='ocrx_word' id='word_1_834' title='bbox 2872 4432 2996 4491; x_wconf 86' lang='lat' dir='ltr'><strong>cum</strong></span> <span class='ocrx_word' id='word_1_835' title='bbox 3041 4418 3311 4491; x_wconf 75' lang='lat' dir='ltr'><strong>antiquis,</strong></span> <span class='ocrx_word' id='word_1_836' title='bbox 3356 4430 3409 4475; x_wconf 90' lang='lat' dir='ltr'><strong>et</strong></span> <span class='ocrx_word' id='word_1_837' title='bbox 3458 4434 3585 4477; x_wconf 91' lang='lat' dir='ltr'><strong>cum</strong></span> 
     </span>
    </p>
   </div>
   <div class='ocr_carea' id='block_1_118' title="bbox 1982 4489 3586 4563">
    <p class='ocr_par' dir='ltr' id='par_1_118' title="bbox 1982 4489 3586 4563">
     <span class='ocr_line' id='line_1_121' title="bbox 1982 4489 3586 4563; baseline -0.001 -15"><span class='ocrx_word' id='word_1_838' title='bbox 1982 4508 2110 4563; x_wconf 88' lang='lat' dir='ltr'><strong>mss.</strong></span> <span class='ocrx_word' id='word_1_839' title='bbox 2157 4489 2648 4563; x_wconf 24' lang='lat' dir='ltr'><strong>‘lﬁltegio-Pntli</strong></span> <span class='ocrx_word' id='word_1_840' title='bbox 2667 4490 2740 4545; x_wconf 86' lang='lat' dir='ltr'><strong>al.</strong></span> <span class='ocrx_word' id='word_1_841' title='bbox 2775 4490 2933 4563; x_wconf 66' lang='lat' dir='ltr'><strong>Reg,</strong></span> <span class='ocrx_word' id='word_1_842' title='bbox 2958 4490 2995 4563; x_wconf 77' lang='grc'>2</span> <span class='ocrx_word' id='word_1_843' title='bbox 3027 4489 3208 4559; x_wconf 68' lang='grc' dir='ltr'><strong>σοιυξ,</strong></span> <span class='ocrx_word' id='word_1_844' title='bbox 3247 4492 3275 4563; x_wconf 83' lang='grc'><strong>1</strong></span> <span class='ocrx_word' id='word_1_845' title='bbox 3323 4491 3586 4560; x_wconf 89' lang='lat' dir='ltr'><strong>Sorbon.,</strong></span> 
     </span>
    </p>
   </div>
   <div class='ocr_carea' id='block_1_119' title="bbox 1978 4560 3586 4632">
    <p class='ocr_par' dir='ltr' id='par_1_119' title="bbox 1978 4560 3586 4632">
     <span class='ocr_line' id='line_1_122' title="bbox 1978 4560 3586 4632; baseline 0.001 -14"><span class='ocrx_word' id='word_1_846' title='bbox 1978 4562 2134 4632; x_wconf 86' lang='lat' dir='ltr'><strong>Nav.,</strong></span> <span class='ocrx_word' id='word_1_847' title='bbox 2164 4560 2507 4628; x_wconf 68' lang='lat' dir='ltr'><strong>Vict..&#39;Gat.,</strong></span> <span class='ocrx_word' id='word_1_848' title='bbox 2555 4560 2772 4627; x_wconf 82' lang='lat' dir='ltr'><strong>Marm.,</strong></span> <span class='ocrx_word' id='word_1_849' title='bbox 2824 4562 2855 4632; x_wconf 71' lang='grc'><strong>1</strong></span> <span class='ocrx_word' id='word_1_850' title='bbox 2915 4562 3156 4618; x_wconf 86' lang='lat' dir='ltr'><strong>Clarom.</strong></span> <span class='ocrx_word' id='word_1_851' title='bbox 3191 4562 3351 4631; x_wconf 91' lang='lat' dir='ltr'><strong>edit.,</strong></span> <span class='ocrx_word' id='word_1_852' title='bbox 3393 4562 3430 4616; x_wconf 70' lang='grc'>2</span> <span class='ocrx_word' id='word_1_853' title='bbox 3474 4573 3586 4620; x_wconf 89' lang='lat' dir='ltr'><strong>vet.</strong></span> 
     </span>
    </p>
   </div>
   <div class='ocr_carea' id='block_1_120' title="bbox 1978 4629 3586 4704">
    <p class='ocr_par' dir='ltr' id='par_1_120' title="bbox 1978 4629 3586 4704">
     <span class='ocr_line' id='line_1_123' title="bbox 1978 4629 3586 4704; baseline 0 -13"><span class='ocrx_word' id='word_1_854' title='bbox 1978 4629 2161 4704; x_wconf 76' lang='lat' dir='ltr'><strong>Rom.,</strong></span> <span class='ocrx_word' id='word_1_855' title='bbox 2194 4644 2248 4689; x_wconf 90' lang='lat' dir='ltr'><strong>et</strong></span> <span class='ocrx_word' id='word_1_856' title='bbox 2272 4632 2439 4688; x_wconf 83' lang='lat' dir='ltr'><strong>Fasit.</strong></span> <span class='ocrx_word' id='word_1_857' title='bbox 2479 4632 2640 4704; x_wconf 55' lang='grc' dir='ltr'><strong>151μὸζ</strong></span> <span class='ocrx_word' id='word_1_858' title='bbox 2669 4634 2783 4688; x_wconf 77' lang='lat' dir='ltr'><strong>Att</strong></span> <span class='ocrx_word' id='word_1_859' title='bbox 2816 4629 3062 4688; x_wconf 89' lang='lat' dir='ltr'><strong>Colbert.</strong></span> <span class='ocrx_word' id='word_1_860' title='bbox 3095 4643 3149 4689; x_wconf 91' lang='lat' dir='ltr'><strong>et</strong></span> <span class='ocrx_word' id='word_1_861' title='bbox 3169 4629 3345 4689; x_wconf 79' lang='lat' dir='ltr'><strong>Brun.</strong></span> <span class='ocrx_word' id='word_1_862' title='bbox 3375 4650 3468 4689; x_wconf 85' lang='lat' dir='ltr'><strong>nec</strong></span> <span class='ocrx_word' id='word_1_863' title='bbox 3501 4639 3586 4691; x_wconf 85' lang='lat' dir='ltr'><strong>ul-</strong></span> 
     </span>
    </p>
   </div>
   <div class='ocr_carea' id='block_1_121' title="bbox 1979 4702 3581 4775">
    <p class='ocr_par' dir='ltr' id='par_1_121' title="bbox 1979 4702 3581 4775">
     <span class='ocr_line' id='line_1_124' title="bbox 1979 4702 3581 4775; baseline 0.002 -14"><span class='ocrx_word' id='word_1_864' title='bbox 1979 4709 2119 4772; x_wconf 90' lang='lat' dir='ltr'><strong>lum;</strong></span> <span class='ocrx_word' id='word_1_865' title='bbox 2147 4702 2179 4761; x_wconf 77' lang='grc'><strong>’1</strong></span> <span class='ocrx_word' id='word_1_866' title='bbox 2216 4705 2348 4775; x_wconf 77' lang='lat' dir='ltr'><strong>Reg.</strong></span> <span class='ocrx_word' id='word_1_867' title='bbox 2374 4719 2512 4770; x_wconf 85' lang='lat' dir='ltr'><strong>rec.,</strong></span> <span class='ocrx_word' id='word_1_868' title='bbox 2537 4706 2570 4759; x_wconf 71' lang='grc'><strong>4</strong></span> <span class='ocrx_word' id='word_1_869' title='bbox 2600 4702 2871 4767; x_wconf 88' lang='lat' dir='ltr'><strong>Colbert.,</strong></span> <span class='ocrx_word' id='word_1_870' title='bbox 2897 4704 2924 4759; x_wconf 87' lang='grc'><strong>1</strong></span> <span class='ocrx_word' id='word_1_871' title='bbox 2955 4705 3194 4760; x_wconf 89' lang='lat' dir='ltr'><strong>Clarom.</strong></span> <span class='ocrx_word' id='word_1_872' title='bbox 3221 4716 3275 4761; x_wconf 91' lang='lat' dir='ltr'><strong>et</strong></span> <span class='ocrx_word' id='word_1_873' title='bbox 3310 4705 3345 4761; x_wconf 85' lang='lat'><strong>6</strong></span> <span class='ocrx_word' id='word_1_874' title='bbox 3371 4707 3581 4774; x_wconf 81' lang='lat' dir='ltr'><strong>excusi,</strong></span> 
     </span>
    </p>
   </div>
   <div class='ocr_carea' id='block_1_122' title="bbox 1978 4775 3585 4848">
    <p class='ocr_par' dir='ltr' id='par_1_122' title="bbox 1978 4775 3585 4848">
     <span class='ocr_line' id='line_1_125' title="bbox 1978 4775 3585 4848; baseline 0 -14"><span class='ocrx_word' id='word_1_875' title='bbox 1978 4794 2069 4834; x_wconf 85' lang='lat' dir='ltr'><strong>nec</strong></span> <span class='ocrx_word' id='word_1_876' title='bbox 2090 4778 2323 4843; x_wconf 87' lang='lat' dir='ltr'><strong>culeum;</strong></span> <span class='ocrx_word' id='word_1_877' title='bbox 2354 4777 2379 4831; x_wconf 92' lang='grc'><strong>1</strong></span> <span class='ocrx_word' id='word_1_878' title='bbox 2408 4775 2541 4848; x_wconf 74' lang='lat' dir='ltr'><strong>Reg.</strong></span> <span class='ocrx_word' id='word_1_879' title='bbox 2576 4776 2745 4848; x_wconf 81' lang='lat' dir='ltr'><strong>antig.</strong></span> <span class='ocrx_word' id='word_1_880' title='bbox 2778 4776 2815 4831; x_wconf 78' lang='grc'>2</span> <span class='ocrx_word' id='word_1_881' title='bbox 2843 4775 3089 4833; x_wconf 89' lang='lat' dir='ltr'><strong>Colbert.</strong></span> <span class='ocrx_word' id='word_1_882' title='bbox 3134 4777 3434 4848; x_wconf 10' lang='lat' dir='ltr'><strong>agsecunda</strong></span> <span class='ocrx_word' id='word_1_883' title='bbox 3465 4794 3585 4834; x_wconf 88' lang='lat' dir='ltr'><strong>ma-</strong></span> 
     </span>
    </p>
   </div>
   <div class='ocr_carea' id='block_1_123' title="bbox 1980 4846 3585 4978">
    <p class='ocr_par' dir='ltr' id='par_1_123' title="bbox 1980 4846 3585 4978">
     <span class='ocr_line' id='line_1_126' title="bbox 1980 4846 3585 4978; baseline -0.001 -72"><span class='ocrx_word' id='word_1_884' title='bbox 1980 4865 2074 4978; x_wconf 50' lang='lat' dir='ltr'><strong>nat,</strong></span> <span class='ocrx_word' id='word_1_885' title='bbox 2104 4849 2255 4977; x_wconf 46' lang='lat' dir='ltr'><strong>Juini,</strong></span> <span class='ocrx_word' id='word_1_886' title='bbox 2276 4864 2370 4975; x_wconf 90' lang='lat' dir='ltr'><strong>lnec</strong></span> <span class='ocrx_word' id='word_1_887' title='bbox 2395 4846 2649 4904; x_wconf 84' lang='lat' dir='ltr'><strong>eculeum.</strong></span> <span class='ocrx_word' id='word_1_888' title='bbox 2684 4846 2765 4905; x_wconf 89' lang='lat' dir='ltr'><strong>De</strong></span> <span class='ocrx_word' id='word_1_889' title='bbox 2806 4848 2912 4905; x_wconf 88' lang='lat' dir='ltr'><strong>hoc</strong></span> <span class='ocrx_word' id='word_1_890' title='bbox 2939 4847 3192 4919; x_wconf 83' lang='lat' dir='ltr'><strong>supplicii</strong></span> <span class='ocrx_word' id='word_1_891' title='bbox 3222 4862 3426 4920; x_wconf 88' lang='lat' dir='ltr'><strong>genere</strong></span> <span class='ocrx_word' id='word_1_892' title='bbox 3466 4848 3585 4905; x_wconf 84' lang='lat' dir='ltr'><strong>dixi</strong></span> 
     </span>
     <span class='ocr_line' id='line_1_127' title="bbox 1980 4936 2422 4978; baseline -0.009 0"><span class='ocrx_word' id='word_1_893' title='bbox 1980 4938 2011 4978; x_wconf 91' lang='lat' dir='ltr'><strong>a</strong></span> <span class='ocrx_word' id='word_1_894' title='bbox 2073 4938 2123 4978; x_wconf 91' lang='lat' dir='ltr'><strong>c.</strong></span> <span class='ocrx_word' id='word_1_895' title='bbox 2234 4963 2247 4978; x_wconf 91' lang='lat'><strong>.</strong></span> <span class='ocrx_word' id='word_1_896' title='bbox 2298 4962 2311 4974; x_wconf 94' lang='lat'><strong>.</strong></span> <span class='ocrx_word' id='word_1_897' title='bbox 2344 4936 2422 4976; x_wconf 89' lang='grc' dir='ltr'>ιιι.</span> 
     </span>
    </p>
   </div>
   <div class='ocr_carea' id='block_1_124' title="bbox 1980 4936 2422 4990">
    <p class='ocr_par' dir='ltr' id='par_1_124' title="bbox 1980 4936 2422 4990">
     <span class='ocr_line' id='line_1_128' title="bbox 1980 4936 2422 4990; baseline -0.011 -11"><span class='ocrx_word' id='word_1_898' title='bbox 1980 4936 2050 4979; x_wconf 87' lang='lat' dir='ltr'><strong>ad</strong></span> <span class='ocrx_word' id='word_1_899' title='bbox 2073 4938 2123 4978; x_wconf 92' lang='lat' dir='ltr'><strong>c.</strong></span> <span class='ocrx_word' id='word_1_900' title='bbox 2158 4936 2247 4990; x_wconf 71' lang='lat'><strong>14,</strong></span> <span class='ocrx_word' id='word_1_901' title='bbox 2276 4936 2311 4975; x_wconf 93' lang='lat' dir='ltr'><strong>l.</strong></span> <span class='ocrx_word' id='word_1_902' title='bbox 2344 4936 2422 4976; x_wconf 89' lang='grc' dir='ltr'>ιιι.</span> 
     </span>
    </p>
   </div>
   <div class='ocr_carea' id='block_1_125' title="bbox 2052 5012 3594 5086">
    <p class='ocr_par' dir='ltr' id='par_1_125' title="bbox 2052 5012 3594 5086">
     <span class='ocr_line' id='line_1_129' title="bbox 2052 5012 3594 5086; baseline 0.001 -14"><span class='ocrx_word' id='word_1_903' title='bbox 2052 5018 2215 5086; x_wconf 84' lang='lat' dir='ltr'><strong>Atque</strong></span> <span class='ocrx_word' id='word_1_904' title='bbox 2240 5015 2346 5071; x_wconf 87' lang='lat' dir='ltr'><strong>illis</strong></span> <span class='ocrx_word' id='word_1_905' title='bbox 2367 5016 2575 5071; x_wconf 85' lang='lat' dir='ltr'><strong>usitata.</strong></span> <span class='ocrx_word' id='word_1_906' title='bbox 2599 5012 2690 5071; x_wconf 88' lang='lat' dir='ltr'><strong>Sic</strong></span> <span class='ocrx_word' id='word_1_907' title='bbox 2714 5013 2904 5086; x_wconf 84' lang='lat' dir='ltr'><strong>ferunt</strong></span> <span class='ocrx_word' id='word_1_908' title='bbox 2922 5012 3306 5086; x_wconf 87' lang='lat' dir='ltr'><strong>quamplurimi</strong></span> <span class='ocrx_word' id='word_1_909' title='bbox 3325 5029 3486 5083; x_wconf 90' lang='lat' dir='ltr'><strong>mss.,</strong></span> <span class='ocrx_word' id='word_1_910' title='bbox 3514 5015 3594 5073; x_wconf 88' lang='lat' dir='ltr'><strong>in-</strong></span> 
     </span>
    </p>
   </div>
   <div class='ocr_carea' id='block_1_126' title="bbox 1986 5085 3659 5160">
    <p class='ocr_par' dir='ltr' id='par_1_126' title="bbox 1986 5085 3659 5160">
     <span class='ocr_line' id='line_1_130' title="bbox 1986 5085 3659 5160; baseline -0.001 -15"><span class='ocrx_word' id='word_1_911' title='bbox 1986 5098 2067 5146; x_wconf 89' lang='lat' dir='ltr'><strong>ter</strong></span> <span class='ocrx_word' id='word_1_912' title='bbox 2090 5085 2224 5160; x_wconf 86' lang='lat' dir='ltr'><strong>quos</strong></span> <span class='ocrx_word' id='word_1_913' title='bbox 2245 5088 2354 5160; x_wconf 85' lang='lat' dir='ltr'><strong>duo</strong></span> <span class='ocrx_word' id='word_1_914' title='bbox 2376 5087 2678 5160; x_wconf 18' lang='lat' dir='ltr'><strong>suntARegii</strong></span> <span class='ocrx_word' id='word_1_915' title='bbox 2704 5085 3161 5160; x_wconf 36' lang='lat' dir='ltr'><strong>aniiquissimi,’-i</strong></span> <span class='ocrx_word' id='word_1_916' title='bbox 3197 5086 3408 5160; x_wconf 74' lang='lat' dir='ltr'><strong>B_on_on.</strong></span> <span class='ocrx_word' id='word_1_917' title='bbox 3424 5102 3587 5160; x_wconf 80' lang='lat' dir='ltr'><strong>_g_uo-</strong></span> <span class='ocrx_word' id='word_1_918' title='bbox 3642 5103 3659 5113; x_wconf 88' lang='grc'><strong>·</strong></span> 
     </span>
    </p>
   </div>
   <div class='ocr_carea' id='block_1_127' title="bbox 1984 5154 3590 5239">
    <p class='ocr_par' dir='ltr' id='par_1_127' title="bbox 1984 5154 3590 5239">
     <span class='ocr_line' id='line_1_131' title="bbox 1984 5154 3590 5239; baseline -0.002 -23"><span class='ocrx_word' id='word_1_919' title='bbox 1984 5154 2224 5239; x_wconf 72' lang='grc' dir='ltr'>ςιιιθ’(ιιιί</span> <span class='ocrx_word' id='word_1_920' title='bbox 2251 5158 2402 5215; x_wconf 90' lang='lat' dir='ltr'><strong>addit</strong></span> <span class='ocrx_word' id='word_1_921' title='bbox 2445 5158 2573 5239; x_wconf 76' lang='lat' dir='ltr'><strong>illis.</strong></span> <span class='ocrx_word' id='word_1_922' title='bbox 2614 5154 2956 5239; x_wconf 42' lang='lat' dir='ltr'><strong>Se‘dCa&#39;uc,</strong></span> <span class='ocrx_word' id='word_1_923' title='bbox 2999 5157 3174 5239; x_wconf 79' lang='lat' dir='ltr'><strong>Lips.,</strong></span> <span class='ocrx_word' id='word_1_924' title='bbox 3226 5157 3382 5239; x_wconf 39' lang='lat' dir='ltr'><strong>Pain</strong></span> <span class='ocrx_word' id='word_1_925' title='bbox 3423 5154 3590 5226; x_wconf 89' lang='lat' dir='ltr'><strong>Ultr.,</strong></span> 
     </span>
    </p>
   </div>
   <div class='ocr_carea' id='block_1_128' title="bbox 1987 5228 3590 5302">
    <p class='ocr_par' dir='ltr' id='par_1_128' title="bbox 1987 5228 3590 5302">
     <span class='ocr_line' id='line_1_132' title="bbox 1987 5228 3590 5302; baseline -0.001 -14"><span class='ocrx_word' id='word_1_926' title='bbox 1987 5228 2172 5302; x_wconf 77' lang='lat' dir='ltr'><strong>legunt</strong></span> <span class='ocrx_word' id='word_1_927' title='bbox 2200 5246 2358 5299; x_wconf 89' lang='lat' dir='ltr'><strong>neque</strong></span> <span class='ocrx_word' id='word_1_928' title='bbox 2377 5230 2600 5302; x_wconf 86' lang='lat' dir='ltr'><strong>usitata;</strong></span> <span class='ocrx_word' id='word_1_929' title='bbox 2652 5228 2743 5302; x_wconf 85' lang='lat' dir='ltr'><strong>alii</strong></span> <span class='ocrx_word' id='word_1_930' title='bbox 2765 5243 2877 5302; x_wconf 87' lang='lat' dir='ltr'><strong>rec.</strong></span> <span class='ocrx_word' id='word_1_931' title='bbox 2909 5238 2966 5284; x_wconf 89' lang='lat' dir='ltr'><strong>et</strong></span> <span class='ocrx_word' id='word_1_932' title='bbox 2992 5228 3215 5302; x_wconf 66' lang='lat' dir='ltr'><strong>totidem</strong></span> <span class='ocrx_word' id='word_1_933' title='bbox 3254 5228 3405 5302; x_wconf 85' lang='lat' dir='ltr'><strong>editi,</strong></span> <span class='ocrx_word' id='word_1_934' title='bbox 3434 5240 3590 5302; x_wconf 83' lang='lat' dir='ltr'><strong>atque</strong></span> 
     </span>
    </p>
   </div>
   <div class='ocr_carea' id='block_1_129' title="bbox 1985 5300 3591 5358">
    <p class='ocr_par' dir='ltr' id='par_1_129' title="bbox 1985 5300 3591 5358">
     <span class='ocr_line' id='line_1_133' title="bbox 1985 5300 3591 5358; baseline -0.001 0"><span class='ocrx_word' id='word_1_935' title='bbox 1985 5300 2250 5358; x_wconf 81' lang='lat' dir='ltr'><strong>inusitata.</strong></span> <span class='ocrx_word' id='word_1_936' title='bbox 2284 5301 2466 5358; x_wconf 89' lang='lat' dir='ltr'><strong>Secuti</strong></span> <span class='ocrx_word' id='word_1_937' title='bbox 2505 5315 2695 5355; x_wconf 88' lang='lat' dir='ltr'><strong>sumus</strong></span> <span class='ocrx_word' id='word_1_938' title='bbox 2724 5300 3013 5355; x_wconf 91' lang='lat' dir='ltr'><strong>lectionem</strong></span> <span class='ocrx_word' id='word_1_939' title='bbox 3064 5315 3095 5355; x_wconf 89' lang='lat' dir='ltr'><strong>a</strong></span> <span class='ocrx_word' id='word_1_940' title='bbox 3126 5300 3422 5356; x_wconf 89' lang='lat' dir='ltr'><strong>Thomasio</strong></span> <span class='ocrx_word' id='word_1_941' title='bbox 3448 5300 3591 5357; x_wconf 82' lang='lat' dir='ltr'><strong>alla-</strong></span> 
     </span>
    </p>
   </div>
   <div class='ocr_carea' id='block_1_130' title="bbox 1989 5369 3591 5444">
    <p class='ocr_par' dir='ltr' id='par_1_130' title="bbox 1989 5369 3591 5444">
     <span class='ocr_line' id='line_1_134' title="bbox 1989 5369 3591 5444; baseline -0.001 -14"><span class='ocrx_word' id='word_1_942' title='bbox 1989 5384 2096 5430; x_wconf 92' lang='lat' dir='ltr'><strong>tam</strong></span> <span class='ocrx_word' id='word_1_943' title='bbox 2125 5390 2190 5431; x_wconf 82' lang='lat' dir='ltr'><strong>ex</strong></span> <span class='ocrx_word' id='word_1_944' title='bbox 2221 5374 2389 5429; x_wconf 86' lang='lat' dir='ltr'><strong>veteri</strong></span> <span class='ocrx_word' id='word_1_945' title='bbox 2412 5370 2623 5444; x_wconf 79' lang='lat' dir='ltr'><strong>codice</strong></span> <span class='ocrx_word' id='word_1_946' title='bbox 2651 5369 2981 5444; x_wconf 80' lang='lat' dir='ltr'><strong>Bononiensi</strong></span> <span class='ocrx_word' id='word_1_947' title='bbox 3006 5369 3390 5444; x_wconf 62' lang='lat' dir='ltr'><strong>desumptatri;</strong></span> <span class='ocrx_word' id='word_1_948' title='bbox 3426 5388 3591 5444; x_wconf 90' lang='lat' dir='ltr'><strong>quam</strong></span> 
     </span>
    </p>
   </div>
   <div class='ocr_carea' id='block_1_131' title="bbox 1988 5441 3593 5514">
    <p class='ocr_par' dir='ltr' id='par_1_131' title="bbox 1988 5441 3593 5514">
     <span class='ocr_line' id='line_1_135' title="bbox 1988 5441 3593 5514; baseline -0.004 -10"><span class='ocrx_word' id='word_1_949' title='bbox 1988 5446 2334 5504; x_wconf 88' lang='lat' dir='ltr'><strong>doctissimus</strong></span> <span class='ocrx_word' id='word_1_950' title='bbox 2360 5442 2539 5499; x_wconf 89' lang='lat' dir='ltr'><strong>editor</strong></span> <span class='ocrx_word' id='word_1_951' title='bbox 2572 5442 2675 5498; x_wconf 90' lang='lat' dir='ltr'><strong>hoc</strong></span> <span class='ocrx_word' id='word_1_952' title='bbox 2714 5441 3289 5514; x_wconf 12' lang='lat' dir='ltr'><strong>conﬁrmationemplo.</strong></span> <span class='ocrx_word' id='word_1_953' title='bbox 3317 5441 3465 5508; x_wconf 65' lang='lat' dir='ltr'><strong>Haec,</strong></span> <span class='ocrx_word' id='word_1_954' title='bbox 3492 5444 3593 5499; x_wconf 91' lang='lat' dir='ltr'><strong>in-</strong></span> 
     </span>
    </p>
   </div>
   <div class='ocr_carea' id='block_1_132' title="bbox 2026 5512 3594 5583">
    <p class='ocr_par' dir='ltr' id='par_1_132' title="bbox 2026 5512 3594 5583">
     <span class='ocr_line' id='line_1_136' title="bbox 2026 5512 3594 5583; baseline -0.001 -10"><span class='ocrx_word' id='word_1_955' title='bbox 2026 5519 2126 5581; x_wconf 89' lang='lat' dir='ltr'><strong>uit,</strong></span> <span class='ocrx_word' id='word_1_956' title='bbox 2161 5524 2604 5573; x_wconf 84' lang='lat' dir='ltr'><strong>testamentorum</strong></span> <span class='ocrx_word' id='word_1_957' title='bbox 2631 5514 2931 5583; x_wconf 90' lang='lat' dir='ltr'><strong>suppositio</strong></span> <span class='ocrx_word' id='word_1_958' title='bbox 2958 5513 3024 5568; x_wconf 90' lang='lat' dir='ltr'><strong>ad</strong></span> <span class='ocrx_word' id='word_1_959' title='bbox 3063 5512 3413 5571; x_wconf 80' lang='lat' dir='ltr'><strong>haereditates</strong></span> <span class='ocrx_word' id='word_1_960' title='bbox 3441 5517 3594 5572; x_wconf 87' lang='lat' dir='ltr'><strong>inva-</strong></span> 
     </span>
    </p>
   </div>
   <div class='ocr_carea' id='block_1_133' title="bbox 1989 5535 3591 5657">
    <p class='ocr_par' dir='ltr' id='par_1_133' title="bbox 1989 5535 3591 5657">
     <span class='ocr_line' id='line_1_137' title="bbox 2026 5535 3591 5583; baseline -0.001 -10"><span class='ocrx_word' id='word_1_961' title='bbox 2026 5535 2126 5581; x_wconf 83' lang='lat' dir='ltr'><strong>ult,</strong></span> <span class='ocrx_word' id='word_1_962' title='bbox 2161 5535 2604 5573; x_wconf 79' lang='lat' dir='ltr'><strong>teStattteuturum</strong></span> <span class='ocrx_word' id='word_1_963' title='bbox 2631 5535 2931 5583; x_wconf 72' lang='lat' dir='ltr'><strong>supposuit)</strong></span> <span class='ocrx_word' id='word_1_964' title='bbox 2958 5535 3024 5568; x_wconf 84' lang='lat' dir='ltr'><strong>au</strong></span> <span class='ocrx_word' id='word_1_965' title='bbox 3063 5535 3413 5571; x_wconf 69' lang='lat' dir='ltr'><strong>utereuttatcs</strong></span> <span class='ocrx_word' id='word_1_966' title='bbox 3441 5535 3591 5572; x_wconf 82' lang='lat' dir='ltr'><strong>Inva-</strong></span> 
     </span>
     <span class='ocr_line' id='line_1_138' title="bbox 1989 5535 3591 5657; baseline -0.001 -12"><span class='ocrx_word' id='word_1_967' title='bbox 1989 5535 2211 5654; x_wconf 58' lang='lat' dir='ltr'><strong>gendas,</strong></span> <span class='ocrx_word' id='word_1_968' title='bbox 2239 5587 2379 5657; x_wconf 89' lang='lat' dir='ltr'><strong>apud</strong></span> <span class='ocrx_word' id='word_1_969' title='bbox 2400 5585 2648 5643; x_wconf 89' lang='lat' dir='ltr'><strong>Gentiles</strong></span> <span class='ocrx_word' id='word_1_970' title='bbox 2664 5586 2821 5641; x_wconf 84' lang='lat' dir='ltr'><strong>valde</strong></span> <span class='ocrx_word' id='word_1_971' title='bbox 2842 5593 2959 5640; x_wconf 92' lang='lat' dir='ltr'><strong>erat</strong></span> <span class='ocrx_word' id='word_1_972' title='bbox 2976 5583 3169 5657; x_wconf 81' lang='lat' dir='ltr'><strong>usitata</strong></span> <span class='ocrx_word' id='word_1_973' title='bbox 3197 5602 3210 5638; x_wconf 91' lang='lat'><strong>:</strong></span> <span class='ocrx_word' id='word_1_974' title='bbox 3237 5600 3344 5655; x_wconf 89' lang='lat' dir='ltr'><strong>quo</strong></span> <span class='ocrx_word' id='word_1_975' title='bbox 3366 5588 3591 5643; x_wconf 90' lang='lat' dir='ltr'><strong>nomine</strong></span> 
     </span>
    </p>
   </div>
   <div class='ocr_carea' id='block_1_134' title="bbox 1990 5655 3593 5728">
    <p class='ocr_par' dir='ltr' id='par_1_134' title="bbox 1990 5655 3593 5728">
     <span class='ocr_line' id='line_1_139' title="bbox 1990 5655 3593 5728; baseline -0.002 -12"><span class='ocrx_word' id='word_1_976' title='bbox 1990 5662 2061 5716; x_wconf 80' lang='grc' dir='ltr'><strong>Μ.</strong></span> <span class='ocrx_word' id='word_1_977' title='bbox 2094 5655 2346 5723; x_wconf 87' lang='lat' dir='ltr'><strong>Crassus,</strong></span> <span class='ocrx_word' id='word_1_978' title='bbox 2373 5656 2464 5728; x_wconf 90' lang='lat' dir='ltr'><strong>qui</strong></span> <span class='ocrx_word' id='word_1_979' title='bbox 2496 5671 2635 5728; x_wconf 82' lang='lat' dir='ltr'><strong>unus</strong></span> <span class='ocrx_word' id='word_1_980' title='bbox 2664 5663 2785 5711; x_wconf 88' lang='lat' dir='ltr'><strong>erat</strong></span> <span class='ocrx_word' id='word_1_981' title='bbox 2814 5671 2878 5711; x_wconf 86' lang='lat' dir='ltr'><strong>ex</strong></span> <span class='ocrx_word' id='word_1_982' title='bbox 2908 5655 3242 5727; x_wconf 88' lang='lat' dir='ltr'><strong>principibus</strong></span> <span class='ocrx_word' id='word_1_983' title='bbox 3272 5657 3433 5713; x_wconf 85' lang='lat' dir='ltr'><strong>Rom.</strong></span> <span class='ocrx_word' id='word_1_984' title='bbox 3461 5659 3593 5714; x_wconf 85' lang='lat' dir='ltr'><strong>Rei-</strong></span> 
     </span>
    </p>
   </div>
   <div class='ocr_carea' id='block_1_135' title="bbox 1992 5726 3590 5804">
    <p class='ocr_par' dir='ltr' id='par_1_135' title="bbox 1992 5726 3590 5804">
     <span class='ocr_line' id='line_1_140' title="bbox 1992 5726 3590 5804; baseline -0.001 -18"><span class='ocrx_word' id='word_1_985' title='bbox 1992 5731 2119 5804; x_wconf 78' lang='lat' dir='ltr'><strong>pub.</strong></span> <span class='ocrx_word' id='word_1_986' title='bbox 2150 5730 2300 5804; x_wconf 79' lang='lat' dir='ltr'><strong>male</strong></span> <span class='ocrx_word' id='word_1_987' title='bbox 2313 5726 2551 5804; x_wconf 77' lang='lat' dir='ltr'><strong>audivit.</strong></span> <span class='ocrx_word' id='word_1_988' title='bbox 2581 5726 2737 5804; x_wconf 83' lang='lat' dir='ltr'><strong>Quod</strong></span> <span class='ocrx_word' id='word_1_989' title='bbox 2776 5743 2902 5804; x_wconf 72' lang='lat' dir='ltr'><strong>cuin</strong></span> <span class='ocrx_word' id='word_1_990' title='bbox 2939 5728 2993 5785; x_wconf 90' lang='lat' dir='ltr'><strong>in</strong></span> <span class='ocrx_word' id='word_1_991' title='bbox 3023 5729 3270 5802; x_wconf 82' lang='lat' dir='ltr'><strong>principe</strong></span> <span class='ocrx_word' id='word_1_992' title='bbox 3295 5730 3590 5803; x_wconf 84' lang='lat' dir='ltr'><strong>accideret,</strong></span> 
     </span>
    </p>
   </div>
   <div class='ocr_carea' id='block_1_136' title="bbox 1992 5799 2876 5878">
    <p class='ocr_par' dir='ltr' id='par_1_136' title="bbox 1992 5799 2876 5878">
     <span class='ocr_line' id='line_1_141' title="bbox 1992 5799 2876 5878; baseline -0.002 -20"><span class='ocrx_word' id='word_1_993' title='bbox 1992 5799 2121 5878; x_wconf 73' lang='lat' dir='ltr'><strong>quid</strong></span> <span class='ocrx_word' id='word_1_994' title='bbox 2146 5801 2213 5858; x_wconf 89' lang='lat' dir='ltr'><strong>de</strong></span> <span class='ocrx_word' id='word_1_995' title='bbox 2236 5801 2358 5859; x_wconf 87' lang='lat' dir='ltr'><strong>aliis</strong></span> <span class='ocrx_word' id='word_1_996' title='bbox 2388 5799 2720 5858; x_wconf 89' lang='lat' dir='ltr'><strong>credendum</strong></span> <span class='ocrx_word' id='word_1_997' title='bbox 2746 5799 2876 5857; x_wconf 88' lang='lat' dir='ltr'><strong>est?</strong></span> 
     </span>
    </p>
   </div>
  </div>
