4090 6354
479 309 588 368 585

1575 299 1766 360 FIRM.
1806 300 2178 360 LACTANTII
2221 300 2425 358 DIVIN.
2467 298 2709 358 lNSTlT.

3674 290 3785 354 584

479 424 614 481 nihil
659 423 767 481 tale
788 420 1086 479 creduntur
1115 418 1338 487 mereri,
1370 417 1531 491 quale
1582 434 1728 491 saepe
1774 422 2069 493 patiuntur.
2098 423 2149 480 A
2176 418 2413 474 nominis
2436 416 2521 472 sui
2546 416 2767 482 formet,
2799 414 3054 486 quoniam
3085 409 3529 485 religiosissimus
3555 420 3644 470 est
3668 413 3791 471 eut-

472 516 836 574 Consolantur
855 529 917 570 se
947 523 1128 570 tamen
1154 514 1500 570 accusatione
1532 511 1765 569 fortunm
1791 539 1805 580 ;
1829 529 1930 571 nec
1956 530 2081 571 sen-

484 612 625 666 tiunt
653 608 798 680 quod
826 608 872 663 si
887 616 1034 664 esset
1049 607 1180 676 ulla,
1206 607 1508 664 cultoribus
1534 606 1648 663 suis
1669 622 1942 680 nunquam
1985 623 2085 663 no-

475 713 645 760 ceret.
677 702 871 758 Merito
918 701 1083 773 igitur
1113 700 1421 772 bujusmodi
1472 700 1730 772 pietatem
1761 715 1920 770 paena
1944 717 2080 757 con-

475 798 746 871 sequitur,
775 805 831 854 et
857 795 1065 853 offensa
1095 795 1354 853 divinitas
1374 795 1583 852 scelere
1613 795 1890 852 hominum
1920 809 2083 866 prave

477 893 853 964 religiosorum
895 891 1048 962 gravi
1078 905 1176 947 eos
1220 889 1521 946 infortunio
1568 897 1772 946 mactat
1797 907 1811 957 ;
1838 889 1930 960 qui
1954 889 2085 945 licet

476 985 681 1042 sanctis
729 983 973 1040 moribus
1028 984 1230 1052 vivant,
1257 983 1309 1038 in
1354 997 1563 1038 summa
1595 981 1699 1037 ﬁde
1720 990 1881 1052 atque
1926 982 2085 1036 inno-

487 1078 687 1145 centia,
716 1086 898 1133 tamen
927 1075 1051 1148 quia
1096 1075 1228 1132 deos
1248 1075 1453 1142 colunt,
1481 1089 1708 1146 quorum
1731 1074 1866 1129 ritus
1890 1074 2083 1143 impios

476 1188 542 1229 ac
583 1170 836 1243 profanos
864 1170 1006 1225 Deus
1047 1168 1367 1234 verusodio
1405 1168 1588 1233 habet,
1640 1182 1671 1223 a
1710 1166 1938 1237 justitia,
1968 1174 2024 1222 et
2052 1180 2084 1221 ιι

478 1265 701 1323 nomine
732 1278 876 1320 vera:
902 1263 1114 1335 pietatis
1135 1263 1297 1319 alieni
1324 1271 1472 1319 sunt.

551 1361 664 1420 Nec
684 1367 771 1418 est
795 1358 1017 1416 difﬁcile
1055 1357 1275 1426 docere,
1309 1373 1405 1414 cur
1433 1356 1660 1414 deorum
1688 1356 1930 1412 cultores
1954 1353 2083 1410 boni

480 1464 536 1512 et
557 1455 686 1526 justi
702 1469 826 1511 esse
847 1467 956 1509 non
986 1450 1212 1524 possint.
1236 1448 1521 1519 Quomodo
1545 1450 1690 1506 enim
1707 1448 1969 1519 sanguine
1988 1448 2083 1502 ab-

483 1547 764 1604 stinebunt
818 1545 910 1617 qui
955 1544 1142 1600 colunt
1179 1552 1436 1599 cruentos
1478 1540 1631 1609 deos,
1664 1540 1889 1596 Martem
1923 1548 2085 1610 atque

484 1641 811 1699 Bellonam?
835 1639 1109 1712 quomodo
1133 1649 1223 1695 aut
1256 1638 1566 1709 parentibus
1599 1645 1842 1708 parcent,
1867 1635 1962 1707 qui
1988 1651 2087 1690 ex-

486 1735 758 1806 pulsorem
791 1733 960 1804 patris
989 1732 1073 1788 sui
1119 1731 1306 1788 Jovem
1333 1748 1348 1797 ;
1381 1739 1473 1786 aut
1500 1729 1644 1785 natis
1673 1744 1738 1784 ex
1768 1743 1829 1784 se
1858 1725 2081 1783 infanti-

2185 519 2293 580 tus,
2318 509 2542 566 imitari.

2803 599 3032 657 CAPUT
3060 600 3156 657 XI.

2422 692 2501 747 De
2526 692 2828 748 crudelitate
2853 692 3122 765 gentilium
3147 692 3201 747 in
3228 693 3556 749 christianos.

2257 785 2308 841 Is
2339 786 2500 857 igitur
2527 785 2862 852 hominibus,
2913 785 3004 856 qui
3033 784 3258 842 deorum
3287 801 3509 843 suorum
3541 786 3796 844 moribus

2185 889 2514 951 congruunt,
2546 880 2670 950 quia
2715 876 2898 949 gravis
2923 888 3008 934 est
3058 888 3115 934 ct
3142 878 3333 934 acerba
3380 878 3612 949 justitia,
3639 894 3800 936 eam-

2185 971 2313 1029 dem
2342 971 2672 1042 impietatem
2701 985 2876 1035 suam,
2903 985 3009 1041 qua
3032 970 3083 1024 in
3108 971 3324 1027 caeteris
3351 971 3513 1027 rebus
3542 982 3793 1037 utuntur,

2184 1063 2450 1121 adversus
2490 1064 2668 1134 justos
2721 1062 2986 1119 violenter
3014 1073 3291 1121 exercent.
3322 1063 3433 1120 Nec
3459 1065 3734 1121 immerito
3763 1082 3797 1120 a

2186 1156 2467 1228 prophetis
2496 1157 2686 1213 bestia:
2714 1157 3084 1214 nominantur.
3127 1157 3394 1215 Praeclare
3431 1158 3618 1230 itaque
3647 1159 3798 1214 hlar-

2185 1264 2289 1305 cus
2310 1250 2517 1306 Tullius
2546 1249 2816 1305 :tEtenim
2844 1250 2891 1305 si
2916 1265 3076 1305 nemo
3101 1260 3206 1319 est,
3236 1250 3431 1322 inquit,
3456 1252 3586 1322 quin
3616 1252 3799 1307 emori

2185 1345 2359 1413 malit,
2391 1359 2552 1416 quam
2610 1344 2855 1400 converti
2902 1345 2955 1400 in
3006 1345 3241 1416 aliquam
3301 1344 3526 1415 ﬁguram
3577 1345 3796 1409 bestiae,

2184 1436 2434 1508 quamvis
2466 1436 2699 1494 hominis
2745 1445 2979 1493 mentem
3008 1437 3080 1491 sit
3130 1436 3452 1502 habiturus;
3480 1446 3685 1504 quanto
3709 1447 3800 1492 est

2186 1531 2438 1587 miserius
2463 1531 2518 1587 in
2551 1529 2787 1587 hominis
2812 1529 2979 1602 ﬁgura
3012 1530 3193 1586 animo
3222 1545 3346 1587 esse
3374 1529 3600 1587 eﬁ‘erato
3622 1530 3798 1585 “tibi

2188 1624 2403 1695 quidem
2427 1633 2575 1680 tanto
2603 1624 2833 1690 videtur,
2850 1633 3053 1695 quanto
3077 1624 3441 1694 praestabilior
3472 1624 3794 1680 estanimus

2200 1731 2452 1789 corpore.
2490 1736 2509 1769 ι
2544 1718 2918 1789 Aspernantur
2966 1717 3146 1788 itaque
3176 1732 3403 1789 corpora
3456 1718 3790 1785 bclluarum,

484 1828 586 1885 bus
605 1869 620 1894 ,
647 1826 739 1898 qui
763 1824 1098 1882 Saturnum?
1118 1823 1392 1896 quomodo
1423 1821 1732 1892 pudicitiam
1765 1819 2081 1887 tuebuntur,
2112 1811 2162 1872 B
2190 1811 2384 1881 quibus
2402 1820 2529 1866 sunt
2556 1810 2958 1880 ipsismviores;
2985 1810 3195 1880 sibique
3222 1811 3362 1867 adeo
3390 1812 3626 1881 placent,
3644 1810 3799 1881 quod

482 1922 574 1993 qui
591 1920 774 1977 colunt
810 1918 969 1975 dcam
997 1916 1196 1973 nudam
1223 1927 1278 1972 et
1318 1915 1640 1981 adulteram,
1663 1923 1719 1970 et
1745 1912 1900 1983 quasi
1941 1910 2086 1982 apud

484 2014 620 2070 deos
649 2012 993 2083 prostitutam
1019 2010 1043 2065 ?
1072 2009 1356 2077 Quomodo
1384 2024 1446 2065 se
1495 2023 1526 2063 a
1556 2008 1758 2078 rapinis
1800 2016 1857 2063 et
1883 2006 2086 2062 fraudi-

485 2109 587 2167 bus
609 2106 982 2173 abstinebunt,
1000 2104 1092 2177 qui
1112 2104 1363 2160 Mercurii
1385 2104 1527 2158 furta
1558 2110 1845 2170 noverunt,
1881 2100 2084 2157 docen-

486 2201 555 2256 tis
610 2213 718 2255 non
764 2196 971 2254 fraudis
1019 2211 1142 2253 esse
1188 2196 1441 2266 decipere
1465 2236 1480 2261 ,
1509 2192 1606 2251 sed
1634 2193 1848 2249 astutiae
1887 2192 1912 2246 ἱ)
1943 2209 2082 2264 quo-

483 2293 649 2351 modo
701 2286 955 2348 libidines
1003 2290 1355 2358 coercebunt,
1377 2290 1472 2361 qui
1520 2287 1732 2352 Jovem,
1768 2287 2076 2357 Herculem,

482 2388 764 2455 Liberum,
815 2386 1146 2459 Apollinem,
1193 2394 1534 2455 caeterosque
1560 2393 1890 2441 venerantur
1938 2399 2078 2455 quo-

483 2497 602 2538 rum
634 2480 923 2549 adulteria,
955 2488 1011 2536 et
1052 2487 1237 2550 stupra
1276 2477 1332 2533 in
1363 2492 1543 2533 mares
1589 2485 1644 2533 et
1669 2475 1939 2543 foeminas,
1968 2492 2080 2533 non

484 2584 690 2631 tantum
720 2573 897 2630 doctis
943 2580 1071 2629 nota
1124 2578 1270 2638 sunt,
1302 2571 1395 2627 sed
1425 2571 1802 2642 exprimuntur
1828 2571 1992 2627 etiam
2024 2572 2079 2627 in
2133 2582 2143 2590 ’

484 2670 732 2738 theatris,
761 2677 924 2740 atque
975 2675 1291 2733 cantantur,
1320 2675 1381 2722 ut
1404 2666 1513 2722 sint
1536 2666 1791 2722 omnibus
1820 2665 2077 2721 notiora?

481 2764 789 2821 Possuntne
809 2763 952 2819 inter
985 2761 1103 2817 hinc
1123 2760 1255 2833 justi
1279 2775 1401 2825 esse
1431 2760 1702 2827 homines,
1727 2760 1841 2832 qui,
1864 2759 2083 2816 etiamsi

2193 1901 2442 1959 homines
2473 1904 2582 1958 nati
2622 1912 2770 1970 sunt,
2798 1917 3025 1973 quorum
3062 1902 3214 1969 nihil,
3244 1902 3349 1959 nisi
3381 1902 3712 1958 lineamenta
3738 1911 3802 1958 et

2192 2012 2458 2052 summam
2510 1996 2733 2067 ﬁguram
2763 2006 2975 2067 gerunt.
3005 1995 3139 2052 Nam
3167 1996 3287 2068 quis
3338 1996 3637 2064 Caucasus,
3670 2013 3801 2068 qua:

2191 2088 2366 2158 India,
2396 2105 2515 2161 quae
2541 2089 2791 2145 Hircania
2819 2097 2925 2144 tam
2955 2088 3239 2156 immanes,
3272 2097 3382 2145 tam
3411 2088 3794 2159 sanguinarias

2192 2197 2429 2253 unquam
2463 2182 2665 2239 bestias
2690 2182 2824 2238 aluit
2845 2181 3150 2251 ?Quouiam
3172 2182 3411 2239 ferarum
3436 2181 3679 2239 omnium
3700 2198 3797 2238 ra-

2194 2276 2309 2332 bies
2348 2292 2517 2349 usque
2562 2277 2629 2333 ad
2656 2277 2862 2334 ventris
2903 2278 3206 2333 satietatem
3254 2277 3406 2345 furit,
3434 2277 3686 2348 fameque
3704 2291 3802 2332 se-

2187 2371 2335 2439 data,
2369 2370 2617 2441 protinus
2641 2370 2997 2441 conquiescit.
3020 2371 3115 2427 llla
3142 2380 3227 2427 est
3251 2386 3383 2427 vera
3408 2370 3604 2439 bestia,
3633 2370 3801 2441 cujus

2189 2481 2294 2520 una
2322 2464 2584 2534 jussione.

2283 2555 2525 2608 Funditur
2544 2561 2655 2608 ater
2678 2557 2866 2620 ubique
2892 2570 3099 2609 cruor...

2814 2619 3043 2685 Crudelis
3058 2622 3247 2685 ubique

2282 2680 2486 2745 Luctus,
2514 2682 2702 2747 ubique
2728 2694 2896 2747 pavor,
2924 2692 2977 2734 et
2999 2680 3207 2747 pluriuia
3227 2684 3400 2735 mortis
3419 2684 3603 2749 imago.

2186 2764 2357 2822 Nemo
2405 2765 2567 2836 hujus
2610 2774 2773 2822 tantae
2822 2766 3018 2823 bellua:
3069 2767 3459 2824 immanitatem
3489 2776 3669 2838 potest
3695 2784 3800 2839 pro

484 2871 675 2915 natura
701 2858 811 2914 sint
855 2857 1006 2925 boni,
1037 2858 1106 2914 ab
1149 2857 1279 2929 ipsis
1320 2867 1498 2914 tamen
1528 2856 1632 2913 diis
1677 2857 1996 2915 erudiantur
2014 2858 2086 2914 ad
2190 2858 2388 2914 merito
2410 2857 2881 2930 describere,qute
2908 2874 3015 2915 uno
3038 2859 3158 2916 loco
3184 2860 3472 2927 recubans,
3496 2871 3678 2917 tamen
3700 2877 3802 2932 per

486 2950 843 3023 injustitiam?
865 2950 947 3006 Ad
1000 2949 1322 3022 placandum
1349 2950 1493 3007 enim
1533 2950 1705 3007 Deum
1726 2966 1887 3023 quem
1911 2951 2083 3021 colas,
2190 2958 2360 3006 totum
2412 2951 2600 3007 orbem
2641 2951 2897 3009 dentibus
2922 2951 3120 3011 ferreis
3142 2955 3334 3022 saevit;
3363 2964 3554 3012 etnon
3584 2965 3799 3011 tantum

485 3050 553 3104 iis
579 3047 737 3104 rebus
762 3061 897 3117 opus
920 3054 1027 3114 est,
1053 3045 1250 3117 quibus
1280 3045 1429 3102 illum
1467 3044 1704 3117 gaudere
1732 3059 1796 3102 ac
1824 3045 2084 3102 delectari
2188 3052 2341 3103 a'rtus
2364 3047 2640 3103 hominum
2661 3047 2928 3120 dissipat;
2958 3047 3054 3105 sed
3077 3058 3134 3106 et
3159 3063 3283 3106 ossa
3306 3050 3422 3121 ipsa
3446 3050 3800 3116 comminuit,

486 3141 646 3199 scias.
677 3140 767 3197 Sic
794 3140 854 3195 lit
909 3149 967 3195 ut
991 3138 1156 3195 vitam
1198 3137 1489 3196 colentium
1536 3138 1677 3196 Deus
1702 3152 1800 3209 pro
1821 3131 2155 3210 qualitateC
2186 3150 2242 3198 et
2286 3141 2340 3196 in
2386 3140 2597 3197 cineres
2644 3139 2796 3211 furit,
2852 3156 2921 3198 ne
2975 3142 3096 3213 quis
3148 3152 3297 3199 extet
3349 3143 3648 3215 sepulturae
3702 3142 3789 3198 lo-

1876 3277 2239 3337 VARIORUM
2276 3278 2510 3335 NOTIE.

560 3398 858 3472 Infortunio
886 3395 1202 3472 mactat._lta
1233 3405 1289 3472 et
1312 3394 1453 3466 apud
1483 3394 1729 3451 Plautum
1763 3394 2079 3472 _l_\mphytr.,

487 3483 591 3529 act.
624 3465 698 3540 iv,
721 3487 868 3529 scen.
908 3471 965 3537 2,
997 3479 1053 3526 et
1076 3468 1325 3534 Curcul.,
1352 3465 1462 3540 act.
1495 3466 1828 3534 tv,scen.5;
1858 3465 2079 3523 Terent.

489 3546 737 3609 Phorm.,
761 3560 817 3609 ν,
848 3544 903 3607 8,
930 3541 1019 3597 39.
1056 3540 1129 3596 ita
1161 3553 1323 3612 supra
1361 3539 1553 3594 honore
1581 3547 1827 3606 mactare,
1864 3552 1961 3609 pro
1992 3540 2086 3594 Ito-

491 3633 614 3672 nore
642 3615 925 3670 cumulare.

564 3688 782 3744 Summa
810 3686 932 3757 ﬁde.
967 3682 1066 3757 Hic
1096 3691 1311 3757 tantum
1336 3682 1512 3757 agitur
1541 3680 1609 3757 de
1642 3680 1746 3737 ﬁde
1772 3681 1915 3737 civili
1940 3697 2085 3757 quae,

491 3759 633 3829 apud
676 3752 996 3813 Ciceronem
1027 3755 1096 3811 de
1136 3753 1346 3811 Ofﬁciis
1368 3752 1391 3821 ,ἡ
1432 3752 1842 3809 fundamentum
1896 3752 1981 3810 est
2010 3753 2091 3820 ju-

491 3831 671 3886 stitim.

569 3901 813 3967 Martem,
842 3910 947 3955 etc.
992 3896 1190 3954 Contra
1221 3897 1490 3953 vanitates
1529 3896 1664 3951 istas
1712 3896 1842 3951 satis
1887 3895 2087 3952 dictum

494 3981 580 4029 est
607 3971 758 4026 libris
784 3986 801 4025 ι
828 3978 883 4025 et
902 3986 961 4026 ιι.

570 4043 876 4099 Saturnum.
908 4040 1010 4096 Ed.
1041 4038 1260 4097 Sublac.
1294 4038 1455 4094 habet
1474 4039 1559 4108 qui
1579 4039 1751 4093 colunt
1775 4037 2079 4094 Saturnum.

572 4114 929 4169 Prostitutam.
947 4112 1095 4182 Lips.
1113 4111 1239 4176 2,3,
1260 4111 1513 4176 Reimm.,
1538 4111 1854 4182 destitutam.
1876 4111 1945 4165 At
1962 4112 2081 4181 plu-

498 4202 585 4244 res
605 4200 735 4242 mss.
759 4184 888 4241 editi
908 4181 1038 4239 vero
1058 4196 1271 4248 omnes,
1288 4181 1632 4252 prostitutam.
1649 4181 1770 4250 Ipse
1796 4181 1865 4236 de
1891 4183 2081 4238 eadem

497 4260 730 4323 Venere,
759 4256 795 4311 l.
827 4271 867 4319 ι,
896 4271 946 4311 c.
978 4255 1045 4310 17
1076 4270 1089 4307 :
1126 4252 1262 4319 Quid
1293 4252 1477 4323 loquar
1504 4252 1881 4323 obscaenitatem
1921 4254 2084 4308 Vene-

496 4333 567 4385 ris
594 4331 821 4386 omnium
849 4325 1144 4382 libidinibus
1172 4322 1487 4395 prostitutae?
1514 4322 1695 4392 Conf.,
1720 4324 1756 4379 l.
1786 4340 1865 4393 ιιι,
1888 4340 1939 4381 e.
1969 4326 2043 4380 22
2067 4342 2081 4380 :

500 4402 624 4459 Non
644 4401 958 4457 adulterae...
985 4398 1075 4454 sed
1103 4397 1407 4469 prostituta.
1438 4396 1571 4452 BUN.

2262 3392 2525 3465 Prteclare
2552 3394 2719 3465 itaque
2743 3392 3178 3450 Marcus'l'ullius.
3193 3393 3292 3450 Hic
3310 3394 3598 3465 locusinon
3625 3404 3801 3462 extat,

2188 3466 2264 3521 ait
2293 3464 2569 3529 Betuleius,
2599 3464 2693 3521 sed
2745 3465 2978 3521 similem
3005 3465 3190 3531 babes,
3213 3465 3309 3522 lib.
3341 3482 3422 3533 tu,
3450 3464 3636 3533 Olfie.,
3661 3481 3717 3521 c.
3741 3468 3795 3522 5.

2267 3536 2471 3592 Emori.
2504 3537 2658 3606 Apud
2688 3534 3028 3603 Ciceronem,
3057 3539 3211 3591 mori.

2272 3608 2524 3680 Figuram
2550 3608 2741 3663 bestiae.
2773 3608 2849 3664 De
2870 3609 3058 3674 simili,
3098 3608 3195 3663 sed
3221 3607 3466 3680 fabulosa
3516 3608 3797 3665 hominum

2193 3682 2246 3736 in
2303 3680 2505 3804 bgsztias
2536 3680 3046 3747 transformatione,
3092 3680 3222 3747 ,vide
3267 3679 3523 3748 Plinium,
3549 3681 3647 3736 lib.
3676 3696 3794 3750 Vill,

2194 3767 2313 3804 can.
2419 3791 2431 3804 .
2673 3790 2682 3799 .

2227 3767 2254 3806 a
2301 3791 2313 3804 .
2338 3751 2431 3805 22.
2673 3790 2682 3799 .

2194 3768 2225 3808 c
2262 3768 2456 3878 animo
2486 3839 2593 3879 esse
2616 3822 2847 3891 elferato.
2873 3822 2973 3879 Ms.
3003 3821 3409 3889 Mertonicnsis,
3433 3824 3668 3879 animum
3690 3839 3795 3879 esse

2197 3893 2485 3963 eﬂ'eratum.

2268 3966 2541 4023 Steviores.
2574 3965 2715 4021 Edit.
2744 3964 2903 4029 1476,
2925 3964 3205 4021 Brutiores.

2268 4038 2396 4106 Quis
2423 4035 2829 4104 Caucasus,elc.
2855 4037 3096 4109 Respicit
3116 4037 3184 4093 ad
3216 4035 3347 4093 illud
3374 4035 3625 4109 Didonis,
3641 4036 3792 4101 Em,

2189 4126 2267 4179 tv,
2297 4126 2349 4165 ν.
2381 4109 2489 4166 ’565
2520 4128 2536 4164 :

2280 4225 2499 4288 Perfide,
2525 4225 2614 4291 sed
2637 4227 2777 4277 duris
2801 4228 2978 4291 genuit
2999 4233 3052 4277 te
3071 4227 3298 4279 cautibus
3314 4228 3530 4278 horrens

2281 4290 2541 4351 Caucasus,
2566 4289 2906 4354 Hyrcanaque
2929 4291 3189 4342 admorunt
3211 4291 3369 4341 ubera
3393 4292 3577 4353 tigres.

2190 4399 2437 4455 Caucaso
2466 4399 2860 4454 immanitatem
2915 4396 3179 4463 tribuunt,
3207 4408 3429 4469 propter
3479 4397 3787 4455 Promethei

571 4465 2086 4543 ExprimunturEm.'Experiamur.—Ea:primunturllta,
2114 4466 2170 4527 D
2197 4470 2477 4543 fabulam:
2506 4487 2606 4541 ego
2659 4470 2807 4543 male
2836 4479 3057 4543 propter
3084 4465 3479 4543 multitudinem
3506 4470 3787 4543 panthera-

498 4538 726 4614 excepto
751 4542 1028 4607 Emman.,
1046 4538 1235 4614 omnes
1251 4539 1433 4614 scripti
1449 4549 1505 4596 et
1520 4538 1675 4614 editi,
1687 4548 1741 4595 et
1760 4547 1933 4614 recte.
1958 4538 2093 4594 Pro-

500 4610 674 4689 prium
700 4616 757 4689 in
788 4615 888 4689 hac
923 4628 994 4689 _re
1033 4611 1288 4689 verbum_._
1309 4611 1479 4689 _E_pit.,
1527 4627 1578 4667 c.
1629 4611 1737 4689 ὅδε
1765 4610 2091 4689 Histrionum

499 4682 653 4744 etiam
687 4685 934 4757 impudici
948 4692 1198 4757 gestus...
1231 4682 1466 4757 libidines
1493 4699 1623 4757 quag
1640 4684 1878 4757 saltando
1904 4683 2092 4757 expri-

497 4768 674 4826 munt,
701 4754 902 4813 docent.
918 4755 1033 4811 Non
1052 4755 1281 4809 obscure
1306 4754 1561 4821 exprimit
1585 4754 1953 4826 Cyprianum,
1969 4754 2008 4809 l.
2030 4770 2089 4820 ιι,

500 4847 591 4903 ep.
617 4824 676 4898 2,
702 4829 792 4903 ed.
812 4827 1098 4903 Erasnt._f.
1129 4826 1221 4892 55,
1252 4826 1547 4894 exprimunt
1573 4824 1886 4893 impudicam
1915 4824 2091 4881 Vene-

498 4897 636 4967 rem,
664 4900 967 4957 adulterum
994 4897 1242 4962 Martem,
1266 4906 1373 4952 ctc.

575 4973 897 5029 Erudiantur
921 4971 990 5024 ad
1013 4969 1340 5041 iniustitiam.
1369 4967 1461 5041 Sic
1480 4982 1568 5041 res
1597 4966 1790 5041 poscit,
1824 4977 1878 5041 et
1899 4982 2093 5041 omnes

502 5046 619 5101 fere
645 5059 779 5102 mss.
810 5053 867 5100 et
894 5037 1335 5099 editifNonnulli
1360 5039 1544 5110 scripti
1563 5050 1619 5095 et
1646 5037 1872 5110 vulgati,
1891 5040 1959 5093 ad
1971 5041 2094 5111 jus-

503 5118 688 5182 titiam,
728 5116 821 5172 sed
854 5115 1013 5171 male.

575 5180 1010 5260 Retigiosissimus
1073 5194 1160 5260 est_
1190 5184 1355 5260 cultus
1384 5224 1398 5248 ,
1468 5182 1679 5237 imitari.
1717 5180 2042 5260 Augustinus
2077 5198 2090 5234 :

505 5251 721 5315 Summa
746 5259 1005 5331 religionis
1032 5266 1107 5313 est
1136 5254 1328 5331 imitari
1357 5271 1471 5331 eum
1500 5270 1647 5331 quem
1674 5251 1839 5331 colas.
1863 5251 2091 5320 Seneca,

506 5345 599 5401 ep.
622 5346 757 5387 xcv:
791 5325 931 5386 satis
960 5330 1082 5384 deos
1106 5328 1295 5401 rcoluit,
1318 5327 1547 5401 quisquis
1573 5325 1976 5401 illllttt‘t’ttlilalgs
1996 5335 2091 5401 est.

577 5400 655 5456 Iis
696 5395 1350 5474 igiturghominibus,_e_tc.
1381 5398 1428 5474 '5_
1460 5398 1620 5474 Reg,
1647 5397 1683 5450 2
1708 5396 1886 5474 Coll)”
1910 5395 2092 5463 Bodl.,

504 5468 747 5540 Cottonf,
783 5475 805 5527 1
841 5472 1099 5540 Clarom.,
1130 5472 1168 5526 ii
1211 5472 1367 5542 igitur
1407 5469 1706 5524 homines...
1747 5468 1868 5539 quia
1893 5483 2097 5539 gravem

507 5542 690 5615 habent
719 5542 1047 5615 acerbamque
1052 5543 1328 5615 justitiam.

582 5614 768 5671 Bestiae
794 5611 1142 5669 nominant—ur.
1161 5612 1295 5670 Vide
1320 5611 1643 5677 Ezechielis,
1665 5626 1716 5667 c.
1737 5627 1927 5680 xxxtv,
1957 5611 2011 5679 5,
2036 5612 2089 5679 8,

506 5686 601 5755 25,
629 5686 703 5741 28
731 5703 747 5753 ;
778 5683 1089 5754 Sophonias,
1117 5700 1168 5741 c.
1202 5701 1260 5752 ιι,
1294 5683 1362 5739 14
1399 5694 1453 5740 et
1480 5684 1548 5741 l5
1581 5700 1597 5750 ;
1640 5682 1908 5750 Exodi,c.
1942 5697 2095 5749 xxvr,

510 5759 545 5814 6
574 5768 629 5813 et
654 5757 746 5812 22.
781 5755 873 5812 Sic
915 5758 1075 5812 etiam
1126 5755 1381 5819 Danielis,
1413 5771 1486 5811 vu
1512 5756 1712 5825 capite,
1744 5769 1841 5823 per
1867 5760 2099 5825 quatuor

511 5829 784 5899 animalia,
809 5836 1038 5902 quatuor
1063 5841 1227 5899 regna
1253 5828 1532 5899 tyrannica
1554 5826 1952 5884 describuntur.

2196 4558 2338 4607 rum,
2368 4540 2564 4612 quibus
2594 4557 2717 4612 eum
2752 4540 3008 4612 Philostr.
3040 4541 3095 4596 in
3141 4542 3247 4596 vita
3278 4541 3562 4612 Apollonii
3612 4542 3787 4597 scribit

2195 4628 2317 4670 esse
2367 4611 2642 4669 refertum.
2677 4611 2826 4667 India
2854 4622 2910 4667 et
2953 4611 3207 4669 Hircania
3253 4611 3446 4683 tigride
3475 4612 3785 4668 formidabi-

2194 4685 2275 4741 les
2304 4693 2447 4739 sunt.
2483 4684 2646 4750 Plln.,
2681 4684 2719 4738 l.
2751 4698 2943 4755 vm,c.
2968 4683 3055 4740 18.
3090 4683 3492 4755 ΒενθΙθριιιιιιιο,
3527 4683 3721 4755 tigride
3739 4690 3786 4737 et

2195 4755 2414 4811 formica
2448 4755 2634 4820 ludite,
2669 4755 2787 4826 lege
2827 4753 3140 4826 Arrianum,
3169 4754 3208 4809 l.
3231 4771 3350 4819 VIII,
3383 4756 3474 4825 qui
3506 4753 3592 4810 est
3615 4756 3684 4810 de
3703 4769 3780 4810 re-

2194 4827 2295 4899 bus
2323 4826 2541 4899 Indicis.
2585 4825 2775 4899 Taceo
2788 4825 3135 4883 Heliodorum
3178 4827 3231 4882 in
3262 4842 3357 4883 sua
3411 4826 3713 4899 Theogenis
3733 4832 3782 4881 et

2194 4897 2496 4954 Chariclece
2520 4897 2719 4955 fabula.
2747 4897 2954 4954 Βετυι..

2269 4968 2377 5052 Illa
2403 4978 2475 5052 est
2501 4985 2626 5052 uera.
2646 4968 2825 5052 (restiti.
2856 4968 3125 5052 Quantum
3164 4969 3513 5052 conjecturis
3532 4969 3681 5052 locus
3703 4972 3782 5021 est

2196 5041 2710 5113 dandus,gintelligit
2756 5040 3169 5113 Diocletianum,
3197 5040 3355 5113 cujus
3380 5040 3554 5113 edicta
3583 5049 3647 5113 et
3665 5053 3778 5113 per-

2197 5112 2403 5168 secutio
2420 5110 2805 5168 describuntur
2825 5112 2894 5167 ab
2910 5112 3145 5168 Eusebio
3160 5114 3211 5167 in
3234 5111 3616 5168 Ecclesiastica
3636 5110 3774 5168 hist"

2196 5183 2234 5239 l.
2274 5200 2389 5247 vut.
2422 5183 2562 5239 etde
2605 5182 2948 5239 Nicomedica
2973 5183 3275 5253 przesertim
3306 5182 3647 5249 truculentia,
3668 5194 3712 5235 c.
3741 5178 3776 5232 5

2198 5265 2252 5309 et
2281 5254 2315 5326 6
2346 5255 2591 5324 ejusdem
2624 5255 2770 5326 libri,
2801 5263 2855 5326 et
2880 5254 2947 5310 de
2970 5254 3182 5326 Mortib.
3214 5264 3484 5326 persecut.

2269 5319 2532 5381 Jussione.
2546 5326 2634 5398 Sic
2662 5333 2717 5382 et
2743 5325 3146 5398 i‘nfrasatellites
3177 5319 3350 5395 impiae
3369 5324 3632 5398 jussionis.
3653 5319 3779 5388 Quae

2201 5412 2306 5453 vox
2338 5413 2442 5453 non
2466 5405 2549 5452 est
2572 5395 2859 5452 admodum
2884 5397 3069 5452 latina.

2199 5539 2214 5595 l
2271 5467 2551 5595 Fumggg,
2581 5477 2686 5525 etc.
2720 5466 2975 5540 Virgilius
3020 5467 3266 5536 1Eneid.,
3297 5468 3338 5523 Ι.
3372 5484 3448 5537 ιν,
3496 5483 3546 5521 v.
3578 5462 3692 5525 646.
3719 5471 3780 5517 et

2222 5578 2238 5594 .
2259 5555 2321 5595 ιι.
2345 5555 2396 5594 v.
2526 5581 2537 5593 .

2222 5578 2238 5594 ρ
2259 5555 2321 5595 ll.
2345 5555 2396 5594 ν.
2413 5555 2537 5595 ὒῠό.

2625 5612 2773 5683 furit.
2797 5610 2878 5665 Ex
2928 5611 3030 5668 boe
3073 5611 3196 5683 loco
3223 5610 3527 5683 illustratur
3553 5608 3678 5683 liber
3700 5601 3774 5658 de

2200 5680 2359 5739 Mort.
2392 5699 2563 5752 pers.,
2587 5680 2636 5739 c.
2665 5683 2757 5750 2|,
2785 5692 2924 5738 extr.
2957 5683 3045 5753 qui
3069 5682 3217 5751 facit,
3250 5691 3308 5737 ιιι
3337 5681 3408 5739 de
3437 5680 3645 5739 Galerio
3667 5688 3773 5753 non

2201 5746 2694 5826 minus-explicem,
2721 5746 2989 5826 quamde
3007 5746 3364 5821 Diocletiano,
3391 5753 3461 5826 ad
3497 5764 3646 5826 quem
3672 5746 3773 5800 Βὼ

2204 5827 2396 5885 tuleius
2423 5822 2701 5884 retulerat.
2740 5822 2906 5882 ’Conf.
2940 5825 3140 5884 Euseb.
3171 5826 3309 5884 Hist.
3356 5822 3574 5893 eccles.,
3595 5822 3627 5878 l.
3653 5832 3767 5891 vrri,
