4090 6354
286 340 393 400 585'

1504 347 1708 408 uasa
1740 351 1823 438 v.
1850 348 1938 408 ne
1976 346 2307 409 JUSTITIA.

3479 368 3586 430 586

279 475 393 529 cus;
418 460 568 533 quasi
596 474 726 519 vero
746 461 799 519 id
827 462 1097 533 aﬂectent,
1129 465 1221 538 qui
1248 466 1417 524 Deum
1443 469 1791 537 confitentur,
1819 478 1880 527 ut
1904 473 1959 536 Α
1984 472 2181 539 verint,
2211 480 2270 529 ut
2297 471 2365 529 ad
2388 472 2642 531 elfectum
2665 478 2929 550 propositi
2954 480 3038 536 sui
3070 484 3439 553 pervenirent.

280 557 348 614 ad
377 572 560 614 eorum
586 560 833 630 sepulcra
864 560 1129 630 veniatur,
1166 576 1231 618 ac
1256 578 1363 619 non
1394 572 1453 619 ut
1481 565 1582 637 ipsi
1610 566 1677 622 ad
1709 567 1877 622 Deum

281 650 615 721 perveniant.

350 744 607 814 Quantam
638 745 727 801 illa
769 745 973 815 feritas,
993 763 1113 820 qua:
1139 749 1344 817 rabies,
1393 765 1512 822 qua:
1540 750 1747 806 insania
1774 761 1876 819 est,

279 837 451 893 lucem
479 838 637 905 vivis,
689 848 890 897 terram
931 843 1159 898 mortuis
1189 842 1532 914 denegasse?
1556 843 1687 899 Dico
1719 845 1880 914 igitur

281 930 411 987 nihil
439 947 561 989 esse
591 934 844 990 miserius
874 934 939 991 iis
968 935 1299 1003 hominibus,
1327 951 1461 1006 quos
1490 938 1768 993 ministros
1796 939 1877 992 fu—

278 1025 419 1081 roris
445 1026 625 1091 alieni,
653 1043 789 1098 quos
839 1030 1106 1085 satellites
1159 1029 1335 1100 impia:
1359 1030 1620 1100 jllSsittniS
1650 1031 1882 1086 necessi-

279 1126 357 1172 tas
408 1128 500 1173 aut
529 1119 759 1186 invenit,
787 1131 879 1176 aut
931 1121 1079 1177 fecit.
1115 1121 1232 1178 Non
1261 1123 1405 1178 enim
1448 1122 1623 1177 honor
1647 1122 1757 1189 ille,
1789 1133 1884 1178 aut

280 1212 556 1282 provectio
601 1211 879 1284 dignitatis
927 1213 1045 1279 fuit,
1089 1214 1183 1269 sed
1235 1214 1470 1270 hominis
1515 1214 1790 1270 damnatio
1813 1215 1879 1270 ad

277 1303 678 1371 carniﬁcinam,
707 1305 801 1360 Dei
832 1321 964 1361 vero
989 1307 1057 1362 ad
1091 1321 1305 1376 poenam
1333 1307 1882 1379 setnpiternam.anc

279 1404 459 1451 autem
492 1411 587 1465 per
616 1404 788 1452 totum
839 1398 1028 1454 orbem
1077 1397 1273 1469 singuli
1304 1400 1593 1469 gesserint,
1626 1414 1882 1455 enarrare

280 1490 612 1559 impossibile
640 1499 749 1546 est.
780 1492 913 1559 Quis
954 1492 1098 1547 enim
1126 1492 1457 1546 voluminum
1509 1507 1766 1547 numerus
1789 1507 1879 1546 ca-

281 1582 389 1651 piet
417 1591 525 1638 tam
573 1582 806 1651 inﬁnita,
838 1595 945 1639 tam
977 1585 1122 1639 varia
1150 1599 1349 1655 genera
1383 1584 1720 1639 crudelitatis
1740 1583 1884 1640 ’Με-

280 1686 438 1746 cepta
470 1678 613 1732 enim
644 1687 950 1749 potestate,
983 1692 1079 1748 pro
1105 1678 1220 1733 suis
1251 1678 1493 1733 moribus
1522 1679 1751 1748 quisque
1780 1693 1886 1734 sae-

281 1769 395 1823 viit.
424 1769 529 1846 Alii
554 1786 662 1840 pra:
694 1771 858 1825 nimia
914 1771 1200 1828 timiditate
1227 1772 1349 1842 plus
1377 1772 1491 1827 ausi
1538 1782 1686 1836 sunt,
1720 1789 1883 1844 quam

2056 564 2183 621 Haec
2232 575 2413 623 autem
2445 585 2551 626 non
2594 581 2797 627 tantum
2850 574 2973 630 ideo
3013 577 3236 647 faciunt,
3264 591 3323 637 ut
3364 584 3589 655 gloriari

1983 658 2213 728 possint,
2245 659 2449 715 nullum
2505 677 2565 718 se
2611 663 2975 722 innocentium
3004 673 3302 740 peremisse
3356 674 3500 748 (nam
3532 687 3589 734 et

1981 751 2097 821 ipse
2121 750 2301 807 audivi
2324 753 2532 824 aliquos
2558 755 2875 827 gloriantes,
2901 762 3046 831 quod
3074 762 3471 824 administratio
3486 785 3587 827 sua

1983 843 2036 897 in
2067 843 2170 900 hac
2199 855 2351 915 parte
2382 845 2541 902 fuerit
2566 848 2895 921 incruenta),
2928 853 3024 909 sed
3053 865 3106 909 et
3134 857 3347 914 invidia:
3370 876 3535 916 causa
3560 879 3577 929 ;

1987 952 2055 992 ne
2087 948 2177 993 aut
2229 939 2328 1009 ipsi
2361 940 2665 1011 vincantur,
2697 955 2790 999 aut
2840 946 2917 1001 illi
2947 949 3157 1004 virtutis
3202 966 3313 1008 suae
3357 955 3593 1026 gloriam‘

1983 1043 2406 1102 consequantur.
2436 1033 2623 1105 Itaque
2673 1037 2725 1091 in
2770 1040 3143 1110 excogitandis
3175 1061 3456 1114 poenarum
3489 1066 3583 1120 ge«

1986 1126 2229 1194 neribus,
2262 1126 2395 1182 nihil
2436 1128 2582 1185 aliud
2612 1147 2771 1201 quam
2801 1133 3082 1191 victoriam
3115 1141 3370 1210 cogitant.
3402 1144 3591 1200 Sciunt

1984 1219 2131 1273 enim
2176 1230 2451 1276 certamen
2476 1237 2595 1277 esse
2618 1224 2838 1284 illud.et
2871 1231 3246 1298 pugnam.Vidi
3271 1249 3371 1304 ego
3400 1235 3450 1289 in
3474 1236 3581 1306 By-

1988 1311 2172 1383 thynia
2201 1314 2483 1383 prmsidem
2507 1317 2703 1386 gaudio
2721 1320 3043 1376 mirabiliter
3070 1324 3293 1391 elatum,
3315 1337 3590 1399 tamquam

1984 1404 2337 1460 barbarorum
2363 1416 2580 1474 gentem
2604 1409 2838 1480 aliquam
2870 1413 3214 1483 subegisset;
3248 1420 3387 1488 quod
3420 1437 3581 1489 unus,

1987 1496 2076 1565 qui
2104 1511 2196 1563 per
2223 1496 2501 1552 biennium
2528 1515 2719 1569 magna
2754 1501 2949 1559 virtute
2974 1506 3266 1573 restiterat,
3313 1521 3591 1579 postremo

1985 1587 2181 1644 cedere
2213 1589 2363 1644 visus
2394 1602 2559 1646 esset.
2589 1590 2935 1650 Cuntcndunt
2966 1598 3126 1666 igitur
3157 1609 3212 1653 ut
3251 1603 3491 1673 vincant,
3536 1614 3594 1661 et

1986 1679 2286 1748 exquisitos
2306 1680 2523 1735 dolores
2546 1685 2865 1751 corporibus
2888 1686 3205 1755 immittunt,
3222 1692 3421 1747 etnihil
3447 1695 3595 1751 aliud

1987 1769 2425 1842 devitant,quam
2456 1784 2509 1827 ut
2532 1789 2597 1828 ne
2622 1777 2744 1829 torti
2772 1778 3089 1833 moriantur.
3110 1782 3275 1849 Quasi
3300 1801 3430 1841 vero
3449 1803 3597 1844 mors

277 1861 573 1933 jubebatur
606 1880 621 1918 :
663 1862 755 1917 alii
794 1878 892 1918 suo
938 1866 1157 1934 proprio
1207 1863 1470 1919 adversus
1515 1863 1691 1934 jnstos
1720 1865 1881 1932 odio;
1915 1879 1965 1939 Β
1994 1863 2369 1925 tantummodo
2419 1863 2608 1920 beatos
2650 1863 2832 1934 faciat,
2862 1884 2925 1924 ac
2970 1886 3074 1926 non
3102 1874 3266 1927 etiam
3299 1885 3592 1946 tormenta,

282 1954 504 2026 quidam
552 1956 780 2011 naturali
829 1956 1027 2011 mentis
1055 1955 1302 2021 feritate;
1336 1957 1583 2012 nonnulli
1608 1966 1666 2011 ut
1695 1957 1879 2027 placc-

282 2059 429 2116 rent,
449 2058 504 2105 et
530 2049 631 2104 hoc
660 2049 841 2106 officio
862 2050 1002 2104 viam
1027 2050 1128 2106 sibi
1150 2052 1217 2105 ad
1243 2050 1432 2106 altiora
1452 2052 1742 2106 munirent.
1769 2052 1883 2107 Ali-

283 2144 371 2214 qui
405 2143 473 2197 ad
503 2142 856 2198 occidendum
889 2144 1194 2214 prmcipites
1223 2143 1541 2208 extiterunt,
1579 2144 1718 2198 sicut
1745 2158 1884 2198 unus

285 2236 336 2292 in
370 2236 628 2308 Phrygia,
660 2236 749 2307 qui
783 2235 1092 2291 universum
1127 2238 1386 2307 pupulum
1440 2252 1562 2292 cum
1593 2238 1712 2306 ipso
1744 2237 1886 2306 pari-

288 2338 371 2385 ter
398 2328 778 2383 c0nventicnlo
798 2329 1182 2384 concremavit.
1202 2327 1308 2384 Sed
1332 2326 1420 2383 hic
1445 2336 1645 2397 quanto
1667 2331 1882 2396 saevior,

290 2431 445 2477 tanto
467 2420 787 2489 clementior
814 2422 1100 2477 invenitur.
1133 2421 1267 2476 lllud
1309 2436 1439 2477 vero
1479 2423 1771 2491 pessimum
1796 2437 1889 2493 ge-

285 2529 392 2570 nus
442 2525 544 2580 est,
576 2515 663 2569 cui
712 2512 1017 2570 clementiae
1047 2515 1257 2586 species
1288 2514 1417 2568 l'alsa
1451 2514 1722 2569 blanditur
1751 2530 1764 2567 :
1802 2515 1891 2571 ille

284 2607 528 2679 gravior.
554 2607 643 2662 ille
674 2607 870 2661 saevior
886 2616 972 2663 est
998 2605 1264 2672 carnifex,
1293 2605 1385 2677 qui
1408 2607 1682 2661 neminem
1705 2606 1894 2662 statuit

287 2699 565 2756 occidere.
598 2699 783 2770 Itaque
808 2698 913 2754 dici
963 2716 1069 2754 non
1102 2707 1299 2769 potest,
1334 2697 1641 2769 bujusmodi
1683 2697 1893 2769 judices

288 2809 491 2870 quanta
509 2806 563 2853 et
582 2812 744 2869 quam
765 2796 947 2869 gravia
977 2805 1370 2852 tormentorum
1395 2810 1594 2867 genera
1617 2794 1894 2867 excogita-

1987 1972 2107 2029 quae
2132 1967 2334 2026 quanto
2358 1956 2561 2012 fuerint
2586 1960 2855 2029 graviora,
2892 1972 3040 2017 tanto
3080 1980 3343 2034 majorem
3376 1971 3591 2027 virtutis

1985 2049 2213 2120 gloriam
2249 2052 2472 2119 pariant.
2506 2050 2583 2105 Illi
2616 2063 2794 2108 autem
2824 2056 3085 2124 pertinaci
3111 2061 3341 2118 stultitia
3365 2064 3588 2135 jubent,

1987 2159 2173 2199 curam
2203 2144 2356 2199 tortis
2383 2144 2669 2215 diligenter
2697 2146 2964 2211 adhiberi,
2994 2159 3053 2203 ut
3092 2150 3158 2206 ad
3206 2154 3342 2208 alios
3386 2159 3597 2214 crucia-

1991 2245 2076 2293 tus
2106 2238 2345 2293 membra
2373 2248 2726 2307 renoventur,
2779 2249 2832 2295 et
2862 2254 3145 2309 reparetur
3176 2262 3348 2301 novus
3376 2253 3599 2320 sanguis

1990 2331 2057 2387 ad
2086 2346 2320 2412 pinnam.
2343 2330 2480 2399 Quid
2506 2341 2612 2386 tam
2642 2330 2807 2402 pium,
2840 2342 2947 2387 tam
2979 2334 3303 2405 beneficum,
3356 2348 3466 2395 tam
3499 2342 3601 2398 hu-

1994 2442 2211 2482 manum
2242 2428 2353 2482 ﬁeri
2380 2427 2592 2496 potest?
2620 2442 2724 2482 non
2752 2440 3033 2485 curassent
3058 2441 3162 2486 tam
3181 2434 3439 2500 sollicite,
3460 2454 3601 2509 quos

1994 2527 2257 2574 amarent.
2293 2518 2420 2573 llaec
2445 2526 2529 2573 est
2568 2518 2792 2574 deorum
2830 2519 3237 2591 disciplitta.Ad
3289 2525 3405 2583 haec
3432 2544 3599 2598 opera

1997 2611 2234 2666 cultores
2273 2625 2403 2666 suos
2433 2607 2686 2665 erudiunt
2712 2627 2727 2675 ;
2758 2610 2874 2666 haec
2899 2627 3054 2667 sacra
3093 2613 3425 2673 desiderant.
3459 2620 3604 2688 Quin

1998 2704 2164 2759 etiam
2194 2702 2598 2759 sceleratissimi
2623 2701 2908 2758 homicidze
2932 2715 3120 2781 contra
3145 2708 3262 2778 pios
3284 2710 3405 2779 jura
3434 2713 3602 2783 impia

2002 2793 2385 2851 condiderunt.
2417 2792 2552 2850 Nam
2582 2803 2637 2850 et
2656 2795 3393 2878 constitutionessacrilegte,
3412 2814 3467 2861 et
3495 2805 3609 2862 dis-

1635 2907 1997 2967 VARIORUM
2035 2908 2261 2968 ΝΟΤλΈ.

287 3046 338 3088 c.
375 3029 410 3084 5
439 3036 494 3084 et
518 3026 571 3083 6.
594 3027 668 3083 ita
700 3027 799 3083 sub
826 3027 1040 3084 Iuliano
1069 3034 1321 3082 narratur
1353 3027 1404 3081 in
1438 3026 1710 3081 Ammian.
1747 3025 1891 3081 Mar-

290 3101 506 3165 cellin.,
535 3099 575 3154 l.
610 3115 737 3161 xxu.
763 3114 814 3155 c.
853 3101 911 3155 11
946 3116 958 3150 :
988 3098 1249 3154 Iisdem...
1275 3098 1473 3152 subdito
1499 3101 1615 3167 igne
1634 3098 1891 3165 crematis,

291 3177 488 3228 cineres
505 3172 715 3241 projecit
734 3170 1067 3243 (multitudo)
1095 3172 1146 3224 in
1178 3187 1336 3239 mare,
1361 3172 1415 3243 id
1437 3181 1682 3226 metuens.
1700 3178 1753 3222 ut
1780 3169 1887 3222 cla-

290 3246 488 3308 mabat,
524 3258 587 3296 ne
628 3242 852 3298 collectis
897 3241 1172 3312 supremis,
1199 3243 1332 3295 azdes
1356 3241 1460 3295 illis
1487 3250 1890 3307 exstruerentur,

280 3328 354 3371 tut
387 3313 614 3378 reliquis,
644 3316 728 3384 qui
775 3315 977 3368 deviare
1028 3332 1066 3367 α.
1089 3314 1336 3384 religione
1362 3313 1612 3382 compulsi
1643 3312 1899 3381 pertulere

294 3386 601 3443 cruciabiles
630 3383 805 3455 pinnas
827 3427 842 3451 ,
871 3387 1099 3455 adusque
1127 3383 1403 3454 gloriosam
1431 3395 1640 3437 mortem
1686 3383 1898 3455 inteme-

295 3469 415 3513 rata
442 3457 545 3526 ﬁde
572 3453 845 3528 progressi,
865 3468 908 3510 et
937 3453 1070 3511 nunc
1097 3453 1344 3527 martyres
1367 3455 1719 3528 appellantur.
1762 3453 1893 3508 BUN.

376 3526 679 3598 Sepultum
698 3530 859 3583 locus.
882 3528 1138 3599 Intelligit
1163 3528 1303 3582 haud
1333 3528 1496 3599 dubie
1541 3526 1894 3591 Dorotheum,

296 3604 526 3659 Petrum
557 3609 611 3655 et
640 3598 995 3670 Gorgoniutn,
1025 3598 1115 3670 qui
1143 3616 1263 3654 cum
1287 3598 1447 3653 aulici
1474 3605 1679 3663 essent,
1710 3612 1897 3670 eorum

297 3684 483 3730 tamen
510 3686 739 3742 corpora
767 3669 985 3726 'tniset‘e
1031 3669 1428 3742 excarnilicata,
1464 3680 1620 3723 terra:
1650 3669 1899 3742 tutandata

296 3754 454 3807 sunt,
484 3740 775 3811 mnx'jnssu
806 3743 1018 3814 tyranni
1052 3741 1247 3798 elIossa
1273 3752 1325 3799 ct
1351 3743 1407 3797 in
1436 3756 1583 3795 mare
1610 3740 1850 3811 projecta
1881 3757 1896 3793 :

301 3816 375 3872 de
406 3815 600 3883 quibus
629 3814 913 3870 Eusebius.

390 3881 599 4011 Terrqtzn
627 3884 1004 3941 ntortuis.Vide
1032 3885 1090 3943 S.
1116 3881 1751 3957 Augustinum,deCivit.
1781 3882 1898 3950 Dei,

395 4001 410 4011 .
439 3975 487 4011 c.
591 3998 605 4011 .

303 3962 344 4016 Ι.
370 3976 410 4020 ι.
439 3975 487 4011 c.
520 3962 605 4012 12.

383 4028 672 4083 Provectio.
692 4028 927 4100 Requiro
938 4027 1112 4084 adhuc
1127 4028 1384 4097 majorem
1417 4026 1573 4100 hujus
1588 4025 1739 4100 vocis
1762 4023 1903 4096 apud

307 4110 527 4157 veteres
566 4096 939 4156 auctoritatem
967 4116 980 4153 :
1010 4117 1038 4154 a
1061 4096 1288 4155 Kresbio
1315 4101 1381 4154 de
1411 4097 1562 4169 Stylo
1592 4096 1763 4163 Lact.,
1794 4108 1904 4169 eta

310 4174 567 4231 Walchio
597 4174 648 4225 in
680 4173 914 4228 Diatrihe
947 4189 1051 4227 non
1081 4180 1164 4227 est
1192 4181 1392 4225 notata.
1428 4167 1716 4229 Proveltere
1737 4167 1806 4222 ad
1826 4168 1906 4221 di-

312 4247 558 4319 gnit_atem
577 4253 661 4298 est
693 4244 848 4319 Plinii
878 4246 927 4319 in
951 4243 1224 4319 Epistolis.
1248 4243 1385 4319 Bon.

389 4314 589 4371 Genera
638 4315 971 4370 crudelitatis.
999 4311 1151 4370 ’lla'c
1178 4314 1297 4369 vide
1327 4316 1378 4368 in
1409 4311 1560 4368 Actis
1589 4321 1904 4378 martyrum,

316 4405 437 4460 qua:
459 4387 678 4460 collegit
693 4387 774 4440 vir
800 4401 954 4457 atque
973 4387 1318 4442 doctissimus
1334 4400 1397 4460 ac
1420 4385 1712 4460 piissimus,
1729 4385 1909 4460 Theo-

317 4452 534 4515 dnricus
576 4452 883 4531 Ruynarté
903 4460 1317 4529 congregatione
1362 4452 1430 4513 ες
1466 4454 1633 4509 Mauri
1677 4452 1907 4510 Benedi-

318 4536 514 4586 ctinus.

392 4603 619 4672 Quisque
659 4600 838 4657 steviit.
869 4600 958 4672 Sic
1003 4616 1072 4655 ex
1107 4614 1236 4655 mss.
1269 4596 1711 4672 antiquissimis]
1742 4595 1900 4672 B_on_.,

318 4665 506 4738 Catio,
534 4665 755 4739 'Betu|.,
785 4673 821 4728 2
868 4671 1022 4728 Colb.
1053 4682 1107 4728 et
1162 4673 1250 4727 ed.
1281 4665 1476 4725 Cellar.
1509 4667 1739 4723 Suavius
1764 4665 1903 4739 fluit,

319 4762 477 4818 quam
492 4737 696 4818 :stevivit
721 4737 762 4818 δέ
784 4745 1093 4818 Regiorum,
1127 4742 1322 4818 Marm.
1371 4740 1704 4818 totidemque
1730 4737 1906 4793 edito-

321 4812 457 4873 rum.
488 4816 774 4887 Scripti12
793 4812 902 4873 rec.
936 4817 1136 4873 habent
1165 4815 1307 4870 stevit
1325 4828 1346 4879 ;
1367 4814 1401 4869 5
1430 4827 1569 4876 rec.,
1596 4812 1781 4882 quique
1801 4824 1905 4864 sw-

282 4918 291 4927 -
319 4892 476 4944 vivnt.

396 4961 516 5015 Prw
544 4960 702 5014 nimia
727 4958 1016 5015 timiditate.
1068 4959 1143 5014 Ita
1192 4973 1323 5014 mss.
1352 4956 1384 5011 8
1438 4954 1552 5026 Reg

321 5044 443 5088 sunt
471 5033 581 5087 dno
619 5031 999 5101 antiquissimi.
1028 5028 1219 5094 Cauc.,
1250 5027 1285 5084 5
1329 5026 1482 5085 Colb.
1536 5026 1753 5101 aliique,
1786 5039 1910 5101 cum

319 5105 481 5178 editis
507 5104 597 5168 15,
629 5098 771 5178 quod
803 5113 884 5159 est
915 5101 1176 5178 ministris
1204 5113 1259 5157 et
1284 5102 1458 5178 servis
1475 5098 1909 5178 convenientius,

323 5192 388 5231 ne
414 5176 593 5231 minus
623 5167 836 5241 fet-isse,
859 5189 1020 5241 quam
1042 5174 1177 5241 jussi
1200 5181 1375 5232 erant.
1398 5171 1733 5241 viderentur.
1768 5167 1914 5241 Scri-

324 5192 388 5231 ne
414 5190 593 5231 minus
623 5190 836 5241 iecisse,
899 5190 1020 5229 nam
1042 5190 1177 5241 jussu
1200 5190 1375 5232 erant.
1398 5190 1733 5225 Vltlel'ellull'.
1769 5190 1913 5223 aen-

324 5250 396 5316 pti
427 5249 483 5314 5,
516 5246 817 5301 tumiditate.
855 5190 1021 5301 acuto
1043 5247 1187 5300 enim
1215 5244 1484 5299 crudelior
1504 5257 1676 5316 quam
1696 5238 1913 5316 timidus

323 5311 509 5391 homo,
541 5332 677 5391 cum
712 5318 913 5391 viribus
942 5317 1382 5391 superioretn_se
1428 5311 1594 5391 piunt.
1626 5311 1767 5366 ldent
1803 5311 1915 5391 fere

324 5401 424 5453 est,
462 5390 501 5444 Ι.
540 5390 607 5445 de
630 5389 845 5443 Morttb.
879 5385 1181 5453 Persecut.,
1208 5402 1257 5441 c.
1283 5387 1345 5442 11
1383 5404 1397 5440 :
1434 5385 1658 5454 Quidam
1705 5385 1915 5454 proprio

323 5465 567 5515 adversus
605 5461 908 5515 christianos
949 5460 1067 5514 odio
1098 5458 1349 5513 tollendos
1380 5475 1489 5511 esse
1513 5464 1839 5518 censuerunt,
1870 5462 1917 5506 et

325 5535 409 5604 qui
451 5531 600 5586 aliter
633 5531 931 5594 sentiebant,
964 5532 1230 5604 intellecta
1271 5529 1611 5604 imperatoris
1634 5527 1916 5588 voluntate,

326 5598 403 5660 vel
423 5606 673 5666 timentes,
699 5604 776 5657 vel
801 5600 1083 5675 gratiﬁcari
1111 5601 1355 5667 volentes,
1386 5602 1439 5654 in
1466 5598 1692 5654 eamdem
1720 5606 1921 5651 senten-

330 5678 452 5752 tiam
477 5685 836 5752 congruerunt.
897 5747 929 5752 _
1496 5711 1548 5752 ο,
1658 5738 1695 5752 ,,
1847 5740 1859 5752 ,

404 5738 875 5814 Ωιιαηῆιώιὸαιιιν.
897 5747 1011 5802 Duo
1031 5761 1142 5802 rec.
1162 5761 1323 5800 manu
1345 5741 1550 5800 exarati
1572 5738 1816 5814 codices,
1828 5740 1923 5814 ju-

332 5812 507 5874 beatur
530 5834 549 5883 ,'
579 5812 611 5873 7
637 5834 749 5874 rec.
774 5828 827 5874 ct
844 5818 1064 5874 totidem
1083 5817 1235 5885 editi,
1249 5815 1561 5889 jubebantur
1581 5831 1600 5884 ;
1624 5812 1658 5869 ’5
1690 5812 1921 5879 rec.,vi-

332 5890 606 5965 dabantur,
636 5889 913 5947 mendose.

775 5983 1055 6050 ΡΑΤιιοι..
1100 5982 1209 6047 VI.

1560 4994 1572 5008 .
1603 4953 1746 5008 inter
1771 4966 1911 5023 quos

2076 3025 2267 3096 Aliqui.
2306 3024 2455 3080 Hanc
2485 3040 2669 3080 vocem
2694 3024 2835 3082 delet
2867 3028 3059 3086 Heum.

2071 3096 2142 3176 I_n
2176 3095 2449 3176 Phrygia.
2479 3097 2768 3176 llistoriam
2802 3100 2926 3156 vide
2950 3102 3094 3171 apud
3124 3102 3438 3176 Eusebium,
3464 3108 3603 3167 Hist.

1998 3168 2160 3234 eccl.,
2190 3167 2227 3224 l.
2261 3167 2377 3234 vui,
2401 3183 2450 3221 c.
2478 3168 2566 3222 11.

2067 3259 2197 3342 Cum
2228 3262 2340 3342 ipso
2386 3261 2998 3342 pariterconventiculo.
3015 3262 3252 3342 Historia
3285 3279 3432 3342 extat
3461 3274 3608 3342 apud

1997 3331 2198 3405 Euseb.
2223 3332 2684 3405 liceternmgprisci
2718 3333 2998 3388 christiani
3034 3352 3138 3390 non
3175 3340 3442 3395 habebant
3474 3331 3612 3399 tem-

2000 3404 2110 3474 pla.
2142 3403 2248 3458 sed
2266 3403 2667 3466 conventicula,
2687 3405 2853 3472 aedes,
2885 3416 2990 3460 etc.
3022 3408 3389 3467 abhorrebant
3412 3416 3555 3470 enim
3579 3431 3611 3471 a

1999 3475 2182 3547 templi
2210 3476 2448 3539 nomine,
2471 3491 2581 3544 quo
2606 3476 2896 3547 utebantur
2922 3478 3177 3547 gentiles.

2070 3545 2237 3600 Tanto
2281 3548 2593 3599 clementior.
2626 3545 2751 3601 Mss.
2805 3548 2865 3601 11
2928 3545 3035 3602 rec.
3082 3565 3204 3605 cum
3257 3553 3387 3608 edit.
3442 3555 3604 3613 Rom.

2002 3617 2164 3693 1468,
2199 3618 2505 3693 dementior.
2541 3618 2704 3693 male.
2752 3616 2969 3693 caeteri,
3003 3620 3145 3676 inter
3179 3638 3316 3693 quos
3357 3639 3479 3682 sunt
3515 3646 3615 3684 an-

2002 3688 2310 3770 tiquissimi,
2344 3687 2541 3770 habent
2586 3689 2905 3770 clementior.
2935 3687 3265 3770 Brevitatetn
3308 3698 3453 3751 enim
3480 3715 3612 3770 sup-

2002 3761 2149 3831 plicii
2176 3804 2190 3827 ,
2240 3759 2631 3813 combustionis
2670 3759 2902 3831 scilicet,
2942 3762 3281 3820 clementiam
3312 3780 3472 3825 vocat
3515 3759 3608 3828 re-

2002 3830 2188 3901 specto
2215 3832 2378 3886 lenta:
2405 3839 2461 3884 et
2492 3830 2866 3900 protractioris
2893 3834 3059 3887 necis.

2078 3924 2146 4000 In
2170 3923 2526 4000 excogitandis
2556 3940 2822 4000 poenarum
2840 3926 3123 4000 generibus.
3148 3926 3457 4000 Cyprianus
3483 3950 3614 3992 con-

2005 4006 2086 4052 ira
2121 3996 2517 4078 Demetrianutn
2541 4013 2552 4045 ε
2574 3996 3114 4078 ᾼιίυιυινεελαηξαηάξς
3134 3996 3431 4067 corporibus
3454 4007 3611 4078 longa

2009 4066 2589 4147 tarmenmmtttltiplims
2602 4068 2848 4147 laceranti
2853 4069 2894 4121 is
2910 4067 3181 4124 visceribus
3202 4089 3470 4132 numerosa
3489 4066 3612 4147 sup-

2007 4141 2185 4211 plicia,
2217 4155 2307 4193 nec
2337 4140 2513 4209 feritas
2528 4153 2599 4211 ac
2618 4139 2909 4193 immanitas
2935 4151 3022 4192 tua
3053 4144 3256 4197 usitatis
3284 4157 3446 4211 potest
3483 4139 3610 4205 con-

2010 4210 2145 4285 tenta
2166 4226 2272 4285 esse
2302 4210 2562 4285 tormentis
2588 4225 2607 4262 :
2634 4214 2902 4285 excogitat
2929 4227 3095 4285 novas
3129 4210 3315 4282 punias
3345 4219 3609 4285 ingeniosa

2009 4283 2304 4337 crudelitas.
2330 4279 2493 4353 lionf.
2520 4280 2693 4353 Lact_._.
2714 4282 2759 4353 lg.
2794 4297 2866 4345 vr,
2898 4298 2946 4336 c.
2988 4284 3047 4336 l7
3072 4301 3086 4353 ς
3115 4279 3273 4353 epit.,
3305 4301 3354 4340 c.
3388 4279 3479 4351 δίς
3506 4291 3605 4346 Se—

2008 4369 2155 4418 nec.,
2176 4356 2210 4407 I.
2235 4354 2288 4417 1;
2309 4352 2506 4415 Clem.,
2534 4366 2583 4405 c.
2607 4350 2678 4424 9.5
2702 4350 3003 4422 (Saevitia):
3035 4350 3186 4408 Nova
3205 4350 3608 4424 supplicia'ron-

2008 4426 2165 4498 quirit
2190 4466 2205 4492 ,
2251 4424 2513 4501 ingenium
2565 4422 2800 4501 advocat,
2835 4424 3171 4501 instrumenta
3213 4422 3488 4499 excogitat,
3520 4450 3611 4501 per

1939 4537 1994 4597 υ
2018 4492 2380 4597 institistis:
2407 4492 3080 4597 fit?.iff“i’.’:"i‘.‘f.’l."°f°.”
3108 4507 3213 4597 εις·
3234 4492 3394 4597 ,ξὐῖι

2103 4566 2375 4621 Victoriam
2406 4564 2649 4632 cogitant.
2681 4562 2757 4617 Ita
2784 4578 2906 4619 cum
2933 4567 3061 4621 edit.
3098 4578 3203 4624 vet.
3234 4569 3393 4630 Rom.
3419 4590 3608 4633 omnes

2011 4653 2143 4695 mss.
2177 4647 2372 4707 praeter
2399 4638 2425 4691 1
2462 4635 2595 4705 Reg.
2641 4650 2776 4703 rec.,
2800 4636 2850 4689 in
2882 4652 3010 4707 quo,
3039 4639 3180 4695 sicut
3216 4650 3271 4696 et
3312 4644 3364 4697 in
3396 4649 3610 4705 caeteris

2010 4710 2191 4776 editis,
2218 4718 2300 4764 est
2321 4708 2631 4777 excoyitant.

2092 4801 2244 4881 Visus
2273 4809 2422 4881 esset.
2450 4797 2679 4856 Codices
2709 4801 2743 4855 5
2772 4814 2883 4856 rec.
2914 4815 3073 4857 manu
3101 4805 3304 4860 exarati
3334 4814 3387 4862 et
3412 4808 3446 4864 9
3469 4811 3611 4881 typis

2013 4875 2221 4939 excusi,
2252 4873 2388 4926 visus
2423 4880 2515 4925 est.
3440 4884 3449 4889 -

2090 4945 2238 5025 l_Viln'l
2266 4941 2935 5025 aliuddegitanhsmmss.
2953 4942 3439 5025 e_antiquissimi,1
3467 4951 3603 5025 Reg.

2015 5027 2078 5092 et
2093 5018 2285 5082 Cauc.,
2313 5015 2468 5092 2__alii
2495 5015 2627 5092 Reg.
2659 5014 2918 5092 multique
2956 5016 3056 5092 alii
3082 5028 3135 5092 e_t
3162 5016 3195 5072 8
3225 5014 3607 5092 editi—Scripti

2017 5088 2085 5145 14
2113 5105 2227 5168 rec.
2261 5099 2315 5144 et
2339 5086 2597 5168 Sucro-usi,
2629 5086 2773 5168 aliud
2793 5087 3013 5153 evitant;
3037 5088 3062 5141 1
3098 5087 3307 5143 Bonan.
3332 5103 3386 5146 et
3418 5094 3443 5148 1
3467 5086 3601 5168 Reg.

2016 5162 2299 5231 antiquiss.
2323 5158 2465 5211 aliud
2486 5159 2664 5231 vitant.

2088 5227 2232 5287 Torti
2260 5230 2559 5284 moriantur.
2590 5228 2648 5284 In
2682 5229 2796 5299 ipso
2817 5227 3099 5299 supplicio.

2089 5304 2365 5376 Tormenta
2393 5312 2582 5376 quant_o
2632 5301 2837 5376 fuerint.
2874 5302 2951 5376 lta_
2975 5303 3203 5376 restituo
3229 5318 3296 5358 ex
3341 5304 3488 5376 Lips.
3522 5324 3609 5366 se-

2019 5376 2224 5451 eundo1
2250 5369 2505 5451 Reburri”
2538 5369 2717 5451 [ξοςςη
2760 5370 2895 5451 Yon.
2930 5369 3093 5451 Mil,
3123 5372 3227 5451 πελ
3259 5369 3482 5451 utraque
3517 5381 3607 5451 78,

2021 5448 2113 5522 ἓξ»,
2156 5448 2247 5511 97,
2298 5443 2512 5522 Ρέτνιις,
2548 5442 2740 5522 Paris.“
2772 5442 3143 5522 Jtutt.,_Ald.,
3188 5443 3358 5513 Crat.,
3384 5442 3607 5522 Cynum;

2023 5513 2275 5581 Tornes.,
2331 5516 2530 5578 Bctnl.,
2581 5513 2770 5585 Fasit._,
2818 5513 3193 5585 ϐαρὺ-[1πο
3245 5513 3607 5580 Γθ⁰⁴’¹¹¹ἷ“ν¹¹¹¹ί

2024 5589 2315 5653 Thotnasii,
2349 5586 2489 5652 lszei,
2513 5586 2704 5657 Thys.,
2728 5583 2893 5647 Gall.,
2927 5583 3147 5654 δραι-Κλ,
3174 5586 3551 5648 Cell.,Walch.
3589 5613 3604 5649 :

2027 5661 2320 5724 Tormenta,
2358 5673 2473 5733 qua:
2501 5667 2770 5733 quanto...
2802 5657 3025 5733 pariant.
3056 5659 3437 5733 Silvnglnissent
3489 5679 3610 5733 post

2028 5742 2278 5789 tormenta
2309 5730 2598 5805 subaudire
2629 5731 2797 5805 beatos
2822 5729 3034 5800 faciant,
3062 5729 3372 5788 debuissent
3399 5729 3610 5805 pariunt

2028 5806 2209 5871 edere,
2238 5817 2343 5857 non
2374 5802 2595 5871 pariant.
2633 5799 2767 5855 Bon.
2834 5830 2839 5835 α

2100 5872 2516 5937 Constitutioues.
2549 5870 2675 5945 Quae
2703 5871 2912 5931 scilicet
2941 5874 3007 5929 ah
3037 5873 3269 5930 Eusebio
3298 5875 3614 5944 recitantur.

3071 5965 3147 6039 19
