4090 6354
481 356 588 425 587

1600 352 1788 412 FIRM.
1818 338 2187 410 LACTANTII
2225 351 2432 411 DlVlN.
2472 351 2719 410 lNS'l‘lT.

3642 350 3785 410 ’588

482 475 1233 553 putationesjurisperitorum
1258 472 1511 545 leguntur
1532 469 1770 541 iniustae.
1786 467 2071 539 Domitius,
2100 469 2154 531 Α
2179 466 2318 527 alter
2342 468 2570 542 insignis
2590 468 2798 528 scelere
2818 475 2874 526 et
2901 468 3124 526 audacia
3155 474 3247 528 :ct
3274 468 3321 528 si
3340 472 3396 528 in
3407 480 3473 528 eo
3496 471 3570 529 sit
3595 485 3781 531 errore

481 570 551 631 de
575 573 754 629 officio
782 562 1120 642 proconsulis
1162 567 1302 625 libro
1350 564 1608 637 septimo,
1637 562 1899 633 rescripta
1926 561 2077 633 prin-

478 669 658 739 cipum
703 664 905 722 nefaria
931 662 1172 736 collegit,
1203 664 1264 719 ut
1292 660 1536 728 doceret,
1564 656 1762 731 quibus
1792 656 1968 729 poenis
1992 655 2073 712 al-

479 760 567 818 lici
585 763 865 832 oporteret
891 772 988 817 eos
1034 758 1126 831 qui
1151 768 1213 815 se
1236 757 1476 814 cultores
1502 752 1600 812 Dei
1629 753 2035 827 confiterentur.

1052 868 1279 936 CAPUT
1316 870 1434 934 XII.

478 999 561 1058 De
596 1014 715 1057 vero
761 996 946 1053 virtute
987 1012 1010 1064 ;
1060 1002 1211 1066 atque
1276 992 1341 1048 de
1392 989 1767 1048 existimatione
1824 986 1941 1043 boni
1986 993 2076 1041 aut

1084 1089 1214 1145 mali
1250 1087 1406 1144 ciuis.-

470 1231 478 1275 ῖ
545 1228 687 1303 Quid
706 1229 777 1288 iis
796 1228 986 1297 facias,
1007 1227 1100 1300 qui
1119 1224 1211 1299 jus
1235 1230 1432 1283 vocant
1453 1222 1798 1281 carnificinas
1826 1226 2074 1277 veterum

474 1332 826 1397 tyrannorum
850 1321 1111 1378 adversus
1140 1320 1457 1376 innocentes
1488 1316 1677 1374 rabide
1702 1310 2074 1372 saevientium?

473 1420 546 1477 Et
569 1434 693 1477 cum
721 1418 831 1475 sint
859 1415 1133 1489 iniustitiae
1148 1412 1586 1485 crudelitatisque
1604 1411 1876 1477 doctores,
1899 1407 2074 1480 justos

475 1526 538 1570 se
563 1524 687 1569 esse
709 1518 888 1567 tamen
910 1524 975 1565 ac
998 1508 1293 1580 prudentes
1313 1505 1486 1563 videri
1511 1502 1719 1570 volunt,
1744 1500 1873 1558 caeci
1896 1509 1951 1557 et
1978 1500 2075 1557 he-

472 1605 650 1672 betes,
667 1611 723 1662 et
742 1616 925 1662 rerum
936 1601 1249 1659 etveritatis
1261 1599 1452 1672 ignari.
1471 1597 1695 1654 Adeone
1713 1594 1888 1662 vobis,
1905 1610 1938 1652 o
1951 1608 2074 1665 per-

472 1692 601 1754 ditae
638 1702 871 1765 mentes,
902 1695 1071 1751 invisa
1096 1692 1303 1765 iustitia
1333 1698 1437 1760 est,
1472 1699 1531 1746 ut
1557 1704 1675 1747 eam
1703 1688 1930 1746 summis
1954 1701 2073 1743 sce-

470 1789 676 1847 leribus
700 1786 1041 1859 adaequetisi
1066 1785 1289 1844 Adeone
1340 1784 1484 1857 apud
1509 1798 1608 1839 vos
1636 1783 1779 1854 perit
1814 1781 2072 1838 innocen-

2181 560 2468 628 civitas,ut
2495 560 2697 619 bonum
2728 560 2879 618 illum
2907 561 3104 633 virum,
3131 563 3480 631 sceleratum,
3511 562 3783 621 facinoro-

2180 670 2324 723 sum,
2350 654 2615 713 nefarium
2642 663 2812 727 putet,
2828 665 3014 713 contra
3040 658 3372 731 autem,.qui
3393 658 3466 715 sit
3490 656 3785 729 improbis-

2179 747 2664 816 simus,existimet
2686 761 2809 806 esse
2838 760 3048 806 summa
3070 748 3363 821 probitate,
3383 765 3448 808 ac
3471 750 3621 819 fide;
3654 764 3781 823 pro-

2179 856 2283 912 que
2296 841 2397 897 hac
2418 840 2677 913 opinione
2694 842 2936 899 omnium
2954 840 3176 913 civium,
3196 842 3370 901 bonus
3395 843 3490 902 ille
3512 844 3597 900 vir
3619 858 3783 901 vexe-

2179 945 2286 1006 tttr,
2315 935 2577 1007 rapiatur,
2608 948 2801 996 manus
2820 936 2870 994 ei
2891 936 3126 1011 denique
3150 938 3491 1007 auferantur,
3515 936 3781 996 en‘odian-

2179 1037 2267 1086 tur
2286 1029 2449 1097 oculi,
2474 1028 2780 1098 damnetur,
2803 1029 3091 1099 vinciatur,
3124 1036 3332 1099 uratur,
3364 1031 3780 1103 exterminetur,

2178 1131 2334 1194 egeat
2351 1130 2645 1195 postremo,
2671 1122 2795 1195 jure
2816 1123 2979 1182 etiam
3006 1124 3216 1198 optimo
3256 1125 3509 1183 omnibus
3530 1125 3783 1183 miserri—

2178 1230 2300 1272 mus
2351 1229 2473 1273 esse
2524 1215 2773 1273 videatur
2804 1236 2818 1274 :
2849 1225 3039 1275 contra
3085 1227 3272 1275 autem
3338 1216 3433 1276 ille
3501 1216 3786 1290 improbus

2178 1306 2446 1376 laudetur,
2472 1308 2703 1379 colatur,
2737 1309 2807 1367 ab
2851 1310 3105 1368 omnibus
3154 1309 3456 1384 diligatur;
3494 1324 3688 1368 omnes
3714 1310 3785 1368 ad

2177 1418 2303 1461 eum
2333 1404 2590 1475 honores,
2606 1404 2785 1462 omnia
2806 1405 3053 1479 imperia,
3076 1422 3267 1464 omnes
3288 1420 3443 1479 opes,
3468 1421 3662 1464 omnes
3685 1406 3784 1466 de-

2176 1498 2339 1569 nique
2384 1497 2555 1569 copiae
2604 1497 2993 1569 conferantur;
3027 1498 3110 1555 vir
3132 1500 3367 1572 denique
3391 1499 3631 1572 optimus
3661 1515 3783 1558 om-

2176 1590 2325 1646 nium
2355 1589 2774 1659 existimatione,
2804 1600 2860 1648 et
2885 1589 3237 1663 dignissimus
3264 1592 3416 1650 omni
3445 1593 3666 1650 fortuna
3689 1592 3782 1663 ju-

2176 1686 2567 1760 diceturzquis
2616 1685 2835 1745 tandem
2881 1686 2985 1745 erit
3014 1696 3123 1744 tam
3152 1684 3401 1755 demens,
3438 1688 3532 1759 qui
3572 1684 3784 1745 dubitet

2176 1789 2357 1839 utrum
2384 1795 2444 1838 se
2492 1794 2617 1839 esse
2645 1779 2820 1837 malit.
2854 1799 2874 1835 ι
2900 1778 3151 1838 Profecto
3175 1781 3329 1855 quasi
3355 1779 3640 1851 divinaret,
3657 1797 3785 1854 quae

469 1885 567 1952 tia,
599 1890 657 1940 ut
681 1894 752 1940 ne
787 1889 964 1939 morte
992 1878 1210 1952 quidem
1253 1877 1484 1949 simplici
1523 1876 1745 1948 dignam
1778 1873 2075 1947 iudicetis?
2106 1882 2153 1944 Β
2179 1873 2336 1930 nobis
2355 1872 2519 1941 mala,
2546 1881 2602 1930 et
2639 1872 2916 1945 quomodo
2944 1882 3209 1931 eventura
3234 1882 3421 1931 essent
3450 1883 3673 1945 propter
3694 1873 3783 1944 ju-

469 1978 580 2037 Sed
603 1990 769 2049 supra
797 1976 979 2033 omnia
1008 1974 1250 2031 facinora
1303 1972 1590 2038 habeatur,
1622 1969 1829 2027 nullum
1859 1968 2067 2025 facinus

467 2070 781 2139 admittere,
804 2075 1104 2142 pectusque
1135 2082 1331 2139 purum
1359 2066 1429 2121 ab
1457 2064 1604 2121 omni
1632 2062 1854 2120 sceleris
1879 2070 2068 2119 conta-

466 2168 629 2240 gione
650 2170 924 2237 praestare.
948 2162 1018 2220 Et
1037 2162 1290 2235 quoniam
1317 2158 1677 2218 communiter
1703 2173 1827 2214 cum
1845 2156 2069 2214 deorum

467 2260 766 2318 cultoribus
815 2254 1109 2330 loquimur,
1135 2255 1297 2312 liceat
1334 2269 1431 2326 per
1456 2268 1548 2311 vos
1608 2250 1930 2309 benefacere
1976 2264 2072 2307 vo-

465 2353 698 2412 biscum.
727 2352 854 2411 Haec
878 2356 964 2408 est
998 2349 1143 2407 enim
1165 2348 1252 2405 lex
1281 2356 1486 2414 nostra,
1515 2344 1621 2402 hoc
1647 2359 1805 2417 opus,
1836 2343 1954 2400 haec
1980 2358 2070 2400 re-

465 2449 615 2521 ligio.
638 2444 698 2505 Si
714 2444 868 2504 vobis
891 2444 1167 2515 sapientes
1186 2440 1453 2507 videmur,
1474 2438 1793 2495 imitamini:
1820 2438 1866 2493 si
1897 2435 2068 2503 stulti,

464 2538 816 2605 contemnite,
845 2545 938 2593 aut
982 2535 1148 2592 etiam
1196 2532 1392 2597 ridete,
1434 2531 1479 2587 si
1526 2529 1658 2585 libet
1692 2547 1706 2594 ;
1735 2526 1894 2585 nobis
1924 2529 2071 2583 enim

465 2628 694 2691 stultitia
737 2632 920 2686 nostra
942 2626 1183 2698 prodest.
1214 2623 1355 2693 Quid
1381 2621 1672 2679 laceratis?
1700 2620 1829 2692 quid
1870 2618 2069 2692 afﬂigi-

465 2724 568 2782 tis?
596 2738 704 2780 non
725 2716 1031 2778 invidemus
1056 2716 1340 2789 sapientiae
1365 2724 1585 2772 vestrae.
1610 2712 1761 2770 Hanc
1789 2713 2073 2769 stultitiam

471 2819 785 2877 malumus:
820 2812 961 2872 hanc
1013 2810 1411 2886 amplectimur.
1441 2810 1557 2867 Hoc
1603 2811 1761 2868 nobis
1802 2809 2074 2867 credimus

467 2911 745 2983 expedire,
764 2919 825 2965 ut
849 2923 949 2965 vos
975 2908 1283 2979 diligamus,
1298 2915 1353 2963 et
1374 2906 1428 2961 in
1445 2920 1544 2963 vos
1564 2904 1731 2976 ipsos,
1751 2905 1843 2977 qui
1859 2904 2071 2972 odistis,

468 3006 653 3063 omnia
679 3002 1043 3060 conferamus.

545 3096 644 3152 Est
669 3093 813 3167 apud
840 3093 1162 3150 Ciceronem
1206 3105 1315 3148 non
1343 3090 1644 3149 abhorrens
1670 3106 1705 3147 a
1741 3107 1873 3150 vero
1899 3092 2071 3165 locus,

474 3192 531 3247 in
552 3204 616 3247 ea
644 3188 1029 3261 disputatione,
1054 3203 1176 3260 qum
1195 3187 1429 3245 habetur
1454 3202 1485 3243 a
1507 3186 1670 3244 Furio
1696 3199 1885 3246 contra
1913 3190 2076 3262 justi-

476 3284 659 3341 tiam.t
691 3284 910 3354 Quaero,
939 3283 1133 3355 inquit,
1157 3282 1204 3341 si
1229 3282 1339 3341 duo
1361 3282 1492 3351 sint,
1514 3297 1742 3355 quorum
1770 3284 1911 3341 alter
1935 3285 2079 3357 optio
2102 3312 2150 3375 ο

471 3392 593 3438 mus
617 3377 723 3450 vir,
752 3376 1115 3452 aequissimus,
1142 3390 1356 3435 summa
1379 3375 1614 3448 iustitia,
1638 3376 1899 3450 singulari
1921 3378 2029 3435 ﬁde
2055 3394 2073 3445 ;

2174 1965 2396 2036 stitiam,
2412 1967 2517 2024 hoc
2541 1967 2722 2039 posuit
2739 1966 3071 2039 exemplum.
3087 1965 3217 2026 Haec
3240 1968 3389 2026 enim
3413 1967 3646 2040 populus
3677 1983 3781 2025 no-

2169 2070 2281 2119 ster
2312 2061 2509 2132 patitur
2537 2062 2738 2131 omnia,
2786 2061 3085 2118 errantium
3140 2061 3425 2133 pravitate.
3461 2060 3602 2118 Ecce
3634 2063 3691 2119 in
3716 2076 3785 2118 eo

2170 2165 2253 2215 est
2273 2172 2461 2215 errore
2488 2157 2698 2226 civitas,
2730 2156 2815 2215 vel
2854 2157 3032 2228 potius
3057 2156 3208 2214 orbis
3257 2157 3377 2229 ipse
3405 2162 3570 2223 totus,
3596 2164 3658 2212 ut
3683 2156 3787 2214 bo-

2172 2266 2272 2306 nos
2298 2260 2349 2306 et
2374 2251 2555 2322 justos
2584 2250 2756 2318 viros,
2803 2257 3076 2321 tamquam
3126 2249 3301 2306 malos
3327 2257 3383 2306 et
3409 2249 3625 2322 impios,
3649 2263 3783 2321 per-

2171 2351 2448 2415 sequatur,
2480 2343 2781 2411 excruciet,
2811 2342 3051 2413 damnet,
3083 2341 3318 2400 occidat.
3351 2342 3487 2399 Nam
3510 2338 3657 2416 quod
3683 2344 3782 2413 ait,

2173 2439 2446 2495 nemiuem
2485 2447 2742 2495 essetam
2786 2437 3117 2504 dementem,
3141 2437 3233 2509 qui
3270 2436 3484 2495 dubitet
3512 2447 3697 2494 utrum
3720 2452 3784 2494 se

2173 2547 2297 2589 esse
2325 2530 2477 2589 malit
2504 2551 2518 2601 ;
2550 2530 2643 2589 ille
2672 2530 2915 2603 quidem,
2948 2540 3007 2588 ut
3036 2531 3082 2588 is
3124 2529 3216 2602 qui
3268 2539 3459 2587 contra
3502 2530 3779 2602 justitiam

2174 2622 2497 2695 disserebat,
2526 2626 2632 2682 hoc
2657 2627 2849 2695 sensit,
2880 2625 3044 2681 malle
3084 2624 3386 2696 sapientem
3419 2622 3627 2682 malum
3649 2639 3779 2682 esse

2175 2737 2299 2779 cum
2327 2714 2470 2779 bona
2492 2721 2913 2790 existimatione,
2938 2737 3097 2794 quam
3128 2722 3329 2778 bonum
3358 2736 3484 2779 cum
3510 2721 3673 2778 mala.

2247 2814 2293 2872 A
2319 2816 2479 2872 nobis
2503 2826 2687 2873 autem
2714 2815 2856 2873 absit
2898 2812 3015 2870 haec
3035 2814 3292 2882 amentia,
3321 2818 3381 2869 ut
3421 2812 3620 2871 falsum
3646 2828 3787 2871 vero

2176 2918 2587 2982 anteponamus.
2620 2910 2706 2967 An
2754 2908 2885 2966 boni
2912 2908 3083 2964 nostri
3113 2908 3348 2980 qualitas
3374 2922 3441 2964 ex
3470 2908 3655 2979 populi
3680 2922 3785 2979 po-

2178 3006 2284 3061 tius
2311 3003 2569 3075 pendebit
2596 3002 2892 3071 erroribus,
2924 3018 3086 3075 quam
3106 3018 3175 3059 ex
3208 3001 3545 3059 conscientia
3572 3008 3793 3070 nostra,

2180 3104 2236 3154 et
2257 3095 2465 3167 judicio
2495 3095 2635 3153 Dei?
2666 3094 2774 3152 Ant
2801 3095 2979 3168 aliqua
3020 3110 3120 3153 nos
3148 3094 3338 3152 itliciet
3376 3109 3633 3166 umquam
3660 3096 3792 3153 feli-

2179 3191 2337 3260 citas,
2357 3198 2417 3247 ut
2439 3205 2548 3247 non
2568 3190 2747 3262 potius
2769 3205 2952 3247 veram
2972 3189 3273 3248 bonitatem
3289 3206 3414 3248 cum
3439 3191 3591 3248 omni
3612 3192 3796 3262 malo,
3883 3214 3887 3219 ’

2183 3299 2349 3355 quam
2387 3283 2576 3340 falsam
2606 3300 2731 3341 cum
2761 3283 2911 3340 omni
2941 3284 3302 3356 prosperitate
3344 3283 3651 3342 malimus?
3680 3285 3795 3343 Sua

2181 3379 2287 3435 sibi
2313 3371 2546 3436 habeant
2564 3394 2733 3452 regna
2761 3393 2943 3452 reges,
2973 3392 3099 3438 suas
3125 3377 3341 3438 divitias
3367 3378 3565 3438 divites
3595 3378 3683 3452 (ut
3709 3378 3796 3436 lo-

1846 3514 2215 3577 VARIORUM
2248 3514 2486 3575 NOTAE.
3103 3502 3106 3506 Δ

474 3666 481 3675 ’
555 3663 829 3725 Domitius.
860 3659 1121 3733 Ulpianus
1172 3658 1402 3733 scilicet,
1448 3654 1672 3733 Adriani
1726 3657 2071 3733 imperatoris
2205 3731 2216 3733 _
2250 3656 2424 3733 Liceat
2451 3671 2649 3733 perluat:
2687 3656 2982 3733 benefacere
3006 3657 3302 3733 Δροιιὶισιιηι.
3337 3655 3433 3733 lta’
3455 3668 3600 3733 cum
3624 3656 3797 3733 gan-

480 3740 816 3799 Scriniorum
862 3728 1140 3804 magister,
1191 3729 1434 3804 secundo
1476 3729 1610 3785 vixit
1658 3728 1882 3804 saeculo,
1911 3739 2075 3800 atque
2180 3728 3092 3804 tiquissimis_Reg.multisqueeliis
3118 3729 3802 3804 mattttscriptiseditiduo-

484 3813 688 3886 Tyrius
728 3814 864 3886 erat.
896 3800 1067 3875 Hujus
1112 3804 1181 3886 de
1226 3801 1871 3886 principum.”rescriptis
1918 3811 2078 3859 erant
2182 3801 2377 3858 decim.
2401 3800 2609 3886 ,ξετεριί
2651 3801 2684 3855 5
2720 3815 2829 3886 rec.
2876 3810 2931 3886 et
2957 3802 3156 3886 v‘u‘lga'ti
3186 3800 3258 3869 4,
3289 3817 3418 3886 ἠεξ
3450 3816 3538 3857 vos
3592 3801 3802 3886 bene!»

486 3870 613 3940 olim
636 3880 759 3938 libri
787 3870 1020 3947 decerni:
1051 3875 1145 3931 sed
1168 3870 1428 3947 quorum:
1450 3871 1584 3947 nihil
1615 3870 1779 3930 hodie
1802 3886 2076 3947 superest,
2183 3888 2298 3947 cere
2325 3870 2606 3947 nobiscum,
2636 3887 2765 3928 mss.
2796 3871 2831 3947 ἒξ
2857 3880 2911 3928 et
2937 3870 3072 3928 edd.‘
3097 3872 3253 3927 Rom.
3282 3870 3441 3947 1470,
3467 3888 3681 3947 pernae
3710 3875 3803 3947 be-

492 3955 598 4011 nisi
638 3953 957 4022 fragmenta,
991 3945 1046 4022 in
1064 3942 1206 4003 titul.
1235 3943 1509 4022 de‘Oﬂicio
1536 3942 1889 4022 proconsulis:
2186 3943 2419 4022 neigfere
2441 3944 2723 4022 uobiscum;
2740 3944 2979 4022 quinque
3010 3959 3170 4022 manu
3194 3946 3398 4000 exarati
3418 3942 3797 4002 etedit.Basil.

565 4013 748 4078 Libro'
764 4019 996 4092 septimo.
1023 4016 1100 4073 ιω
1127 4031 1258 4092 mss.
1290 4013 1501 4092 1_B_t_)n._
1527 4013 1723 4092 antig.,
1754 4017 1782 4092 _1
1816 4014 1950 4090 Reg.
1982 4034 2082 4074 an-
2195 4013 2473 4092 1573?,per
2509 4031 2601 4092 nos
2623 4013 2916 4092 benefacere
2940 4014 3221 4070 nobiscum.

495 4096 592 4167 tiq.
621 4092 787 4167 etalii
811 4085 884 4167 23
910 4104 1033 4167 cum
1055 4087 1275 4167 excusis
1292 4086 1374 4142 12.
1392 4086 1469 4167 Et
1488 4085 1625 4142 hanc
1648 4085 1937 4167 metientem
1964 4105 2090 4160 pro-
2203 4158 2239 4167 _
2272 4085 2437 4167 globis
2477 4088 2611 4167 enim
2648 4087 2866 4167 stultitia
2908 4094 3084 4167 nostra
3106 4087 3329 4167 prodest.
3355 4086 3736 4167 Ἀρι-61168..
3770 4088 3805 4142 9.

498 4156 629 4225 bant
654 4163 900 4236 Cuiacius
933 4160 1103 4236 _librq_
1130 4175 1169 4236 ιι
1214 4157 1526 4236 Observat.,
1570 4157 1743 4236 c._}>4_,
1771 4171 1827 4217 et
1854 4156 2093 4236 Thdma-
2197 4156 2674 4236 Colbert.,Brun_.,
2698 4160 2856 4236 vobis,
2891 4166 2997 4236 etc.
3019 4158 3261 4236 Utraque
3286 4158 3451 4236 lectio
3488 4156 3807 4236 ha_be_t'sen-

499 4239 613 4297 sius
639 4237 695 4294 in
728 4228 903 4291 'notis.
933 4231 992 4289 In
1020 4230 1195 4304 editis
1206 4231 1447 4301 quinque
1483 4237 1579 4304 est
1607 4228 1748 4286 libris
1778 4242 2012 4304 septem,-
2043 4232 2096 4287 in
2199 4245 2318 4304 sum
2345 4246 2519 4304 suum.
2551 4230 2705 4304 Prior
2724 4230 2886 4304 lectio
2908 4231 3061 4304 nobis
3077 4231 3273 4304 melior
3301 4230 3661 4304 videtur.Vid.
3684 4244 3800 4302 seq.

382 4334 391 4345 ρ
499 4308 849 4394 βεςίο-ᾙιιςη
879 4304 1069 4374 Cane,
1097 4303 1126 4361 1
1156 4300 1396 4358 Clarum.
1424 4340 1441 4370 ,
1481 4302 1521 4357 ι.
1557 4317 1632 4357 vn
1660 4306 1807 4375 quod
1834 4300 2097 4361 "bifariam

503 4383 607 4455 legi
635 4384 829 4454 potest.

575 4473 844 4545 Rescripta
887 4469 1178 4545 principum
1199 4468 1423 4545 nefaria.
1453 4467 1536 4545 E_x
1587 4468 1841 4526 omnibus
1879 4478 2102 4545 mss._et

505 4548 666 4607 editis
685 4540 855 4607 ferme
879 4540 1313 4612 roposuivocem
1335 4540 1649 4612 principum,
1677 4556 1800 4612 quae
1815 4540 2096 4597 nonnullis

506 4619 736 4691 vulgatis
759 4613 1012 4691 deest._ln_
1037 4613 1064 4668 1
1098 4611 1242 4691 _Reg.
1274 4611 1653 4691 antiquissimo
1676 4613 1873 4691 legitur
1903 4614 2098 4691 scripta

507 4682 797 4765 principum
845 4684 1065 4757 nefaria.
1098 4682 1157 4739 In
1203 4682 1525 4754 quibusdam
1559 4682 1929 4741 editis‘deest
1956 4682 2102 4755 prin-

507 4779 698 4819 mnum.

556 4782 721 4900 p533}:
740 4830 803 4885 iis
831 4826 1012 4902 facias.
1047 4822 1124 4902 Ita
1147 4826 1350 4902 passim
1378 4822 1710 4902 Lactantius.

582 4895 893 4960 Prudenter.
922 4897 1118 4971 Pungit
1146 4896 1234 4950 hic
1274 4895 1518 4971 Lactant.
1559 4895 1984 4967 jureconsultos,
2012 4901 2105 4971 qui

513 4976 641 5035 olim
670 4962 1316 5047 prudentes_vo§abantur.
1340 4996 1407 5047 -_—
1435 4962 1614 5047 {ustas
1638 4984 1692 5023 se
1735 4985 1841 5047 esse
1861 4962 2101 5028 tamen...

512 5035 681 5105 videri
699 5045 890 5111 volunt.
926 5038 1090 5111 Goth.
1119 5049 1347 5111 ostentm
1371 5035 1549 5111 habet.
1575 5036 1756 5109 Rost.,
1774 5038 1938 5111 Ven.,
1959 5051 2106 5100 utra-

515 5136 619 5190 que
658 5108 1011 5190 1418,1515,
1042 5110 1240 5190 Paris,
1261 5109 1443 5190 .Cr_at.,
1471 5109 1695 5183 Gymn.,
1717 5112 1888 5190 justas
1918 5108 2107 5190 essese

516 5180 703 5244 tamen.
733 5180 966 5242 Reimm.
996 5189 1051 5239 et
1085 5180 1297 5252 reliqui,
1321 5182 1490 5252 justas
1513 5180 1567 5236 se
1594 5180 1771 5239 esse...
1795 5184 2000 5242 volunt.
2028 5186 2108 5244 De
2140 5247 2145 5251 ξ

516 5264 622 5316 hoc
645 5258 945 5314 archaismo
968 5251 1128 5324 Conf.
1155 5248 1287 5324 not.
1318 5248 1386 5308 ad
1412 5252 1454 5307 l.
1480 5268 1536 5322 v,
1564 5269 1616 5310 c.
1641 5255 1735 5324 20,
1765 5263 1820 5312 et
1858 5254 1928 5312 ad
1954 5258 1991 5313 l.
2037 5258 2106 5315 de

518 5330 675 5388 Mort.
698 5326 938 5395 Persem,
967 5342 1018 5382 c.
1052 5323 1143 5380 14.
1177 5323 1314 5395 Bon.

591 5398 807 5459 Sceleris
829 5388 1145 5469 contagione.
1192 5394 1320 5452 Mss.
1345 5395 1383 5451 2
1419 5388 1554 5469 Reg.
1583 5405 1640 5454 et
1661 5394 1696 5452 5
1733 5395 1933 5471 Oxon.,
1964 5402 2106 5475 cogi-

521 5483 932 5599 l(“signinaaiter
1171 5539 1445 5610 loquimur.
1473 5537 1602 5595 Mihi
1629 5556 1737 5596 non
1769 5543 2111 5603 incommode

519 5617 728 5673 videtur
775 5610 861 5666 hic
888 5610 1067 5666 valere
1095 5610 1149 5664 in
1177 5628 1378 5682 genere,
1407 5611 1462 5667 in
1489 5614 1779 5669 universum
1803 5632 1823 5682 ;
1851 5633 1955 5672 non
1983 5634 2110 5673 cum

520 5686 605 5744 his
632 5685 1074 5759 illisve‘lant-umj
1105 5682 1176 5759 ita
1207 5693 1450 5759 maneret
1478 5684 1696 5759 antiqua
1723 5685 2007 5759 elegantia.
2035 5684 2112 5744 ita

519 5769 721 5829 auctor;
736 5748 1099 5829 Epithalamii_
1115 5746 1455 5829 Maximiano»
1471 5764 1535 5829 et
1572 5746 1927 5829 constantino
1957 5761 2111 5829 dicti,

518 5847 569 5889 ο,
683 5822 1028 5956 Οὲῗιηιιηὶιει·
1047 5823 1213 5880 dicere
1234 5866 1252 5895 ,
1279 5834 1335 5882 et
1359 5842 1411 5883 c.
1436 5822 1525 5892 1'5,
1548 5828 1825 5897 separatim
1854 5831 1994 5903 loqui
2014 5822 2113 5903 op;

518 5918 641 5956 DOIII
674 5942 687 5955 ι
795 5913 847 5954 Ν.

516 5903 687 5977 ponit.
718 5903 847 5956 Ben.

2278 4302 2381 4386 Qui
2409 4302 2609 4379 odistis.
2641 4300 2775 4358 Cum
2799 4301 3031 4359 Franeio
3052 4302 3286 4359 libenter
3310 4302 3569 4373 legerem,
3595 4303 3685 4374 qui
3710 4300 3804 4358 nos

2203 4374 2408 4514 θάῗέιὲ
2436 4445 2647 4501 habetur
2672 4460 2714 4499 at
2745 4445 2909 4500 Furio
2937 4454 3117 4501 contra
3126 4445 3409 4516 justitiam.
3444 4442 3584 4502 Vide
3606 4446 3669 4502 S.
3697 4447 3807 4501 Au-

2206 4520 2498 4589 gustinum,
2538 4518 2589 4589 il.
2624 4533 2660 4572 ιι
2687 4517 2757 4573 de
2810 4516 2967 4573 Civit.
3020 4517 3141 4583 Dei,
3170 4532 3221 4589 _c.
3272 4518 3361 4573 21.
3387 4517 3564 4573 Locus
3594 4518 3689 4575 ille
3739 4532 3807 4574 ex

2122 4583 2175 4644 D
2200 4580 2493 4656 Cicerone,
2513 4588 2608 4645 lib.
2639 4605 2699 4645 ιιι
2724 4590 2792 4645 de
2821 4580 3497 4658 Republica'depromptus
3544 4598 3653 4645 est.
3712 4589 3808 4644 Hic

2207 4660 2515 4718 Lactantius
2561 4661 2759 4717 eximie
2783 4656 2983 4717 refellit
3012 4656 3318 4730 paradaiton
3371 4656 3433 4715 L.
3464 4656 3622 4716 Furii
3677 4661 3805 4716 Phi—

2208 4734 2347 4790 lonis
2401 4733 2658 4804 oratoris,
2687 4732 2778 4803 qui
2821 4733 3043 4802 Optabat
3081 4732 3253 4804 magis
3278 4733 3497 4804 sapiens
3520 4740 3578 4787 et
3606 4734 3807 4802 probus

2206 4805 2396 4872 videri,
2415 4820 2540 4862 cum
2564 4804 2704 4860 foret
2737 4804 2932 4870 malus,
2959 4818 3119 4874 quam
3141 4803 3315 4859 malus
3342 4804 3667 4874 existimari,
3685 4818 3806 4859 cum

2206 4877 2348 4934 foret
2378 4880 2569 4934 bonus.
2596 4874 2865 4932 Caeterum
2897 4873 3179 4946 personas,
3203 4890 3325 4945 quae
3353 4873 3407 4930 in
3423 4874 3593 4946 libris
3616 4875 3689 4932 de
3707 4875 3809 4930 Re-

2208 4949 2418 5021 publica
2447 4946 2822 5019 loquebantur,
2837 4940 3087 5004 recenset
3107 4940 3248 5015 ϐιοῖ,
3275 4947 3313 5003 1.
3339 4960 3393 5002 tv
3420 4940 3597 5018 Epist.
3619 4946 3692 5003 ad
3718 4948 3812 5003 At-

2210 5021 2396 5076 ticum.
2421 5036 2510 5076 en.
2536 5036 2631 5075 xv.
2954 5036 2957 5041 ⁴

2210 5033 2396 5077 ticum.
2421 5036 2510 5077 en.
2536 5036 2631 5075 XV.
2954 5036 2957 5041 ‘

2279 5037 2664 5163 gestabat.
2687 5091 2879 5163 scelere
2895 5099 2943 5145 et
2973 5090 3212 5147 audacia.
3233 5088 3308 5163 Ita
3337 5103 3459 5163 cum
3485 5090 3523 5146 5
3540 5097 3652 5147 vel.
3676 5090 3804 5148 edit.

2207 5164 2368 5220 Rom.
2399 5174 2453 5221 et
2472 5164 2671 5221 Ccllar.
2701 5162 2828 5220 Mss.
2849 5174 3045 5219 novem
3076 5180 3092 5218 :
3122 5162 3267 5234 quod
3294 5162 3491 5219 melius
3514 5164 3811 5234 respondet

2208 5235 2676 5309 praecedentibus,
2717 5248 2876 5306 quam
2927 5235 3121 5306 insigni
3158 5236 3378 5302 scelere,
3414 5234 3483 5290 1'5
3507 5234 3809 5292 manuscri-

2210 5307 2422 5380 ptorum
2452 5318 2506 5365 et
2532 5307 2599 5363 16
2626 5308 3034 5380 impressorum.

2284 5378 2580 5437 Existimat.
2625 5378 2717 5437 Sic
2761 5394 2953 5435 omnes
2994 5390 3165 5449 prope
3202 5392 3333 5435 mss.
3358 5378 3500 5434 inter
3520 5392 3658 5449 quos
3682 5385 3808 5434 sunt

2209 5451 2589 5524 antiquissimi,
2620 5458 2676 5509 et
2715 5458 2827 5507 vet.
2878 5448 3012 5507 edit.
3042 5448 3111 5506 ac
3132 5449 3334 5524 Qellar.
3360 5459 3415 5505 et
3456 5448 3803 5524 ,watcnzns.

2210 5521 2358 5594 Lips.
2385 5524 2673 5590 existimat;
2695 5525 2722 5579 1
2758 5523 2891 5595 Reg.
2922 5536 3034 5579 rec.
3060 5530 3115 5579 et
3141 5522 3335 5589 Brun.,
3357 5522 3594 5587 (enimet;
3618 5524 3646 5578 1
3674 5521 3806 5592 Reg.

2210 5610 2321 5651 rec.
2351 5604 2407 5651 et
2434 5610 2531 5653 sex
2558 5597 2714 5664 edit.,
2742 5596 3076 5651 existimetur.

2288 5665 2533 5741 Omnibus
2561 5669 2876 5725 miserrimus
2902 5683 3011 5723 esse
3045 5666 3296 5741 uideatur.
3329 5666 3367 5721 2
3389 5664 3547 5723 Colb.
3581 5675 3639 5722 et
3662 5664 3811 5733 Em.,

2209 5740 2461 5795 omnium.

2221 5819 2230 5828 ’
2285 5830 2548 5907 Eveniunt
2575 5840 2759 5891 essent.
2788 5833 2816 5890 1
2846 5834 2983 5907 Reg.
3002 5831 3477 5907 rec.et157editi,
3503 5838 3731 5907 uentura.

2214 5962 2223 5977 ,
2290 5906 2402 5963 Sua
2424 5906 2520 5963 sibi
2536 5906 2753 5966 habeant
2766 5900 3118 5983 regna'reges,‘
3129 5923 3249 5964 suas
3262 5900 3673 5977 divitias‘divites,
3699 5900 3803 5960 etc.
