4090 6354
459 294 564 352 591

1555 288 1743 346 FIRM.
1786 287 2155 348 LACTANTII
2196 284 2402 346 DlVlN.
2445 283 2694 347 lNS’I‘lT.

3664 291 3766 348 592

456 411 762 468 debuerant
787 406 986 479 aliquid
1035 405 1087 461 in
1135 417 1199 462 ea
1233 417 1296 462 re
1323 417 1446 461 esse
1488 406 1748 473 rationis,
1781 408 1923 477 quod
1953 423 2058 464 non
2087 412 2142 472 Α
2166 407 2422 477 incipiant
2462 406 2606 479 quod
2634 420 2731 478 per
2778 411 3045 462 tormenta
3077 395 3354 463 fecerunt.
3386 404 3522 474 Quis
3551 405 3604 463 id
3650 408 3764 464 olli-

458 507 580 563 sine
606 519 763 560 causa
787 517 954 572 usque
981 500 1047 556 ad
1073 509 1299 555 mortem
1328 499 1679 567 defendatur;
1711 501 1908 572 aliquid
1942 501 2063 557 fun-

460 599 697 656 damenti
722 613 785 654 ac
811 595 1120 660 soliditatis,
1145 593 1288 665 quod
1314 609 1432 649 eam
1465 594 1781 665 religionem
1811 611 1916 650 nou
1948 605 2066 649 tan-

459 701 575 747 tum
608 690 821 760 injuriis
841 705 903 745 ac
923 688 1213 744 vexatione
1237 704 1342 742 non
1371 689 1572 752 solvat,
1595 689 1689 745 sed
1718 697 1908 760 augeat
1926 704 2069 743 sem-

456 798 590 854 per,
640 792 694 837 et
746 781 904 838 faciat
963 781 1280 836 firmiorem.
1324 780 1458 835 Nam
1512 790 1567 836 et
1597 782 1650 836 in
1701 781 1806 838 hoc
1853 797 2068 852 quoque

456 875 660 931 malitia
691 875 906 930 illorum
933 874 1295 942 convincitur,
1325 875 1416 946 qui
1439 876 1702 931 evertisse
1733 891 1792 931 se
1823 875 2065 930 funditus

457 968 774 1038 religionem
811 967 901 1023 Dei
922 969 1235 1038 opinantur,
1263 967 1309 1021 si
1349 967 1596 1022 homines
1627 967 2058 1036 inquinaverint;

453 1073 578 1116 enm
609 1070 663 1115 et
693 1061 803 1116 Deo
831 1060 1147 1116 satisfacere
1191 1060 1352 1116 liccat
1378 1102 1392 1122 ,
1425 1069 1479 1115 et
1511 1060 1688 1116 nullus
1715 1062 1782 1116 sit
1814 1073 1920 1116 tam
1951 1077 2068 1116 ma-

464 1155 550 1209 lus
594 1153 690 1208 Dei
738 1155 934 1220 cultor,
975 1155 1104 1224 quin
1150 1154 1274 1208 data
1327 1154 1599 1220 facultate,
1635 1154 1702 1209 ad
1753 1154 2067 1225 placandum

457 1244 630 1301 Deum
662 1254 995 1310 revertatur;
1025 1253 1081 1300 et
1106 1244 1325 1315 quidem
1356 1244 1645 1302 devotione
1683 1245 1894 1316 majori.
1927 1246 2064 1302 Pec-

456 1339 561 1394 cati
588 1337 732 1394 enim
777 1338 1106 1394 conscientia
1155 1347 1210 1394 et
1257 1346 1432 1393 metus
1463 1353 1638 1409 paena:
1669 1338 2065 1409 religiosiorem

452 1431 616 1497 facit;
657 1441 712 1488 et
755 1447 974 1502 semper
998 1431 1169 1488 multo
1199 1431 1410 1487 ﬁrmior
1456 1442 1542 1488 est
1586 1431 1720 1488 ﬁdes
1762 1448 1922 1502 quam
1976 1449 2068 1489 re-

453 1526 611 1596 ponit
643 1525 980 1594 paenitentia.

531 1617 588 1673 Si
615 1633 745 1688 ergo
778 1618 913 1688 ipsi,
941 1633 1064 1672 cum
1089 1617 1223 1673 deos
1249 1619 1348 1674 sibi
1379 1619 1706 1674 arbitrantur
1748 1619 1935 1686 iratos,
1971 1630 2058 1674 ta-

453 1725 581 1766 men
604 1709 760 1765 donis
781 1752 794 1775 ,
826 1719 881 1765 et
909 1709 1209 1776 sacrificiis,
1241 1721 1292 1766 et
1317 1711 1572 1767 odoribus
1599 1711 1794 1781 placari
1826 1726 1921 1767 cos
1943 1727 2064 1768 cre-

2168 503 2307 556 cimn
2339 502 2506 556 libens
2545 503 2725 567 obeat,
2750 502 2889 572 quod
2919 502 2988 556 ab
3036 502 3228 572 injuria
3259 503 3457 574 οωρίιῖν
3479 504 3614 572 Quis
3643 520 3764 560 cum

2167 594 2346 651 videat
2375 595 2602 652 laterum
2648 611 2867 650 suorum
2900 595 3201 663 cientrices,
3235 612 3340 651 nou
3391 597 3562 668 tuagis
3593 597 3769 652 oderit

2169 687 2320 756 deos,
2354 696 2574 759 promer
2597 703 2735 759 quos
2755 698 2956 744 mterna
2984 703 3260 758 poenarum
3291 688 3539 758 insignia,
3569 697 3626 744 et
3663 691 3767 744 im-

2171 795 2385 850 pressas
2411 781 2707 837 visceribus
2739 781 2851 837 suis
2889 790 3045 836 notas
3075 781 3285 852 gestet?
3327 780 3400 835 Ita
3432 782 3492 836 fit
3520 791 3611 847 nt,
3645 781 3766 838 data

2169 873 2423 929 divinitus
2463 889 2634 945 pace,
2681 883 2736 929 et
2774 877 2862 946 qui
2910 873 3111 937 fuerint
3151 874 3360 938 aversi,
3408 874 3666 938 redeant,
3718 883 3771 930 et

2173 965 2310 1020 alius
2357 975 2576 1037 pr0pter
2605 965 2921 1022 miraculum
2953 965 3167 1021 virtutis
3216 981 3385 1022 novus
3410 968 3640 1038 populus
3676 983 3768 1022 ac-

2168 1061 2343 1116 cedat.
2371 1059 2501 1114 Nam
2526 1076 2648 1115 cum
2681 1061 2854 1116 videat
2883 1061 3070 1132 vulgus
3090 1061 3374 1116 dilacerari
3403 1061 3650 1116 homines
3677 1078 3772 1117 va-

2167 1155 2260 1209 riis
2289 1163 2675 1210 tormentorum
2707 1154 3020 1224 generibus,
3052 1163 3107 1210 et
3136 1155 3276 1210 inter
3313 1154 3563 1225 fatigatos
3591 1159 3774 1212 carui-

2169 1247 2299 1303 lices
2326 1247 2578 1302 invictam
2611 1255 2797 1302 tenere
2824 1246 3155 1317 patientiam,
3184 1247 3513 1310 existimant,
3543 1245 3596 1302 id
3627 1247 3773 1318 quod

2167 1356 2258 1398 res
2282 1349 2383 1406 est,
2416 1355 2514 1395 nec
2533 1355 2856 1394 consensum
2892 1350 2998 1394 tam
3028 1340 3316 1395 multorum
3340 1382 3355 1406 ,
3388 1355 3485 1395 nec
3513 1355 3773 1410 perseve-

2168 1433 2400 1487 rantiam
2438 1435 2782 1489 morientium
2814 1447 3007 1487 vanam
3031 1446 3174 1498 esse,
3207 1446 3306 1487 nec
3349 1432 3516 1503 ipsam
3561 1434 3776 1502 patien-

2168 1524 2297 1580 tiam
2329 1526 2449 1581 sine
2489 1526 2598 1582 Deo
2633 1527 2902 1581 cruciatus
2929 1535 3108 1580 tantos
3137 1539 3298 1595 posse
3337 1540 3616 1594 superare.
3670 1526 3776 1582 La-

2168 1628 2349 1674 trones
2374 1626 2430 1673 et
2457 1618 2663 1674 robusti
2703 1621 2944 1689 corporis
2972 1618 3068 1672 viri
3098 1617 3361 1687 ejusmodi
3413 1617 3776 1676 lacerationes

2167 1708 2407 1780 perferre
2454 1718 2773 1781 nequeunt:
2806 1708 3132 1772 exclamant,
3181 1717 3236 1763 et
3281 1708 3516 1778 gemitus
3565 1708 3774 1775 edunt;

453 1805 589 1860 dunt
621 1822 636 1861 :
661 1803 784 1874 quid
812 1814 897 1860 est
927 1804 1138 1859 tandem
1161 1846 1176 1872 ,
1205 1819 1302 1861 cur
1347 1807 1510 1861 Deum
1544 1816 1786 1862 nostrum
1819 1818 1924 1861 tam
1958 1807 2056 1862 im-
2085 1809 2134 1868 B
2161 1803 2448 1857 vincuntur
2463 1803 2610 1857 enim
2631 1801 2972 1872 dolore,quia
2986 1801 3143 1857 deest
3158 1799 3268 1855 illis
3291 1801 3548 1870 inspirata
3569 1805 3786 1871 patien-

452 1897 660 1964 mitem,
689 1906 795 1951 tam
845 1897 1237 1966 implacabilem
1269 1907 1475 1968 putent,
1507 1909 1564 1952 tit
1593 1900 1824 1954 videatut
1867 1901 1910 1954 is
1944 1900 2054 1970 jam

453 1991 782 2046 cnristianus
802 2005 923 2046 esse
953 2007 1058 2046 non
1081 2005 1263 2060 posse,
1285 1993 1375 2062 qui
1401 1993 1504 2046 diis
1524 2007 1710 2048 eorum
1735 2001 1953 2049 coactus
1977 1993 2060 2048 in-

450 2083 702 2152 vitusque
727 2082 1018 2138 libaverit?
1051 2085 1153 2139 nisi
1186 2084 1320 2140 forte
1341 2087 1737 2142 contaminatos
1765 2087 1938 2143 semel
1959 2103 2059 2159 pu-

452 2183 571 2230 tant
596 2175 832 2232 animum
873 2177 1253 2242 translaturos,
1297 2186 1355 2232 ut
1377 2193 1474 2233 sua
1509 2190 1703 2250 sponte
1724 2179 1835 2249 jam
1874 2179 2056 2236 facere

2167 1896 2262 1951 tia.
2292 1894 2473 1952 Nostri
2501 1906 2678 1952 autem
2701 1893 2796 1966 (ut
2817 1895 2884 1950 de
2909 1895 3038 1950 viris
3074 1894 3314 1965 taceam)
3349 1896 3532 1965 pueri,
3566 1904 3624 1951 et
3652 1912 3779 1952 mu-

2167 1989 2429 2054 lierculae,
2465 1999 2696 2044 tortores
2743 2002 2871 2044 suos
2913 1988 3057 2042 taciti
3089 1987 3344 2046 vincunt:
3371 1996 3428 2042 et
3465 1989 3777 2058 exprimere

2166 2083 2274 2138 illis
2301 2082 2560 2153 gemitum
2584 2096 2685 2137 nec
2712 2080 2852 2152 ignis
2885 2088 3079 2151 potest.
3114 2078 3255 2134 Eant
3296 2079 3546 2146 Romani,
3571 2090 3628 2136 et
3657 2080 3779 2135 Mu-

2165 2179 2241 2233 tio
2266 2178 2584 2250 glorientur,
2613 2184 2706 2232 aut
2754 2175 2999 2249 Regulo:
3024 2189 3254 2246 quorum
3296 2174 3434 2231 alter
3471 2174 3777 2231 necandum

1795 2313 2158 2373 VARIORUM
2194 2313 2426 2371 NOTAE.

446 2454 500 2508 in
523 2452 763 2522 pluribus
793 2451 1058 2522 epistolis,
1087 2470 1120 2505 a
1149 2461 1195 2506 te
1245 2453 1418 2521 accepi
1461 2453 1672 2508 litteras.
1723 2453 1854 2508 Item
1903 2453 2044 2523 apud

444 2526 765 2589 Arnobium,
794 2524 887 2577 lib.
921 2540 990 2576 vn
1020 2523 1278 2578 adversus
1306 2526 1538 2588 Gentes,
1569 2542 1684 2578 cunt
1713 2526 1923 2579 deorum
1945 2526 2046 2580 sint

440 2597 704 2650 sententia:
746 2595 977 2664 dispares
1024 2596 1419 2666 substantiwque
1463 2614 1564 2650 non
1612 2612 1744 2650 unae.
1803 2597 1929 2652 ll.ec
1979 2597 2047 2651 ad

445 2668 850 2739 grammaticos.

519 2739 654 2806 Quin
680 2739 804 2791 data
833 2737 1096 2805 facultate,
1126 2737 1194 2790 ad
1217 2738 1530 2806 placandum
1558 2738 1721 2791 Deum
1743 2747 2045 2793 revertatur.

447 2810 536 2864 Sic
563 2808 774 2864 restitui
797 2825 862 2864 ex
891 2810 1142 2862 omnibus
1167 2824 1334 2878 prope
1359 2825 1488 2863 mss.
1523 2821 1576 2864 et
1606 2808 1640 2862 5
1673 2820 1776 2864 vet.
1810 2811 2044 2864 excusis.

448 2881 505 2935 ln
535 2882 562 2936 1
603 2881 732 2950 Reg.
764 2895 874 2934 rec.
905 2889 961 2933 et
987 2878 1021 2934 9
1051 2879 1210 2932 editis
1242 2896 1352 2934 rec.
1382 2881 1535 2950 qui...
1561 2898 1680 2934 non.
1731 2879 1858 2936 Mss.
1885 2880 2048 2936 Cauc.

449 2960 505 3008 et
533 2954 559 3008 1
592 2951 768 3020 Lips.,
797 2950 865 3004 ad
889 2950 1153 3019 placidum
1177 2950 1359 3004 Deum.

521 3042 802 3098 Devotione
828 3043 1032 3113 majori.
1057 3041 1140 3096 Fit
1171 3042 1456 3112 aliquando
1477 3052 1534 3098 ut
1562 3044 1718 3114 lapsi,
1745 3044 1832 3114 qui
1861 3045 1928 3098 ad
1961 3060 2048 3100 sa-

443 3116 653 3172 niorem
680 3115 838 3168 vitam
868 3124 1210 3168 revertuntur
1233 3115 1419 3184 ntajori
1453 3117 1736 3180 devotione,
1765 3134 1921 3185 quant
1953 3134 2046 3171 an-

444 3199 529 3243 tea
578 3188 740 3240 Deum
794 3185 1047 3255 diligant;
1101 3203 1204 3239 non
1238 3201 1366 3240 vero
1421 3187 1610 3256 majori
1641 3203 1854 3253 semper
1880 3189 2046 3242 devo-

447 3260 611 3322 tione,
646 3273 803 3328 quam
835 3257 869 3310 ii
898 3256 988 3326 qui
1037 3272 1298 3324 nusquam
1353 3258 1484 3326 lapsi
1538 3268 1681 3311 sunt.
1732 3258 1840 3313 Nec
1886 3260 2047 3328 igitur

444 3330 820 3402 paenitendum
860 3328 991 3382 fides
1043 3329 1246 3382 firmior
1273 3338 1365 3402 est
1385 3345 1546 3398 quam
1577 3330 1708 3384 fides
1738 3346 1923 3384 eorum
1954 3333 2044 3400 qui

444 3400 564 3456 eam
618 3400 867 3471 religiose
921 3409 1292 3454 servaverunt.
1325 3400 1402 3455 ‘ln
1460 3404 1595 3454 hanc
1622 3417 1750 3471 ergo
1781 3402 2045 3457 Lactantii

447 3473 757 3541 Opinionem
806 3480 953 3526 recte
981 3471 1374 3526 animadvertet
1397 3471 1680 3542 theologus
1702 3479 1928 3544 quisque
1951 3490 2044 3530 ca-

457 3544 710 3598 thohcus.

522 3615 692 3669 Multo
714 3615 977 3684 ﬁrmior...
1000 3613 1275 3669 Catholice
1303 3623 1487 3669 contra
1514 3614 1842 3680 Donatistas,
1867 3617 2046 3686 poeni-

449 3687 669 3744 tentiam
701 3687 863 3754 lapsis
892 3686 1243 3755 dem-gantes.

529 3758 666 3826 Quid
696 3768 767 3811 est
785 3758 1008 3819 tandem,
1027 3773 1136 3809 cur.
1171 3756 1246 3809 lta
1269 3757 1448 3812 scribo
1475 3773 1596 3812 cum
1624 3772 1756 3813 mss.
1780 3759 1816 3813 2
1837 3758 2041 3814 Bonon.

448 3843 762 3900 septemque
787 3827 907 3881 aliis
933 3845 996 3881 ac
1025 3829 1156 3900 edit.
1181 3829 1339 3882 Rotn.
1367 3827 1528 3895 1474,
1555 3840 1609 3882 et
1629 3830 1825 3884 Cellar.
1857 3831 1984 3885 Mss.
2015 3832 2048 3885 7

448 3898 606 3971 Reg.,
638 3899 778 3954 inter
803 3912 937 3966 quos
967 3909 1089 3952 sunt
1110 3898 1218 3953 duo
1239 3901 1620 3970 antiquissimi,
1652 3903 1746 3955 eti
1774 3901 1929 3955 Colb.
1956 3903 2050 3956 ba-

448 3970 577 4025 bent
607 3980 818 4041 ,Atamen
849 3970 1205 4041 cur;ginepte,
1238 3984 1358 4041 cum
1408 3986 1532 4025 mox
1563 3981 1729 4025 tamen
1758 3988 2051 4041 prtecesse-

448 4043 543 4097 rit.
565 4041 599 4094 5
619 4039 886 4113 Colbert._,
910 4042 935 4113 l
955 4039 1189 4113 (llarom.
1216 4050 1270 4093 et
1293 4040 1359 4113 id
1387 4043 1653 4110 impressi,
1678 4039 1799 4113 quid
1828 4056 1902 4098 est
1933 4055 2048 4099 tan-

452 4113 569 4167 dem
595 4112 750 4182 quod.
772 4110 977 4164 --Lib.
1004 4126 1042 4173 1,
1075 4112 1219 4182 c.7'1'7
1248 4130 1259 4162 ;
1288 4111 1416 4164 Erat
1462 4113 1634 4180 plane,
1665 4110 1774 4168 cur.
1808 4114 1966 4180 lbid.,
1996 4133 2044 4172 c.

454 4184 522 4238 18
547 4203 560 4238 :
588 4182 680 4237 Est
703 4199 834 4255 vero,
865 4181 1156 4255 _cur.__Conf.
1183 4182 1274 4235 lib.
1305 4199 1504 4255 uti-ap.
1531 4184 1597 4255 li;
1632 4185 1666 4238 l.
1699 4201 1912 4255 m,eap.
1950 4190 2044 4254 l7;

447 4255 636 4310 Heius.
659 4254 724 4308 ad
745 4253 925 4319 Ovid.,
960 4253 1174 4307 Metam.
1199 4269 1257 4315 tt.
1289 4269 1344 4308 v.
1363 4253 1467 4310 518
1492 4274 1503 4308 :
1527 4253 1618 4308 Est
1635 4273 1768 4321 vero,
1793 4253 1900 4310 cur.
1927 4259 2052 4312 Pro-

451 4329 573 4396 pius
595 4342 723 4380 vero
747 4335 930 4378 nostro
963 4326 1105 4388 loco,
1140 4325 1176 4378 Ι.
1211 4341 1268 4392 ll,
1296 4326 1395 4380 c.8
1427 4344 1438 4378 :
1477 4327 1612 4393 Quid
1635 4340 1729 4388 est,
1761 4331 1948 4394 rur;l.
1978 4347 2050 4394 vt,

451 4413 501 4453 c.
536 4399 597 4452 11
633 4415 646 4453 :
679 4397 817 4462 Quid
839 4412 1008 4450 causa:
1061 4407 1155 4461 est,
1185 4414 1310 4463 cur;
1335 4397 1486 4463 ihid.,
1520 4399 1619 4452 0.9
1649 4415 1662 4452 :
1691 4399 1827 4464 Quid
1849 4403 2051 4454 tmtdent

453 4471 625 4533 habet,
652 4485 758 4523 cur.
790 4468 1027 4540 Denique
1055 4469 1208 4534 plane
1240 4479 1296 4522 ut
1343 4469 1428 4523 hic
1450 4469 1516 4524 de
1555 4469 1721 4535 0pif..
1751 4486 1798 4525 c.
1834 4473 1858 4526 1
1884 4489 1895 4525 :
1921 4473 2056 4539 Quid
2081 4481 2133 4540 Ι)

451 4551 525 4596 est
553 4543 778 4602 tandem,
802 4555 892 4592 cur
913 4537 1053 4592 nobis
1075 4539 1382 4594 invidiosum
1405 4551 1560 4609 putet.
1594 4542 1874 4598 BUNEMAN.

525 4611 798 4665 Libaverit.
861 4609 988 4664 Mss.
1019 4609 1055 4662 ‘2
1086 4609 1242 4678 Reg,
1278 4613 1303 4665 1
1335 4611 1593 4677 Clar0tn.,
1648 4613 1808 4676 Bun..
1859 4616 2052 4670 libarit.

454 4682 738 4745 Francius,
770 4684 898 4751 forte
939 4696 1245 4735 LITAVERIT.

531 4754 649 4808 Nisi
680 4755 810 4824 forte
830 4753 1396 4825 contaminatosgsemel
1421 4764 1598 4825 putant
1629 4757 1854 4812 animum
1887 4770 2056 4814 trans-

453 4823 686 4880 laturos.
706 4827 921 4897 Legitur
950 4840 1074 4897 vero
1095 4823 1236 4891 apud
1268 4823 1563 4880 Buneinan.
1597 4846 1609 4881 :
1642 4826 1758 4882 Nisi
1783 4833 1916 4897 forte
1935 4848 2056 4884 con-

455 4900 730 4953 taminatos
757 4895 912 4951 semel
955 4895 1151 4971 animos
1187 4898 1260 4949 ita
1313 4907 1494 4965 putant
1544 4915 1688 4967 posse
1749 4895 2052 4971 transjerri;

454 4980 507 5024 et
555 4971 644 5025 ille
690 4971 739 5022 in
773 4971 908 5021 hanc
956 4967 1240 5038 lectionem
1294 4983 1474 5022 uetam
1532 4981 1843 5038 sequentem
1892 4967 2054 5028 exhi-

455 5042 565 5095 bet.
597 5071 667 5081 —
697 5042 768 5095 lta
811 5039 987 5093 scribo
1009 5054 1072 5092 ex
1101 5037 1247 5106 Lips.
1271 5038 1326 5100 ‘2.
1359 5040 1413 5103 5,
1446 5037 1700 5104 Βθὶιιιιιι.,
1748 5043 1835 5096 tibi
1883 5045 2046 5099 Tom.

455 5109 615 5183 1587,
676 5112 814 5168 1615
843 5121 896 5164 et
941 5109 1076 5165 Gen.
1120 5110 1275 5177 1650,
1309 5127 1466 5181 quam
1505 5111 1710 5167 Walclt.
1740 5117 2004 5183 expressit
2039 5135 2048 5169 :

458 5180 580 5236 Nisi
608 5185 652 5236 si
678 5185 806 5257 forte
826 5183 1194 5257 contaminatos
1206 5180 1372 5257 semel
1391 5185 1589 5238 animos
1616 5185 1688 5237 ita
1706 5180 1884 5253 putant
1907 5203 2054 5257 posse

457 5256 757 5324 transferri;
787 5256 953 5307 altera
981 5252 1112 5307 1478
1145 5273 1156 5305 :
1195 5253 1310 5307 Nisi
1337 5257 1465 5324 forte
1503 5257 1873 5310 contaminatos
1898 5252 2052 5313 Semel

457 5333 646 5399 putent
675 5329 868 5399 animos
900 5326 1252 5399 translaturos.
1287 5330 1352 5399 At
1386 5327 1533 5380 liost.
1555 5325 1734 5399 ._Ven.
1766 5327 1922 5393 M95,
1958 5329 2044 5399 97,

459 5393 675 5469 I_’arrh.,
693 5397 891 5469 Paris,
913 5395 1084 5469 Jnn_t.,
1107 5395 1541 5469 Easit.,Gryph.,
1557 5397 1836 5462 Thoiuas.,
1864 5393 2046 5466 lsmns,

461 5465 654 5534 Tltys.,
679 5465 841 5530 Gall.,
870 5465 1085 5533 Spark,
1109 5464 1149 5519 Ο
1170 5470 1358 5533 inme,
1384 5464 1518 5523 (λιιι.
1552 5487 1564 5522 :
1590 5473 1958 5526 contaminatos
1979 5464 2049 5526 se;

457 5539 560 5613 mel
582 5548 767 5613 putant
787 5539 1021 5613 animum
1046 5541 1404 5613 translaturos.
1461 5547 1538 5613 At,
1557 5542 1750 5595 rectius
1779 5545 1828 5596 in
1856 5544 2047 5613 plurali

456 5607 582 5662 Ald.
616 5610 787 5670 Crat.,
811 5608 1029 5678 Gymn.
1057 5607 1221 5662 Tom.
1256 5609 1412 5674 1548.
1443 5624 1490 5662 et
1523 5612 1789 5666 Betulcitls
1819 5631 1830 5666 :
1857 5607 2048 5668 Conta-

461 5681 679 5752 minutos
705 5681 861 5752 semel
885 5687 1083 5752 putant
1109 5681 1314 5734 animos
1343 5683 1698 5738 translaturos.
1738 5685 1811 5740 lla
1845 5697 2044 5752 noster,

457 5748 552 5826 lib.
586 5767 658 5816 tv,
691 5767 807 5820 eap.
842 5751 908 5826 lt)
942 5767 954 5800 :
988 5749 1155 5826 Judaei
1181 5752 1248 5803 ad
1271 5757 1512 5824 profanos
1535 5754 1874 5826 zEgyptiount
1919 5748 2047 5812 ritus

452 5823 656 5881 animos
679 5819 1060 5879 transtulerunt.
1088 5819 1206 5893 Ipsa
1234 5819 1463 5896 phrasis,
1496 5819 1770 5903 transferre
1796 5831 2045 5900 animum,

2155 2462 2239 2509 est
2267 2452 2506 2524 elegans.
2535 2450 2730 2507 Cicero
2754 2493 2768 2517 ,
2797 2451 2834 2506 l.
2868 2466 2927 2506 ιιι
2976 2451 3152 2518 Fam.,
3202 2467 3287 2522 ep.
3337 2452 3404 2508 15
3432 2451 3523 2506 liti.
3564 2473 3576 2507 :
3616 2454 3772 2508 Me...

2155 2524 2218 2578 ab
2249 2525 2524 2592 angoribus
2569 2524 2817 2578 abducam
2838 2565 2853 2589 ,
2883 2529 3287 2594 transferamque
3313 2526 3546 2578 animant
3575 2527 3646 2580 ad
3687 2545 3770 2581 ea.

2158 2597 2446 2651 Bessum.
3409 2600 3412 2602 ‘

2233 2668 2412 2722 Obeat.
2442 2666 2637 2735 Scripti
2671 2667 2704 2719 6
2735 2677 2782 2722 et
2808 2667 2938 2722 edit.
2972 2665 3027 2731 5,
3057 2667 3267 2730 subeat;
3297 2665 3488 2732 C-mc.,
3517 2669 3688 2722 abeat.

2230 2737 2455 2793 zEterna
2484 2755 2748 2803 poenarum
2776 2739 3017 2809 insignia.
3054 2736 3124 2791 lla
3158 2754 3347 2792 omnes
3378 2739 3498 2794 edd.
3535 2753 3589 2794 et
3630 2757 3765 2798 mss.

2157 2821 2356 2880 praeter
2373 2810 2561 2868 Goth..
2589 2811 2623 2865 5
2652 2809 2802 2878 Lips.
2849 2821 2903 2866 et
2931 2811 2965 2865 5
2988 2809 3076 2864 ed.
3128 2810 3178 2862 in
3204 2811 3396 2878 quibus
3420 2822 3504 2866 est
3532 2823 3763 2866 externa.

2157 2881 2352 2938 Versio
2403 2881 2629 2948 Gallica,
2680 2883 2754 2937 les
2807 2882 3066 2952 enseignes
3109 2882 3464 2951 perpétuelles.
3519 2882 3762 2953 rEterna,

2157 2953 2211 3008 id
2251 2965 2355 3018 est,
2386 2965 2658 3022 perpetua.

2233 3024 2388 3080 Pace.
2412 3026 2466 3079 ld
2497 3037 2597 3090 est,
2632 3026 2875 3080 restituta
2901 3025 3282 3090 tranquillitate
3312 3024 3592 3086 Ecclesite,
3628 3037 3684 3080 ut
3709 3043 3761 3083 c.

2075 3080 2120 3145 C
2150 3096 2215 3152 21
2257 3115 2271 3152 :
2305 3097 2545 3164 Quandiu
2575 3080 2677 3164 pax
2717 3108 2788 3151 est
2819 3097 2871 3148 in
2905 3080 3096 3165 populo
3138 3096 3251 3151 Dei.
3297 3080 3465 3151 Conf.
3488 3098 3557 3153 dc
3584 3080 3759 3154 ⁷Μοιιιξ

2155 3184 2391 3238 persec.,
2425 3186 2472 3222 c.
2519 3170 2572 3231 1,
2606 3183 2655 3223 c.
2686 3167 2743 3233 5,
2770 3184 2818 3222 c.
2847 3166 2938 3221 5:2.
2976 3170 3253 3223 Bassum.

2225 3238 2293 3293 Et
2319 3241 2405 3310 qui
2429 3240 2619 3311 fuerint
2648 3239 2829 3301 aversi,
2855 3240 3085 3294 redeant.
3117 3241 3203 3295 Sic
3219 3239 3504 3295 emendavi
3533 3257 3596 3297 ex
3629 3257 3763 3296 mss.

2155 3312 2181 3365 1
2213 3310 2477 3378 Colbert.,
2506 3310 2542 3364 2
2570 3311 2736 3366 Brnn.
2767 3322 2821 3365 et
2847 3312 2978 3366 edit.
3009 3311 3262 3377 Tornes.,
3285 3312 3554 3367 Sonbron.
3575 3324 3630 3367 et
3658 3314 3764 3368 Be-

2153 3383 2248 3436 tul.
2278 3383 2459 3442 Recte.
2486 3392 2543 3436 ut
2571 3385 2761 3451 opinor
2789 3400 2801 3435 :
2834 3382 3098 3453 siquidem
3131 3383 3441 3437 Lactantius
3478 3399 3640 3444 supra
3673 3385 3764 3439 di-

2153 3455 2250 3517 xit,
2279 3459 2435 3508 averti
2452 3473 2481 3506 tt
2502 3453 2604 3508 Deo
2624 3471 2642 3519 ,'
2660 3463 2710 3508 ei
2742 3453 2896 3518 infra,
2919 3470 3037 3524 cap.
3064 3456 3156 3520 20,
3175 3455 3218 3508 si
3244 3456 3447 3508 animus
3468 3457 3765 3522 sacrifican-

2153 3525 2216 3580 tis
2242 3543 2447 3580 aversus
2469 3536 2558 3580 est.
2592 3527 2782 3580 Czeteri
2813 3542 2942 3582 mss.
2961 3539 3014 3580 et
3039 3528 3284 3594 impressi
3311 3527 3496 3596 legunt
3517 3527 3774 3581 universi.-

2227 3596 2404 3652 Novus
2431 3599 2667 3668 populus.
2699 3595 2953 3669 Cyprian.
2989 3598 3213 3652 Exhort.
3266 3595 3420 3651 Mart.
3476 3613 3528 3651 tu
3565 3616 3579 3652 :
3610 3599 3764 3665 Quod

2151 3669 2196 3724 si
2222 3679 2392 3724 tantus
2422 3670 2704 3724 ostenditur
2753 3680 2803 3742 et
2833 3671 3078 3742 probatur
3105 3669 3513 3742 Christianorum
3567 3682 3766 3742 marty-

2152 3742 2524 3811 rumpopulus,
2557 3757 2702 3794 nemo
2727 3740 2944 3811 difﬁcile
2965 3741 3041 3795 vel
3067 3740 3284 3794 arduum
3316 3751 3453 3804 putet
3483 3753 3594 3795 esse
3624 3740 3762 3794 inar-

2153 3821 2312 3883 tyrem
2338 3814 2471 3880 ﬁeri,
2498 3813 2703 3881 quando
2726 3813 2858 3865 videt
2883 3822 3178 3883 martyrum
3205 3812 3458 3882 populum
3488 3829 3593 3867 non
3617 3830 3765 3881 posse

2153 3885 2432 3938 numerari.
2457 3884 2732 3938 Bessum.

2229 3956 2395 4020 Quam
2422 3957 2585 4027 videat
2610 3956 2806 4027 vulgus.
2839 3955 3091 4027 Tertull.,
3128 3955 3166 4009 l.
3199 3971 3213 4008 ι
3243 3953 3307 4027 ad
3342 3953 3618 4022 Nationes,
3644 3971 3695 4011 c.
3732 3958 3755 4010 ί

2154 4037 2208 4082 et
2235 4027 2300 4080 ad
2328 4026 2607 4098 Scapulam
2653 4026 2792 4080 estr.
2829 4045 2841 4079 :
2879 4026 2989 4081 Nec
3007 4040 3177 4082 tamen
3225 4026 3424 4088 deficiet
3443 4028 3553 4098 lucc
3601 4039 3756 4091 secta,

2153 4115 2306 4168 quam
2361 4097 2480 4151 tunc
2519 4099 2680 4168 magis
2700 4099 2947 4166 tediﬁeuri
2971 4101 3123 4164 scias,
3167 4097 3473 4170 quumccedi
3515 4099 3758 4162 videtur;

2154 4171 2364 4239 quisque
2375 4170 2507 4222 enim
2529 4176 2722 4222 tantum
2744 4170 3066 4224 tolerantiam
3083 4182 3340 4240 spectans,
3359 4179 3415 4222 ut
3431 4170 3605 4239 aliquo
3619 4187 3760 4224 strtt-

2157 4242 2279 4311 pulo
2301 4257 2570 4311 percussus
2590 4250 2638 4295 et
2659 4241 2912 4309 inquirere
2931 4241 3249 4305 accenditur,
3271 4240 3397 4311 quid
3425 4242 3494 4294 sit
3538 4243 3590 4296 in
3635 4258 3760 4297 cau-

2159 4327 2240 4384 sa,
2273 4323 2319 4366 et
2349 4314 2435 4366 ubi
2456 4315 2743 4384 cognoverit
2773 4314 3053 4376 veritatem,
3091 4323 3136 4367 et
3155 4313 3484 4384 ipse_statim
3505 4314 3756 4382 sequitur.

2159 4383 2276 4437 Huc
2305 4382 2574 4452 pertinent
2601 4399 2670 4438 ex
2699 4384 2847 4438 Lact.
2883 4385 2977 4438 lib.
3011 4401 3065 4447 ν,
3085 4401 3205 4452 cap.
3237 4382 3328 4437 22.
3364 4383 3646 4440 Hunnus.

2244 4453 2411 4508 Variis
2426 4466 2784 4509 tormentorum
2800 4457 3086 4524 generibus.
3108 4455 3240 4511 Vide
3258 4461 3290 4508 l.
3312 4454 3380 4508 de
3394 4454 3553 4509 Mort.
3578 4457 3753 4522 Pers.,

2159 4541 2208 4580 c.
2244 4529 2332 4581 18.
2367 4525 2440 4580 Ea
2469 4526 2781 4581 describunt
2807 4528 3125 4596 Sagittarius
3144 4542 3192 4581 et
3219 4527 3498 4583 Gallonius
3527 4530 3596 4582 de
3620 4529 3756 4582 Cru-

2159 4598 2745 4669 ciatibusﬁmartyrnm;
2779 4610 2831 4653 et
2860 4604 3087 4666 sparsim
3115 4598 3383 4654 Kortholt.
3413 4598 3464 4650 in
3494 4615 3662 4654 aureo
3690 4601 3752 4653 li-

2159 4669 2257 4723 bro
2283 4668 2354 4723 de
2382 4668 2846 4724 Persecutionibus
2878 4671 3131 4726 Ecclesia:
3161 4673 3445 4739 primazvm.
3467 4669 3748 4725 Bessum.

2228 4739 2407 4810 Posse.
2442 4741 2568 4794 Mss.
2606 4744 2625 4795 1
2667 4741 2794 4796 Bon.
2830 4743 2976 4795 addit
3000 4754 3178 4810 sponte
3205 4759 3318 4794 sua.

2227 4809 2492 4882 litspirata
2522 4815 2784 4880 patientia.
2811 4812 2934 4874 Mss.
2961 4815 2995 4868 8
3025 4809 3135 4867 rec.
3158 4811 3426 4882 inspiratio
3459 4813 3752 4881 patientur;

2158 4882 2182 4936 1
2215 4881 2450 4937 Clarom.
2504 4884 2790 4953 desperatio
2818 4886 3098 4953 patientite,
3129 4881 3404 4953 corrupte,
3434 4885 3458 4938 1
3491 4887 3641 4940 (Lolb.
3667 4888 3751 4939 in-

2153 4955 2364 5024 spiratio
2386 4955 2669 5028 sapientiae,
2688 4955 2964 5028 mendose,
2985 4971 3080 5023 pro
3101 4957 3376 5025 patientiae.
3395 4954 3612 5026 Legitur
3629 4973 3754 5028 quo-

2155 5041 2258 5095 que
2285 5025 2424 5095 apud
2460 5027 2783 5089 Arnobinm,
2819 5027 2908 5079 lib.
2943 5043 3032 5081 vn.

2228 5095 2294 5149 Et
2323 5095 2651 5153 muliercula.
2687 5098 2810 5152 Hine
2838 5106 2893 5151 et
2917 5099 3191 5166 sequentia
3221 5098 3504 5169 desumpta
3533 5111 3659 5155 sunt
3685 5117 3747 5155 ex

2153 5167 2382 5223 Minucio
2410 5169 2606 5224 Felice.
2646 5169 2774 5222 Vide
2809 5171 3138 5223 Clementem
3197 5167 3559 5226 Alexandria-
3603 5175 3748 5227 Stro-

2155 5249 2281 5293 tnat.
2318 5241 2410 5294 lib.
2441 5257 2511 5294 tv.
2550 5240 2680 5297 Vide
2696 5239 2926 5306 Aruoh.,
2960 5240 3051 5296 lib.
3083 5257 3157 5296 vn
3179 5252 3235 5297 et
3261 5245 3393 5298 Acta
3419 5259 3546 5299 vera
3567 5246 3746 5299 etsin-

2152 5325 2273 5366 cera
2301 5324 2614 5384 martyrum.

2228 5403 2360 5458 Eant
2381 5403 2621 5466 Romani,
2637 5414 2741 5460 etc.
2769 5403 2903 5458 Male
2918 5415 3096 5460 tamen
3115 5405 3200 5459 hic
3217 5405 3603 5474 interpretatur
3620 5406 3745 5462 Lac-

2151 5478 2350 5530 tantius
2371 5477 2476 5528 duo
2509 5478 2775 5543 patientia:
2805 5491 2866 5529 ac
2911 5476 3237 5532 fortitudinis
3279 5477 3535 5531 ﬁniuntu-
3561 5495 3741 5531 exeni-

2154 5549 2258 5616 pla.
2297 5547 2529 5616 Regulus
2556 5547 2622 5601 ad
2653 5546 3102 5616 Carlhaginenses
3135 5550 3298 5604 etiam
3325 5559 3466 5602 'cum
3513 5558 3744 5603 tormen-

2152 5628 2325 5672 torum
2354 5633 2414 5671 ae
2440 5619 2562 5671 vine
2591 5620 2826 5687 periculo
2870 5622 3046 5683 rediit,
3084 5629 3140 5675 ut
3163 5621 3322 5674 fidem
3353 5620 3532 5674 datam
3567 5637 3744 5674 Serva-

2152 5699 2234 5762 ret
2270 5731 2283 5754 ,
2317 5690 2606 5759 tnalnitqne
2637 5692 2890 5757 patientia
2940 5693 3209 5746 cruciatus
3262 5707 3543 5762 superare,
3587 5707 3740 5760 quam

2150 5761 2250 5814 sibi
2285 5774 2512 5816 mortem
2541 5765 2900 5818 censciscere.
2951 5765 3143 5818 Mutins
3175 5779 3302 5818 vero
3332 5761 3450 5817 non
3480 5767 3739 5819 minorem

2149 5840 2376 5889 testatus
2407 5842 2490 5889 est
2519 5835 2828 5905 patientiam
2873 5851 2935 5892 ac
2979 5836 3347 5892 fortitudinem
3383 5837 3438 5890 in
3481 5835 3739 5908 supplicio
