4090 6354
351 237 457 296 δεδι

1570 230 1813 307 LIBER
1838 225 1914 291 Ὺ.
1959 230 2052 290 DE
2089 229 2418 291 JUSTITIA.

3554 230 3665 292 598

346 350 591 410 omnium
620 347 961 422 principales,
993 363 1112 423 quae
1151 349 1219 411 ab
1264 347 1353 411 illa
1382 346 1566 411 divelli
1602 347 1957 425 separarique
1981 351 2037 413 Α
2132 348 2318 404 Altera
2358 356 2442 404 est
2480 348 2701 420 juStitiae
2744 362 2871 421 pars
2909 348 3177 421 aequitas:
3208 348 3512 420 aequitatem
3540 349 3666 405 dico

344 460 451 509 non
484 451 747 517 possunt,
778 443 953 514 pietas
991 452 1047 501 et
1087 443 1330 515 aequitas.
1357 441 1494 501 Nam
1530 442 1704 512 ﬁdes,
1740 451 1952 517 tempe,-

342 537 540 606 rantia,
568 535 827 609 probitas,
856 535 1184 611 innocentia,
1218 536 1520 607 integritas,
1542 543 1599 593 et
1629 543 1822 595 caetera
1853 534 1953 593 hu-

337 631 601 706 jusmodi,
634 630 721 691 vel
742 639 957 700 natura,
984 630 1068 689 vel
1099 629 1357 691 institutis
1386 635 1692 700 parentum,
1722 627 1953 703 pessum

338 739 464 789 esse
503 723 563 785 in
598 723 667 785 iis
694 720 1006 785 hominibus
1042 723 1133 794 qui
1156 721 1421 795 justitiam
1460 721 1738 789 nesciunt,
1788 720 1952 785 sicuti

334 833 560 891 semper
595 817 833 879 fuerunt.
878 816 1016 874 Nam
1058 816 1287 885 Romani
1333 825 1582 885 veteres,
1625 816 1719 888 qui
1742 815 1950 887 iustitia

332 915 558 990 gloriari
584 915 865 993 solebant,
897 914 964 977 iis
997 912 1180 987 utique
1208 911 1499 977 virtutibus
1538 910 1945 987 gloriabantur,

332 1025 461 1084 quae
490 1012 576 1085 (ut
600 1008 738 1082 dixi)
762 1009 1031 1081 proﬁcisci
1058 1023 1090 1067 a
1125 1008 1333 1080 iustitia
1358 1013 1618 1079 possunt,
1648 1012 1705 1069 et
1728 1003 1799 1065 ab
1826 1003 1948 1075 ipso

331 1104 487 1165 fonte
504 1102 741 1169 secerni.
768 1102 947 1160 Pietas
971 1116 1100 1161 vero
1119 1110 1176 1158 et
1201 1100 1448 1171 aequitas,
1475 1097 1629 1172 quasi
1649 1111 1801 1155 venae
1820 1104 1949 1155 sunt

328 1196 491 1267 eius;
526 1195 612 1255 his
638 1196 787 1253 enim
817 1194 1031 1255 duobus
1058 1193 1298 1253 fontibus
1339 1198 1552 1253 constat
1580 1199 1693 1248 tcta
1713 1189 1941 1265 iustitia.

332 1289 446 1347 Sed
474 1288 779 1361 caputeius
808 1298 863 1345 et
892 1289 1043 1360 origo
1078 1288 1132 1343 in
1157 1287 1251 1343 illo
1288 1288 1465 1357 primo
1493 1296 1598 1353 est,
1624 1285 1680 1340 in
1705 1284 1944 1341 secundo

325 1382 414 1437 vis
440 1382 619 1437 omnis
640 1396 703 1437 ac
724 1382 884 1437 ratio.
914 1380 1096 1438 Pietas
1116 1389 1295 1436 autem
1316 1377 1453 1435 nihil
1479 1377 1624 1434 aliud
1653 1385 1740 1435 est
1779 1392 1941 1449 quam

2056 457 2164 499 non
2196 443 2379 514 utique
2413 443 2553 499 bene
2583 442 2893 515 iudicandi,
2927 442 3070 513 quod
3099 451 3154 499 et
3190 443 3365 513 ipsum
3394 441 3664 498 laudabile

2054 542 2139 593 est
2164 537 2216 590 in
2241 535 2460 591 homine
2482 536 2660 606 justo;
2690 535 2787 593 sed
2826 550 2886 591 se
2915 550 3038 590 cum
3083 533 3297 590 creteris
3321 532 3660 604 coaequandi,

2057 647 2218 707 quam
2241 630 2434 690 Cicero
2454 632 2872 706 aequabilitatem
2898 640 3071 709 queat.
3095 631 3238 691 Deus
3260 629 3430 699 enim,
3452 629 3545 703 qui
3566 627 3666 685 ho-

2052 729 2226 789 mines
2245 739 2491 799 generat,
2516 736 2571 782 et
2596 726 2843 799 inspirat,
2866 739 3059 785 omnes
3081 738 3288 797 aequos,
3312 722 3368 779 id
3391 731 3477 787 est
3502 737 3663 801 pares

2050 835 2174 893 esse
2216 819 2405 883 voluit.
2447 818 2707 879 Eamdem
2742 818 3109 883 conditionem
3148 815 3366 877 vivendi
3410 815 3661 881 omnibus

2051 912 2254 991 posuit,
2281 925 2471 971 omnes
2495 912 2561 971 ad
2587 911 2903 989 sapientiam
2926 911 3134 984 genuit,
3160 909 3411 977 omnibus
3438 909 3661 981 immor-

2048 1008 2310 1070 talitatem
2326 1006 2620 1083 spepondit
2640 1024 2653 1062 :
2677 1020 2836 1067 nemo
2856 1021 2887 1063 a
2905 1004 3187 1073 beneﬁciis
3207 1004 3324 1076 ejus
3344 1003 3662 1077 caelestibus

2045 1111 2383 1177 segregatim.
2423 1100 2560 1163 Nam
2590 1102 2730 1163 sicut
2758 1100 3007 1161 omnibus
3038 1099 3255 1165 unicum
3283 1114 3444 1159 suum
3475 1100 3660 1165 lumen

2046 1195 2320 1269 inqualiter
2361 1193 2595 1263 dividit,
2650 1193 2847 1257 emittit
2890 1193 3142 1259 omnibus
3188 1191 3403 1265 latntes,
3450 1192 3652 1261 victum

2047 1284 2439 1352 subministrat,
2463 1284 2701 1356 quietem
2726 1286 2903 1342 somni
2924 1285 3294 1341 dulcissimam
3322 1284 3514 1342 tribuit
3539 1302 3552 1339 :
3580 1286 3660 1343 sic

2045 1376 2296 1433 omnibus
2322 1377 2634 1448 aequitatem
2661 1377 3020 1448 virtutemque
3046 1376 3291 1447 largitur.
3319 1375 3489 1432 Nemo
3509 1377 3654 1448 apud

2047 1484 2172 1529 eum
2202 1483 2395 1529 servus
2418 1477 2522 1537 est,
2551 1484 2711 1529 nemo
2737 1468 3008 1533 dominus,
3037 1468 3095 1533 Si
3118 1468 3263 1537 enim
3282 1470 3491 1533 cunctis
3511 1469 3654 1529 idem

2044 1572 2198 1634 pater
2224 1572 2327 1631 est,
2355 1577 2512 1635 aequo
2536 1562 2658 1634 jure
2682 1577 2871 1623 omnes
2900 1563 3055 1623 liberi
3084 1578 3296 1624 sumus.
3328 1562 3500 1623 Nemo
3541 1563 3655 1624 Deo

2043 1671 2249 1728 pauper
2275 1665 2380 1723 est,
2405 1657 2512 1713 nisi
2538 1657 2627 1727 qui
2645 1657 2853 1728 iustitia
2875 1657 3116 1728 indiget;
3149 1672 3315 1714 nemo
3341 1657 3520 1725 dives,
3548 1659 3658 1723 nisi

240 1474 642 1561 (Min;
672 1474 811 1537 sicut
840 1474 1222 1545 Trismegistus
1252 1473 1536 1539 verissime
1576 1470 1855 1539 deﬁnivit,
1884 1480 1943 1539 ut

322 1568 441 1624 alio
486 1569 606 1624 loco
658 1567 915 1624 diximus.
959 1564 1018 1627 Si
1061 1582 1192 1639 ergo
1243 1568 1415 1637 pietas
1469 1574 1556 1627 est
1609 1579 1938 1637 cognoscere

325 1661 530 1730 Deum,
563 1662 718 1734 cujus
744 1660 1068 1732 cognitionis
1096 1660 1213 1715 haec
1240 1672 1452 1716 summa
1477 1665 1583 1729 est,
1614 1666 1673 1714 ut
1697 1672 1822 1715 eum
1847 1672 1939 1715 co-

322 1755 431 1823 las,
464 1755 678 1827 ignorat
705 1754 889 1828 utique
909 1754 1197 1827 justitiam,
1224 1754 1316 1825 qui
1342 1752 1660 1825 religionem
1685 1751 1784 1817 Dei
1827 1767 1937 1813 non
1967 1766 2015 1828 B
2043 1750 2137 1821 qui
2156 1749 2441 1813 virtutibus
2463 1750 2654 1821 plenus
2674 1761 2789 1820 est;
2823 1765 2983 1811 nemo
3005 1749 3239 1825 denique
3265 1750 3535 1824 egregius,
3554 1752 3659 1809 nisi

320 1855 495 1904 tenet.
534 1847 818 1916 Quomodo
862 1848 1008 1905 enim
1052 1854 1231 1917 potest
1268 1860 1390 1903 eam
1419 1846 1593 1916 ipsam
1621 1858 1816 1913 nosse,
1847 1844 1940 1915 qui
2044 1846 2139 1917 qui
2183 1845 2358 1903 bonus
2380 1853 2438 1903 et
2465 1846 2725 1904 innocens
2749 1844 2940 1914 fuerit;
2971 1860 3131 1905 nemo
3157 1844 3519 1912 clarissimus,
3551 1845 3660 1908 nisi

316 1942 473 2001 unde
516 1942 725 1998 oriatur
764 1942 1015 2014 ignorat?
1059 1941 1217 2003 Plato
1255 1941 1472 2013 quidem
1508 1939 1675 1996 multa
1717 1938 1788 1995 de
1826 1953 1936 1994 uno

314 2034 441 2093 Deo
470 2033 682 2093 locutus
702 2042 809 2105 est,
835 2050 866 2089 a
891 2049 998 2107 quo
1021 2033 1097 2091 ait
1116 2034 1467 2097 constitutum
1496 2047 1616 2095 esse
1637 2032 1931 2089 mundum:

314 2125 423 2182 sed
454 2126 588 2182 nihil
629 2126 701 2184 de
729 2126 1022 2198 religione;
1053 2128 1418 2185 somniaverat
1436 2126 1581 2187 enim
1603 2125 1796 2194 Deum,
1822 2139 1930 2185 non

313 2225 675 2289 cognoverat.
717 2217 873 2287 Quod
918 2220 962 2274 si
990 2218 1215 2290 iustitiae
1256 2218 1629 2275 defensionem
1659 2218 1746 2275 vel
1775 2218 1928 2288 ipse,

316 2309 416 2365 vel
445 2309 672 2381 quilibet
694 2309 833 2366 alius
859 2310 1084 2382 implere
1107 2311 1389 2383 voluisset,
1419 2311 1473 2365 in
1502 2310 1689 2381 primis
1716 2309 1933 2382 religio-

312 2416 423 2463 nes
451 2402 678 2460 deorum
700 2412 947 2461 evertere
971 2404 1175 2474 debuit,
1203 2404 1328 2477 quia
1352 2393 1639 2461 contrariae
1665 2412 1790 2460 sunt
1818 2404 1932 2476 pie-

317 2495 445 2561 tati.
478 2494 634 2563 Quod
661 2495 879 2567 quidem
908 2496 1160 2557 Socrates
1199 2497 1325 2568 quia
1366 2496 1546 2555 facere
1590 2496 1843 2566 tentavit,
1876 2497 1932 2552 in

312 2604 602 2647 carcerem
620 2580 906 2661 coniectus
933 2600 1048 2657 est;
1093 2601 1151 2646 ut
1169 2590 1281 2661 jam
1311 2599 1439 2647 tunc
1471 2598 1758 2661 appareret
1803 2589 1932 2661 quid

314 2693 474 2742 esset
502 2682 740 2741 futurum
770 2684 836 2753 iis
862 2684 1190 2754 hominibus,
1217 2685 1308 2757 qui
1332 2682 1593 2755 justitiam
1622 2698 1806 2741 veram
1832 2683 1927 2740 de-

311 2777 564 2848 fendere,
599 2777 818 2852 Deoque
841 2778 1102 2851 singulari
1123 2777 1330 2841 servire
1355 2778 1667 2850 coepissent.

2039 1942 2130 2013 qui
2153 1954 2317 2011 opera
2342 1939 2730 1997 misericordiae
2750 1940 2970 2011 largiter
2989 1938 3211 2005 fecerit;
3235 1952 3398 1995 nemo
3441 1936 3656 2010 periec-

2039 2034 2301 2102 tissimus,
2341 2034 2445 2093 nisi
2485 2034 2577 2107 qui
2621 2049 2811 2091 omnes
2838 2034 3037 2106 gradus
3082 2032 3295 2091 virtutis
3326 2031 3652 2104 impleverit.

2038 2129 2215 2196 Quare
2230 2143 2406 2200 neque
2424 2128 2675 2195 Romani,
2691 2144 2868 2200 neque
2886 2128 3061 2187 Graeci
3078 2126 3340 2198 justitiam
3356 2133 3543 2185 tenere
3562 2137 3655 2197 pp-

2036 2231 2278 2290 tuerunt,
2300 2223 2423 2295 quia
2439 2223 2683 2294 dispares
2702 2223 2886 2281 multis
2905 2222 3161 2294 gradibus
3180 2221 3426 2280 homines
3443 2220 3655 2277 habue-

2039 2325 2187 2386 runt,
2207 2334 2238 2373 a
2269 2315 2594 2388 pauperibus
2622 2316 2689 2371 ad
2720 2314 2935 2385 divites,
2951 2315 3018 2371 ab
3040 2312 3333 2371 humilibus
3359 2312 3429 2368 ad
3459 2321 3652 2389 poten—

2037 2416 2139 2475 tes,
2172 2423 2204 2463 a
2226 2408 2449 2479 privatis
2468 2407 2704 2478 denique
2734 2422 2905 2479 usque
2930 2408 2995 2467 ad
3017 2421 3207 2478 regum
3231 2405 3652 2467 sublimissimas

2034 2508 2348 2571 potestates.
2368 2499 2471 2557 Ubi
2498 2500 2644 2556 enim
2675 2515 2782 2556 non
2800 2508 2932 2556 sunt
2960 2497 3198 2555 universi
3222 2511 3404 2568 pares,
3421 2496 3649 2567 aequitas

2036 2607 2146 2649 non
2174 2601 2288 2656 est;
2320 2602 2377 2650 et
2404 2591 2648 2649 excludit
2676 2592 3015 2666 inaequalitas
3041 2592 3157 2665 ipsa
3181 2589 3465 2663 justitiam,
3493 2588 3649 2663 cujus

2037 2689 2125 2749 vis
2151 2687 2327 2747 omnis
2353 2689 2410 2750 in
2436 2702 2503 2746 eo
2529 2697 2632 2755 est,
2663 2695 2724 2744 ut
2749 2702 2908 2760 pares
2937 2685 3099 2745 iaciat
3128 2699 3244 2759 eos,
3272 2680 3366 2759 qui
3391 2680 3460 2753 ad
3488 2679 3650 2753 hujus

2036 2782 2163 2838 vitae
2188 2781 2553 2841 conditionem
2580 2781 2699 2853 pari
2726 2788 2876 2839 sorte
2902 2785 3186 2837 venerunt.

1695 2916 2064 2995 VABIORUM
2102 2920 2338 2979 NOTJE.

407 3063 498 3120 γει
518 3069 721 3138 natura.
749 3059 909 3138 Apud
930 3060 1279 3123 Plutarchum
1297 3060 1592 3134 disputatio
1618 3069 1722 3131 est,
1744 3070 1924 3133 utrum
1954 3062 2001 3127 C
2033 3063 2105 3138 de
2133 3063 2358 3133 Ofﬁciis,
2405 3079 2526 3138 cap.

310 3137 496 3204 virtus
521 3134 926 3203 doceri'possit.

391 3207 699 3288 ξας-ἕλξις
730 3203 1195 3288 Itotttinibus.__blss.
1226 3204 1825 3288 41Reg..recen_liss.imi
1846 3248 1860 3271 ,
1888 3205 1924 3267 ὦ

308 3279 502 3345 Colh.,
524 3278 551 3334 i
574 3275 836 3347 Clarom.,
860 3293 967 3333 esse
992 3276 1047 3335 in
1067 3275 1247 3331 iisdem
1266 3275 1582 3345 hominibus;
1610 3276 1643 3330 6
1658 3276 1790 3337 edit.
1813 3288 1922 3337 vet.

307 3353 486 3407 inesse
506 3349 690 3407 iisdem
709 3349 1017 3414 hominibus,
1040 3362 1163 3415 cum
1200 3348 1224 3405 1
1260 3349 1394 3418 Reg.
1422 3363 1533 3407 rec.

388 3421 573 3478 Pietas
598 3430 791 3489 autem,
812 3430 920 3477 etc.
948 3422 1143 3489 Supra.
1171 3434 1289 3493 cap.
1316 3421 1408 3487 i6,
1431 3419 1527 3493 lib.
1548 3434 1609 3493 ιι.
1628 3419 1925 3493 Aliterau-

310 3504 428 3551 tem
463 3493 867 3564 philosophihet
904 3502 1150 3564 oratores
1192 3492 1447 3562 pietatem
1475 3490 1757 3551 deﬁniunt.
1787 3490 1924 3557 Nam

309 3566 432 3624 Cic.
463 3562 522 3622 in
568 3562 729 3637 Rhet.
760 3562 975 3637 Pietas,
1006 3562 1200 3637 inquit,
1239 3573 1311 3637 est
1354 3579 1443 3637 per
1472 3579 1641 3637 quam
1674 3563 1927 3637 sanguine

308 3637 630 3716 conjunctis,
658 3626 1316 3716 Δριιιιῆεξῖιιιιςξ(ἐίόιξηιςιιοιίδ
1354 3626 1573 3715 opimum
1618 3644 1667 3688 et
1706 3626 1926 3716 diligens

311 3706 561 3767 tribuitur
585 3706 767 3767 cultus.
795 3706 1086 3769 Conl'undit
1112 3706 1271 3776 igitur
1294 3710 1532 3776 speciem
1558 3720 1680 3767 cum
1708 3706 1923 3776 specie;

310 3796 446 3847 nam
494 3780 700 3837 cultum
747 3778 1010 3844 deorum,
1060 3778 1359 3849 religionem
1405 3776 1662 3848 appellat.
1722 3776 1925 3839 Divisio

310 3867 452 3931 ergo
500 3851 589 3931 illa
638 3850 913 3931 Ciceronis
957 3847 1277 3931 negligenda
1312 3847 1541 3931 prorsus
1568 3857 1684 3931 est,
1714 3858 1773 3931 ιιι
1799 3863 1925 3931 qua:

300 3920 462 3979 lianc
490 3923 907 3993 disputationem
946 3936 1057 3993 non
1080 3921 1248 3993 inon
1274 3920 1403 3993 nihil
1429 3920 1730 3993 ju_vat,_sed
1758 3920 1921 3993 etiam

311 3990 675 4053 vehementer
693 4002 1014 4053 remoratur,
1037 3991 1182 4053 Idem
1203 3991 1344 4058 Cic.,
1367 3990 1441 4048 de
1458 3991 1581 4053 Nat.
1600 3991 1780 4060 deor.,
1809 3991 1923 4062 pie-

312 4076 489 4123 tatem
521 4065 728 4133 deiinit,
754 4065 1016 4136 justitiam
1043 4079 1163 4121 esse
1188 4064 1448 4131 adversus
1476 4064 1630 4132 deos,
1661 4065 1921 4129 sanctita-

312 4149 433 4195 tem
459 4153 592 4195 vero
614 4139 893 4199 scientiam
923 4136 1275 4195 colendorum
1296 4136 1540 4197 deorum.

394 4209 778 4282 Tristttegistus.
809 4207 1163 4282 lni’itnattdq
1192 4222 1313 4282 cap.
1343 4208 1396 4263 9.

393 4281 514 4336 Alio
542 4275 672 4337 loco.
704 4281 840 4337 Vide
870 4280 962 4335 lib.
990 4294 1051 4343 ιι,
1079 4294 1200 4348 cap.
1236 4279 1329 4348 ιϋ,
1358 4278 1534 4334 et-lib.
1566 4293 1647 4346 ιιι,
1677 4292 1793 4348 cap.
1830 4275 1886 4332 9.

394 4292 514 4336 Atto
542 4292 672 4337 loco.
712 4292 840 4337 vine
870 4292 962 4335 un.
990 4294 1051 4343 ιι,
1079 4294 1139 4335 ca
1188 4315 1200 4333 .
1236 4292 1329 4348 tu,
1358 4292 1534 4334 et-nn.
1566 4293 1647 4346 ill,
1677 4292 1735 4334 ca
1782 4316 1793 4331 .
1830 4292 1886 4332 υ.

394 4352 573 4408 Potest
600 4370 710 4409 eam
738 4354 902 4424 ipsum
938 4366 1104 4407 nosse.
1137 4294 1252 4405 θοι
1277 4350 1442 4419 ipsum
1481 4350 1638 4408 abest
1668 4365 1698 4405 a
1723 4292 1919 4420 gﬂeg.

312 4434 373 4481 et
400 4426 431 4478 7
463 4426 640 4481 editis.
669 4425 726 4480 lu
756 4428 782 4479 1
813 4425 1046 4481 Clarum.
1079 4430 1162 4481 est
1188 4437 1411 4477 noscere.

395 4458 1583 4561 ρυῗ’ῐῖὲιέἰὶἒεῖιέὁ“ὲέ”ἶιὶεὲῗἰ”ἓὸὅζῖιηιίφ,
1620 4489 1652 4547 6
1677 4492 1855 4563 Colb.,
1887 4496 1914 4557 ι

310 4566 494 4634 Clar.,
525 4567 657 4624 edit.
699 4567 861 4625 Rom.
896 4564 1059 4631 1470,
1096 4563 1262 4637 Paris.
1299 4563 1459 4630 1525,
1487 4563 1715 4634 aliisque
1744 4566 1838 4625 11..
1858 4567 1918 4629 in

309 4642 532 4697 caeteris
558 4653 693 4709 quat,
716 4640 876 4699 male.

390 4707 579 4767 Plato.
602 4710 660 4767 In
686 4710 911 4775 Timaeo,
943 4708 1043 4765 sub
1067 4707 1301 4767 initium.

390 4783 652 4838 Socrates.
674 4781 809 4837 Nota
824 4781 1104 4837 Socratem
1128 4787 1407 4851 negantem
1424 4777 1607 4851 plures
1626 4780 1756 4837 deos
1773 4795 1913 4841 esse.

391 4855 532 4920 Quid
573 4864 699 4909 esset
726 4853 959 4923 futurum
1004 4852 1068 4905 iis
1115 4850 1547 4923 hominibusaSic
1592 4854 1803 4908 restitui
1849 4869 1915 4909 ex

309 4929 525 4982 cunctis
554 4921 872 4999 prope—mss.
897 4923 1043 4999 et15
1071 4923 1252 4999 editis.
1277 4923 1334 4999 in
1359 4923 1393 4976 2
1415 4921 1570 4999 Colb.
1603 4934 1685 4999 est
1705 4925 1786 4999 [tis
1807 4941 1919 4978 ont-

310 5000 506 5063 m’bus;
538 4995 591 5052 in
620 4995 889 5055 nennullis
916 4995 1194 5066 impressis
1221 4995 1415 5066 legitur
1441 4996 1493 5049 in
1521 4995 1826 5049 hominibus.

333 5096 338 5101 ν
388 5068 696 5141 Defendere.
730 5069 756 5122 1
786 5067 941 5123 Colb.
989 5075 1044 5121 et
1086 5065 1250 5121 Brun.
1284 5065 1637 5141 defenderent.
1682 5066 1919 5140 Utraque

310 5140 480 5196 lectio
510 5140 666 5196 bona.

332 5142 480 5197 ectio
510 5142 666 5197 bona.

390 5213 680 5286 Singulari.
713 5211 770 5267 id
798 5217 900 5286 est,
933 5209 1103 5274 unico,
1136 5209 1304 5286 verbo
1332 5209 1915 5286 Lactantiofamiliari.

389 5282 569 5339 Altera
592 5296 665 5341 est
678 5284 897 5356 justitite
927 5299 1045 5353 pars
1071 5282 1300 5356 a’quilas.
1333 5284 1422 5338 Sic
1448 5299 1578 5356 mss.
1604 5283 1639 5336 2
1665 5282 1796 5352 lieg.
1826 5299 1919 5341 att-

313 5357 629 5427 tiquissimi,
679 5354 712 5411 3
750 5357 822 5410 al.
870 5356 1028 5427 Reg,
1072 5354 1098 5408 1
1137 5355 1402 5427 Colhert.,
1444 5354 1656 5421 Marm.,
1698 5355 1914 5426 Scripti,

317 5426 389 5483 16
419 5444 530 5482 rec.
565 5437 622 5483 et
650 5428 899 5497 impressi
931 5426 1136 5483 addunt
1163 5426 1339 5497 igitur.
1822 5432 1831 5437 '

395 5499 565 5566 Quam
594 5499 772 5555 Cicero
802 5497 1195 5569 aequabilitatem
1216 5508 1381 5561 vocat,
1412 5497 1485 5553 Ita
1517 5498 1844 5569 antiquiores
1866 5509 1921 5554 et

312 5576 561 5643 petieres
582 5586 711 5627 mss.
744 5586 808 5626 ac
826 5570 957 5625 edit.
986 5572 1068 5625 ﬁ.
1101 5568 1158 5643 in
1189 5571 1407 5640 scriptis
1434 5570 1496 5643 16
1528 5568 1717 5643 remot
1745 5570 1779 5624 5
1809 5573 1921 5625 vul-

316 5640 459 5715 gatis
486 5643 680 5715 legitur
703 5640 1336 5715 (equalitatemLUtraque
1364 5641 1522 5715 lectio
1545 5641 1920 5715 bona,_051que

317 5712 457 5783 apud
489 5712 826 5770 Ciceronem.
868 5712 997 5767 Vide
1039 5712 1386 5783 Ciceronem,
1415 5713 1507 5768 lib.
1536 5728 1570 5771 ll
1602 5714 1669 5768 de
1694 5712 1920 5769 Oratore

318 5781 377 5840 ot
403 5785 496 5841 lib.
530 5786 640 5843 Ide
664 5784 889 5855 Olﬁciis,
920 5799 1039 5857 cup.
1074 5783 1161 5839 32.
1196 5781 1285 5839 Sic
1312 5785 1474 5840 etiam
1501 5786 1709 5853 Cicero,
1749 5785 1843 5843 lib.
1878 5800 1918 5840 ιι

2574 3065 2667 3124 25.
2707 3064 2776 3121 In
2803 3064 2952 3122 luris
2991 3066 3337 3140 aquabilitats
3368 3073 3652 3131 exercenda

2035 3137 2192 3211 etiam
2221 3148 2296 3193 est
2322 3138 2567 3211 facilitas.
2700 3209 2725 3211 _
2780 3209 2807 3211 μ
3049 3137 3058 3140 ’
3284 3162 3291 3171 “
3574 3208 3577 3211 .

2111 3206 2302 3265 Omnes
2322 3206 2524 3278 arquos,
2561 3216 2666 3266 etc.
2698 3209 2949 3266 Politian.
2980 3226 3048 3268 ex
3073 3211 3211 3269 Plat.
3240 3228 3348 3270 non
3377 3208 3648 3277 dubitavit

2111 3227 2302 3265 amnes
2330 3227 2524 3339 «liquos,
2561 3227 2666 3266 etc.
2698 3227 2949 3266 ιιοιιιιιιιι.
2980 3227 3048 3268 ex
3073 3227 3211 3269 ιίιιι.
3240 3228 3348 3270 non
3377 3227 3647 3289 dubitavit

2032 3294 2325 3365 asserere:
2417 3297 2485 3337 ou
2527 3297 2635 3338 esse
2676 3297 2979 3365 quemquam
3021 3300 3200 3365 regum
3218 3325 3234 3352 ,
3276 3287 3365 3356 qui
3382 3303 3497 3365 .uon
3524 3289 3647 3365 sit_e

2034 3355 2190 3429 servis
2217 3360 2393 3429 ortus;
2422 3369 2512 3408 nec
2537 3367 2740 3429 servum
2767 3355 2852 3429 cui
2877 3355 3076 3429 transit
3105 3357 3248 3427 origo
3285 3355 3441 3429 regis,
3472 3359 3647 3414 omnia

2030 3423 2182 3502 enim.
2213 3424 2313 3502 ista
2364 3432 2564 3494 tempus
2614 3425 2840 3481 miscuit.
2896 3425 3160 3485 Audiatur
3185 3423 3370 3485 'vetu's
3426 3423 3645 3502 sapiens

2030 3492 2224 3550 Boeth.
2245 3494 2420 3551 Metto
2449 3492 2549 3573 vr:

2281 3612 2440 3681 omne
2454 3614 2719 3681 hominum
2738 3629 2902 3681 genus
2925 3618 2976 3675 in
2996 3619 3145 3671 terris

2345 3677 2503 3728 Simili
2516 3681 2687 3744 surgit
2707 3677 2770 3733 ab
2792 3687 2922 3744 ortu,

2284 3740 2424 3807 Unus
2447 3742 2576 3791 enim
2592 3740 2761 3793 rerum
2786 3740 2930 3805 pater
2948 3749 3047 3807 est,

2347 3802 2485 3854 Unus
2504 3812 2679 3856 cuncta
2701 3802 2964 3869 ministrat,
2989 3802 3087 3858 etc.

2029 3941 2402 4027 Adstipulatulr
2425 3941 2670 4027 Euripid.
2700 3942 2755 4000 in
2783 3942 3203 4027 Alexand._.l_on.
3231 3944 3533 4027 Wstjrstus.
3602 3954 3636 4015 ’ξ

2103 4012 2331 4099 Ιξεηιρμ
2360 4012 2686 4099 beneﬁciis?
2713 4024 3025 4099 segtegatur.
3056 4016 3175 4074 Lib.
3206 4035 3243 4085 ι,
3349 4020 3405 4088 5;
3433 4020 3528 4076 lib.
3557 4012 3633 4099 tv,

2028 4099 2080 4139 c.
2119 4084 2210 4162 ea;
2242 4084 2333 4139 lib.
2368 4101 2463 4162 vn,
2503 4101 2555 4162 ἒ.
2596 4085 2685 4162 i8.
2721 4084 2785 4142 in
2814 4084 2898 4162 his
2940 4084 3635 4162 etsequentibus'mutatis

2028 4157 2479 4229 verbissequitur
2506 4155 2833 4229 Cyprianum
2867 4156 2937 4214 de
2965 4155 3233 4217 Eleemos.
3266 4161 3354 4217 ed.
3383 4162 3557 4221 Oxon.
3591 4164 3631 4222 ἰ.

2028 4225 2136 4283 208
2166 4245 2179 4279 :
2210 4225 2328 4283 Nec
2347 4225 2615 4300 quisquam
2643 4245 2674 4284 a
2710 4229 2987 4285 beneﬂciis
3010 4232 3121 4298 eius
3146 4242 3195 4285 et
3220 4234 3515 4290 muneribus
3541 4252 3635 4291 ar-

2028 4308 2199 4371 cetur,
2232 4299 2507 4368 quominus
2532 4315 2681 4371 omne
2708 4300 2985 4355 humanum
3012 4318 3173 4371 genus
3192 4303 3417 4361 bonitate
3446 4322 3507 4359 ac
3527 4309 3632 4362 lar-

2026 4370 2187 4446 gitate
2216 4371 2397 4446 divina
2416 4370 2697 4446 aequaliter
2726 4376 3039 4446 perfruatur.
3081 4373 3172 4428 Sic
3201 4375 3482 4446 aequaliter
3521 4379 3631 4437 dies

2028 4441 2392 4519 luminat,_sol
2432 4440 2621 4508 radiat,
2664 4440 2827 4496 imber
2861 4442 3023 4513 rigat,
3064 4453 3242 4519 ventus
3267 4440 3551 4519 adspirat;
3579 4461 3630 4505 et

2025 4512 2392 4588 dormientibus
2416 4528 2623 4588 somnus
2647 4527 2780 4588 unus
2806 4521 2899 4582 est,
2914 4512 3271 4588 ’etgstellarum
3299 4512 3542 4588 splendor
3566 4537 3630 4585 as

2023 4584 2160 4671 tuna:
2204 4584 2784 4671 εοηρηιιηὶείειλριιο
2827 4586 3136 4671 ωςιιαέὶιᾳιὶδ
3180 4584 3420 4671 (legoex
3445 4584 3626 4671 Bodl.,

2021 4653 2116 4709 lib.
2145 4670 2185 4721 ι,
2217 4669 2266 4710 c.
2296 4653 2352 4724 2,
2382 4654 2658 4728 aequitatis)
2688 4654 2923 4731 exemplo
2954 4656 3052 4712 Dei
3089 4653 3504 4787 patris'imgator
3529 4653 3626 4719 est:

3388 4748 3477 4787 tm.

3388 4748 3477 4788 ΠΝ.

2095 4797 2285 4875 Servus
2302 4805 2394 4854 est.
2415 4797 2512 4856 Jus
2532 4796 2688 4875 civile
2704 4798 2971 4875 quoddam
2994 4807 3078 4875 est
3096 4801 3297 4860 civitati
3315 4805 3625 4875 christianos

2021 4871 2372 4947 constitutum
2397 4870 2680 4943 aequabile,
2709 4870 2817 4943 quo
2841 4872 3096 4947 omnesji
3128 4882 3366 4947 utantur,
3394 4874 3485 4947 qui
3512 4870 3625 4941 Deo

2022 4942 2581 5016 nomenidederuntj
2618 4942 2741 5016 quas
2776 4942 2991 5016 quidem
3031 4944 3176 5001 Juris
3205 4942 3625 5015 communicatio

2021 5013 2207 5093 multis
2236 5015 2369 5093 locis
2395 5029 2424 5069 a
2450 5014 2512 5069 B.
2544 5012 2712 5069 Paulo
2745 5012 3190 5093 mfmoraturLad
3218 5017 3462 5093 Corinth.
3487 5012 3623 5093 Epi-

2022 5085 2159 5167 stola
2190 5087 2378 5167 priori,
2409 5100 2527 5157 cap.
2559 5100 2660 5167 χιι,
2699 5092 2754 5167 et
2779 5084 2952 5167 Epist.
2981 5087 3045 5167 ad
3077 5087 3363 5167 Ephesios,
3386 5104 3511 5167 cap.
3535 5084 3618 5149 'tv.

2095 5155 2491 5231 Clarissimus..l
2523 5156 2938 5231 perfectissimus.
2981 5157 3076 5231 llis
3105 5155 3360 5231 epithetis
3385 5155 3619 5225 Lactan-

2022 5228 2129 5301 tius
2156 5237 2302 5301 amat
2327 5226 2567 5301 alludere
2597 5226 2909 5301 ad'titulos,
2944 5226 3265 5301 quiibus'pro
3294 5233 3504 5290 ratione
3531 5234 3620 5295 di~

2021 5299 2239 5372 gnitatis
2270 5300 2426 5356 mtilti
2462 5299 2798 5372 cohonestati
2827 5299 2970 5354 sunt.
2998 5299 3134 5372 Nam
3170 5299 3463 5372 praefectus
3499 5306 3620 5369 urbi

2021 5370 2098 5446 uir
2111 5371 2519 5446 gloriosissimus
2536 5370 2844 5446 dicebatur;
2876 5371 3111 5446 prmiecti
3140 5370 3395 5446 praetorio
3432 5390 3527 5446 per
3551 5376 3619 5437 ιι-

2023 5440 2247 5518 Ιχιθίξειιηι
2270 5483 2284 5509 ,
2325 5443 2419 5518 uiri
2447 5442 2864 5518 eminentissimi;
2882 5440 2980 5496 'vir
3016 5440 3305 5518 speclabilis
3332 5440 3619 5518 prail'ectus

2098 5515 2241 5589 gypti
2259 5530 2273 5580 ;
2296 5515 2393 5581 viri
2411 5514 2685 5589 clarissimi
2694 5523 2939 5589 rectores
2956 5514 3355 5589 previnciarum
3373 5534 3388 5585 ;
3411 5518 3489 5572 uir
3502 5535 3618 5589 per-

2022 5584 2329 5660 fectissimus
2350 5600 2551 5660 prensos
2570 5584 2777 5660 Calliae.
2796 5587 2909 5660 Qua
2938 5585 3227 5660 de}re_\jide
3253 5584 3610 5660 Cangii'glos-

2023 5657 2213 5732 sarium
2233 5657 2327 5732 his
2358 5655 2563 5732 verbis,
2584 5655 3033 5732 Paratissimus,-
3065 5655 3420 5732 Clarissimui;
3448 5655 3613 5732 Egre-

2022 5728 2210 5799 giatus.
2232 5728 2365 5785 Vide
2387 5727 2510 5802 N_ot.
2533 5727 2601 5802 ad
2618 5736 2779 5802 caput
2797 5728 2888 5802 21,
2914 5728 3033 5802 libri
3048 5728 3122 5802 de
3146 5730 3402 5787 Mortibus
3429 5727 3612 5802 persc-

2024 5796 2269 5857 cutorum
2289 5815 2304 5868 ;
2327 5809 2383 5856 et
2403 5798 2614 5859 Pancir.
2638 5796 2695 5853 in
2715 5796 2880 5854 Notlt.
2904 5799 3251 5871 Dignitatum,
3268 5817 3319 5859 c.
3337 5802 3374 5856 2
3389 5796 3445 5857 et
3458 5816 3611 5872 seqq.
