4090 6354
466 247 572 307 599

1062 374 1288 433 CAPUT
1320 373 1459 431 XVI.

581 512 659 567 De
700 513 876 583 Oﬁciis
904 513 998 567 viri
1016 513 1169 583 justi,
1199 522 1243 567 et
1269 510 1505 584 aequitate
1530 510 1960 593 Christianorum.

543 644 763 699 Duobus
791 644 948 713 igitur
981 645 1085 700 illis
1105 646 1326 716 iustitia:
1354 646 1589 703 fontibus
1614 648 1928 712 immutatis,
1956 661 2072 703 om-

464 737 552 793 nis
579 738 750 792 virtus
770 780 785 807 ,
818 747 873 794 et
916 740 1091 793 omnis
1121 740 1321 795 veritas
1360 739 1598 809 tollitur,
1643 748 1697 796 et
1728 741 1841 811 ipsa
1866 740 2073 810 justitia

464 833 724 903 remigrat
749 832 803 886 in
833 836 1050 889 cmlum.
1080 833 1207 888 ldeo
1236 850 1341 888 non
1383 844 1465 889 est
1495 833 1622 889 illud
1651 820 1837 889 verum
1869 834 2069 889 bonum

465 940 499 981 a
551 925 889 997 philosophis
935 936 1243 998 repertum,
1277 930 1399 999 quia
1430 929 1746 999 ignorabant
1802 929 1882 984 vel
1930 928 2071 983 unde

467 1019 730 1087 oriretur,
761 1020 846 1075 vel
872 1021 999 1091 quid
1027 1020 1301 1087 efficeret;
1328 1021 1469 1092 quod
1500 1022 1661 1077 nullis
1681 1021 1822 1089 aliis,
1848 1031 2071 1091 praeter-

466 1129 628 1184 quam
677 1124 866 1169 nostro
908 1115 1110 1187 p0pulo
1146 1116 1441 1171 revelatum
1490 1126 1594 1171 est.
1639 1114 1789 1171 Dicet
1830 1116 2067 1187 aliquis:

465 1204 664 1264 Nonne
701 1218 829 1266 sunt
866 1208 1009 1281 apud
1039 1224 1136 1266 vos
1162 1208 1252 1265 alii
1289 1224 1574 1282 pauperes,
1603 1209 1696 1265 alii
1722 1210 1950 1276 divites;
1979 1210 2070 1266 alii

1550 246 1734 302 FIRM.
1777 241 2147 302 LAC’I‘ANTII
2189 239 2392 299 DIVIN.
2434 239 2675 300 INSTIT.

2012 358 2017 363 ’
2097 375 2150 433 Α
2172 369 2336 438 servi,
2364 368 2454 424 alii
2482 367 2728 424 domini?
2753 364 2946 422 Nonne
2965 363 3166 436 aliquid
3192 364 3336 421 inter
3360 362 3603 435 singulos
3631 364 3778 418 inte-

3667 235 3778 301 600

2175 463 2319 520 rest?
2348 463 2511 530 nihil;
2557 476 2658 518 nec
2702 461 2804 517 alia
2850 473 3015 516 causa
3044 467 3161 526 est,
3202 473 3302 515 cur
3344 457 3502 513 nobis
3545 456 3779 512 invicem

2175 555 2402 613 fratrum
2428 572 2623 613 nomen
2651 554 3041 622 impertiamus,
3066 553 3171 609 nisi
3190 553 3312 623 quia
3337 566 3492 623 pares
3515 566 3640 607 esse
3677 565 3783 609 nos

2177 651 2465 707 credimus.
2493 649 2626 707 Nam
2652 664 2774 706 cum
2803 650 2984 705 omnia
3012 648 3244 704 humana
3269 663 3374 703 non
3403 662 3658 719 corpore.
3681 647 3784 704 sed

2178 746 2368 817 spiritu
2401 749 2714 813 metiamur,
2749 745 2958 799 tametsi
2988 758 3278 814 corporum
3306 744 3377 797 sit
3404 742 3618 798 diversa
3644 756 3782 797 con-

2179 837 2331 903 ditio,
2372 836 2528 892 nobis
2564 849 2740 893 tamen
2768 837 2908 892 servi
2938 851 3046 891 non
3076 843 3233 903 sunt;
3268 835 3363 891 sed
3403 848 3501 891 eos
3526 844 3582 890 et
3606 834 3787 891 habe-

2174 945 2316 997 mus,
2350 938 2404 985 et
2429 928 2654 984 dicimus
2682 928 2870 998 spiritu
2909 929 3124 993 fratres,
3153 925 3413 997 religione
3458 940 3785 981 conservos.

2177 1021 2385 1077 Divitiae
2412 1035 2626 1091 quoque
2656 1035 2761 1075 non
2789 1017 3289 1088 faciuntinsignes,
3317 1016 3421 1073 nisi
3464 1017 3608 1088 quod
3652 1031 3788 1090 pos-

2175 1125 2299 1170 sunt
2354 1115 2509 1170 bonis
2549 1114 2803 1185 operibus
2862 1112 3043 1168 facere
3091 1113 3373 1168 clariores.
3416 1110 3619 1167 Divites
3659 1122 3790 1169 sunt

2175 1211 2343 1279 enim,
2375 1222 2482 1264 non
2509 1211 2633 1279 quia
2658 1205 2876 1263 divitias
2899 1203 3119 1272 habent,
3144 1202 3242 1260 sed
3262 1204 3387 1276 quia
3419 1211 3648 1259 utuntur
3674 1202 3791 1260 illis

1822 1348 2187 1407 VARIORUM
2224 1347 2459 1406 NOTJE.

540 1485 729 1540 Nonne
755 1494 874 1541 sunt
901 1486 1042 1553 apud
1072 1501 1161 1541 vos
1187 1485 1279 1539 alii
1304 1501 1573 1553 pauperes,
1609 1484 1703 1539 alii
1729 1484 1930 1550 divites,
1956 1493 2063 1540 etc.

2170 1501 2269 1555 que
2313 1495 2431 1540 ante
2474 1484 2647 1539 omnia
2696 1485 2882 1539 sectari
2909 1484 3070 1547 soliti,
3120 1500 3257 1538 mmc
3302 1499 3417 1555 quia
3458 1485 3705 1541 habemus
3733 1488 3789 1543 in

463 1556 569 1648 llic
593 1557 730 1648 infra
768 1558 1120 1640 observamus
1147 1573 1212 1612 es
1256 1557 1521 1640 Salmasio
1540 1598 1555 1622 ,
1574 1572 1661 1648 Leti
1692 1557 2066 1648 appellatique
2101 1588 2148 1648 Β
2172 1556 2793 1648 gmntune‘conferlentels,
2816 1557 2952 1611 oumi
2979 1556 3225 1648 indigenti
3245 1558 3786 1648 eacommunicamus.

459 1628 821 1685 fraternitatis
868 1640 1047 1683 mutua
1109 1630 1247 1683 inter
1294 1630 1495 1696 primos
1541 1626 1896 1694 christianos,
1947 1626 2071 1682 illos

467 1699 675 1755 vixisse
709 1702 870 1754 etiam
922 1709 1172 1770 tanquam
1206 1699 1418 1766 fratres,
1454 1700 1505 1753 in
1550 1714 1837 1754 commune
1881 1698 2069 1770 conife-

462 1782 651 1825 rentes
676 1770 819 1840 quod
853 1771 1142 1833 habebant,
1178 1782 1374 1841 printer
1411 1785 1632 1837 uxores,
1663 1781 1722 1825 ut
1754 1781 1905 1825 notat
1932 1769 2071 1825 Ter.

468 1842 589 1897 tull.
617 1841 728 1897 Hoc
757 1857 885 1899 vero
915 1858 1020 1897 non
1052 1848 1123 1899 ita
1149 1842 1521 1912 accipiendum
1544 1857 1687 1908 esse,
1715 1841 1869 1913 quasi
1889 1842 2071 1913 munia

463 1914 704 1968 omnium
736 1915 876 1970 bona
905 1917 1212 1970 communia
1253 1918 1393 1969 inter
1423 1915 1543 1968 illos
1573 1912 1795 1979 fuerint,
1824 1926 1880 1967 ut
1908 1912 2071 1968 lniSse

462 1995 672 2040 certum
695 1996 776 2041 est
803 1988 1184 2055 Aposmlorum
1214 1997 1457 2055 tempore
1486 1986 1537 2038 in
1565 1985 1792 2040 ecclesia
1827 1984 2073 2040 Hieroso-

462 2055 747 2127 lymitana,
772 2054 970 2113 ex'hoc
994 2056 1255 2112 Lactantii
1287 2058 1406 2111 loco
1430 2054 1772 2110 manifestum
1796 2065 1983 2127 est._et
2004 2070 2073 2110 ex

465 2125 588 2197 ipso
608 2127 834 2181 Tertull.
866 2129 987 2183 loco
1012 2130 1224 2183 laudato
1248 2127 1406 2196 Apol.
1431 2129 1622 2183 eadem
1652 2128 1874 2197 pagina:
1896 2125 2073 2181 Etiam

462 2200 510 2251 si
539 2200 677 2272 quod
703 2215 840 2254 tter
862 2216 1019 2271 genus
1033 2211 1127 2265 est,
1148 2202 1339 2272 inquit,
1363 2216 1463 2253 non
1490 2200 1555 2252 de
1575 2200 1851 2272 ltonoraria
1875 2214 2073 2252 summa

464 2269 609 2339 quasi
639 2269 914 2342 redemptis
941 2273 1199 2338 religionis
1224 2269 1577 2341 congregatur.
1625 2269 1883 2323 Modicam
1915 2286 2074 2342 unus—

465 2342 679 2409 quisque
705 2341 884 2412 stipem
928 2353 1184 2396 menstrua
1214 2343 1324 2402 die,
1371 2342 1448 2412 vel
1474 2358 1591 2395 cum
1618 2342 1755 2405 velit,
1781 2351 1829 2395 et
1851 2342 1896 2396 si
1923 2341 2073 2394 modo

464 2413 607 2477 velit,
627 2423 672 2465 et
696 2414 740 2466 si
763 2410 913 2467 modo
935 2416 1110 2483 possit.
1137 2415 1368 2483 apponit.
1396 2410 1534 2466 Nam
1556 2429 1703 2467 nemo
1730 2412 2070 2481 compellitur,

466 2484 559 2557 sed
583 2494 762 2553 sponte
794 2488 1009 2557 confert.
1044 2484 1191 2557 Haec
1214 2487 1360 2555 quasi
1416 2486 1649 2557 deposita
1680 2484 1883 2557 pietatis
1917 2494 2067 2557 sunt.

468 2553 527 2626 ξε
559 2568 816 2625 quantum
845 2553 1073 2626 quisque
1114 2553 1300 2618 Vellet,
1333 2554 1670 2618 conferebat,
1698 2556 1854 2622 idque
1884 2554 2072 2622 singu-

468 2624 538 2679 lis
566 2627 863 2693 mensibus,
892 2624 997 2680 Itntt
1029 2628 1399 2682 universorum
1431 2626 1694 2681 bonorum
1726 2626 1883 2680 liebat
1908 2626 2073 2680 colla-

465 2698 573 2774 tio,
609 2698 716 2774 sed
755 2699 912 2774 stipis
945 2709 1149 2774 tzintum
1196 2698 1442 2774 modicas.
1485 2697 1672 2774 Genus
1696 2700 1877 2774 ἕρᾴνου
1919 2697 2076 2774 plane

468 2766 576 2840 hoc
604 2769 720 2830 fuit,
754 2772 803 2822 in
834 2770 1061 2840 singulis
1102 2771 1520 2824 cbristimorum
1561 2766 1806 2823 ecclesiis
1834 2783 1931 2838 per
1960 2771 2074 2821 sin-

465 2839 622 2908 gulos
654 2856 867 2895 menses
897 2841 1076 2909 colligi
1106 2842 1272 2912 soliti.
1309 2840 1389 2894 Ad
1422 2855 1579 2912 quem
1609 2840 2075 2912 usumgdtspensa-

467 2920 655 2975 retur,
682 2913 878 2981 statim
911 2913 1121 2980 Sllbjlt'il
1141 2952 1157 2978 ,
1187 2910 1252 2965 ad
1284 2910 1485 2981 egenos
1516 2925 1707 2980 nempe
1738 2910 1989 2975 alendos,
2021 2917 2075 2963 et

469 2981 794 3061 humandas.
829 2980 969 3061 Nam
1009 2977 1129 3061 inde
1170 2999 1275 3061 non
1318 2977 1502 3061 sputis,
1551 2977 1660 3061 nec:
1672 2983 1954 3061 potaculis,
1982 2996 2074 3061 nec
2102 2977 2152 3043 C

465 3050 686 3125 ingratis
714 3054 984 3108 voratrinis
1027 3050 1374 3123 dispenstitur,
1402 3054 1491 3109 sed
1518 3054 1687 3125 egenis
1716 3051 1934 3118 alendis,
1972 3053 2073 3125 Itu-

466 3123 789 3194 mundisque,
822 3135 868 3179 et
900 3126 1069 3192 pueris
1112 3142 1172 3178 ac
1203 3126 1384 3195 puellis
1418 3141 1479 3195 re
1502 3123 1562 3178 ac
1591 3125 1884 3193 parentibus
1913 3124 2075 3195 desti-

467 3196 612 3266 tutis.
636 3197 851 3266 jamque
884 3197 1173 3251 domesticis
1202 3193 1426 3251 senibus.
1456 3194 1700 3251 Justinus
1731 3195 1932 3262 Martyr
1961 3198 2011 3248 in
2036 3193 2077 3266 2

467 3263 727 3341 Apologia
757 3263 1000 3341 ejusdem
1027 3268 1301 3341 collatitiae
1330 3268 1505 3341 stipis,
1538 3268 1652 3341 sive
1676 3269 1850 3341 liparas
1873 3282 1901 3341 a
1929 3264 2078 3341 chri-

465 3337 659 3391 stianis
692 3339 805 3393 fieri
852 3339 999 3394 soliti
1038 3340 1314 3404 meminit,
1343 3340 1443 3392 nisi
1480 3339 1624 3408 quod
1655 3337 1784 3394 nihil
1818 3338 1978 3392 habet
2009 3337 2076 3392 de

469 3418 746 3463 menstrua
772 3409 877 3465 die.
914 3412 1200 3477 Quomodo
1231 3413 1411 3480 igitur,
1439 3412 1483 3463 si
1516 3410 1617 3463 hoc
1644 3424 1844 3479 genere
1865 3418 2073 3480 tantum

469 3481 778 3534 collationis
810 3483 922 3546 usi,
973 3479 1265 3536 indisereta
1309 3482 1491 3536 omnia
1523 3482 1659 3550 apud
1705 3482 1850 3549 ipsus
1892 3479 2076 3535 dicere

466 3550 642 3619 potuit
685 3552 821 3607 idem
855 3552 1253 3608 Tertullianus?
1280 3554 1361 3607 An
1410 3568 1512 3606 non
1562 3555 1674 3607 haec
1712 3552 1852 3605 inter
1878 3565 1937 3605 se
1977 3567 2073 3619 pu-

464 3623 671 3691 gnant?
700 3623 832 3677 Nam
862 3625 1133 3693 generalis
1160 3625 1376 3679 collatio
1407 3624 1780 3678 universorum
1808 3622 2073 3676 bonorum

464 3708 730 3763 pzuiperes
772 3694 1027 3750 divitibus
1070 3707 1349 3766 exaequat;
1395 3704 1449 3750 et
1496 3703 1749 3765 praestat.
1804 3696 1962 3766 ut_in
2007 3709 2074 3748 eo

466 3778 633 3825 actu.
666 3767 719 3819 in
748 3782 855 3835 quo
881 3767 1073 3836 singuli
1104 3763 1297 3833 otnue,
1330 3766 1472 3837 quod
1499 3763 1700 3820 habent
1720 3806 1734 3827 ,
1763 3763 2071 3831 conferunt,

468 3852 631 3907 neuio
661 3838 810 3891 dives
832 3839 903 3891 sit
924 3848 1014 3892 aut
1044 3854 1269 3907 pauper,
1292 3838 1387 3892 sed
1417 3853 1606 3892 omnes
1636 3837 1865 3890 invicem
1894 3852 2077 3907 mqua-

466 3906 568 3962 les.
602 3908 762 3976 Atqui
794 3908 879 3962 vel
907 3924 978 3962 ex
1010 3904 1344 3963 Tertulliano
1388 3909 1554 3977 liquet
1591 3908 1726 3961 alios
1756 3916 1866 3959 tum
1888 3904 2076 3977 fuisse

471 3992 761 4049 pauperes.
782 3978 837 4032 in
884 3978 1148 4043 Ecclesia,
1181 3981 1314 4034 alios
1344 3976 1557 4034 divites.
1590 3977 1821 4049 Namad
1852 3976 2075 4032 alendus

466 4063 736 4119 pauperes
755 4091 771 4109 .
799 4050 1148 4104 conferebant
1175 4051 1389 4104 divites.
1417 4052 1549 4116 Quas
1578 4048 1857 4118 aequalitas
1892 4051 2075 4103 nescio

468 4134 538 4174 an
570 4136 802 4187 unquam
824 4121 876 4174 in
900 4120 1138 4176 Ecclesia
1161 4122 1452 4176 christiana
1485 4119 1796 4181 obtinuerit,
1821 4134 1889 4173 ne
1917 4128 2075 4175 aetate

469 4192 690 4261 quidem
710 4191 1111 4258 Apostolorum.
1136 4191 1449 4261 llujusmodi
1470 4193 1613 4246 enim
1636 4191 1888 4244 collectas
1910 4190 2071 4244 etiam

466 4263 571 4317 sub
596 4264 867 4332 Αροςιυιίε
896 4279 960 4316 ex
991 4278 1177 4319 eorum
1213 4262 1524 4332 praascripto
1554 4262 1918 4332 lrcqttentatas
1942 4275 2074 4332 con-

466 4343 576 4388 stat
601 4330 665 4389 eit
691 4334 857 4389 Paulo
884 4334 1053 4403 Epist.
1079 4333 1099 4388 Ι
1120 4333 1186 4388 ad
1212 4330 1485 4398 Coriutbl,
1508 4348 1628 4403 cap.
1650 4330 1761 4386 ivi.
1785 4330 2069 4399 Quomodo

466 4403 743 4459 faciendas
788 4406 1112 4471 instituerit,
1153 4405 1347 4460 ibidem
1380 4407 1559 4475 legere
1588 4414 1688 4460 est.
1727 4406 1809 4458 Ab
1838 4418 1903 4457 eo
1934 4415 2066 4475 Lem-

467 4490 603 4547 pore
627 4476 973 4531 colleCIarum
1005 4477 1092 4531 ille
1115 4493 1250 4537 mos.
1281 4477 1350 4532 (le
1373 4473 1481 4546 quo
1503 4475 1561 4532 S.
1584 4475 1829 4544 Justinus
1857 4486 1909 4529 et
1936 4473 2067 4547 Ter-

467 4545 751 4607 tullianus.
783 4549 833 4600 in
869 4547 1123 4602 Ecclesiis
1150 4545 1403 4603 servatus
1430 4559 1529 4601 est.
1549 4549 1620 4603 At
1646 4547 1772 4617 quid
1800 4561 1936 4614 opus
1964 4545 2091 4615 buy

461 4619 703 4688 jusmodi
730 4619 995 4687 colleCIis,
1024 4619 1070 4672 si
1094 4619 1356 4672 bonorum
1382 4634 1410 4672 a
1438 4616 1669 4688 singulis
1691 4619 1826 4673 facta
1857 4616 2070 4672 univer-

464 4703 650 4744 sorum
707 4689 959 4744 collatio?
1023 4688 1081 4743 ln
1149 4690 1376 4761 ecclesia
1429 4689 1917 4761 llierosolymitana
1978 4689 2068 4744 illa

465 4760 778 4815 oounnunio
806 4762 981 4814 locum
1028 4769 1232 4815 tantum
1266 4760 1476 4827 videtur
1505 4759 1782 4827 habuisse,
1812 4771 1867 4814 ut
1898 4759 2070 4815 Lucas

465 4832 635 4885 refert
658 4834 708 4886 in
734 4830 904 4897 Actis,
937 4846 1057 4901 cap.
1088 4846 1155 4885 tv.
1180 4832 1333 4899 Quod
1363 4841 1415 4886 et
1438 4832 1610 4899 ipsum
1637 4844 1815 4885 tamen
1840 4830 2069 4886 liberum

466 4906 663 4972 cuique
691 4904 785 4958 fuit
813 4904 1010 4968 facere,
1033 4910 1090 4957 et
1120 4921 1223 4956 non
1251 4904 1449 4964 facere,
1482 4912 1537 4954 ut
1564 4903 1755 4957 Petrus
1783 4902 1959 4970 capite
1979 4917 2068 4957 se-

465 4974 653 5043 quenti
678 4975 743 5029 ad
774 4977 1033 5028 Anamam
1064 4973 1222 5039 dixit,
1250 4976 1338 5044 qui
1374 4972 1526 5042 pretii
1561 4985 1766 5042 partem
1793 4988 1857 5028 ex
1888 4973 2069 5028 diven-

468 5045 597 5099 ditis
629 5047 785 5118 huuis
815 5046 1182 5118 subtraxerat,
1212 5056 1265 5103 et
1296 5044 1661 5118 reliqnumad
1686 5044 2068 5118 Apostolorum

469 5117 637 5185 pedes
656 5117 948 5186 ahjecerat.
967 5116 1071 5172 Sed
1096 5118 1366 5185 quomodo
1386 5116 1758 5170 conciliabitur
1779 5116 1921 5185 quod
1944 5130 2073 5170 auc-

468 5193 617 5239 tores
644 5192 889 5242 scribunt
916 5190 983 5244 de
1009 5189 1498 5249 cmnmuniCatiune
1523 5189 1596 5242 rei
1626 5186 1904 5241 familiaris
1930 5186 2091 5241 inter.

466 5252 801 5311 Christianos
831 5261 948 5323 lieri
990 5273 1279 5323 consueta,
1311 5260 1355 5313 si
1387 5258 1696 5314 communio
1733 5258 1823 5313 illa
1869 5257 2070 5323 abfuit,

465 5339 629 5401 quam
659 5328 903 5401 plerique
926 5332 1087 5385 fuisse
1111 5331 1507 5401 imaginantur?
1535 5330 1691 5385 Certe
1726 5341 1779 5385 et
1803 5328 2068 5397 Justinus,

470 5398 562 5466 qui
591 5400 829 5453 collecta:
858 5400 996 5454 illius
1024 5398 1284 5467 meminit,
1310 5418 1411 5472 qua
1437 5400 1664 5472 qttisque
1690 5401 1951 5455 arbitratu
1971 5416 2072 5454 suo

469 5473 527 5526 in
555 5482 734 5542 arcam
767 5484 1105 5525 communem
1143 5474 1472 5537 conferebat,
1508 5475 1559 5526 in
1590 5472 1777 5527 eadem
1811 5472 2070 5542 Apologia

468 5539 655 5613 tradit,
691 5538 793 5592 hoc
816 5542 1229 5597 christianorum
1256 5545 1553 5613 disciplina:
1580 5543 1743 5598 fuisse
1771 5538 2067 5612 proprium,

467 5619 528 5665 ut
566 5610 1303 5686 in_c‘i‘nntntme4conferrent
1350 5610 1467 5686 qua:
1497 5610 2072 5686 haberentiOstendit

508 5696 588 5762 ita:
616 5678 919 5762 dilfere‘ntia
946 5682 1110 5762 [fuerit
1146 5701 1220 5762 ea.
1245 5688 1296 5740 in
1327 5678 1386 5740 re
1416 5685 1644 5742 Gentilis
1671 5696 1726 5740 et
1752 5682 2069 5762 Christiani.

517 5752 626 5821 lim,
671 5752 874 5821 inquit,
894 5767 1008 5808 cum
1049 5752 1273 5812 Gentiles
1300 5773 1524 5826 eramus,
1566 5766 1813 5827 quantum
1838 5757 2065 5813 lucrum-

2176 1627 2313 1683 Tuto
2352 1637 2502 1685 certe
2548 1628 2686 1684 cmlo
2725 1628 3041 1682 deerrarunt
3067 1626 3099 1689 ,’
3122 1628 3211 1697 qui
3239 1626 3342 1682 sibi
3371 1642 3694 1697 persuasere
3717 1645 3786 1685 ex

2174 1698 2282 1755 illis
2330 1701 2683 1762 testimoniis,
2736 1708 2947 1755 veteres
2988 1697 3314 1753 christianos
3366 1699 3546 1753 omnia
3596 1715 3790 1755 revera

2175 1769 2314 1825 bona
2350 1774 2489 1827 inter
2517 1784 2575 1826 se
2602 1771 2853 1827 habuisse
2897 1770 3235 1835 communia,
3287 1770 3483 1840 quibus
3511 1786 3609 1840 pro
3635 1771 3793 1831 judi-

2175 1843 2292 1897 viso
2334 1843 2387 1898 in
2427 1842 2665 1898 medium
2705 1840 2917 1897 collatis
2958 1841 3327 1912 unusquisque
3372 1841 3666 1897 frueretur.
3721 1841 3793 1899 Ut

2174 1915 2454 1983 aequalitas
2479 1912 2796 1981 dignitatum
2827 1913 2966 1968 inter
2987 1911 3133 1983 ipsiis
3160 1928 3265 1967 non
3293 1911 3345 1965 in
3374 1912 3504 1981 ipsis
3535 1915 3790 1984 personis

2177 1986 2293 2052 fuit,
2326 1986 2420 2040 sed
2453 1986 2504 2041 in
2538 1986 2737 2046 animo,
2770 2000 2878 2055 quo
2909 1999 2966 2038 se
2997 1984 3170 2054 major
3200 1999 3381 2053 parem
3412 1983 3614 2055 minari
3640 1984 3787 2040 fere-

2177 2056 2288 2117 bat.
2319 2068 2373 2111 et
2398 2057 2649 2112 dominus
2674 2054 2888 2112 servum
2916 2071 3021 2110 non
3047 2056 3205 2111 aliter
3231 2054 3517 2119 tractabat,
3543 2072 3708 2124 quam
3737 2057 3785 2113 si

2177 2127 2342 2184 lrater
2370 2140 2536 2195 esset,
2562 2129 2637 2183 ita
2665 2138 2720 2183 et
2748 2128 3057 2182 communio
3087 2129 3347 2182 bonorum
3381 2126 3520 2196 apud
3549 2142 3650 2181 eos
3674 2143 3789 2183 non

2177 2198 2231 2254 in
2278 2216 2336 2256 re
2363 2200 2476 2270 ipsa
2523 2200 2687 2255 fuisse
2713 2200 3044 2270 dignoscitur
3071 2239 3087 2263 ,
3114 2198 3209 2252 sed
3257 2198 3310 2251 in
3358 2198 3639 2270 voluntate
3665 2199 3788 2256 sola

2176 2267 2632 2336 cntntttunimttdi,
2663 2267 2822 2342 quam
2857 2279 2912 2325 et
2938 2269 3164 2329 elfectus
3200 2267 3545 2340 sequebatur,
3575 2270 3621 2324 si
3650 2284 3788 2329 usus

2177 2345 2406 2398 veniret.
2443 2343 2762 2400 Samasms.

2252 2434 2496 2490 Fratrum
2528 2452 2708 2490 nomen
2740 2434 3115 2503 impertiamus.
3147 2431 3402 2489 Clemens
3448 2433 3657 2488 Strom.
3689 2449 3731 2489 ιι
3765 2450 3782 2488 :

2180 2505 2314 2561 Ideo
2341 2524 2435 2561 nos
2457 2510 2668 2575 fratres,
2700 2505 3043 2577 quodieodem
3065 2504 3214 2559 verbo
3238 2505 3537 2576 regenerati.
3576 2505 3779 2561 Euseb.

2178 2579 2378 2633 Emiss.
2429 2579 2627 2633 Homil.
2682 2576 2735 2634 tv
2767 2596 2780 2632 :
2814 2576 3046 2636 Fratres.
3076 2592 3296 2644 sorores,
3324 2593 3425 2630 non
3455 2588 3665 2644 natura,
3693 2577 3785 2631 sed

2181 2650 2358 2718 officio
2380 2661 2425 2703 et
2454 2647 2762 2717 alfectione;
2786 2664 2914 2720 quos
2957 2648 3092 2701 enim
3132 2648 3416 2720 diligimus,
3451 2649 3528 2703 Itis
3558 2649 3784 2702 nomini-

2182 2721 2274 2774 bus
2301 2738 2484 2776 vocare
2513 2722 2753 2775 solemus.
2778 2718 3067 2775 Woawan.
3093 2749 3161 2759 —
3179 2718 3363 2773 Noluit
3395 2720 3553 2783 Deus,
3590 2732 3647 2774 ut
3669 2720 3781 2789 jam

2181 2802 2308 2847 ante
2359 2798 2684 2857 notavimus,
2714 2794 2879 2847 ullum
2931 2790 3156 2858 reperiri
3190 2802 3436 2862 egentem
3485 2795 3536 2845 in
3580 2792 3785 2861 populo

2183 2877 2306 2928 suo,
2332 2864 2426 2918 sed
2454 2878 2643 2919 omnes
2688 2873 2940 2934 tanquam
2987 2862 3182 2934 fratres
3214 2864 3353 2934 inter
3376 2877 3437 2917 se
3468 2864 3658 2918 vivere
3681 2903 3696 2924 ,
3726 2873 3779 2916 ut

2181 2943 2339 2989 erant
2376 2937 2444 2991 ab
2476 2951 2581 2989 uno
2620 2932 2842 3005 parente
2873 2947 3083 3005 omnes.
3118 2932 3503 3005 Hmefratrum
3537 2933 3779 3003 appella-

2183 3007 2256 3060 tio
2284 3008 2423 3062 ioter
2452 3003 2775 3061 christianos
2803 3007 2963 3061 etiam
2992 3003 3301 3073 aliquandiu
3346 3005 3530 3075 viguit,
3561 3019 3667 3060 nec
3695 3020 3782 3059 so-

2180 3077 2290 3131 lum
2322 3080 2581 3147 tantisper
2606 3078 2733 3132 dum
2764 3078 2907 3148 intra
2924 3075 3476 3148 Hierosolymitanam
3505 3077 3780 3132 civitatem

2180 3150 2282 3232 sub
2309 3150 2565 3232 apostolis
2593 3148 2832 3232 Ecclesia
2863 3146 3077 3232 Chrisd
3103 3146 3272 3213 stetit,
3292 3148 3399 3232 sed
3426 3148 3779 3232 etiamnaliis,

2179 3219 2235 3274 in
2264 3218 2457 3288 quibus
2485 3229 2775 3291 propagata
2794 3230 2881 3274 est
2899 3218 3664 3291 locis;_praesertimrquamdiu
3690 3219 3785 3273 fuit

2180 3288 2645 3361 persecutionibus
2662 3288 2888 3345 vexata.
2921 3290 3031 3361 Nec
3056 3288 3249 3344 fratres
3274 3290 3436 3343 modo
3468 3291 3699 3345 invicem
3727 3305 3787 3346 se

2178 3359 2557 3431 appellabant.
2595 3361 2730 3431 quod
2771 3362 2925 3416 unius
2966 3359 3064 3413 Dei
3090 3361 3314 3431 parentis
3344 3362 3575 3415 homines
3600 3403 3616 3422 .
3649 3362 3789 3429 quod

2177 3444 2436 3491 consortes
2459 3435 2690 3503 ejusdem
2712 3433 2854 3496 ﬁdei,
2879 3443 2927 3486 et
2956 3432 3063 3501 spei
3093 3431 3402 3494 cohwredcs,
3431 3444 3485 3486 ut
3506 3434 3583 3486 ait
3604 3432 3787 3487 Minu-

2178 3506 2315 3571 cius,
2346 3506 2440 3560 sed
2464 3506 2623 3561 etiam
2656 3506 2778 3574 quia
2810 3503 3049 3558 fraterno
3075 3504 3216 3558 inter
3249 3517 3309 3558 se
3337 3518 3488 3558 more
3515 3505 3785 3571 viverent,

2178 3587 2237 3646 ut
2261 3577 2439 3632 Solent
2462 3576 2686 3640 fratres,
2718 3575 2808 3645 qui
2839 3590 2939 3646 pro
2963 3574 3191 3628 indiviso
3223 3575 3464 3646 paternis
3486 3576 3651 3631 bonis
3681 3592 3785 3646 una

2177 3645 2450 3728 fruuntur.
2478 3646 2534 3702 In
2566 3644 2855 3728 cpmmune
2879 3647 3037 3728 quod.
3051 3647 3279 3728 quisque
3305 3644 3562 3728 habebat,
3589 3645 3787 3728 confe-

2178 3719 2409 3787 rebant,
2457 3718 2705 3774 convivia
2765 3716 3071 3772 communia
3121 3716 3425 3787 agitabant,
3476 3717 3788 3772 dilectionis

2178 3791 2398 3845 nomine
2418 3790 2683 3857 vocitata;
2705 3789 2837 3844 nihil
2860 3788 3211 3844 indiscretum
3232 3787 3468 3858 denique
3487 3788 3783 3855 habebant,

2179 3871 2376 3930 praeter
2421 3876 2640 3927 uxores,
2684 3871 2741 3915 ut
2783 3861 2855 3915 ait
2886 3859 3249 3930 Tertullianus
3296 3860 3347 3912 in
3404 3860 3784 3930 Apologetico,

2177 3946 2296 4001 cap.
2330 3932 2420 3997 59,
2453 3934 2543 4003 qui
2580 3933 2717 3986 hanc
2741 3931 2903 3986 etiam
2933 3929 3153 4003 fraterni
3180 3932 3413 3985 nominis
3440 3929 3602 3986 inter
3620 3933 3795 3985 chris:

2179 4004 2353 4057 tianos
2379 4000 2755 4058 communicati
2787 4016 3003 4056 causam
3032 4000 3206 4073 adfert.
3248 4002 3314 4055 At
3328 4013 3559 4070 quanto,
3589 4004 3783 4073 inquit,

2178 4075 2384 4145 dignius
2396 4076 2582 4145 fratres
2600 4086 2644 4127 et
2662 4076 2921 4139 dicuntur,
2945 4082 2992 4127 et
3014 4072 3284 4139 habentur,
3307 4076 3393 4145 qui
3410 4089 3571 4126 unum
3589 4072 3787 4144 patrem

2179 4144 2343 4199 Deum
2370 4144 2687 4215 agnoverint,
2723 4146 2809 4215 qni
2835 4161 2991 4198 unum
3018 4145 3257 4211 spiritum
3300 4144 3517 4197 biberint
3542 4145 3787 4198 sanctita—

2174 4217 2260 4278 tis,
2289 4218 2375 4285 qui
2401 4220 2464 4270 de
2482 4233 2582 4270 uno
2602 4228 2741 4269 utero
2769 4217 3073 4287 ignorantia:
3093 4217 3319 4287 ejusdem
3346 4215 3414 4268 ad
3441 4231 3600 4269 unam
3624 4216 3783 4269 lucem

2176 4290 2468 4358 expaverint
2488 4288 2731 4341 veritatis.
2757 4286 2863 4341 Sed
2875 4303 2932 4339 eo
2949 4286 3168 4356 fortasse
3190 4288 3353 4340 minus
3375 4287 3588 4357 legitimi
3613 4288 3786 4340 edisti-

2177 4374 2395 4418 mamur.
2419 4362 2538 4428 quia
2565 4359 2707 4412 nulla
2732 4358 2795 4411 de
2811 4367 2983 4411 nostra
3004 4357 3322 4427 fraternitate
3342 4358 3595 4427 tragmdia
3613 4357 3783 4411 excla-

2092 4420 2149 4483 D
2175 4439 2298 4495 mat,
2328 4429 2404 4483 vel
2429 4420 2547 4500 quia
2576 4446 2638 4483 ea:
2664 4430 2943 4483 substantia
2969 4420 3215 4500 faniiliari
3236 4420 3648 4500 fratres'sumus,
3674 4444 3783 4498 qua:

2174 4518 2324 4572 penes
2344 4516 2429 4554 vos
2440 4498 2553 4572 fere
2567 4502 2758 4553 dirimit
2776 4502 3163 4570 fraternitatem.
3182 4498 3365 4572 Itaque
3379 4498 3466 4569 qui
3481 4504 3658 4553 animo
3675 4501 3784 4572 ani-

2173 4570 2357 4640 maque
2391 4570 2661 4626 miscemur
2682 4614 2697 4635 ,
2743 4572 2874 4625 nihil
2894 4572 2958 4624 de
2976 4571 3052 4625 rei
3079 4570 3537 4624 communicatione
3582 4571 3783 4624 dubita-

2172 4659 2304 4697 mus.
2332 4642 2518 4697 Omnia
2542 4644 2815 4697 indiscreta
2854 4653 2969 4696 sunt
2996 4643 3136 4714 apud
3163 4659 3256 4696 nos
3280 4684 3295 4707 ,
3330 4651 3515 4711 praeter
3540 4658 3745 4696 uxores.

2245 4736 2547 4806 Corporum.
2593 4736 2940 4792 Heumannus
2989 4736 3271 4808 legendum
3331 4745 3451 4792 esse
3492 4746 3647 4807 putat
3688 4728 3781 4792 ser:

2174 4824 2372 4864 varum.

2247 4898 2366 4955 Nisi
2394 4902 2530 4972 quod
2552 4908 2783 4972 possunt,
2812 4910 2920 4954 etc.
2954 4898 3078 4955 Mss.
3109 4898 3298 4972 Crtuc.,
3332 4898 3459 4954 Jun.
3488 4915 3553 4956 ac
3584 4901 3619 4956 3
3646 4900 3803 4971 Reg:

2174 4986 2287 5027 rec.
2315 4982 2372 5027 et
2409 4971 2479 5026 ⁷14
2500 4973 2774 5042 impressi,
2806 4973 2907 5026 nisi
2937 4989 3083 5042 quos.
3131 4971 3369 5041 Utraque
3424 4972 3587 5026 lectio
3618 4973 3774 5027 bona.

2176 5042 2282 5099 Sed
2309 5058 2373 5114 ea
2403 5059 2523 5114 qua:
2556 5053 2641 5099 est
2672 5047 2722 5097 in
2770 5053 2917 5099 textu
2944 5044 3178 5114 genuina
3221 5043 3377 5098 nobis
3419 5044 3533 5095 visa
3580 5053 3667 5099 est
3698 5059 3771 5114 ex

2175 5129 2307 5168 mss.
2340 5113 2375 5167 2
2405 5113 2632 5178 Bonum,
2653 5114 2687 5169 5
2708 5114 2840 5184 Reg.
2869 5113 3001 5179 vet},
3034 5116 3068 5168 6
3091 5114 3325 5169 Colbert.
3347 5114 3638 5181 multisque
3660 5113 3777 5168 aliis

2174 5195 2229 5239 et
2257 5186 2388 5240 edit.
2421 5187 2487 5240 ls.
2531 5188 2694 5256 petita
2719 5227 2734 5252 ,
2766 5196 2821 5242 et
2851 5185 3285 5256 praecedentibus
3329 5192 3388 5239 et
3429 5188 3775 5255 sequentibus

2173 5260 2511 5328 confirmata.
2551 5257 2682 5328 Vide
2710 5273 2893 5327 supra,
2936 5258 3035 5312 nisi
3059 5257 3182 5328 quia
3213 5272 3364 5328 pares
3394 5272 3502 5311 esse
3543 5273 3637 5311 nos
3670 5272 3778 5312 cre-

2175 5327 2386 5394 dimus;
2419 5338 2471 5383 et
2502 5326 2661 5395 infra,
2694 5326 2815 5399 quia
2843 5340 2891 5384 et
2917 5346 3021 5384 non
3047 5326 3215 5399 egent.

2250 5419 2374 5475 Non
2403 5420 2523 5490 quia
2549 5420 2754 5475 divitias
2793 5420 3011 5487 habent,
3039 5423 3128 5475 sed
3153 5421 3274 5489 quia
3299 5428 3511 5474 utuntur
3547 5420 3674 5473 illis.
3702 5419 3773 5473 Ita

2175 5506 2309 5563 mss.
2341 5491 2376 5547 8
2400 5492 2511 5562 Reg
2539 5533 2555 5557 ,
2578 5491 2612 5545 5
2630 5492 2869 5548 Colbert.
2897 5496 3060 5547 Brun.
3094 5492 3316 5563 aliique,
3347 5506 3472 5545 cum
3508 5491 3771 5545 nonnullis

2174 5562 2354 5634 editis.
2387 5563 2551 5618 Bene.
2587 5563 2721 5619 Vide
2742 5564 2877 5634 infra
2899 5564 3021 5633 quia
3043 5574 3090 5618 et
3116 5578 3220 5617 non
3247 5571 3416 5634 egent.
3449 5562 3576 5617 Mss.
3607 5564 3766 5616 Cauc.

2174 5632 2324 5707 lum,
2351 5634 2387 5687 2
2417 5634 2549 5705 Reg.
2581 5649 2693 5707 rec.
2724 5635 2753 5689 1
2776 5632 2929 5689 (1011).
2954 5648 3010 5690 et
3029 5634 3063 5690 8
3089 5632 3309 5705 vulgati,
3334 5650 3436 5689 non
3457 5636 3543 5707 qui
3568 5634 3767 5689 diuitias

2173 5704 2383 5777 habent,
2414 5707 2503 5762 sed
2531 5706 2661 5778 qui;
2690 5720 2799 5764 non
2826 5707 3008 5779 inepte
3035 5715 3239 5763 tamen.
