4090 6354
227 247 333 311 801

1476 247 1687 306 LIBER
1725 248 1793 306 V.
1832 248 1925 308 DE
1962 247 2292 309 JUSTITIA.

3431 244 3539 304 ϐοὶ

228 373 299 431 ad
326 384 497 445 opera
521 368 767 442 iustitia.
800 367 872 425 Et
897 367 989 439 qui
1020 380 1285 439 pauperes
1314 366 1602 435 videntur,
1638 382 1706 425 eo
1744 376 1828 424 ta-
1854 368 1910 431 Α
1934 375 2039 424 tur.
2070 365 2185 422 Nec
2213 364 2360 422 enim
2392 361 2527 419 falsa
2556 367 2641 418 est
2668 358 2759 415 illa
2787 354 3081 423 sententia,
3114 371 3234 429 quae
3261 359 3402 431 apud
3426 360 3539 419 Ett-

228 481 358 523 men
388 463 587 521 divites
611 471 758 530 sunt,
783 462 907 534 quia
938 470 996 520 et
1023 476 1131 518 nou
1160 469 1354 533 egent,
1387 468 1442 518 et
1468 460 1605 517 nihil
1633 476 1833 519 concu-

230 558 468 631 piscunt.

304 651 438 707 Cum
473 650 638 722 igitur
668 658 724 706 et
748 648 905 706 liberi
947 650 1146 719 servis,
1176 658 1233 706 et
1274 649 1474 707 divites
1503 651 1835 722 pauperibus

230 742 536 799 humilitate
551 742 714 797 animi
732 757 888 812 pares
900 741 1092 809 simus,
1109 742 1247 812 apud
1269 743 1433 799 Deum
1450 755 1626 799 tamen
1641 744 1836 801 virtute

229 836 687 893 discernimur.Et
708 845 854 893 tanto
865 837 1093 908 quisque
1109 836 1388 894 sublimior
1402 839 1838 911 est.quantojus-

231 931 358 985 tior.
375 928 432 985 Si
454 929 599 985 enim
622 928 827 1000 justitia
850 938 956 995 est,
976 944 1158 1001 parem
1175 946 1237 986 se
1260 931 1421 986 etiam
1437 930 1737 988 minoribus
1758 933 1836 988 ia-

231 1038 690 1094 cere.quanquam
704 1022 809 1079 hoc
822 1022 940 1091 ipso
954 1022 1244 1094 praecellat,
1258 1022 1402 1093 quod
1420 1038 1477 1079 se
1491 1022 1837 1081 inferioribus

229 1117 551 1186 coaequavit;
570 1125 748 1172 tamen
761 1116 805 1170 si
823 1130 928 1171 non
943 1125 1147 1171 tantum
1161 1117 1314 1186 quasi
1337 1130 1543 1186 parem,
1559 1116 1655 1172 sed
1670 1117 1835 1173 etiam

230 1209 386 1280 quasi
403 1209 665 1264 minorem
680 1210 1001 1279 segesserit,
1020 1208 1204 1277 utique
1225 1208 1395 1263 multo
1415 1209 1659 1263 altiorem
1672 1206 1840 1279 digni-

232 1302 360 1355 tatis
384 1299 637 1371 gradunt,
671 1300 780 1355 Deo
796 1300 1004 1370 judice,
1029 1307 1411 1371 consequetur.
1437 1298 1571 1355 Nam
1599 1299 1839 1366 profecto

228 1394 283 1449 in
316 1392 418 1448 hac
448 1393 555 1447 vita
587 1392 858 1459 saeculari,
886 1392 1141 1462 quoniam
1180 1391 1365 1448 brevia
1393 1400 1448 1448 et
1485 1390 1686 1448 caduca
1713 1398 1841 1447 sunt

228 1486 437 1553 omnia,
471 1495 528 1543 et
555 1484 855 1557 praeferunt
882 1500 944 1541 se
971 1485 1159 1541 alteris
1190 1484 1459 1550 homines,
1491 1498 1546 1541 et
1571 1484 1639 1542 de
1659 1485 1837 1557 digni-

228 1588 344 1634 tate
369 1578 743 1634 contendunt:
774 1592 880 1649 quo
908 1576 1041 1633 nihil
1073 1577 1286 1644 foedius,
1318 1578 1448 1633 nihil
1469 1580 1834 1648 arrogantius,

227 1671 367 1726 nihil
389 1685 422 1725 a
452 1670 710 1741 sapientis
735 1671 945 1725 ratione
964 1670 1248 1726 semotius.
1275 1669 1459 1726 Rebus
1481 1670 1623 1725 enim
1642 1671 1836 1726 cteles-

1939 461 2169 533 ripidem
2202 458 2373 517 fertur
2402 457 2454 513 in
2481 458 2623 512 hunc
2650 452 2870 511 modum
2890 451 3055 522 :Qute
3078 450 3169 510 hic
3188 452 3326 510 mala
3348 462 3540 528 putan-

1941 563 2052 624 tur,
2080 553 2198 611 haee
2226 559 2355 609 sunt
2376 550 2431 607 in
2458 548 2599 607 etelo
2622 546 2785 604 bona.

2511 704 2739 763 CAPUT
2778 702 2946 760 XVII.

2047 850 2125 906 De
2149 847 2554 906 Christianorum
2573 844 2828 914 (equitate,
2850 840 3102 913 sapientia
3127 848 3175 919 et
3197 842 3438 899 stultitia.

2018 1029 2256 1099 Exposui
2284 1041 2503 1085 causam
2540 1040 2640 1080 cur
2664 1022 2974 1095 philosophi
3014 1035 3116 1078 nec
3157 1021 3401 1078 invenire
3425 1022 3543 1096 jus-

1945 1123 2139 1189 titiam,
2170 1137 2270 1177 nec
2314 1118 2608 1176 defendere
2645 1124 2954 1188 potuerunt.
3005 1112 3158 1170 Nunc
3184 1113 3349 1170 redeo
3374 1114 3440 1170 ad
3485 1114 3542 1171 id

1944 1215 2088 1285 quod
2119 1213 2477 1271 intenderam.
2498 1210 2806 1269 Carneades
2829 1223 2979 1280 ergo,
3003 1206 3256 1279 quoniam
3285 1216 3439 1263 erant
3456 1207 3544 1264 in-

1946 1307 2100 1363 firma
2131 1324 2252 1381 quae
2288 1323 2318 1361 a
2347 1305 2682 1377 philosophis
2708 1303 3093 1370 aﬂ‘erebantur,
3123 1302 3350 1373 sumpsit
3372 1301 3541 1357 auda-

1945 1402 2085 1458 ciam
2124 1399 2451 1465 refellendi,
2503 1399 2626 1471 quia
2653 1397 2829 1454 refelli
2875 1410 3034 1467 posse
3080 1396 3361 1451 intellexit.
3410 1395 3543 1466 Ejus

1945 1494 2325 1567 disputationis
2354 1507 2561 1547 summa
2594 1490 2713 1546 bsic
2758 1488 2856 1545 fuit
2886 1507 2899 1543 :
2960 1506 2979 1541 ι
3008 1486 3136 1543 Jura
3166 1487 3266 1542 sibi
3296 1487 3542 1544 homines

1945 1604 2043 1660 pro
2074 1587 2308 1643 utilitate
2338 1586 2608 1651 sanxisse,
2641 1583 2849 1639 scilicet
2886 1583 3032 1637 varia
3064 1597 3162 1652 pro
3192 1582 3463 1646 moribus;
3488 1588 3545 1638 et

1944 1683 2085 1755 apud
2106 1682 2324 1738 eosdem
2350 1696 2446 1751 pro
2466 1676 2800 1749 temporibus
2824 1691 2969 1747 satpe
2991 1685 3227 1732 mutata:
3251 1676 3338 1746 jus
3363 1684 3542 1731 autem

225 1763 376 1818 tibus
402 1765 674 1819 contraria
703 1772 830 1819 sunt
852 1764 952 1819 ista
977 1763 1227 1818 universa
1254 1774 1489 1819 terrena.
1514 1763 1667 1819 Sicut
1694 1764 1839 1818 enim
1870 1765 1918 1826 B
1946 1773 2187 1829 naturate
2216 1787 2338 1828 esse
2385 1772 2588 1826 nullum
2618 1786 2631 1823 :
2674 1768 2876 1824 Omnes
2921 1779 2970 1822 et
3004 1766 3272 1833 homines,
3303 1774 3359 1822 et
3408 1766 3543 1824 alias

222 1859 493 1930 sapientia
522 1857 803 1913 hominum
831 1872 1040 1914 summa
1068 1857 1293 1913 stultitia
1334 1866 1419 1912 est
1443 1857 1585 1928 apud
1627 1858 1792 1913 Deum
1819 1899 1834 1924 ,

224 1958 463 2015 stultitia
490 1968 668 2013 autem
702 1955 784 2030 (ut
831 1955 1017 2024 docui)
1050 1970 1258 2011 summa
1297 1956 1558 2027 sapientia
1599 1963 1685 2011 est
1720 1973 1731 2008 :
1762 1955 1841 2011 sic

228 2050 347 2106 Deo
370 2048 590 2105 humilis
620 2057 675 2105 et
704 2047 951 2118 abjeetus
974 2059 1078 2114 est,
1108 2048 1196 2118 qui
1246 2047 1407 2103 fuerit
1430 2030 1755 2117 conspicuus
1784 2057 1841 2103 et

222 2143 483 2199 sublimis
508 2143 561 2197 in
604 2151 767 2199 terra.
811 2142 945 2197 Nam
975 2152 1033 2197 ut
1074 2142 1494 2213 taceam,,quod
1536 2141 1653 2197 hmo
1696 2158 1838 2213 prte-

221 2235 407 2291 sentia
444 2243 602 2291 terra:
634 2233 809 2297 bona,
851 2235 1047 2306 quibus
1076 2249 1304 2305 magnus
1334 2235 1507 2290 honos
1538 2234 1795 2290 tribuitur
1818 2276 1834 2302 ,

221 2330 423 2384 virtuti
454 2329 723 2384 contraria
764 2337 907 2397 sunt,
956 2339 1011 2383 et
1034 2330 1273 2400 vigorem
1306 2329 1503 2385 mentis
1529 2340 1830 2399 enervant;

222 2435 351 2493 qua:
380 2421 600 2476 tandem
630 2428 807 2492 potest
833 2419 989 2476 firma
1035 2435 1158 2476 esse
1187 2421 1459 2487 nobilitas,
1491 2437 1611 2493 quae
1660 2438 1791 2492 opes
1815 2463 1831 2489 ,

221 2528 351 2584 qua:
377 2514 654 2585 potentia,
684 2528 806 2568 cum
856 2514 1026 2583 possit
1056 2514 1198 2570 Deus
1245 2530 1398 2587 reges
1439 2530 1654 2587 quoque
1690 2516 1836 2587 ipsos

220 2607 519 2663 infer-iores
549 2607 712 2663 etiam
757 2607 957 2663 infimis
1001 2607 1217 2664 facere?
1267 2610 1333 2665 Et
1379 2609 1501 2665 ideo
1545 2612 1834 2667 consulens

220 2702 389 2757 nobis
420 2704 601 2768 Deus,
656 2703 796 2758 inter
821 2702 1009 2758 divina
1058 2715 1323 2775 pra-cepta
1375 2704 1510 2761 illud
1563 2708 1836 2776 pracipue

220 2795 448 2867 posuit:
477 2793 577 2861 Qui
595 2810 649 2849 se
663 2794 883 2861 extollit,
911 2796 1299 2860 humiliabitur;
1317 2805 1366 2852 et
1391 2799 1553 2867 quise
1573 2799 1834 2865 humiliat,

179 2872 190 2879 ’
221 2885 557 2940 mltabitur.
584 2883 752 2957 Cujus
776 2889 1029 2957 praecepti
1057 2888 1348 2943 salubritas
1368 2888 1548 2957 docet,
1573 2892 1716 2962 quod
1745 2893 1834 2964 qui

219 2994 281 3035 se
311 2979 459 3050 apud
490 2979 736 3036 homines
767 2981 987 3050 planum
1020 2980 1246 3049 fecerit,
1279 2982 1648 3056 humilemque
1694 3002 1833 3057 prte-

1946 1866 2251 1920 animautes
2276 1862 2342 1918 ad
2394 1862 2655 1917 utilitates
2694 1874 2822 1915 suas
2871 1868 3059 1913 natura
3104 1857 3335 1924 ducente
3366 1856 3538 1925 ferri;

1946 1961 2176 2034 proinde
2204 1969 2297 2016 aut
2324 1960 2520 2014 nullam
2554 1971 2673 2013 esse
2698 1955 2961 2029 justitiam
2983 1996 2999 2024 ,
3032 1962 3125 2009 aut
3151 1954 3195 2009 si
3222 1953 3290 2007 sit
3324 1953 3538 2025 aliqua,

1944 2070 2207 2112 summam
2232 2068 2355 2110 esse
2380 2052 2661 2108 Stultitiam
2687 2092 2703 2118 ,
2744 2050 2999 2121 quoniam
3030 2048 3133 2104 sibi
3166 2056 3385 2104 noceret
3407 2048 3542 2103 alie-

1946 2152 2033 2207 nis
2066 2148 2369 2206 commodis
2418 2145 2734 2202 consulens.
2770 2163 2791 2197 ι
2826 2142 2894 2198 Et
2937 2141 3201 2198 inferebat
3232 2141 3350 2196 haec
3378 2154 3542 2211 arguo

1943 2253 2124 2299 menta
2156 2261 2169 2298 :
2208 2261 2226 2295 (
2258 2240 2521 2297 Omnibus
2554 2237 2769 2309 populis
2795 2236 2887 2308 qui
2916 2234 3176 2291 florerent
3205 2234 3453 2305 imperio,
3486 2241 3541 2289 et

1940 2336 2195 2393 Romanis
2218 2350 2429 2406 quoque
2459 2334 2609 2404 ipsis,
2643 2332 2735 2403 qui
2775 2330 2937 2386 tetius
2966 2330 3113 2385 orbis
3142 2330 3463 2400 potirentur,
3494 2328 3541 2384 si

1932 2428 2065 2500 justi
2092 2427 2262 2483 velint
2292 2440 2411 2481 esse
2444 2466 2460 2491 ,
2491 2425 2590 2480 hoc
2615 2432 2719 2490 est,
2744 2423 2789 2477 si
2814 2422 2991 2478 aliena
3018 2422 3328 2485 restituant,
3360 2419 3428 2474 ad
3450 2432 3542 2474 ca-

1938 2537 2028 2577 sas
2056 2536 2176 2577 esse
2206 2518 2561 2586 redeundum,
2592 2516 2719 2572 etin
2747 2524 2986 2587 egestate
3010 2529 3072 2569 ac
3102 2513 3336 2569 miseriis
3352 2512 3540 2584 jacen-

1941 2613 2092 2671 dum.
2120 2633 2139 2666 ι
2161 2612 2297 2669 Tum
2313 2611 2527 2666 omissis
2542 2608 2924 2665 communibus
2945 2606 3012 2662 ad
3030 2608 3242 2677 propria
3265 2605 3534 2662 veniebat.

1946 2724 1968 2759 ι
2003 2704 2182 2760 Bonus
2205 2704 2308 2768 vir,
2339 2703 2529 2773 inquit,
2564 2702 2608 2756 si
2638 2701 2833 2756 habeat
2856 2714 3071 2755 servum
3098 2698 3380 2768 fugitivum
3400 2739 3417 2766 ,
3450 2697 3539 2753 vel

1943 2798 2163 2855 domum
2192 2797 2522 2853 insalubrem
2547 2802 2616 2855 'ac
2650 2796 2995 2866 pestilentem
3023 2836 3038 2861 ,
3068 2808 3189 2866 qua:
3234 2792 3361 2849 vitia
3389 2791 3540 2848 solus

1942 2895 2099 2962 sciat,
2130 2903 2187 2950 et
2213 2893 2334 2950 ideo
2361 2889 2664 2963 proscribat
2695 2901 2750 2945 ut
2778 2890 2993 2956 vendat,
3027 2898 3278 2944 utrumne
3314 2887 3539 2959 proﬁte-

1942 2989 2089 3047 bitur
2138 2990 2421 3060 fugitivum
2469 3001 2686 3043 servum
2725 3001 2788 3040 ac
2834 2983 3176 3055 pestilentem
3230 2980 3450 3036 domum
3481 2994 3543 3037 se

220 3070 429 3141 buerit,
458 3069 547 3127 hic
576 3070 717 3145 apud
747 3071 915 3132 Deum
950 3075 1272 3144 praecellens
1293 3084 1350 3131 et
1379 3076 1607 3149 insignis
1626 3080 1831 3137 habea-
1858 3072 1905 3136 C
1938 3082 2205 3149 vendere,
2234 3097 2301 3136 an
2350 3080 2551 3137 celabit
2577 3078 2915 3149 eruptorch
2940 3076 2995 3132 Si
3047 3073 3406 3146 profitebitur,
3441 3070 3540 3129 bo-

1594 3218 1947 3276 VARIORUM
1987 3218 2216 3276 NOTAE.

301 3356 373 3410 Et
400 3358 489 3427 qui
521 3372 767 3423 pauperes
791 3357 1044 3427 uidentur.
1089 3356 1178 3412 Sic
1206 3357 1413 3414 reStitui
1437 3370 1502 3411 ex
1532 3372 1663 3412 mss.
1690 3358 1824 3425 Reg.

222 3427 354 3482 Put.
379 3426 434 3484 et
463 3429 498 3484 5
524 3430 595 3482 al.
628 3429 784 3499 893.,
812 3430 837 3483 1
870 3426 1050 3492 (1011),,
1080 3428 1114 3482 2
1134 3427 1371 3483 Clarum.
1400 3427 1647 3497 aliisque,
1678 3440 1733 3485 et
1761 3430 1829 3485 15

223 3499 535 3583 impressis.
585 3500 782 3569 Seripti
822 3501 856 3556 9
904 3510 958 3554 et
1008 3500 1255 3554 nonnulli
1301 3500 1501 3571 vulgati
1553 3501 1751 3557 habent
1781 3511 1830 3557 et

222 3587 381 3642 quia.

307 3644 446 3710 Quia
471 3652 519 3698 et
547 3659 652 3716 non
680 3652 842 3716 egent.
891 3642 1144 3716 lta__mss.
1176 3640 1211 3695 4
1246 3641 1378 3710 Reg.
1421 3652 1535 3697 vet.
1569 3645 1830 3716 multique

222 3713 341 3773 alii.
363 3730 487 3769 cum
513 3715 754 3783 pluribus
773 3714 952 3769 editis.
977 3713 1178 3769 Vocem
1200 3731 1302 3769 non
1326 3724 1589 3783 respuunt
1614 3717 1673 3771 il
1698 3713 1827 3773 mss.

223 3799 344 3840 rec.
384 3798 435 3838 et
456 3788 492 3842 3
518 3787 663 3855 vulg.

304 3858 594 3912 Sublimior
616 3854 713 3911 est.
743 3856 999 3912 Alludere
1024 3857 1236 3910 videtur
1264 3854 1328 3909 ad
1358 3856 1489 3911 illud
1514 3856 1791 3914 Ciceronis
1813 3898 1829 3923 ,

223 3930 321 4000 qui
353 3930 407 3982 in
434 3930 571 3983 libro
592 3928 901 3983 U‘liCini‘Ulll
929 3931 1024 3990 ait,
1045 3944 1292 3998 quemque
1316 3938 1456 3982 tanta
1481 3928 1831 3985 sublimiorem

224 4015 339 4070 esse
365 4012 559 4070 quanto
587 4001 831 4055 humilius
858 4017 912 4053 se
937 4001 1168 4070 gesserit.

304 4069 372 4124 In
418 4072 516 4126 hac
554 4077 652 4125 vita
680 4074 936 4125 swculari.
981 4069 1038 4124 ltl
1071 4081 1176 4134 est,
1229 4071 1530 4138 (corporali,
1583 4080 1639 4125 ut
1691 4072 1826 4127 infra

225 4157 350 4226 cap.
386 4143 477 4207 i8,
506 4153 560 4199 et
592 4144 683 4197 lib.
711 4158 807 4226 vn,
858 4158 977 4224 cap.
1008 4141 1043 4195 4
1069 4143 1238 4226 etii.
1272 4142 1369 4197 Hic
1394 4142 1597 4198 deesse
1624 4143 1825 4214 aliquid

224 4214 481 4279 videtur;
514 4229 701 4269 manca
726 4224 812 4268 est
839 4216 980 4269 enim
1008 4214 1205 4267 oratio.
1476 4258 1487 4265 .

303 4289 348 4339 A
375 4286 640 4355 Sapientis
666 4287 885 4340 ratione.
921 4285 1045 4339 Mss.
1080 4285 1134 4351 6,
1158 4285 1431 4355 sapientia.
1469 4281 1546 4339 Ex
1575 4301 1705 4341 mss.
1734 4302 1829 4342 ve-

228 4354 472 4412 terrimis
525 4357 865 4426 pluribusque
909 4357 1055 4410 aliis.
1081 4354 1321 4426 expunxi
1361 4365 1430 4419 et,
1465 4356 1608 4425 quod
1634 4370 1749 4413 erat
1776 4359 1829 4413 iu

226 4430 556 4498 quibusdam
587 4429 765 4484 editis.

224 4496 261 4563 li
303 4501 586 4555 Semotius.
606 4500 730 4554 Mss.
746 4499 802 4564 ξ’),
820 4498 1133 4563 submotius;
1152 4497 1204 4562 6,
1222 4496 1520 4551 summotius
1540 4513 1557 4560 ;
1584 4498 1638 4559 ἓ,
1656 4514 1827 4553 remo-

228 4571 350 4625 tius.
373 4572 567 4627 Caneri
590 4585 641 4623 et
666 4587 853 4625 ournes
878 4570 1030 4629 editi.
1045 4570 1306 4623 scmotius.
1323 4569 1478 4638 Apud
1492 4568 1825 4637 Lucretium,

228 4642 320 4697 lib.
355 4660 393 4704 ι.
429 4658 569 4696 vers.
599 4642 690 4703 46,
719 4660 749 4695 a
775 4642 912 4695 curis
938 4653 1177 4697 semotus.

300 4715 458 4781 Apud
490 4713 670 4773 Deum.
703 4712 866 4769 [Cora
900 4727 937 4768 t.

301 4784 507 4839 Firma.
542 4784 879 4850 Mss.Brun.,
913 4800 1132 4837 summa.

300 4858 374 4911 Sc
395 4856 611 4911 extollit.
645 4856 776 4911 Luc.
807 4872 895 4910 xw
919 4868 973 4910 et
999 4870 1158 4919 xvm;
1199 4854 1325 4910 Mal.
1353 4869 1541 4908 xxvm.

300 4926 560 4997 Exposui,
576 4940 681 4982 etc.
703 4928 988 4995 lincusque
1007 4929 1208 4995 integra
1227 4926 1472 4995 Epitome
1485 4925 1825 4980 Lactantiana

228 5003 524 5053 caruimus.
577 4999 955 5064 Fragmentum
1003 4998 1148 5052 illius
1186 5000 1286 5051 hoc
1339 4998 1460 5051 loco
1513 4997 1823 5065 incipiebat.

228 5069 383 5126 Nune
440 5086 566 5125 cura
618 5071 791 5125 Pfaflii
848 5070 1109 5123 habemus
1155 5070 1416 5139 integrant
1472 5067 1604 5122 fere.
1670 5069 1824 5133 Quod

228 5154 517 5213 pr0pterea
548 5160 761 5202 moueo,
794 5151 851 5196 ut
889 5140 1161 5213 studiosus
1199 5138 1315 5195 eam
1344 5156 1463 5195 eum
1513 5138 1632 5213 ipso
1660 5153 1825 5208 Opere

228 5210 521 5283 diligenter
544 5215 804 5269 cottierat.
835 5213 923 5269 Sic
952 5212 1096 5266 enim
1128 5212 1388 5279 intelliget
1417 5210 1658 5264 eamdem
1709 5227 1821 5264 rent

229 5289 428 5353 sarpius
459 5285 595 5341 bene
624 5287 727 5340 dici
758 5294 952 5354 pesse;
984 5285 1195 5352 augebit
1217 5291 1476 5353 praeterea
1499 5283 1597 5336 hac
1614 5284 1823 5337 ratione

230 5355 444 5412 dicendi
485 5358 735 5427 copiam;
764 5357 1153 5427 etexperietur
1176 5398 1191 5420 ,
1241 5354 1291 5408 id
1321 5354 1460 5420 quod
1499 5370 1686 5427 verum
1708 5363 1817 5427 est,

229 5427 476 5496 ejusdem
502 5425 625 5484 esse
651 5426 873 5482 artificis
901 5428 1136 5480 breviter
1156 5436 1209 5481 et
1239 5429 1455 5490 copiose
1477 5425 1676 5480 dicere.
1707 5425 1825 5481 Fiet

231 5513 398 5568 porro
422 5508 500 5565 ut,
522 5500 765 5555 detracto
789 5498 1109 5564 eloquentiae
1128 5498 1446 5567 copiosioris
1470 5508 1680 5562 ornatu,
1708 5513 1823 5553 rem

231 5573 454 5639 propius
479 5580 824 5625 contueatur.
854 5569 1179 5639 Bsruuttus.

307 5642 436 5707 Qua:
460 5658 492 5695 a
510 5643 828 5712 philosophis
847 5638 1209 5712 aﬂ‘erebantur.
1239 5639 1313 5695 Ita
1339 5654 1470 5694 mss.
1492 5639 1821 5712 antiquiores

233 5722 288 5767 et
313 5707 565 5770 meliores
589 5729 654 5768 ac
677 5707 745 5768 10
773 5712 922 5767 editi.
950 5710 1008 5766 In
1035 5712 1252 5783 scriptis
1277 5712 1345 5768 10
1375 5726 1486 5765 rec.
1517 5719 1572 5765 et
1590 5707 1625 5762 4
1655 5725 1822 5783 exeu-

233 5785 310 5840 sis
336 5794 423 5842 est
458 5785 814 5841 atterebantur
841 5800 860 5851 ;
896 5785 949 5840 in
982 5786 1016 5841 3
1044 5780 1175 5843 mss.
1224 5798 1335 5840 rec.
1385 5791 1441 5840 et
1469 5783 1503 5837 '5
1534 5790 1642 5839 vet.
1685 5780 1815 5840 cdit.

1934 3359 2121 3426 Rom.,
2155 3360 2555 3415 disserebantur.

2011 3430 2328 3502 Relellendi.
2356 3431 2414 3485 In
2447 3447 2547 3486 ius.
2574 3428 2699 3485 Jun.
2731 3428 2848 3483 hare
2872 3428 3329 3502 sequentia,»qute
3353 3428 3405 3481 in
3431 3427 3536 3482 im-

1939 3498 2144 3573 pressis
2176 3514 2284 3556 n‘on
2314 3512 2498 3557 extant
2518 3544 2532 3565 ,
2585 3502 2882 3573 habentur:
2910 3498 3293 3573 Ai’olensaliud
3318 3505 3538 3573 essejus

1938 3569 2105 3639 ciuile,
2137 3573 2282 3627 aliud
2314 3574 2550 3627 naturale
2573 3589 2591 3626 :
2615 3571 2764 3626 civile
2774 3573 2865 3641 jus
2886 3570 2987 3623 dici
3016 3569 3213 3623 civilem
3231 3570 3536 3641 sapientiam

1938 3655 1983 3699 et
2015 3646 2252 3699 naturale
2276 3648 2386 3699 sine
2415 3645 2663 3714 sapientia
2695 3640 2805 3711 ﬁeri
2830 3685 2844 3701 ,
2874 3658 2935 3696 ac
2961 3642 3005 3695 si
3029 3650 3300 3714 utrumque
3335 3640 3537 3714 nullum

1940 3721 2092 3788 foret.
2123 3717 2293 3782 Quam
2320 3712 2643 3771 sententiam
2672 3714 2949 3768 intextum
2977 3712 3271 3788 admittere
3294 3712 3536 3788 notrpla-

1936 3782 2077 3855 cuit;
2112 3790 2161 3841 in
2196 3788 2342 3842 nullo
2366 3788 2510 3841 enim
2543 3787 2647 3839 alio
2687 3801 2788 3840 ms.
2817 3798 3069 3855 expressa
3088 3782 3529 3855 deprehenditur.

1936 3854 2224 3914 Caeneus.
2260 3859 2391 3913 Vide
2416 3858 2754 3921 Ciceronem,
2786 3854 2969 3911 lib.’tu
2999 3855 3067 3910 de
3095 3854 3317 3910 Oiliciis.

2010 3932 2111 3995 Qui
2150 3932 2303 3983 totius
2338 3930 2473 3984 orbis
2511 3930 2814 3997 potirentur.
2842 3927 2931 3982 Sic
2962 3940 3152 3980 omnes
3178 3924 3292 3997 fere
3323 3939 3453 3981 mss.
3480 3935 3536 3982 et

1935 4001 2085 4055 editi.
2121 4001 2184 4055 Et
2216 4010 2390 4067 recte;
2425 3996 2528 4055 hoc
2551 4001 2694 4054 enim
2719 3999 2939 4054 verbum
2972 3999 3132 4053 etiam
3159 3996 3356 4066 gaudet
3377 3998 3531 4067 geni-

1937 4072 2201 4143 tivo'apnd
2220 4072 2535 4127 Ciceronem
2556 4087 2606 4125 tv
2626 4069 2817 4143 Aead.,
2841 4069 3034 4143 126,791
3054 4083 3069 4123 I
3092 4067 3291 4143 Finit},
3313 4069 3368 4131 7;
3391 4068 3533 4136 apud

1936 4138 2198 4198 Volteium
2250 4143 2611 4207 Paterculum,
2641 4142 2781 4213 regni
2828 4142 3018 4210 potiri;
3046 4139 3185 4209 apud
3218 4138 3487 4213 Ctrsarem
3514 4180 3529 4206 ,

1936 4215 2089 4269 totius
2119 4214 2305 4270 Gallia:
2330 4232 2435 4270 sese
2488 4214 2640 4285 potiri
2672 4211 2819 4285 posse
2856 4222 3101 4285 sperant;
3132 4221 3186 4263 et
3231 4211 3385 4285 potiri
3412 4212 3532 4263 Itas-

1933 4288 2056 4359 tium
2074 4329 2087 4352 ,
2114 4288 2251 4359 apud
2284 4289 2300 4339 Ι
2324 4280 2546 4359 lautum.
2572 4280 3161 4359 Nutittulliignorattles
3182 4280 3527 4359 addiderunt,

1933 4351 2179 4422 dominid,
2212 4358 2341 4412 ut'in
2375 4373 2485 4412 mss
2510 4357 2632 4411 Jun.
2664 4364 2719 4408 et
2744 4355 2785 4407 9.
2805 4354 2933 4420 Reg.
2966 4367 3075 4406 rec.
3104 4362 3157 4404 et
3186 4351 3221 4404 2
3261 4360 3362 4404 vel.
3393 4351 3525 4406 edit.
3612 4368 3619 4371 ‘

1854 4447 1909 4508 Ι)
1932 4426 2116 4510 Rom,
2146 4430 2239 4510 sed
2268 4424 3086 4510 admodum_frustra..siquidem
3105 4438 3228 4510 mox
3257 4424 3530 4510 praecessit

1931 4499 2163 4569 imperio.
2198 4500 2454 4554 Romanis
2483 4498 2612 4566 ipsis
2627 4492 2929 4569 jujustitias
2952 4494 3286 4569 exprobrant
3417 4493 3527 4547 Au-

1930 4564 2177 4639 gustinus
2209 4573 2260 4625 in
2317 4571 2465 4625 Ithris
2505 4564 2577 4624 de
2614 4564 2842 4623 Civitate
2872 4566 2964 4621 Dei
2990 4608 3005 4634 ,
3036 4575 3093 4621 et
3137 4564 3522 4631 Tertullianus,

1929 4655 2052 4711 cap.
2084 4641 2156 4696 25
2180 4641 2535 4711 Apologetici.

2004 4707 2071 4766 Et
2100 4714 2153 4767 in
2179 4707 2415 4782 egestate.
2454 4712 2529 4766 ita
2570 4711 2783 4766 restitui
2821 4725 2887 4765 ex
2918 4708 3116 4782 mss._i
3152 4707 3366 4782 Bonon1
3396 4716 3461 4782 _et
3494 4709 3521 4763 1

1929 4781 2066 4855 Reg.
2115 4778 2526 4855 antiquissimis,
2552 4785 2590 4855 5
2619 4783 2689 4837 al.
2715 4784 2875 4853 Reg.,
2908 4782 2932 4835 i
2970 4778 3235 4855 Colbert._,
3284 4781 3323 4855 ρ-
3349 4778 3522 4855 Lips,

1929 4849 2120 4917 Goih.,
2153 4849 2345 4916 Βτιὶιι..
2377 4855 2507 4909 edit.
2540 4854 2611 4909 ls.
2645 4864 2701 4910 et
2728 4849 2956 4922 ips'omet
2977 4851 3259 4905 Lactantio
3284 4849 3519 4919 Epitom.

1928 4939 2050 4993 cap.
2071 4925 2169 4981 56:
2193 4927 2347 4995 Quod
2366 4928 2409 4980 si
2432 4944 2607 4981 omnes
2633 4925 2810 4994 pepuli
2832 4939 2983 4994 penes
3005 4938 3127 4990 quos
3148 4922 3211 4973 sit
3224 4922 3521 4995 imperium,

1926 4996 2126 5069 ipsique
2175 4993 2393 5052 Romani
2414 5041 2429 5063 ,
2470 4999 2556 5069 qui
2587 4993 2754 5051 orbem
2785 4993 2945 5049 totum
2976 4994 3286 5069 possederint
3308 5033 3323 5058 ,
3364 4993 3524 5069 justi-

1930 5065 2053 5120 tiuni
2083 5072 2223 5140 sequi
2250 5071 2424 5134 uelint,
2453 5065 2513 5123 ac
2545 5084 2693 5123 suum
2746 5069 2922 5136 cuique
2951 5066 3214 5118 restituere
3245 5065 3379 5130 quod
3410 5066 3456 5117 vi
3475 5072 3522 5118 et

1928 5141 2088 5211 armis
2106 5150 2487 5211 occupaverunt
2504 5183 2516 5202 ,
2546 5143 2613 5191 ad
2640 5152 2786 5193 casas
2810 5151 2859 5211 et
2884 5146 3153 5211 egestatem
3191 5145 3516 5211 revertentur.

1927 5208 2056 5265 Mss.
2088 5206 2252 5267 Cane.
2284 5226 2334 5267 et
2370 5210 2436 5265 15
2466 5225 2579 5266 rec.
2614 5211 2815 5264 habent
2840 5209 2892 5262 in
2920 5206 3249 5261 necessitate.
3282 5206 3521 5273 Quatuor

1926 5279 2019 5335 illa
2052 5285 2209 5337 verba
2243 5285 2435 5337 desunt
2462 5282 2513 5335 in
2542 5281 2862 5347 Regio-Pot.

2001 5351 2064 5408 Si
2093 5356 2429 5425 proﬁtebttur.
2455 5354 2613 5407 bonus
2637 5352 2860 5425 quidem,
2881 5349 3019 5425 quia.
3041 5347 3165 5425 Mss.
3193 5362 3301 5425 rec.
3333 5348 3367 5403 5
3393 5347 3521 5403 Col-

1927 5420 2140 5489 bert.,"2
2154 5420 2388 5480 Clarum.
2406 5433 2459 5480 et
2481 5425 2549 5479 it)
2566 5420 2694 5478 edit.
2721 5422 2924 5477 ferunt:
2948 5420 3009 5475 Si
3025 5421 3362 5491 proﬁtebitur,
3379 5438 3520 5491 emp-

1929 5498 2025 5551 tori
2053 5499 2319 5568 fugitirum
2343 5512 2468 5561 esse,
2503 5498 2662 5549 bonus
2691 5495 2913 5568 quidem.
2948 5496 3011 5544 At
3043 5493 3138 5568 tria
3164 5492 3277 5545 llIL't:
3310 5493 3477 5568 verba
3500 5534 3515 5555 ,

1925 5565 2515 5639 qum'iuterponuulLa
2546 5570 2757 5620 czeteris
2787 5567 3002 5639 absunt.
3034 5566 3114 5617 Ac
3152 5579 3212 5618 ea
3246 5565 3512 5639 eradenda

1925 5636 2046 5695 esse
2071 5649 2219 5694 recte
2245 5638 2402 5694 docet
2425 5637 2767 5701 Thomasius,
2786 5636 2910 5706 quia
2940 5638 3053 5689 haec
3079 5649 3183 5690 non
3214 5637 3278 5689 ad
3301 5651 3513 5692 servum

1925 5720 2132 5766 tantum
2162 5709 2441 5781 fugitivum
2463 5711 2791 5779 respiciunt,
2817 5722 3001 5781 verum
3028 5707 3189 5764 etiam
3207 5707 3274 5763 ad
3295 5708 3513 5764 domum

1926 5778 2264 5857 pestilentem
2306 5791 2361 5841 et
2386 5778 2583 5840 similia
2613 5778 2898 5838 referenda
2937 5786 3083 5837 sunt.
