4090 6354
641 226 751 305 sua

1729 237 1919 297 FIRM.
1958 231 2329 296 LACTAN'I‘II
2368 234 2578 294 DIVIN.
2620 234 2863 295 INSTIT.
3783 244 3867 305 θοι

644 382 747 424 nus
788 363 1027 443 quidem,
1053 361 1177 439 quia
1217 374 1326 443 non
1356 358 1541 416 fallet:
1574 356 1671 416 sed
1713 365 1897 439 tamen
1927 356 2124 413 stultus
2145 355 2233 428 ju-
2263 357 2319 419 Α
2340 354 2551 412 Marcus
2585 353 2797 410 Tullius
2827 366 2934 409 non
2964 352 3198 424 potuerit
3234 351 3495 411 refellere.
3526 354 3647 412 Nam
3678 372 3782 415 cum
3805 362 3867 418 fa.

646 460 937 527 dicabitur,
971 457 1097 530 quia
1146 455 1233 513 vel
1284 467 1452 526 parvo
1479 451 1699 531 vendet,
1731 451 1816 531 vel
1866 450 2088 507 omnino
2135 463 2245 505 uun

643 556 861 614 vendet.
880 554 937 612 Si
955 552 1231 620 celaverit,
1260 548 1594 622 eritquidem
1617 547 1852 618 sapiens,
1877 545 2000 617 quia
2025 545 2103 601 rei
2116 558 2248 600 con—

643 653 786 709 sulet
804 669 819 708 :
840 649 934 706 sed
962 648 1107 705 idem
1132 646 1321 719 malus,
1345 645 1469 718 quia
1486 644 1654 715 fallet.
1681 644 1888 700 Rursus
1907 686 1922 712 ,
1948 642 1992 699 si
2012 641 2248 713 reperiat

642 743 997 818 aliquem,qui
1010 726 1373 799 aurichalcum
1390 756 1449 798 se
1462 739 1877 812 putetvendere,
1893 754 2016 795 cum
2033 739 2102 794 sit
2116 736 2245 794 illud

643 820 858 906 aurum,
881 845 974 893 aut
986 819 1286 907 plumbum,
1301 849 1423 890 cum
1444 834 1517 889 sit
1532 841 1813 904 argentum
1834 848 1848 885 ε
1867 830 2249 899 taeebitne,fut

644 931 698 988 id
727 944 897 1002 parvo
917 937 1081 1005 emat,
1109 943 1176 984 an
1195 927 1470 997 indicabit,
1501 936 1561 982 ut
1586 927 1819 997 magno?
1842 925 2072 982 Stultum
2089 924 2247 996 plane

641 1024 876 1105 videtur,
894 1024 1055 1080 malle
1070 1038 1284 1099 magno.
1301 1042 1320 1077 ι
1344 1021 1498 1080 Unde
1515 1021 1741 1093 intelligi
1761 1021 1997 1089 volebat,
2022 1028 2078 1077 et
2093 1036 2239 1089 eum,

643 1120 735 1191 qui
767 1119 840 1176 sit
883 1118 1062 1190 justus
1088 1132 1155 1175 ac
1183 1118 1388 1186 bonus,
1422 1118 1644 1173 stultum
1675 1131 1799 1173 esse
1830 1159 1845 1183 ,
1876 1125 1932 1173 et
1957 1132 2079 1173 eum
2105 1160 2122 1184 ,
2153 1117 2247 1189 qui

643 1200 883 1283 sapiens,
918 1210 1145 1266 malum.
1176 1209 1244 1265 Et
1273 1217 1453 1267 tamen
1482 1210 1600 1265 sine
1629 1208 1866 1279 pernicie
1895 1207 2011 1264 ﬁeri
2043 1222 2204 1280 posse
2226 1248 2243 1277 ,

644 1314 705 1380 ut
732 1304 844 1360 sint
871 1303 1121 1360 homines
1152 1311 1472 1374 paupertate
1505 1303 1772 1359 contenti.
1804 1301 2248 1359 Transcendehat

642 1413 773 1474 ergo
798 1396 868 1452 ad
894 1396 1140 1479 majora,
1169 1396 1222 1452 in
1239 1396 1433 1467 quibus
1459 1410 1621 1452 nemo
1649 1406 1830 1467 posset
1859 1395 1978 1453 sine
2003 1395 2246 1467 periculo

641 1490 767 1545 vitae
790 1489 970 1560 justus
997 1502 1140 1545 esse.
1175 1486 1395 1545 Dicebat
1415 1488 1599 1545 enim:
1635 1487 1872 1559 «Nempe
1894 1488 2100 1559 justitia
2129 1498 2242 1557 est,

644 1583 922 1641 hominem
951 1597 1059 1638 non
1089 1580 1359 1647 occidere,
1400 1581 1635 1637 alienum
1666 1596 1890 1651 prorsus
1931 1596 2039 1637 non
2078 1582 2243 1638 attin-

646 1692 795 1751 gere.
823 1674 964 1744 Quid
993 1689 1125 1745 ergo
1151 1674 1328 1745 justus
1359 1673 1540 1742 faciet,
1564 1675 1609 1730 si
1648 1673 1786 1730 forte
1808 1673 2144 1746 naufragium
2164 1674 2245 1731 fe-

2348 450 2455 506 ciat
2507 446 2731 504 Laelium
2779 447 2943 503 Furio
2971 446 3385 519 respondenlem
3408 492 3423 518 ν
3478 465 3571 521 PN
3604 450 3863 528 ἱιιειῑιίθεμιο

2348 543 2654 612 dicentem,
2687 542 2965 599 irrefutata
3010 542 3419 615 haec-tanquam
3465 544 3659 602 foveam
3693 560 3865 617 praeter-

2349 650 2568 711 gressus
2593 644 2712 702 est;
2740 644 2799 691 ut
2818 635 3063 692 videatur
3084 635 3225 691 idem
3248 634 3441 694 Laelius
3465 652 3566 694 non
3599 643 3864 713 naturalem,

2349 747 2471 803 quae
2500 732 2557 787 in
2612 731 2815 788 crimen
2857 731 3099 787 stultitia:
3134 742 3352 788 venerat
3378 773 3393 797 ,
3422 733 3515 789 sed
3545 735 3677 791 illam
3702 738 3866 796 civilem

2347 824 2656 883 defendisse
2670 825 2955 898 justitiam,
2982 841 3144 898 quam
3165 826 3358 883 Furius
3375 828 3675 900 sapientiam
3693 832 3865 913 quidem

2350 935 2475 979 esse
2503 930 2868 989 concesserat,
2904 920 3001 978 sed
3030 920 3307 992 injustam.

2846 1102 2849 1107 “
2922 1094 3152 1154 CAPUT
3189 1094 3373 1153 XVIII.

2682 1254 2763 1311 De
2777 1255 3007 1327 justitia,
3029 1255 3285 1325 sapientia
3315 1260 3362 1311 et
3385 1255 3613 1313 stultitia.

2416 1390 2570 1465 Quod
2595 1391 2663 1447 ad
2693 1400 3012 1463 praesentem
3041 1390 3458 1467 disputationem
3482 1391 3779 1462 pertinebat,
3804 1411 3869 1454 os-

2347 1488 2493 1546 tendi
2519 1487 3011 1559 quomodojustitia
3040 1486 3446 1542 similitudinem
3482 1488 3698 1543 stultitiae
3734 1500 3873 1559 gerat;

2349 1590 2407 1637 ut
2452 1588 2710 1653 appareat
2736 1595 2840 1635 non
2873 1580 2990 1636 sine
3029 1594 3192 1635 causa
3234 1578 3409 1650 decipi
3442 1593 3565 1647 eos,
3590 1581 3670 1651 qui
3707 1590 3874 1649 putant,

2349 1686 2549 1732 nostra:
2599 1674 2873 1748 religionis
2910 1674 3159 1731 homines
3185 1673 3382 1729 stultos
3419 1690 3569 1739 esse,
3591 1674 3671 1745 qui
3696 1676 3795 1730 talia
3813 1676 3875 1751 fa-

643 1770 803 1841 ccrit,
831 1778 885 1825 et
909 1768 1105 1840 aliquis
1132 1768 1453 1825 imbecillior
1474 1768 1677 1825 viribus
1707 1768 1944 1826 tabulam
1990 1770 2241 1840 ceperit?
2269 1763 2318 1826 B
2346 1787 2470 1829 cere
2516 1770 2800 1827 videantur
2819 1811 2835 1836 ,
2866 1769 3044 1841 qualia
3085 1769 3177 1825 ille
3215 1768 3512 1840 preposuit.
3544 1768 3678 1825 Nunc
3697 1770 3875 1842 majusa

639 1860 830 1917 Nonne
856 1854 1012 1916 illum
1042 1859 1221 1916 tabula
1246 1859 1568 1928 deturbabit,
1612 1870 1670 1915 ut
1715 1861 1832 1932 ipse
1871 1862 2238 1929 conscendat,
2345 1880 2435 1922 me
2460 1865 2599 1936 exigi
2628 1864 2834 1931 sentio;
2882 1871 2940 1918 ut
2987 1864 3296 1930 ostendam,
3327 1864 3734 1935 quarejustitiam
3768 1866 3871 1922 Deus

640 1970 811 2026 eaque
838 1955 999 2009 nixus
1028 1954 1255 2031 evadat;
1301 1955 1533 2010 maxime
1588 1969 1714 2010 cum
1744 1956 1809 2010 sit
1854 1956 2031 2012 nullus
2059 1957 2241 2014 medio
2344 1958 2586 2014 stultitim
2609 1958 2792 2029 specie
2822 1958 3187 2023 eonvolutam,
3216 1972 3289 2013 ex
3317 1957 3488 2013 oculis
3519 1957 3761 2014 hominum
3796 1973 3867 2023 vo-

640 2046 774 2103 mari
806 2045 1090 2102 testis?Si
1111 2046 1329 2116 sapiens
1353 2056 1458 2114 est,
1479 2045 1677 2113 faciet;
1707 2047 1809 2117 ipsi
1836 2048 1978 2103 enim
2010 2064 2242 2118 pereun-
2342 2053 2505 2109 luerit
2563 2051 2809 2120 auferre,
2864 2052 2911 2108 si
2973 2052 3124 2125 prius
3181 2051 3351 2108 Furio
3402 2050 3737 2120 respondero,
3780 2054 3872 2124 quia

641 2142 768 2199 dum
800 2150 906 2209 est,
935 2140 1036 2197 nisi
1056 2139 1269 2197 fecerit.
1290 2141 1349 2197 Si
1371 2148 1553 2197 autem
1582 2142 1720 2197 mori
1748 2142 2035 2210 maluerit,
2077 2159 2239 2213 quam
2342 2161 2531 2218 parum
2559 2146 2715 2219 plene
2741 2145 3019 2217 respondit
3045 2145 3244 2201 Laelius
3279 2161 3295 2202 :
3323 2144 3412 2215 qui
3441 2144 3666 2216 profecto
3690 2143 3791 2200 licet
3805 2158 3869 2200 sa-

645 2252 835 2294 manus
863 2236 1065 2292 inferre
1094 2233 1274 2300 alteri,
1300 2234 1413 2306 jam
1440 2234 1617 2305 justus
1638 2236 1761 2303 ille,
1787 2236 1881 2291 sed
1913 2236 2108 2292 stultus
2133 2245 2239 2308 est,
2344 2241 2498 2310 piens
2551 2238 2744 2308 fuerit,
2776 2242 2847 2308 ζιιι
2893 2237 3205 2304 vocabatur,
3236 2238 3558 2307 patrocinari
3588 2246 3741 2292 tamen
3763 2252 3867 2292 verat

638 2332 733 2406 qui
763 2332 889 2386 vita:
918 2343 1031 2387 suae
1058 2344 1168 2385 non
1188 2337 1394 2400 parcat,
1427 2327 1555 2385 dum
1595 2329 1768 2399 parcit
1808 2330 2023 2386 alienae.
2057 2330 2189 2385 Item
2220 2371 2238 2403 ,
2339 2329 2559 2402 justitia:
2585 2331 2735 2386 nullo
2758 2331 2918 2386 modo
2948 2338 3178 2401 poterat,
3201 2330 3295 2400 qui
3318 2339 3476 2399 caput
3504 2330 3661 2402 ipsum
3688 2330 3867 2384 fontem-

639 2414 684 2483 si
715 2426 833 2501 acie
861 2439 1084 2482 suorum
1114 2423 1253 2491 fusa,
1282 2423 1466 2480 hostes
1491 2423 1701 2494 insequi
1724 2424 2013 2493 coeperint,
2043 2432 2100 2480 et
2120 2425 2241 2495 jus-

640 2527 726 2576 tus
754 2519 846 2577 ille
873 2528 1062 2575 nactus
1090 2517 1253 2573 fuerit
1297 2516 1535 2586 aliquem
1561 2516 1800 2571 saucium
1826 2531 1966 2587 equo
1999 2516 2242 2573 insiden-

640 2621 768 2681 tem,
803 2612 927 2669 eine
972 2619 1194 2682 parcet,
1241 2618 1299 2665 ut
1337 2610 1453 2681 ipse
1478 2608 1776 2676 occidatur,
1818 2624 1886 2665 an
1928 2609 2148 2681 dejiciet
2174 2625 2243 2667 ex

637 2719 800 2787 equo,
828 2713 888 2759 ut
913 2704 1029 2775 ipse
1060 2702 1230 2774 possit
1254 2701 1465 2758 hostem
1492 2700 1762 2773 elTugere?
1787 2702 1941 2771 Quod
1973 2703 2018 2759 si
2051 2702 2243 2760 fecerit

638 2798 877 2869 sapiens,
909 2797 1004 2853 sed
1029 2792 1172 2852 idem
1200 2796 1405 2863 malus;
1436 2796 1483 2851 si
1510 2811 1616 2852 non
1653 2794 1878 2864 fecerit,
1923 2796 2121 2868 justus,
2146 2797 2241 2854 sed

639 2887 786 2943 idem
815 2887 1011 2943 stultus
1035 2887 1106 2943 sit
1132 2902 1356 2944 necesse
1384 2895 1487 2942 est.
1519 2906 1539 2940 ι
1572 2885 1649 2943 Ita
1669 2902 1797 2959 ergo
1825 2886 2092 2959 justitiam
2118 2903 2241 2944 cum

640 2980 695 3035 in
721 2979 854 3036 duas
875 2989 1058 3053 partes
1078 2980 1371 3047 divisisset,
1390 2980 1614 3037 alteram
1637 2979 1854 3037 civilem
1881 2995 2005 3038 esse
2032 2982 2239 3051 dicens,

640 3072 867 3128 alteram
894 3072 1216 3140 naturalem,
1245 3081 1531 3145 utramque
1553 3072 1854 3141 subvertit;
1887 3073 2030 3145 quod
2053 3074 2141 3130 illa
2165 3075 2241 3131 ci-

2342 2441 2448 2497 que
2467 2425 2687 2497 iustitiae
2711 2440 2816 2480 non
2840 2423 3071 2481 tenebat.
3096 2422 3264 2479 Nobis
3287 2430 3465 2481 autem
3493 2423 3682 2479 facilior
3702 2431 3769 2479 est
3790 2422 3865 2477 ista

2343 2518 2606 2585 defensio,
2662 2517 2854 2589 quibus
2903 2517 3112 2574 caelesti
3166 2516 3432 2587 beneficio
3471 2517 3720 2572 familiaris
3737 2524 3803 2583 est
3820 2530 3865 2577 ac

2343 2614 2559 2686 penitus
2595 2621 2719 2669 nota
2736 2612 2942 2684 justitia
2967 2654 2981 2679 ,
3014 2612 3212 2683 quique
3235 2610 3388 2666 illam
3423 2626 3527 2667 non
3561 2611 3776 2675 nomine,
3806 2608 3875 2665 sed

2344 2721 2436 2775 re,
2485 2704 2752 2781 novimus.
2782 2704 2913 2759 Nam
2943 2702 3097 2759 Plato
3127 2710 3182 2759 et
3219 2702 3545 2759 Aristoteles
3569 2702 3761 2757 honesta
3784 2698 3872 2771 qui-

2344 2799 2468 2857 dem
2490 2796 3043 2867 voluntatejustitiam
3072 2793 3372 2851 defendere
3400 2795 3682 2869 cupierunt,
3711 2791 3874 2848 effecis-

2345 2903 2571 2966 sentque
2591 2890 2813 2965 aliquid,
2841 2892 2887 2947 si
2919 2898 3140 2947 conatus
3169 2904 3363 2945 eorum
3388 2889 3572 2955 bonos,
3597 2887 3637 2942 si
3660 2885 3866 2957 eloquen-

2345 2988 2471 3045 tiam
2490 3028 2506 3054 ,
2556 2987 2602 3043 si
2653 2987 2907 3041 virtutem
2930 2983 3166 3057 ingenii,
3188 2982 3497 3039 divinarum
3522 2995 3710 3053 quoque
3732 2993 3870 3036 rerum

2343 3080 2590 3138 doctrina
2627 3081 2876 3151 juvisset.
2925 3080 3113 3151 Itaque
3167 3094 3309 3149 opus
3353 3079 3560 3135 illorum
3602 3078 3735 3131 inane
3752 3084 3873 3144 atque

643 3167 789 3236 vilis,
819 3168 1081 3238 sapientia
1106 3168 1177 3224 sit
1201 3168 1441 3240 quidem,
1474 3168 1567 3225 sed
1590 3169 1800 3240 justitia
1829 3183 1936 3225 non
1962 3170 2053 3237 sit,
2085 3180 2245 3231 natu-
2269 3163 2315 3227 C
2347 3175 2532 3241 inutile
2545 3174 2742 3246 jacuit;
2766 3189 2869 3231 nec
2894 3174 3141 3244 cuiquam
3173 3171 3455 3228 hominum
3490 3169 3771 3243 persuadere
3796 3180 3869 3236 po-

638 3261 768 3317 ralis
795 3270 975 3317 autem
1005 3262 1128 3330 illa,
1153 3262 1360 3333 justitia
1402 3263 1474 3318 sit
1497 3263 1877 3334 quidem,-sed
1909 3279 2015 3318 non
2047 3264 2119 3319 sit
2154 3279 2242 3319 sa-

639 3356 865 3445 pientia,
899 3358 1100 3431 Arguta
1131 3357 1250 3437 haec
1273 3357 1436 3439 plane
1462 3371 1525 3413 ac
1555 3365 1819 3425 venenata
1848 3365 2012 3427 sunt,
2044 3366 2244 3427 etquae

2353 3276 2601 3335 luerunt,
2659 3276 2718 3322 ut
2744 3280 2932 3323 eorum
2971 3264 3289 3336 praescripto
3319 3266 3551 3329 viveret,
3581 3261 3689 3333 quia
3724 3257 3868 3313 funda-

2350 3366 2594 3416 mentum
2645 3374 2677 3415 a
2722 3359 2861 3423 coelo
2883 3357 3167 3430 disciplina
3194 3356 3287 3414 illa
3315 3372 3422 3417 non
3464 3353 3653 3413 habuit.
3680 3351 3873 3409 Nostrum

2005 3494 2365 3559 VARIOBUM
2403 3495 2635 3553 NOTAE.

711 3646 833 3702 Non
861 3646 1022 3708 fallet.
1054 3643 1179 3700 Mss.
1212 3641 1303 3708 11,
1326 3648 1379 3697 et
1400 3639 1529 3697 edit.
1566 3639 1721 3695 Rom.
1752 3636 1915 3704 1468,
1948 3639 2049 3690 neri
2081 3636 2237 3707 fallit.

635 3719 738 3790 Sed
772 3708 917 3790 fallet
943 3718 1245 3790 exposcunt
1271 3714 1574 3790 sequentia,
1614 3710 1861 3790 consulet,
1892 3708 2056 3790 fallet.

708 3778 806 3845 Βέί
841 3778 1087 3851 consulet.
1119 3787 1218 3857 Ms.
1268 3786 1295 3841 1
1351 3778 1563 3841 Bonan.
1602 3783 1772 3861 antiq.
1807 3789 1860 3837 et
1894 3778 1985 3835 ed.
2024 3779 2093 3836 Is.
2144 3779 2240 3835 sibi

640 3863 889 3921 consulet.

672 3928 675 3931 ’
712 3932 845 4005 Quia
867 3929 1186 4005 fallet._M_ss.
1218 3927 1252 3982 5
1280 3942 1418 4005 rec”
1458 3925 1579 4005 quia
1605 3924 1766 4005 fallit:

709 3993 789 4057 ,11η
818 3993 1110 4057 indicabit?
1142 4000 1270 4057 Mss.
1298 3993 1618 4057 CaucIJunI
1654 4006 1709 4051 et
1733 3995 1767 4052 9
1793 3993 1925 4052 edit.
1966 4012 2035 4051 an
2072 3996 2129 4050 id
2157 3996 2237 4052 in-

641 4075 831 4130 dicabit
860 4075 884 4129 ?

709 4145 1141 4201 Transcendebat.
1204 4144 1279 4200 Ita
1330 4157 1462 4215 mss.
1510 4140 1867 4215 antiquiores
1896 4146 1949 4215 et
1994 4138 2238 4215 potiores

637 4219 878 4275 maxime
909 4232 1158 4291 numero.
1189 4231 1311 4291 cum
1334 4214 1493 4273 editis
1522 4210 1723 4291 multis.
1755 4210 1952 4282 Scripti
1984 4211 2053 4268 10
2078 4220 2132 4266 et
2159 4220 2245 4285 ty-

635 4292 932 4363 pisiexcusi
959 4287 1014 4363 5,
1049 4288 1316 4363 transiliat.

709 4362 907 4416 Posset.
936 4360 1087 4433 rlllss.
1132 4361 1157 4415 1
1212 4361 1347 4415 lion.
1396 4367 1450 4415 ct
1479 4357 1513 4412 4
1541 4371 1651 4413 ree.
1688 4354 2019 4428 totidemque
2060 4353 2187 4410 editi
2218 4397 2233 4433 ,

636 4442 836 4506 potest;
864 4434 888 4506 1
917 4432 1148 4506 Clarum.
1184 4433 1356 4506 possit.

705 4496 829 4559 Jani
849 4505 1022 4575 justus
1061 4496 1197 4563 ξιιε.’
1217 4502 1363 4575 l_latic
1389 4499 1861 4575 lccgqnemiunius
1887 4514 1992 4575 nis.
2022 4496 2156 4575 Reg.
2180 4505 2234 4571 et

635 4577 763 4633 edit.
783 4562 932 4641 Al'd.,
947 4570 1211 4642 Florent.,
1227 4572 1461 4638 Juntar.,
1478 4562 1650 4645 Paris.
1674 4562 2234 4645 1525.,_Crat;,_G_3'm$

635 4650 769 4714 nic.,
795 4638 1023 4717 Graph.,
1054 4638 1257 4717 Fasit’.,_
1305 4645 1502 4717 Betui”
1533 4643 1697 4717 Gall.,
1728 4638 1959 4717 Spark.,'
1995 4638 2228 4705 Walch.,

636 4710 856 4784 retinui,
885 4710 1428 4789 quantumvis‘rinvitis
1448 4724 1502 4789 et
1520 4710 1938 4789 reclamantibus
1957 4721 2229 4789 tummss,

637 4803 749 4846 tum
777 4784 1055 4860 impressis
1082 4786 1383 4860 codicibus,
1410 4784 1909 4860 ubi‘luibeturLium
1941 4801 2048 4860 ηρηΔ
2062 4784 2232 4860 justus

635 4863 743 4930 ille,
776 4853 1015 4932 exceptis
1046 4861 1069 4914 I
1104 4859 1235 4932 Reg.
1270 4872 1405 4932 τες..
1435 4855 1732 4932 l__Colb._et
1764 4853 1938 4932 '_Brun.
1962 4853 2069 4932 qui
2093 4853 2233 4909 refe-

637 4924 782 4998 runt,
815 4924 927 5001 iani
950 4948 1050 4986 non
1081 4924 1284 5001 sapiens
1309 4929 1416 5001 ille.
1447 4926 1639 5001 Nostra
1657 4928 1816 5001 lectio
1840 4924 2071 4982 maxime
2096 4940 2232 5001 eon-

638 4996 782 5060 venit
808 4996 1089 5059 sententis:
1119 4996 1412 5055 Carneadis
1443 5000 1456 5054 ἐ
1494 4999 1827 5053 adversativa
1860 5012 1987 5067 vero
2013 4998 2233 5067 omnino

639 5085 928 5147 repugnat;
962 5089 1069 5130 non
1120 5074 1283 5147 cnim_
1308 5070 1498 5147 i_n_hac_
1521 5069 1885 5147 disputatione
1925 5064 2229 5147 iniustitia,

638 5140 964 5221 sedj'ustilia
1018 5160 1139 5221 eum
1184 5144 1408 5221 stultitia
1435 5184 1450 5208 ,
1486 5142 1751 5221 iniustitia
1793 5154 1923 5195 vero
1965 5140 2230 5221 eumipsa

638 5210 901 5284 sapientia
933 5216 1359 5287 conjungebatur
1388 5232 1399 5268 :
1437 5222 1490 5287 et
1516 5215 1586 5267 ita
1617 5210 1929 5287 dicebatur,
1959 5210 2113 5287 quod
2142 5210 2233 5267 ille

639 5282 855 5365 quidem
879 5282 1059 5365 justus
1083 5282 1219 5365 erit,
1263 5285 1357 5365 sed
1379 5285 1579 5365 .stultus
1601 5301 1615 5350 ;
1638 5285 1681 5365 si
1710 5297 1846 5365 vero
1867 5292 2053 5365 contra
2093 5282 2234 5365 fece-

639 5352 741 5423 r'it,
784 5352 926 5414 idem
950 5359 1164 5428 sapiens
1202 5352 1522 5423 habebitur,
1558 5356 1651 5428 sed
1677 5355 1790 5428 erit
1833 5353 2236 5428 injust_us.__lloc

641 5430 807 5500 liquet
844 5444 909 5484 ex
942 5423 1045 5484 alio
1084 5429 1328 5497 sequenti
1374 5427 1641 5500 exemplo.
1676 5426 1957 5500 lsmus.g-—
1980 5424 2048 5480 At
2092 5423 2235 5500 lieu-

642 5498 870 5571 mannus
897 5507 1049 5571 putat
1090 5516 1209 5556 esse
1242 5498 1548 5571 legendum,
1573 5500 1835 5571 jamgrero
1854 5498 2049 5571 justus,
2091 5505 2150 5550 ut
2180 5498 2233 5552 in

641 5569 875 5639 antiquis
902 5568 1084 5625 editis.
1106 5601 1176 5613 —
1206 5568 1325 5624 Jan't
1352 5587 1467 5625 vero
1479 5568 1653 5640 justus
1674 5569 1791 5636 ille,
1817 5568 1906 5623 sed
1935 5569 2118 5640 stultus
2140 5576 2231 5622 est.

643 5636 862 5714 Eruet—ali
896 5640 1051 5695 istam
1079 5642 1387 5708 lectionem,
1409 5636 1543 5714 quia
1575 5641 1763 5714 altera,
1781 5641 1897 5709 jam
1927 5656 2027 5714 non
2064 5636 2236 5714 justus

645 5711 756 5777 ille,
790 5720 1051 5782 repugnat
1077 5714 1355 5768 sententiae
1395 5710 1718 5778 carneadis,
1743 5712 1952 5782 integro
1974 5710 2237 5782 Lactantii

652 5779 812 5852 capiti
835 5781 900 5835 l7
931 5778 1160 5840 maxime
1191 5783 1345 5852 infra,
1380 5794 1431 5839 et
1455 5783 1632 5840 verbis
1662 5778 1960 5857 Epitonics,
1992 5796 2110 5853 cap.
2136 5778 2234 5838 ὅθι

2355 3636 2620 3711 Utrumne.
2635 3679 2696 3711 ρ.
2728 3638 2992 3711 tabula...
3045 3655 3171 3711 equo
3202 3637 3509 3705 deturbabit,
3554 3644 3605 3691 ut
3631 3634 3725 3711 ipse
3756 3628 3873 3711 possit

2350 3710 2603 3795 evadere-.9
2714 3710 2844 3764 volet
2862 3712 3034 3795 justus
3061 3698 3186 3795 esse,
3212 3728 3318 3794 rion
3350 3698 3531 3795 faciei;
3559 3698 3767 3792 seditioni
3784 3698 3874 3795 stal-

2349 3789 2432 3853 tus
2453 3782 2774 3853 judicabitur
2794 3824 2808 3849 ,
2836 3781 2923 3853 qui
2938 3784 3060 3837 dum
3078 3783 3295 3838 alterius
3312 3781 3428 3837 vita:
3447 3781 3601 3853 parcit
3618 3820 3630 3844 ,
3651 3792 3772 3853 suam
3788 3786 3873 3843 proo

2347 3847 2539 3907 dithi
2568 3854 2741 3923 faciet,
2773 3847 2976 3924 sapiens
3006 3855 3278 3924 quidem...
3307 3847 3461 3909 sed...
3498 3847 3803 3924 utalus._BUs_.

2416 3872 2442 3906 τ.
2475 3872 2537 3907 ω
2568 3872 2741 3923 (aerei,
2773 3872 2976 3924 sapiens
3042 3872 3278 3908 umem...
3307 3872 3461 3909 sea...
3498 3872 3667 3913 matus.
3698 3872 3803 3902 υω.

2416 3924 2555 3997 Dum
2583 3926 2747 3995 parcit
2764 3924 2968 3979 alieuaz.
2994 3872 3287 3997 ﬂeet-ptum
3322 3924 3534 3980 firmant
3559 3938 3628 3997 ε.Δ
3648 3922 3669 3997 i_
3680 3920 3704 3971 7
3731 3934 3741 3968 :
3768 3912 3873 3997 Stal:

2344 3995 2459 4051 lilia
2491 3990 2790 4051 est'aliena:
2814 3999 2999 4052 anima:
3041 3990 3284 4065 parcere,
3332 4013 3448 4051 cum
3493 3992 3694 4065 pernicie
3710 3990 3874 4049 autne!

2344 4067 2510 4138 verba
2535 4068 2694 4138 paulo
2722 4075 2846 4123 ante
2874 4083 2939 4124 ex
2966 4064 3097 4138 epit.
3137 4082 3187 4123 c.
3219 4066 3290 4122 56
3316 4068 3496 4138 citata.
3528 4064 3652 4138 Bua.
3822 4125 3833 4138 ,

2430 4134 2708 4194 νεηὶηαια.
2732 4134 3079 4210 Heumannus
3092 4136 3398 4210 suspicatur
3422 4134 3872 4210 Lactantiumscriu

2343 4211 2481 4267 sisse
2512 4227 2638 4282 pene
2666 4211 2871 4282 invicta.
2903 4209 3045 4265 Nihil
3071 4198 3257 4267 contra
3281 4210 3450 4265 libros
3468 4218 3643 4282 muto:
3671 4202 3770 4274 quia
3789 4198 3871 4282 lucc

2342 4267 2658 4353 argumenta
2705 4281 2977 4353 aculeata,
2980 4352 2983 4353 ν
3013 4282 3301 4352 perniciosa
3341 4289 3399 4353 et
3435 4280 3603 4352 gravia
3627 4267 3784 4353 erant,
3808 4267 3873 4353 illa

2340 4343 2500 4409 vocat
2524 4362 2809 4409 venenata.
2837 4351 2925 4409 Sic
2944 4343 3226 4409 Ciceronis
3251 4343 3525 4408 orationes
3549 4356 3718 4403 contra
3743 4343 3869 4396 Anto-

2262 4428 2317 4489 D
2341 4427 2512 4499 nium,
2547 4426 2637 4489 lib.
2663 4441 2740 4491 ιιι,
2761 4439 2818 4499 _c.
2848 4423 2916 4477 M
2938 4426 3152 4499 vocavit
3174 4434 3468 4478 venenatas.
3501 4421 3627 4476 BDN.

2413 4481 2556 4552 No'ir
2576 4481 2792 4561 potuerit
2820 4495 3073 4620 νἹειιενε.
3106 4494 3185 4550 Ita
3232 4510 3424 4550 omnes
3452 4507 3609 4549 manu
3637 4481 3806 4544 exarati
3833 4486 3872 4534 et

2420 4568 2610 4620 nressi.
2639 4576 2839 4620 praeter
2922 4582 3051 4620 mss.
3083 4582 3196 4620 ree.
3233 4574 3287 4620 et
3317 4566 3352 4620 5
3382 4565 3537 4620 edit..
3561 4562 3611 4617 in
3638 4556 3797 4620 quibus
3813 4556 3872 4606 est

2338 4556 2610 4638 impressi,
2639 4576 2839 4639 praeter
2861 4556 2895 4620 4
2922 4582 3051 4622 mss.
3083 4582 3196 4624 ree.
3233 4574 3287 4623 et
3317 4566 3352 4623 5
3382 4565 3537 4633 edit.,
3561 4562 3611 4617 in
3638 4556 3797 4630 quibus
3813 4556 3873 4606 est

2376 4641 2524 4695 aluit.

2338 4658 2690 4766 militum...
2713 4710 3122 4781 respondentem.
3152 4708 3544 4781 Eleganter,_ut
3567 4704 3655 4760 lib.
3677 4716 3711 4769 ι,
3733 4711 3774 4752 c.

2342 4762 2853 4837 animusaut;
2872 4762 3121 4837 Ciéfl'ib.
3145 4762 3284 4837 Γέιὲ
3296 4762 3437 4836 Νιιί
3452 4762 3643 4841 'Deor.,
3676 4762 3775 4841 an.
3794 4762 3871 4825 l3.

2338 4853 2490 4908 Facit
2534 4853 2800 4909 Socratem
2849 4853 3215 4924 disputantem.
3246 4851 3404 4909 Conf.
3454 4849 3546 4905 lib.
3577 4864 3592 4903 ι
3630 4844 3689 4900 de
3722 4844 3872 4895 Natura

2341 4924 2599 4993 Deorum,
2633 4940 2754 4995 cap.
2787 4925 2839 4980 8.
2862 4924 2999 4980 Buu.

2409 4995 2517 5069 Pro
2530 4985 2849 5069 justitiaque.
2877 4995 2956 5050 lta‘
2973 4996 3099 5051 alibi
3126 4994 3469 5069 Laclantius;
3497 4998 3550 5047 et
3573 4988 3645 5045 sic
3664 4985 3868 5069 lego

2337 5069 2372 5124 5
2387 5060 2546 5123 editis
2562 5060 2920 5137 omnibusque
2938 5081 3068 5122 mss.
3081 5110 3095 5135 ,
3115 5066 3356 5138 exceptis
3372 5066 3407 5119 2
3421 5064 3549 5138 Reg.
3572 5074 3674 5138 rec.
3692 5065 3736 5111 et
3749 5060 3873 5107 cunc—

2339 5141 2407 5195 tis
2450 5141 2561 5195 fere
2587 5138 2746 5195 editis
2777 5132 3056 5210 in'quibus
3083 5132 3208 5205 est,
3249 5132 3441 5209 proque
3468 5132 3668 5203 iustitia.

2409 5210 2713 5283 lrrefutata.
2750 5210 2855 5283 Pro
2884 5227 2983 5264 non
3005 5214 3252 5283 refutata,
3281 5218 3525 5283 est_nova
3555 5217 3666 5283 vox_.
3727 5268 3755 5283 ﬂ

2415 5273 2772 5352 Qui'profecto
2795 5281 2913 5336 licet
2934 5273 3139 5349 sapiens
3166 5273 3340 5405 gerit.
3365 5278 3533 5349 Hujus
3556 5273 3780 5343 sapientia
3802 5275 3871 5315 ce-

2415 5364 2616 5405 tratura
2631 5353 2893 5405 Cicerone
2912 5353 3049 5405 libro
3075 5353 3142 5405 de
3216 5351 3389 5405 inibus
3409 5346 3651 5405 secundo,
3678 5339 3734 5394 de
3751 5332 3867 5405 01ης.

2338 5332 3142 5412 iebvau'aa'asuam}magis
3166 5332 3651 5423 satiassamda,
3678 5339 3736 5423 de
3751 5332 3867 5423 0mg.

2337 5444 2397 5494 ll,
2427 5436 2482 5482 et
2503 5426 2775 5498 praecipue
2802 5424 2871 5479 de
2893 5425 3163 5490 Amicitia,
3194 5439 3312 5495 qua:
3334 5420 3482 5478 Larlii
3509 5415 3705 5473 nomine
3723 5415 3868 5465 inscrt-

2339 5497 2513 5554 bitur.
2539 5497 2744 5552 BETL’L.

2414 5570 2536 5651 Qri-
2568 5567 2992 5651 "talemtalem
3013 5567 3153 5639 φάτιν
3183 5582 3249 5651 (ἐκ
3270 5564 3491 5651 εάίίῖξκ.
3608 5630 3658 5651 ._

2414 5625 2585 5695 βιαιο.
2620 5640 2785 5712 Cujus
2812 5625 3152 5695 libri’de'cem'
3174 5640 3242 5694 de
3268 5636 3573 5711 Republica,
3601 5630 3661 5687 de
3681 5625 3867 5683 lustitia,

2341 5713 2584 5782 inscripti
2616 5721 2762 5768 sunt.

2413 5779 2731 5840 Aristoteles.
2769 5781 2930 5840 Libro
2957 5797 2989 5840 v
3014 5779 3316 5840 Moralium.
