4090 6354
570 256 684 322 607

1654 267 1846 328 ΡΙΒΜ.
1883 264 2253 327 LACTANTII
2291 266 2499 328 DIVIN.
2536 269 2781 331 INS'l‘l'l‘.

3771 281 3881 344 608

494 404 505 409 '
579 383 687 442 tela
712 383 1014 451 custodiat;
1045 397 1110 441 ac
1130 398 1263 450 non,
1292 382 1508 441 etiamsi
1528 398 1651 451 cum
1681 385 1970 458 parricidis
1996 395 2051 444 et
2072 400 2172 442 no-
2200 388 2254 449 A
2280 394 2392 444 tum
2424 403 2489 445 ac
2514 389 2712 446 bonum
2745 391 2955 459 nescit;
2998 400 3054 475 et
3089 393 3211 451 ideo
3236 410 3450 469 semper
3473 408 3680 469 peccat.
3717 401 3876 457 Duci-

578 478 833 534 centibus
852 479 1092 551 naviget,
1114 488 1206 534 aut
1237 478 1393 535 malis
1421 494 1639 552 quoque
1670 492 1946 553 parcatur,
1976 490 2034 536 ut
2070 496 2177 538 una

574 571 802 644 instaret
831 573 1093 628 innocens
1122 575 1303 629 anima
1333 574 1612 641 liberetur,
1642 585 1738 631 aut
1772 585 1923 633 certe
1943 591 2175 646 pereun-

577 665 724 723 tibus
746 668 963 721 caeteris
1002 667 1120 723 sola
1158 679 1432 724 servetur.
1473 670 1579 724 Sed
1606 670 1969 725 concedamus
2020 684 2178 740 posse

574 754 718 825 ﬁeri,
748 758 893 829 quod
939 760 1195 831 proponit
1243 759 1630 832 philosophus;
1659 761 1787 833 quid
1831 777 1960 833 ergo
1994 760 2175 832 justus

571 849 780 921 faciet,
829 853 877 908 si
956 861 1146 909 nactus
1209 853 1373 910 fuerit
1433 865 1524 911 aut
1578 856 1632 911 in
1702 871 1844 927 equo
1907 857 2176 923 sanciunt,

542 948 665 1001 'aut
740 944 793 1001 in
852 946 1044 1001 «tabula
1095 945 1472 1019 naufragum?
1539 947 1658 1003 Non
1736 948 1937 1004 invitus
2006 947 2177 1003 conﬁ-

573 1046 715 1106 teor,
764 1038 1030 1094 morietur
1080 1040 1280 1111 potius,
1311 1056 1471 1112 quam
1520 1039 1752 1097 occidet.
1804 1040 1917 1099 Nec
1946 1040 2068 1097 ideo
2098 1050 2180 1096 ta-

571 1147 697 1188 men
717 1131 945 1203 justitia,
974 1134 1118 1205 quod
1144 1144 1229 1190 est
1244 1135 1514 1207 singulare
1540 1134 1776 1193 hominis
1796 1136 2018 1203 bonum,
2044 1137 2179 1194 stul-

574 1224 709 1282 titiae
754 1241 954 1282 nomen
983 1228 1234 1298 accipiet.
1257 1227 1397 1297 Quid
1424 1229 1568 1284 enim
1598 1230 1817 1299 melius,
1836 1229 1965 1302 quid
1994 1230 2180 1288 carius

576 1331 701 1375 esse
751 1317 960 1374 homini
1009 1319 1192 1387 debet,
1220 1335 1379 1392 quam
1422 1321 1771 1378 innocentia?
1820 1339 1941 1393 quas
1992 1324 2177 1395 utique

577 1420 731 1470 tanto
757 1412 1051 1484 perfectior
1078 1416 1150 1470 sit
1176 1429 1407 1471 necesse
1432 1424 1536 1483 est,
1566 1426 1772 1487 quanto
1802 1417 1946 1473 illam
1973 1418 2173 1490 perdu-

573 1509 722 1562 xeris
764 1505 832 1562 ad
874 1515 1203 1576 extremum,
1254 1508 1497 1581 morique
1528 1510 1804 1579 malueris,
1854 1527 1923 1569 ne
1949 1510 2076 1583 quid
2108 1512 2175 1569 de

576 1597 903 1655 innocentia:
945 1603 1157 1656 ratione
1205 1601 1499 1657 minuatur.
1550 1602 1792 1659 Stultitia
1830 1614 1945 1671 est,
1976 1603 2172 1675 inquit,

571 1690 762 1746 alienze
790 1690 985 1747 anima:
1015 1706 1239 1760 parcere
1260 1708 1381 1748 cum
1415 1694 1656 1765 pernicie
1680 1711 1813 1752 suae.
1844 1694 1982 1752 Num
2012 1699 2173 1753 etiam

572 1795 672 1851 pro
697 1782 937 1837 amicitia
967 1782 1168 1853 perire,
1191 1784 1415 1841 stultum
1439 1784 1744 1857 iudicabis?

650 1875 788 1945 Quid
818 1890 951 1948 ergo
991 1876 1071 1932 illi
1127 1878 1416 1935 familiares
1445 1879 1781 1952 Pythagora-5
1826 1881 2116 1939 laudantur
2140 1899 2170 1940 a

575 1967 755 2036 vobis,
803 1983 1033 2040 quorum
1082 1972 1220 2028 alter
1249 1988 1307 2029 se
1333 1982 1565 2046 tyranno
1613 1977 1804 2032 vadem
1855 1978 2046 2034 mortis
2074 1994 2172 2048 pro

570 2062 749 2119 altero
775 2063 945 2132 dedit,
974 2066 1112 2121 alter
1137 2066 1203 2123 ad
1249 2069 1606 2137 praestitutum
1642 2079 1876 2143 tempus,
1906 2088 2028 2128 cum
2057 2077 2167 2143 jam

569 2170 806 2229 sponsor
829 2157 949 2227 ejus
976 2156 1286 2228 duceretur,
1316 2163 1660 2231 praesentiam
1710 2164 1791 2219 sui
1838 2163 1985 2233 fecit,
2013 2181 2172 2220 eum-

567 2263 676 2320 que
705 2249 1014 2306 interventu
1041 2266 1140 2307 suo
1167 2251 1452 2309 liberavit?
1483 2271 1714 2327 quorum
1738 2257 1908 2312 virtus
1930 2256 1984 2313 in
2022 2267 2170 2316 tanta

566 2341 737 2414 gloria
788 2357 893 2398 non
931 2343 1245 2415 haberetur,
1289 2348 1432 2418 quod
1479 2349 1616 2405 alter
1666 2365 1761 2420 pro
1809 2351 2008 2416 amico,
2032 2351 2171 2409 alter

570 2437 733 2493 etiam
761 2451 862 2509 pro
892 2438 996 2495 ﬁde
1026 2440 1164 2496 mori
1213 2440 1402 2509 voluit,
1429 2441 1475 2497 si
1520 2443 1672 2498 stulti
1702 2453 2036 2513 putarentur.
2068 2445 2171 2502 De-

563 2530 729 2602 nique
755 2531 826 2587 ob
863 2530 1002 2588 hanc
1030 2531 1202 2603 ipsam
1234 2535 1490 2592 virtutem
1523 2542 1786 2609 tyrannus
1829 2539 1914 2595 his
1939 2541 2169 2611 gratiam

569 2626 774 2693 retulit,
805 2636 1094 2699 utrumque
1133 2630 1422 2698 servando,
1451 2642 1507 2688 et
1537 2632 1771 2689 hominis
1796 2635 2162 2692 crudelissimi

569 2728 762 2775 natura
794 2729 994 2776 mutata
1026 2729 1130 2777 est.
1165 2722 1304 2790 Quin
1345 2724 1505 2780 etiam
1536 2725 1855 2796 deprecatus
1878 2743 2000 2784 esse
2035 2727 2170 2785 dici-

565 2821 675 2877 tur,
706 2823 763 2868 ut
792 2828 854 2870 se
877 2814 1091 2870 tertium
1144 2816 1198 2872 in
1227 2818 1519 2874 amicitiam
1562 2820 1890 2889 reciperent,
1921 2836 2027 2875 non
2060 2821 2168 2877 uti-

568 2919 675 2976 que
707 2913 960 2978 tanquam
988 2908 1206 2977 stultos,
1234 2910 1329 2966 sed
1359 2919 1613 2983 tanquam
1645 2912 1817 2969 bonos
1846 2921 1902 2969 et
1943 2915 2161 2985 sapien-

565 3005 647 3053 tes
665 2998 832 3053 viros.
874 2998 1059 3071 Itaque
1098 3015 1206 3056 non
1236 3003 1415 3070 video,
1454 3019 1620 3075 quare
1650 3020 1772 3061 cum
1806 3021 1908 3078 pro
1931 3008 2165 3063 amicitia

565 3096 622 3145 ει
668 3089 775 3145 ﬁde
815 3092 973 3158 mori,
1014 3107 1222 3148 summa
1267 3095 1435 3166 gloria
1477 3108 1841 3168 computetur,
1869 3115 1976 3155 non
2005 3102 2166 3156 etiam

2282 492 2368 539 tur
2401 486 2544 540 enim
2585 487 2736 558 quasi
2759 486 3001 558 captivus
3041 503 3070 543 a
3103 490 3279 559 vitiis;
3325 507 3425 548 nec
3473 495 3733 550 resistere
3760 496 3870 552 ullo

2279 578 2441 634 modo
2469 587 2663 650 potest,
2695 583 2819 651 quia
2840 591 2990 638 caret
3018 583 3237 652 virtute,
3266 602 3425 658 quam
3458 587 3651 643 nescit.
3676 587 3862 646 Justus

2280 681 2458 727 autem
2496 672 2566 728 ab
2607 673 2753 729 omni
2785 686 3006 746 peccato
3034 692 3095 732 se
3135 675 3389 746 abstinet,
3418 679 3562 751 quod
3592 680 3751 736 aliter
3795 681 3873 736 fa-

2281 778 2404 821 cere
2430 780 2537 820 non
2577 775 2771 836 p0test,
2801 782 2960 839 quam
2990 769 3033 824 si
3076 767 3270 825 habeat
3290 771 3420 826 recti
3450 772 3712 845 pravique
3740 773 3873 829 noti-

2281 858 2431 915 tiam.
3866 928 3871 933 .

2353 952 2576 1009 Rectum
2601 964 2779 1011 autem
2810 954 3122 1013 discernere
3145 971 3173 1012 a
3207 972 3369 1029 pravo
3398 959 3518 1030 quis
3548 968 3753 1031 potest.
3777 959 3877 1019 nisi

2279 1045 2536 1115 sapiens?
2562 1046 2635 1103 lta
2659 1047 2737 1114 ﬁt,
2782 1056 2837 1102 ιιι
2873 1065 3163 1121 numquam
3193 1052 3362 1121 possit
3386 1067 3508 1108 esse
3536 1055 3745 1123 justus,
3793 1054 3878 1122 qui

2281 1137 2477 1193 stultus
2526 1147 2630 1203 est,
2681 1154 2856 1211 neque
2884 1141 3120 1211 sapiens,
3144 1141 3235 1212 qui
3261 1141 3419 1197 fuerit
3443 1144 3696 1215 injustns.
3728 1143 3877 1214 Quod

2281 1230 2325 1286 si
2353 1239 2437 1286 est
2461 1231 2826 1299 verissimum,
2856 1232 3198 1290 manifestum
3229 1243 3312 1291 est
3337 1252 3484 1302 eum,
3514 1238 3606 1308 qui
3630 1248 3724 1293 aut
3746 1254 3878 1293 nau-

2280 1323 2430 1394 frago
2458 1324 2712 1392 tabulam,
2731 1333 2822 1381 aut
2852 1341 3050 1397 equum
3087 1327 3269 1382 saucio
3298 1343 3405 1383 non
3436 1329 3725 1395 ademerit,
3744 1329 3877 1384 stulo

2280 1423 2392 1471 tum
2432 1431 2538 1472 non
2569 1432 2692 1473 esse
2717 1434 2732 1483 ;
2759 1418 2882 1489 quia
2920 1417 3036 1474 hzec
3064 1417 3242 1476 facere
3271 1430 3549 1490 peceatum
3580 1430 3686 1485 est.
3714 1437 3746 1476 a
3775 1436 3876 1493 quo

2280 1523 2341 1564 se
2384 1509 2598 1581 sapiens
2641 1510 2897 1566 abstinet.
2936 1510 3119 1568 Videri
3149 1521 3326 1569 tamen
3357 1524 3411 1570 et
3450 1514 3565 1584 ipse
3592 1514 3877 1586 conﬁteor,

2281 1616 2378 1670 per
2401 1601 2677 1657 hominum
2709 1595 2953 1659 errorem
2982 1604 3338 1676 ignorantium
3363 1605 3629 1676 cujusque
3657 1607 3736 1662 rei
3757 1622 3878 1679 pro-

2280 1693 2581 1763 prietatem.
2611 1694 2797 1764 Itaque
2826 1698 3001 1751 omnis
3045 1697 3161 1752 haec
3189 1700 3416 1767 qu:rstio
3445 1714 3551 1752 non
3580 1710 3691 1753 tam
3716 1714 3872 1770 argu-

2204 1793 2252 1854 B
2279 1787 2497 1853 mentis,
2531 1803 2690 1857 quam
2730 1787 3046 1860 deﬁnitione
3085 1789 3415 1846 dissolvitur.
3440 1791 3682 1847 Stultitia
3714 1792 3869 1864 igitur

2274 1891 2357 1935 est
2388 1882 2439 1935 in
2470 1879 2623 1936 factis
2650 1881 2934 1953 dictisque.
2966 1896 3061 1953 per
3087 1882 3459 1955 ignorantiam-
3472 1886 3606 1942 recti
3632 1901 3699 1941 ac
3724 1887 3867 1955 boni,

2273 1974 2491 2029 erratio.
2527 1974 2668 2044 Ergo
2696 1974 2891 2029 Stultus
2915 1990 3019 2028 non
3045 1983 3149 2039 est,
3178 1977 3266 2047 qui
3289 1992 3357 2032 ne
3382 1976 3484 2032 sibi
3502 1977 3724 2048 quidem
3753 1994 3875 2050 par-

2272 2066 2364 2130 cit,
2395 2065 2522 2121 dum
2553 2081 2621 2121 ne
2665 2073 2857 2122 nor-eat
2900 2066 3077 2132 alteri,
3119 2067 3264 2137 quod
3320 2076 3405 2123 est
3445 2069 3671 2125 malum.
3721 2071 3873 2139 Quod

2273 2159 2487 2231 quidem
2520 2160 2676 2215 nobis
2699 2168 2755 2214 et
2792 2159 2951 2221 ratio,
2997 2167 3048 2214 et
3080 2159 3279 2215 veritas
3308 2162 3422 2230 ipsa
3467 2163 3791 2231 praescribit.
3822 2164 3877 2220 In

2273 2250 2523 2306 omnibus
2573 2251 2717 2305 enim
2766 2249 3010 2306 videmus
3048 2250 3391 2317 animalibus,
3436 2254 3560 2323 quia
3600 2253 3869 2324 sapientia

2272 2355 2481 2411 carent,
2510 2343 2929 2400 conciliatricem
2960 2344 3045 2398 sui
3081 2360 3205 2401 esse
3239 2354 3506 2401 naturam.
3530 2346 3747 2403 Nocent
3767 2349 3867 2419 igi-

2273 2446 2361 2493 tur
2387 2437 2527 2502 aliis,
2570 2446 2627 2491 ut
2655 2436 2756 2491 sibi
2785 2435 3027 2506 prosint;
3053 2436 3297 2492 nesciunt
3319 2438 3464 2494 enim
3493 2439 3618 2508 quia
3667 2440 3875 2496 malum

2272 2539 2376 2598 est,
2408 2545 2623 2587 nocere.
2657 2528 2832 2585 Homo
2875 2544 3025 2596 vero,
3048 2516 3143 2601 qui
3171 2531 3453 2587 scientiam
3482 2532 3609 2588 boni
3640 2548 3706 2589 ac
3737 2534 3867 2588 mali

2273 2621 2456 2691 habet,
2489 2622 2723 2678 abstinet
2750 2638 2808 2678 se
2832 2636 2862 2677 a
2883 2622 3147 2689 nocendo,
3179 2624 3341 2679 etiam
3370 2639 3491 2680 cum
3527 2626 3875 2683 incommodo

2272 2731 2394 2784 suo,
2427 2715 2570 2788 quod
2601 2715 2799 2771 animal
2845 2714 3152 2770 irrationale
3178 2716 3358 2773 facere
3406 2733 3514 2773 non
3570 2728 3791 2788 potest;
3822 2730 3873 2775 et

2272 2808 2394 2865 ideo
2420 2808 2557 2863 inter
2578 2822 2815 2863 summas
2838 2806 3073 2863 hominis
3098 2808 3323 2864 virtutes
3353 2810 3656 2865 innocentia
3682 2828 3875 2868 nume-

2272 2912 2443 2958 ratur.
2496 2900 2705 2967 Quibus
2744 2900 2907 2955 rebus
2950 2909 3173 2971 apparet
3219 2902 3674 2972 sapientissimum
3723 2919 3874 2967 eSSe.

2272 2994 2365 3065 qui
2398 2993 2604 3048 mavult
2655 2992 2832 3063 perire
2864 3007 2932 3047 ne
2961 3001 3186 3056 noceat;
3221 3004 3274 3047 ut
3298 2992 3367 3055 id
3414 2993 3677 3057 ofﬁcium,
3703 3010 3819 3065 quo
3845 3010 3875 3050 a

2273 3088 2435 3144 mutis
2462 3086 2806 3152 discernitur,
2849 3094 3051 3141 servet.
3099 3085 3231 3141 Nam
3276 3087 3366 3156 qui
3407 3088 3692 3144 vendentis
3719 3104 3876 3145 erro—

563 3196 662 3254 pro
714 3183 1021 3241 innocentia
1061 3186 1255 3259 perire,
1301 3189 1373 3243 sit
1410 3187 1613 3245 homini
1658 3190 1968 3262 gloriosum.
2026 3192 2169 3263 Ergo
2195 3189 2239 3254 C
2276 3198 2388 3238 rem
2422 3197 2528 3235 non
2560 3178 2850 3250 redarguit.
2884 3185 2943 3232 ut
2986 3194 3173 3232 aurum
3220 3193 3383 3249 parvo
3429 3190 3589 3247 emat,
3639 3190 3731 3235 aut
3784 3184 3878 3252 qui

565 3278 869 3357 stultissimi
917 3292 1061 3346 sunt,
1106 3282 1195 3352 qui
1227 3283 1382 3337 nobis
1413 3282 1624 3339 crimini
1669 3283 1820 3351 dant,
1867 3287 2003 3341 mori
2032 3287 2167 3343 velle

568 3386 667 3442 pro
698 3371 832 3440 Deo,
863 3387 983 3428 cum
1009 3372 1110 3443 ipsi
1138 3388 1282 3441 eum,
1313 3376 1400 3445 qui
1434 3390 1531 3446 pro
1561 3374 1780 3432 homine
1809 3378 1944 3433 mori
1969 3378 2159 3445 voluit,

560 3464 613 3521 in
644 3465 843 3522 caelum
894 3469 1119 3524 summis
1161 3468 1407 3526 laudibus
1443 3470 1653 3527 tollant.
1681 3470 1922 3545 Denique
1949 3482 2006 3529 ut
2031 3490 2164 3530 con-

557 3558 774 3615 cludam
829 3559 1273 3633 disputationem,
1322 3579 1429 3619 non
1472 3580 1631 3636 posse
1668 3566 1916 3622 eumdem
1954 3567 2160 3638 justum

555 3665 698 3719 esse,
732 3668 795 3708 ac
844 3654 1089 3719 stultum,
1119 3655 1368 3712 eumdem
1408 3657 1728 3728 sapientem,
1772 3669 1827 3715 et
1870 3658 2150 3729 injustam,

555 3744 715 3802 docet
744 3747 859 3818 ipsa
889 3748 1045 3805 ratio.
1074 3748 1175 3818 Qui
1217 3749 1361 3805 enim
1398 3752 1595 3808 stultus
1625 3759 1729 3819 cst,
1771 3750 1901 3822 quid
1933 3751 2147 3824 sitjus-

2272 3295 2377 3335 non
2411 3279 2693 3351 proﬁtetur
2726 3281 3004 3350 fugitivum
3043 3295 3278 3348 servum,
3310 3280 3394 3336 vel
3439 3280 3787 3352 pestilentem
3818 3296 3876 3338 se

2269 3374 2491 3430 domum
2527 3374 2780 3441 vendere,
2808 3374 2960 3431 lucro
3000 3382 3053 3428 et
3086 3373 3370 3427 commodo
3417 3389 3516 3427 suo
3554 3373 3871 3441 consulens,

2269 3483 2375 3523 non
2408 3477 2489 3521 est
2530 3468 2618 3521 ille
2643 3468 2879 3536 sapiens,
2908 3476 2963 3519 ut
2994 3464 3303 3520 Carneades
3324 3464 3489 3520 videri
3515 3465 3746 3535 valebat,
3777 3468 3871 3523 sed

2265 3560 2488 3615 callidus
2517 3570 2570 3614 ει
2596 3569 2822 3622 astutus.
2854 3557 3130 3614 Calliditas
3157 3567 3333 3612 autem
3358 3567 3411 3611 et
3438 3558 3636 3612 astutia
3660 3560 3714 3613 in
3739 3576 3867 3615 mu-

2269 3657 2337 3712 tis
2366 3671 2580 3728 quoque
2607 3654 2927 3709 animalibus
2957 3663 3107 3721 sunt,
3132 3652 3213 3708 vel
3242 3667 3362 3707 cum
3387 3651 3718 3707 insidiantur
3739 3653 3868 3708 aliis

2256 3758 2311 3806 et
2336 3747 2462 3803 dolo
2490 3748 2707 3819 capiunt
2736 3754 2796 3800 ut
2817 3744 3096 3811 devorent,
3126 3744 3211 3800 vel
3232 3758 3352 3800 cum
3378 3743 3604 3798 insidias
3639 3744 3867 3800 aliorum

1911 3886 2275 3945 VARIORUM
2312 3884 2548 3943 ΝΟΤᾸΕ.

556 4029 611 4099 et
632 4023 700 4099 li!
726 4022 858 4099 edit.
886 4040 949 4081 ac
970 4027 1089 4083 libri
1118 4027 1415 4084 Horatiani.
1440 4028 1634 4099 Scripti
1662 4029 1729 4085 16
1761 4043 1869 4084 rec.
1918 4026 2148 4085 Lactau-
2248 4029 2404 4092 Saepe
2435 4027 2537 4083 hoc
2567 4041 2728 4082 sensu
2770 4025 3022 4099 yet-eras.
3051 4023 3181 4099 Bus.

559 4093 685 4167 tiani
718 4095 829 4167 et?)
857 4106 964 4151 vet.
994 4099 1124 4154 edit.
1159 4100 1315 4155 Rom.
1346 4101 1540 4167 Ambit,
1565 4093 1667 4156 nec
1698 4101 1857 4155 male.

2323 4091 2656 4154 Dissolvitur.
2705 4095 2911 4152 lColb.
2966 4091 3305 4153 dissolvetur:
3353 4092 3647 4163 lColb.,i
3696 4094 3867 4167 Lips.,

628 4163 695 4218 In
723 4164 896 4242 tabula
922 4174 1254 4242 naufragum,
1287 4181 1389 4227 etc.
1420 4163 1565 4227 ldem
1585 4170 1743 4227 habet
1765 4181 1816 4224 et
1842 4171 2145 4227 sentitcum
2253 4171 2409 4235 Em.,
2442 4170 2676 4225 solvitur.

555 4233 836 4312 Lactantio
865 4233 1179 4296 Ambrosius
1209 4233 1298 4297 lib.
1332 4259 1409 4308 tu,
1443 4243 1583 4299 ofﬁc.
1617 4258 1736 4312 cap.
1765 4243 1821 4297 4.

630 4307 978 4374 Quidcarius.
1009 4312 1135 4368 Mss.
1166 4313 1231 4367 12
1260 4330 1368 4371 rec.
1396 4324 1449 4371 et
1477 4316 1512 4372 5
1549 4307 1912 4370 editaclarius.

630 4378 1128 4458 Perderet-is._rnss.
1163 4385 1197 4458 6
1224 4402 1359 4453 rec.,
1390 4385 1706 4458 perduxerit.
1737 4400 1842 4458 ηοη
1878 4383 2038 4458 male-

627 4447 941 4527 ,ξριιλιεειιινειςζ
967 4455 1091 4510 Μεε.
1133 4455 1196 4512 to
1225 4446 1357 4512 rec.’
1379 4446 1434 4514 ἐι
1476 4459 1542 4511 ιδ
1570 4446 1702 4512 edit:
1719 4456 2073 4527 judicubitur,
2113 4455 2149 4508 ε
2175 4446 2231 4507 1)

559 4519 801 4597 gallie“.
829 4524 1042 4597 ειΡεη.
1067 4528 1343 4596 judicabit.
1378 4529 1642 4584 Atscribo
1666 4519 1925 4597 iudicabis
1954 4519 2074 4581 cunt
2120 4528 2144 4580 1

558 4590 868 4669 Bonoruetl
898 4595 1027 4669 Reg.
1053 4590 1457 4666 antiquissimis,
1484 4602 1505 4653 1
1534 4600 1601 4653 al.
1636 4590 1765 4669 Reg.
1801 4599 1957 4653 bonae
1986 4607 2150 4665 notae,

556 4676 620 4719 ac
642 4663 879 4737 quinque
898 4666 1015 4722 aliis
1040 4678 1087 4720 et
1115 4663 1259 4723 edita
1278 4663 1450 4725 Betul.
1473 4670 1609 4724 Vide
1640 4663 2016 4737 prmcedentia.

635 4733 984 4809 Pythagorici.
1034 4739 1160 4792 Mss.
1195 4755 1303 4794 rec.
1346 4742 1382 4794 2
1406 4742 1535 4809 Reg.
1560 4750 1611 4795 et
1643 4733 1670 4794 1
1699 4741 1936 4795 Clarmu.
1985 4756 2015 4793 a
2065 4754 2152 4794 se-

557 4810 731 4860 cunda
763 4823 944 4873 manu,
972 4810 1102 4864 edit.
1135 4810 1293 4868 Rom.
1326 4812 1486 4875 H70,
1513 4820 1567 4865 et
1592 4810 1920 4875 Florentina,
1950 4810 2152 4876 Pytha-

556 4874 766 4964 gorici“:
804 4879 1003 4933 Damon
1037 4882 1259 4964 SCLIICC‘E.
1287 4899 1353 4964 aq
1380 4874 1729 4964 PXilllaS,rtLtZ
1771 4874 1968 4963 quibus
1994 4874 2154 4964 Vale-

557 4949 677 5021 rius
703 4949 791 5004 lib.
829 4966 901 5013 tv,
932 4965 1051 5020 cap.
1098 4952 1128 5006 7
1157 4970 1171 5018 ;
1202 4953 1376 5009 Cicer.
1405 4949 1499 5008 lib.
1533 4968 1588 5007 Ill
1630 4949 1869 5007 Oiliciiir.
1910 4966 2027 5021 cap.
2062 4953 2149 5008 10.

635 5017 894 5097 ἶμιοαιιηο.
920 5017 1136 5097 scilicet
1165 5024 1421 5097 Dioaysio
1448 5024 1810 5097 Syracusano.

634 5088 936 5167 οἰκετείαν.
959 5095 1090 5150 Scil.
1116 5097 1183 5148 ad
1209 5088 1537 5167 supplicium.
1567 5095 2035 5167 Absolttte,_more
2058 5108 2154 5167 ve-g

558 5168 753 5236 terum.
798 5164 890 5236 Sic
938 5174 1020 5236 ter
1046 5167 1251 5222 Seneca
1275 5164 1367 5223 'de
1412 5169 1628 5227 Pisone.
1657 5167 1747 5236 qui
1776 5165 2001 5221 militem
2034 5164 2154 5219 duci

554 5230 810 5307 iusserat.
841 5235 909 5307 de
942 5235 1020 5291 Ira
1049 5238 1143 5293 lib.
1170 5254 1209 5302 ι,
1234 5255 1353 5307 cap.
1389 5239 1474 5294 16.
1518 5238 1649 5293 BUN.

635 5302 784 5369 Quod
821 5305 971 5379 alter.
1000 5302 1377 5379 Antiquiorum
1409 5322 1461 5364 et
1488 5310 1770 5364 meliorum
1800 5321 1929 5362 mss.
1960 5316 2062 5379 est.
2098 5308 2153 5362 ιιι

558 5369 596 5452 ἦ
624 5387 733 5452 ηερ.
761 5386 813 5429 ει
836 5377 871 5431 4
898 5379 1027 5452 edit.
1054 5369 1378 5450 est'quorum
1393 5382 1554 5446 alter;
1587 5384 1638 5435 in
1664 5381 1729 5437 l3
1752 5394 1864 5435 rec.
1890 5390 1943 5434 et
1970 5378 2156 5450 vulga-

561 5444 630 5496 tis
659 5444 691 5496 5
720 5452 803 5499 εει
829 5463 943 5500 cum
968 5450 1120 5506 alter.

635 5512 754 5569 llis.
787 5516 862 5571 lta
888 5523 1095 5577 restitui
1119 5538 1186 5578 ex
1237 5538 1367 5579 mss.
1399 5534 1454 5581 et
1488 5524 1670 5580 multis
1710 5523 1888 5579 editis.
1923 5522 1981 5577 1n
2018 5537 2156 5576 non-

559 5582 722 5639 nullis
750 5597 834 5641 est
859 5589 961 5643 hic.

636 5655 969 5738 ΨΡνεξειιιιωΓ
998 5663 1052 5718 Id
1082 5676 1182 5731 est,
1218 5677 1468 5738 precatus.
1501 5667 1618 5722 Lib.
1649 5682 1722 5738 vt,
1750 5680 1869 5738 cap.
1912 5664 2018 5719 ‘20:
2053 5661 2157 5715 Mi-

562 5728 896 5806 sericordiam
927 5728 1272 5806 deprecantes.
1300 5737 1459 5795 Conf.
1503 5739 1597 5794 lib.
1630 5728 1719 5793 de'
1741 5728 1896 5791 non.
1944 5747 2153 5804 Persec-

564 5811 616 5852 κο
643 5799 733 5866 Ην
763 5815 882 5874 cal)-
912 5799 1005 5871 46;
1031 5821 1133 5879 cap
1184 5808 1274 5881 52,
1301 5821 1355 5868 et
1376 5810 1499 5869 Val.
1525 5808 1663 5865 Max.
1694 5807 1791 5869 lib.
1833 5821 1915 5877 tv,
1944 5799 2071 5875 cap.
2097 5806 2151 5859 7.

2326 4264 2463 4317 Dum
2490 4278 2572 4317 ne.
2600 4263 2677 4317 Ita
2726 4261 2971 4331 autiq.et
3025 4259 3151 4314 mel.
3206 4273 3336 4314 mss.
3385 4268 3443 4315 et
3481 4258 3611 4314 edd.
3663 4261 3863 4331 locutio

2254 4334 2608 4391 Ciceroniana
2643 4348 2741 4403 pro
2766 4331 3045 4387 dummodo
3075 4331 3573 4386 non-recentiorum
3609 4350 3624 4386 :
3652 4330 3769 4386 Cic.
3800 4331 3864 4385 ad

2255 4406 2491 4462 Atticum
2523 4405 2616 4459 lib.
2647 4421 2718 4467 Vl,
2748 4420 2868 4469 cap.
2897 4405 2922 4459 1
2958 4421 2969 4456 :
3001 4404 3123 4455 dum
3171 4419 3234 4455 ne
3272 4404 3620 4472 negotiatori;
3650 4414 3707 4458 et
3748 4417 3862 4466 vttt,

2255 4478 2458 4549 ep._l3,
2492 4476 2613 4531 dum
2644 4493 2709 4530 ne
2730 4476 2975 4549 tibi,_tt_ou
3006 4474 3205 4549 Laboro.
3385 4491 3421 4549 _'

2330 4547 2762 4603 Conciliatricem.
2823 4545 2954 4601 Vide
2996 4544 3111 4602 Cic.
3148 4545 3243 4603 lib.
3300 4560 3316 4599 ι
3367 4544 3435 4601 de
3474 4543 3682 4601 Natura
3735 4544 3863 4600 deo-

2257 4636 2399 4683 rum,
2429 4619 2552 4677 104.

2336 4712 2470 4779 Quia
2499 4712 2691 4766 malum
2718 4721 2809 4767 est.
2832 4710 2887 4767 Id
2919 4719 3021 4779 est,
3053 4720 3319 4779 quatenus
3350 4708 3551 4764 malum
3581 4719 3689 4764 εει.

2333 4800 2578 4857 Nesciunt
2610 4804 2769 4868 enim,
2810 4803 2932 4870 quia
2978 4803 3168 4856 malum
3193 4812 3290 4858 est.
3321 4816 3523 4856 nocere.
3554 4800 3861 4855 Lactantius

2256 4873 2457 4943 aliique
2505 4875 2798 4943 srriptores
2852 4875 3032 4938 sacri,
3074 4872 3457 4934 Tertullianus,
3505 4872 3854 4942 Augustinus,

2256 4948 2491 5000 maxime
2515 4944 2816 5016 Cyprianus
2864 4946 2944 5000 vel
2979 4945 3301 5003 sexcenties.
3336 4954 3392 4997 ut
3422 4944 3695 5014 vulgatam
3744 4960 3858 5016 vcr-

2256 5018 2465 5071 siouem
2504 5014 2769 5079 omittam,
2825 5025 2948 5085 post
2974 5017 3080 5068 scio
3106 5017 3318 5084 altaque
3361 5020 3520 5068 verba
3564 5014 3857 5081 sentiendi,

2257 5087 2378 5143 loco
2398 5087 2684 5141 accusativi
2714 5102 2835 5141 cum
2867 5086 3149 5150 inﬁnitive,
3181 5098 3273 5140 aut
3301 5087 3572 5155 quodcum
3599 5086 3857 5156 Coniunc-

2259 5161 2391 5218 tivo.
2421 5160 2609 5213 eadem
2637 5159 2688 5211 vi
2716 5158 2835 5222 quia
2882 5172 3003 5211 cum
3037 5158 3333 5212 imlirativo
3372 5166 3594 5225 ponunt.
3632 5156 3857 5211 Lactan-

2260 5231 2364 5284 tius
2388 5231 2478 5284 lib.
2506 5245 2578 5293 Vl,
2606 5244 2727 5297 cap.
2756 5227 2828 5282 22
2864 5248 2875 5283 :
2905 5228 3016 5283 Scit
3037 5230 3194 5291 enim,
3236 5229 3359 5298 quia
3398 5230 3576 5281 mortis
3601 5239 3676 5298 est
3698 5227 3854 5298 [abri-

2258 5302 2424 5355 cutria:
2451 5301 2708 5366 voluptas.
2738 5299 2998 5354 Notamtts
3027 5299 3223 5353 ibidem
3258 5301 3433 5368 plura,
3463 5308 3517 5351 et
3557 5297 3627 5352 ad
3663 5299 3753 5353 ιιι).
3778 5312 3848 5363 tv,

2258 5386 2384 5453 cap.-
2412 5372 2515 5427 ηε
2547 5369 2616 5425 Ut
2645 5372 2805 5453 scias,
2832 5372 2955 5453 quia
2995 5387 3085 5441 ego
3125 5387 3238 5424 sum
3271 5370 3541 5453 Dominus.
3555 5369 3712 5453 ,ρει

2334 5439 2503 5497 Homo
2532 5459 2669 5501 vero.
2720 5439 2948 5511 quiﬁlta
3006 5439 3135 5496 mss.
3170 5443 3442 5496 veterrimi
3494 5443 3513 5495 l
3555 5441 3785 5504 Βυιιοιι..
3815 5439 3849 5495 5

2256 5514 2393 5584 Reg.
2427 5529 2654 5585 quorum
2687 5529 2822 5568 unus
2865 5523 2947 5566 est
2971 5515 3189 5580 Optima;
3228 5523 3387 5571 noue.
3437 5512 3634 5585 aliique
3663 5526 3754 5565 sex
3787 5525 3851 5564 ac

2259 5584 2494 5641 todidem
2549 5584 2701 5650 editi,
2747 5595 2855 5644 tum
2892 5585 3053 5637 etiam
3103 5599 3196 5639 sex
3236 5594 3446 5638 veteres
3483 5584 3746 5638 editiones
3782 5595 3850 5636 xv

2258 5658 2464 5713 Stcruli.
2495 5655 2553 5711 In
2583 5654 2650 5711 12
2674 5672 2801 5710 mss.
2834 5663 2888 5708 et
2917 5658 2950 5709 8
2977 5657 3190 5709 excusis
3213 5656 3294 5708 est
3318 5655 3460 5723 quia.

2337 5728 2451 5793 Quo
2482 5745 2513 5780 a
2543 5728 2717 5781 mutis.
2752 5725 2879 5782 Mss.
2908 5725 2942 5781 5
2980 5743 3092 5783 rec.
3123 5737 3180 5781 et
3205 5724 3242 5780 2
3269 5727 3401 5782 edit.
3435 5724 3631 5779 multis.

2269 5841 2276 5851 .
2332 5792 2602 5856 Calliditas
2630 5809 2802 5855 autem
2823 5808 2872 5855 et
2895 5800 3088 5855 astutia
3111 5800 3167 5854 in
3184 5799 3336 5853 mutis
3373 5796 3696 5854 animalibus.
3723 5792 3838 5852 Ad-
