4090 6354
180 328 285 393 609

1424 327 1630 392 LIBER
1662 331 1731 404 Υ.
1772 332 1862 392 DE
1889 332 2214 397 JUSTITIA.

3372 354 3481 418 610

181 472 326 528 vario
372 483 572 543 genere
614 469 892 527 deludunt.
923 470 1192 543 Sapientia
1220 489 1352 531 vero
1401 474 1454 531 in
1497 477 1767 533 hominem
1795 455 1848 515 Α
1874 453 1977 510 tias
2003 456 2265 529 οδιῖίθίθεῗ
2285 474 2404 531 αυω
2427 460 2650 533 imperia
2670 462 2694 520 ?
2714 480 2834 539 (11³³³
2853 468 3057 541 τεθηδῖ
3083 470 3176 540 qui
3196 470 3296 529 ίεῑθ
3326 483 3482 545 ιιιιιει

180 569 349 625 solum
381 566 544 623 cadit.
586 565 857 638 Sapientia
901 579 981 624 est
1011 568 1154 624 enim
1185 569 1533 640 intelligentia
1565 572 1651 627 vel
1700 572 1767 628 ad

181 661 375 719 bonum
421 671 736 731 rectumque
768 660 1096 729 faciendum,
1144 661 1229 718 vel
1275 661 1340 718 ad
1385 662 1766 720 abStinentiatn

180 755 441 811 dictorum
500 755 871 823 factorumque
916 755 1305 825 improborum.
1366 754 1543 813 Lucro
1587 766 1767 819 autem

181 864 448 916 nunquam
499 848 716 919 sapiens
765 846 977 912 studet,
1026 846 1151 917 quia
1193 848 1330 904 bona
1388 850 1502 905 haec
1556 859 1768 907 terrena

180 943 509 1008 contemnit;
569 958 670 998 nec
722 958 1043 1013 quemquam
1078 942 1187 996 falli
1233 943 1454 1014 patitur,
1489 944 1614 1015 quia
1644 944 1772 1000 boni

178 1032 274 1089 viri
302 1033 539 1089 officium
561 1042 668 1100 est,
693 1050 908 1089 errores
930 1033 1211 1089 hominum
1242 1036 1536 1108 corrigere,
1568 1052 1772 1108 eosque

178 1126 228 1183 in
252 1129 397 1182 viam
430 1127 709 1184 reducere.
755 1126 1031 1199 Siquidem
1073 1128 1289 1184 socialis
1332 1140 1415 1185 est
1444 1129 1678 1187 hominis
1709 1147 1773 1187 ac

178 1218 418 1276 beneﬁca
462 1228 674 1287 natura,
720 1236 829 1291 quo
896 1220 1014 1276 solo
1060 1221 1431 1294 cognationem
1485 1238 1606 1279 cum
1660 1224 1773 1280 Deo

176 1312 353 1369 habet.

768 1450 994 1506 CAPUT
1033 1450 1173 1508 XIX.

176 1587 250 1645 De
290 1588 512 1655 uirtute,
544 1597 589 1643 et
628 1587 1033 1644 Christianorum
1080 1589 1412 1655 cruciatibus;
1452 1606 1512 1644 ac
1561 1590 1623 1644 de
1649 1591 1773 1662 jure

728 1682 891 1753 patris
919 1690 967 1736 et
992 1682 1207 1737 domini.

231 1840 346 1896 Sed
364 1839 617 1895 nimirum
641 1839 757 1895 haec
776 1853 935 1895 causa
951 1839 1137 1906 efficit,
1154 1848 1211 1894 ut
1236 1840 1429 1895 stultus
1450 1853 1572 1895 esse
1594 1838 1773 1894 videa-
1803 1854 1852 1915 Β

170 1941 267 1999 tur,
291 1934 387 2004 qui
417 1949 577 2005 egere
597 1943 690 1987 aut
711 1933 845 1987 mori
869 1932 1038 2000 malit,
1059 1947 1215 2002 quam
1240 1943 1451 1998 noceat,
1475 1930 1555 1989 vel
1580 1934 1775 2004 eripiat
1810 1984 1813 1985 ν

165 2025 369 2097 aliquid
394 2025 579 2091 alteri,
606 2023 749 2095 quod
776 2024 1049 2080 hominem
1068 2034 1243 2081 morte
1264 2023 1433 2082 deleri
1467 2036 1670 2095 putant.
1693 2026 1772 2083 Ex

164 2132 258 2189 qua
286 2117 646 2187 persuasione
671 2130 860 2172 omnes
890 2127 1002 2172 tum
1024 2117 1184 2188 vulgi,
1213 2126 1324 2173 tum
1348 2118 1509 2174 etiam
1533 2118 1771 2188 philosoo

162 2211 395 2282 phorum
417 2221 709 2267 nascuntur
732 2225 966 2268 errores.
998 2210 1052 2267 Si
1068 2210 1211 2267 enim
1241 2220 1363 2282 post
1388 2220 1616 2268 mortem
1642 2211 1773 2268 nihil

162 2320 388 2374 sumus,
430 2304 674 2375 profecto
721 2304 1023 2360 stultissimi
1072 2314 1154 2360 est
1200 2304 1436 2360 hominis
1492 2321 1600 2361 non
1646 2307 1773 2362 huic

164 2400 279 2455 vitae
309 2398 625 2465 consulere,
649 2408 708 2452 ut
731 2398 800 2453 sit
827 2413 987 2470 quam
1017 2396 1222 2452 diutina
1252 2406 1306 2452 et
1333 2397 1632 2453 commodis
1656 2413 1773 2453 om-

162 2494 319 2550 nibus
356 2492 539 2564 plena.
571 2490 726 2561 Quod
774 2492 865 2563 qui
911 2491 1092 2557 faciet,
1123 2507 1152 2546 a
1176 2490 1398 2562 justitite
1435 2491 1616 2562 regula
1658 2493 1771 2548 dis-

166 2587 318 2644 cedat
345 2599 571 2641 necesse
595 2594 695 2640 est.
728 2585 784 2641 Si
811 2593 988 2641 autem
1017 2594 1264 2656 superest
1294 2583 1497 2640 homini
1525 2586 1629 2640 vita
1658 2601 1772 2643 me-

163 2681 259 2736 lior
310 2689 374 2736 et
419 2679 645 2750 longior,
688 2677 833 2749 quod
871 2688 927 2734 et
967 2677 1410 2749 philosophorum
1451 2694 1767 2750 magnorum

162 2775 535 2847 argumentis,
569 2783 624 2829 et
649 2783 826 2828 vatum
857 2774 1153 2843 responsis,
1182 2782 1237 2828 et
1264 2772 1643 2843 prophetarum
1691 2774 1772 2830 di-

162 2870 296 2924 vinis
349 2866 572 2923 vocibus
618 2866 902 2931 discimus;
954 2865 1092 2922 hanc
1141 2873 1458 2938 praesentem
1508 2883 1628 2923 cum
1658 2869 1771 2924 suis

163 2961 317 3018 bonis
360 2968 733 3025 contemnere,
762 2958 1021 3028 sapientis
1047 2966 1149 3023 est,
1181 2958 1335 3028 cujus
1360 2960 1536 3041 omnis
1559 2959 1770 3030 jactura

162 3053 576 3112 immortalitate
603 3061 874 3123 pensatur.
923 3053 1079 3122 Apud
1128 3052 1442 3108 Ciceronem
1488 3053 1631 3109 idem
1682 3054 1770 3111 ille

158 3149 387 3220 justitiam
423 3145 679 3202 defensor
721 3144 934 3201 Laelius.
964 3162 984 3197 ‹
1027 3145 1168 3212 Vult,
1198 3145 1388 3216 inquit,
1418 3146 1572 3215 plane
1600 3147 1771 3202 virtus

1872 545 2131 616 humana,
2185 567 2282 609 sua
2331 553 2469 610 bona
2521 557 2699 614 divina
2746 560 2986 629 iudicat?
3020 582 3039 617 ι
3073 564 3205 634 Quis
3248 582 3381 639 ergo
3427 573 3481 628 te

1872 642 2193 712 sapientem,
2225 645 2373 714 Lteli,
2406 658 2578 720 putet,
2606 667 2726 709 cum
2754 652 2869 726 ipse
2894 656 2988 713 tibi
3019 657 3241 730 loquare
3264 671 3481 717 contra-

1872 733 1993 789 ria?
2023 744 2075 791 et
2107 734 2265 809 paulo
2289 749 2410 811 post
2437 745 2618 800 virtuti
2671 747 2900 814 adimas,
2940 766 3061 822 qua:
3097 752 3332 810 dedisti?
3372 755 3481 814 Sed

1872 826 2123 885 videlicet
2161 830 2466 902 ignorantia
2491 837 2603 894 veri
2635 838 2765 897 facit
2801 841 3062 901 incertam
3103 845 3482 923 labantemque

1873 922 2219 980 sententiam.

1949 1010 2156 1069 Deinde
2203 1016 2332 1086 quid
2384 1018 2669 1092 adjungis?
2704 1039 2723 1076 ι
2757 1024 2863 1080 Sed
2892 1025 2939 1082 si
2982 1038 3076 1084 aut
3117 1029 3309 1102 ingrati
3353 1034 3481 1089 uni-

1876 1103 2038 1170 versi,
2070 1116 2162 1160 aut
2192 1106 2357 1164 invidi
2403 1112 2578 1180 multi,
2606 1122 2699 1169 aut
2728 1113 2928 1173 inimici
2963 1128 3212 1190 potentes
3236 1122 3350 1180 suis
3374 1125 3483 1182 vir-

1878 1206 2044 1254 tutem
2078 1201 2314 1268 praemiis
2349 1204 2604 1275 spoliant.
2653 1226 2673 1260 ι
2711 1206 2953 1280 quuam
3006 1213 3268 1285 fragilem,
3317 1233 3481 1289 quam

1777 1345 1783 1349 ,
1877 1290 2091 1347 inanem
2143 1294 2395 1352 virtutem
2446 1298 2811 1368 induxisti,si
2844 1305 3063 1375 spoliari
3115 1312 3336 1379 praemio
3381 1329 3484 1370 suo

1879 1384 2083 1453 pctestl
2115 1383 2247 1454 Qua:
2292 1391 2336 1443 si
2386 1388 2523 1447 bona
2576 1407 2670 1447 sua
2718 1393 2897 1450 divina
2934 1397 3158 1467 judicat,
3191 1411 3250 1457 ut
3274 1403 3482 1474 aiebas,

1878 1476 1965 1546 qui
1992 1488 2216 1547 possunt
2239 1481 2481 1537 existere
2509 1493 2617 1539 tam
2649 1486 2864 1557 ingrati,
2898 1498 3003 1544 tam
3032 1491 3219 1557 invidi,
3253 1504 3359 1549 tam
3387 1511 3483 1566 po-

1879 1575 2053 1623 tentes
2075 1610 2089 1634 ,
2136 1571 2227 1640 qui
2276 1572 2524 1629 virtutem
2556 1576 2791 1646 spoliare
2822 1581 3032 1637 valeant
3063 1582 3128 1639 iis
3154 1583 3331 1654 bonis,
3359 1603 3482 1658 quae

1879 1659 2074 1715 fuerint
2097 1661 2148 1715 in
2170 1676 2288 1717 eam
2321 1665 2518 1722 collata
2550 1668 2847 1726 divinitus?
2880 1691 2900 1724 ε
2934 1672 3025 1729 Nae
3055 1675 3146 1730 illa
3176 1692 3257 1744 se,
3285 1679 3480 1752 inquit,

1879 1752 2061 1807 multis
2082 1753 2289 1809 solatiis
2313 1756 2583 1826 oblectat;
2615 1762 2953 1835 maximeque
2973 1780 3072 1821 suo
3096 1766 3292 1827 decore
3306 1772 3485 1843 seipsa

1878 1854 2165 1901 sustentat.
2204 1864 2223 1899 ι
2256 1846 2465 1915 Quibus
2489 1851 2731 1908 solatiis?
2747 1870 2856 1925 quo
2881 1855 3117 1914 dectire?
3141 1874 3263 1915 cum
3291 1862 3347 1918 in
3377 1864 3487 1920 cri-

1880 1955 1999 1994 men
2041 1955 2187 2009 saepe
2230 1943 2433 2008 veniat,
2467 1955 2523 2001 et
2559 1946 2611 2003 in
2653 1964 2867 2018 poenam
2907 1951 3073 2009 decor
3099 1954 3191 2011 ille
3218 1966 3478 2016 vertatur.

1878 2031 2017 2100 Quid
2042 2033 2207 2101 enim,
2237 2034 2284 2091 si
2312 2050 2369 2091 ut
2395 2036 2589 2094 Furius
2618 2039 2856 2108 dicebat,
2893 2062 2913 2096 ‹
2946 2046 3203 2116 rapiatur,
3236 2058 3480 2119 vexetur,

1875 2126 2301 2195 exterminetur;
2333 2141 2511 2201 egeat,
2550 2132 2867 2191 auferantur
2893 2139 2942 2193 ei
2983 2154 3195 2209 manus,
3224 2142 3488 2200 effodian-

1877 2228 1963 2274 tur
1990 2222 2152 2288 oculi,
2186 2222 2491 2294 damnetur,
2521 2227 2811 2297 vinciatur,
2839 2242 3044 2299 uratur,
3079 2234 3295 2292 miseris
3318 2237 3485 2296 etiam

1876 2311 2050 2368 modis
2080 2323 2321 2381 necetur,
2353 2335 2373 2370 ›
2401 2318 2663 2388 perdetne
2690 2336 2845 2378 suum
2876 2326 3156 2394 praemium
3183 2328 3484 2390 virtusiAn

1828 2466 1835 2475 ‘
1876 2407 2053 2475 potius
2077 2408 2700 2480 perihitipsa'lhlinime.
2730 2416 2836 2473 Sed
2878 2427 2934 2473 et
2975 2421 3279 2480 mercedem
3323 2441 3479 2484 suam

1877 2498 1989 2555 Deo
2011 2499 2193 2570 judice
2217 2503 2464 2574 accipiet,
2493 2518 2547 2562 et
2572 2508 2741 2573 vivet,
2768 2520 2825 2566 et
2851 2525 3067 2584 semper
3093 2517 3314 2588 vigebit.
3345 2520 3479 2589 Qua:

1872 2592 1918 2648 si
1949 2594 2122 2656 tollas,
2155 2595 2287 2650 nihil
2319 2608 2496 2667 potest
2537 2599 2588 2657 in
2630 2602 2735 2657 vita
2778 2603 3058 2663 hominum
3113 2618 3220 2666 tam
3267 2613 3475 2683 inutile,

1876 2695 1986 2741 tam
2017 2688 2240 2744 stultum
2267 2690 2434 2747 videri
2464 2708 2604 2765 esse,
2629 2712 2788 2767 quam
2810 2698 3012 2769 virtus;
3041 2702 3195 2773 cujus
3218 2708 3480 2765 naturalis

1872 2777 2083 2836 bonitas
2111 2790 2165 2837 et
2190 2781 2441 2840 honestas
2466 2785 2667 2844 docere
2707 2804 2807 2846 nos
2850 2801 3046 2862 potest,
3086 2796 3319 2853 animam
3364 2814 3474 2857 non

1873 2887 1995 2930 esse
2024 2876 2330 2946 mortalem,
2366 2878 2715 2953 divinumque
2748 2884 2819 2939 illi
2848 2900 2877 2939 a
2908 2886 3018 2942 Deo
3041 2891 3322 2960 praemium
3352 2908 3484 2950 con-

1871 2965 2135 3022 stitutum.
2174 2969 2280 3025 Sed
2312 2970 2514 3028 idcirco
2542 2973 2793 3031 virtutem
2835 2977 3003 3047 ipsam
3050 2980 3188 3037 Deus
3215 2984 3318 3040 sub
3347 3001 3479 3058 per-

1872 3072 2003 3114 sona
2056 3060 2295 3117 stultitiae
2348 3064 2515 3119 voluit
2565 3080 2687 3122 esse
2739 3068 3007 3139 celatam,
3048 3082 3109 3128 ut
3164 3079 3484 3147 mysterium

1871 3152 2110 3206 veritatis
2135 3169 2197 3207 ac
2220 3154 2491 3225 religionis
2513 3171 2626 3213 suae
2653 3170 2799 3216 esset
2822 3178 3116 3234 arcanum;
3144 3176 3203 3222 ut
3226 3168 3325 3225 bas
3354 3173 3487 3229 reli-

163 3242 471 3304 Ιιοηοτεῐης
514 3253 616 3294 nec
661 3244 745 3293 εει
792 3236 1001 3292 Vil‘ltIliS
1040 3236 1145 3291 ulla
1195 3238 1298 3293 alia
1345 3251 1571 3293 merces.
1607 3257 1626 3291 ι
1673 3238 1837 3311 Εειο
1869 3244 2077 3315 gioues,
2095 3247 2520 3320 sapientiamque
2547 3261 2815 3309 terrenam
2838 3258 3186 3315 extollentem
3213 3277 3272 3317 se
3292 3262 3479 3334 altius,

164 3335 348 3406 plane,
376 3341 432 3387 et
453 3330 672 3403 quidem
711 3330 907 3385 virtute
932 3328 1268 3400 dignissima,
1293 3346 1451 3400 quam
1482 3341 1535 3386 tu
1556 3373 1571 3395 ,
1604 3330 1732 3386 Laeli
1752 3373 1768 3400 ,

162 3443 445 3499 nunquam
496 3434 710 3497 poteras
757 3425 1045 3497 suspicari;
1088 3425 1223 3480 nihil
1270 3426 1414 3481 enim
1464 3425 1768 3481 divinarum

163 3536 408 3578 noveras
439 3520 758 3575 litterarum.
788 3518 959 3587 Quam
991 3527 1168 3573 tamen
1208 3518 1321 3587 illa,
1351 3518 1542 3589 inquit,
1576 3519 1772 3589 accipit

165 3614 345 3680 facile,
382 3612 546 3683 exigit
572 3626 678 3667 non
706 3611 920 3667 acerbe.
957 3610 1117 3666 Erras
1146 3609 1516 3677 vehementer,
1540 3611 1583 3665 si
1618 3623 1771 3680 putas
1827 3663 1850 3673 ,

165 3707 232 3763 ab
274 3707 505 3762 homine
548 3703 829 3778 prtemium
876 3702 1009 3759 solvi
1063 3716 1219 3773 posse
1267 3701 1469 3769 virtuti,
1501 3718 1622 3758 cum
1654 3704 1769 3774 ipse

165 3802 267 3859 alio
290 3801 424 3859 loco
446 3800 728 3857 verissime
757 3798 996 3855 dixeris:
1035 3813 1054 3848 ι
1093 3796 1227 3852 Huic
1254 3805 1309 3851 tu
1332 3796 1447 3853 viro
1468 3811 1601 3868 quas
1629 3796 1767 3854 divi-

1874 3336 2082 3406 sibique
2109 3338 2330 3423 multum
2365 3341 2685 3409 placentem,
2715 3348 2967 3403 vanitatis
2991 3352 3305 3425 errorisque
3333 3356 3487 3414 dam-

1875 3437 2027 3484 naret
2048 3446 2062 3494 ;
2083 3438 2140 3484 ut
2156 3412 2433 3501 praposita
2457 3435 2688 3505 denique
2709 3436 3044 3511 difﬁcultate,
3068 3412 3485 3516 augustissimus

1873 3529 2071 3577 trames
2109 3522 2177 3577 ad
2216 3523 2634 3582 immortalitatis
2672 3530 2954 3598 praemium
2991 3535 3225 3592 sublime
3275 3540 3477 3609 perdu-

1871 3627 2039 3670 ceret.

1926 3704 2117 3771 Docui,
2134 3705 2413 3777 ut0pinor,
2439 3725 2535 3764 cur
2560 3711 2785 3781 populus
2798 3723 2982 3771 noster
2994 3719 3134 3787 apud
3150 3720 3345 3778 stultos
3359 3724 3485 3782 stul-

1877 3808 1961 3855 tus
1983 3798 2262 3856 habeatur.
2281 3800 2415 3857 Nam
2433 3792 2666 3860 cruciari
2687 3814 2847 3878 atque
2871 3808 3099 3868 interfici
3126 3814 3310 3884 malle,
3325 3832 3487 3889 quam

1540 3936 1904 3997 VARIORUM
1945 3938 2177 3996 ΝΟΤΛΕ.

166 4066 274 4122 didi
305 4072 487 4119 autem
532 4076 600 4117 ex
628 4059 691 4116 2‘1
724 4076 852 4117 mss.
891 4061 1018 4117 Post
1066 4060 1217 4114 mutis
1260 4059 1293 4115 8
1328 4057 1512 4128 scripti
1560 4072 1668 4115 rec.
1722 4067 1777 4115 et

170 4140 237 4195 ﬂ
261 4138 455 4215 excusi
487 4133 685 4215 addqu
710 4149 943 4215 quoque:
1210 4203 1221 4215 _
1454 4202 1486 4215 __
1571 4203 1583 4214 ,
1647 4203 1660 4215 ,
1727 4202 1740 4214 ,

248 4209 344 4263 γει
377 4207 448 4260 ad
477 4206 853 4259 abstinentiam.
890 4205 979 4261 Sic
1011 4205 1222 4273 reposui
1267 4218 1333 4258 ex
1379 4205 1773 4271 antiquissimis

169 4296 299 4336 mss.
335 4282 359 4334 1
406 4279 613 4358 Bonan.
639 4278 749 4358 et?
774 4279 904 4346 Reg.
928 4272 1338 4358 e‘deTqrues..,
1369 4272 1746 4358 Souhrunuds

169 4352 304 4407 Vide
332 4349 568 4422 pr.vced.
602 4349 677 4422 ad,
700 4348 906 4402 bonum.
937 4347 1323 4422 Quamplurinii
1354 4347 1539 4415 scripti
1572 4359 1624 4401 et
1669 4347 1772 4402 im-

168 4420 347 4503 pressi
376 4421 578 4503 habent
607 4421 680 4473 vel
719 4420 1042 4503 abstinentia.
1130 4490 1141 4503 _
1215 4490 1244 4503 ﬂ
1392 4498 1401 4503 _
1634 4490 1646 4503 _
1721 4489 1733 4503 .

239 4494 521 4547 Dictorum
550 4491 921 4559 factorumque.
958 4491 1083 4545 l‘lmc
1130 4490 1285 4545 lectio
1325 4498 1407 4544 est
1433 4490 1765 4558 quampluri-

170 4581 387 4621 morum
437 4578 566 4618 niss.
601 4567 921 4636 interuth
949 4575 1073 4636 sunt
1124 4562 1483 4636 antiquissimi
1528 4561 1682 4636 Reg.»
1715 4571 1768 4636 et
1796 4561 1847 4622 D
1871 4595 1929 4636 sc

176 4638 387 4691 Itonon.
420 4643 577 4701 atque
605 4634 669 4689 11
702 4633 987 4688 editorum.
1041 4632 1228 4687 Recte.
1266 4632 1396 4686 Vide
1428 4648 1544 4701 seq.
1570 4632 1768 4703 Scripti

174 4708 241 4768 10
268 4720 322 4764 et
356 4709 393 4762 5
419 4706 547 4759 edit.
580 4714 685 4760 vet.
722 4707 902 4773 legunt
926 4704 1224 4758 delictorum
1253 4704 1622 4773 factorumque.

244 4780 363 4845 Quo
394 4776 525 4830 solo.
555 4778 588 4831 4
616 4790 747 4830 mss.
780 4791 887 4829 rec.
914 4785 968 4829 et
1000 4776 1031 4829 7
1069 4777 1346 4847 edit.vet.,
1369 4792 1470 4844 qua
1490 4775 1630 4841 sola;
1661 4791 1774 4847 quae

169 4853 309 4915 sola;
334 4846 520 4911 Cum,
546 4862 659 4918 qua:
680 4847 1002 4914 solm—Quo
1026 4848 1154 4923 solo.
1193 4846 1245 4900 ld
1266 4858 1366 4923 est,
1396 4862 1497 4914 qua
1514 4863 1591 4923 _re
1632 4846 1770 4923 sola,

172 4922 290 4977 scil.
326 4917 628 4987 sapientia;
660 4935 779 4988 qum
809 4934 915 4972 an
968 4921 1217 4989 quoniant
1266 4917 1365 4989 fuit
1408 4918 1565 4988 paulo
1583 4917 1775 4988 remo-

173 4995 302 5057 tior,
332 5007 467 5046 usus
493 5002 596 5053 est,
622 5000 752 5045 utet
781 4990 927 5051 alihi,
962 4988 1170 5056 neutro,
1216 4988 1354 5060 quod
1401 4989 1466 5043 ad
1498 4991 1677 5045 omnia
1709 4991 1777 5047 de

174 5064 444 5145 sapientia
472 5062 613 5145 dicta
644 5061 1024 5145 referendum;
1061 5133 1091 5145 θ’
1180 5143 1189 5145 Α
1274 5132 1312 5145 η
1390 5141 1398 5145 _
1559 5131 1600 5145 ,η
1670 5132 1681 5145 .

247 5131 361 5192 Sed
382 5134 623 5188 nimirum
644 5133 749 5186 lucc
771 5148 927 5186 causa
947 5133 1113 5204 efﬁcit,
1142 5143 1244 5204 etc.
1274 5132 1542 5187 Hactenus
1559 5131 1777 5189 Furium

173 5207 501 5267 confutavit,
527 5204 799 5274 iniustitia:
824 5203 1124 5271 patronum.
1143 5203 1259 5258 Jatn
1285 5203 1540 5259 indit-abit
1562 5220 1776 5271 causas,

173 5296 272 5335 cur
306 5279 538 5341 Lmlius,
568 5276 655 5346 qui
703 5276 1135 5345 sapientissimus
1186 5276 1514 5341 habebatur,
1558 5276 1780 5345 iustitia:

172 5360 365 5422 partes
399 5363 512 5431 non
545 5361 642 5418 pro
678 5346 936 5431 dignitate
964 5357 1206 5431 tueatur;
1238 5363 1436 5431 nempe
1470 5347 1610 5431 quth
1641 5349 1781 5431 illius

172 5417 444 5491 sapientia
494 5417 601 5501 non
647 5420 859 5475 cmlitus
907 5418 1021 5502 fuit:
1050 5417 1293 5502 Qstendit
1340 5417 1779 5502 auteiunyclium

173 5490 279 5549 sibi
332 5493 605 5547 centraria
656 5505 921 5573 asserere.
945 5490 1035 5571 .Ah
1076 5492 1226 5544 initio
1260 5505 1388 5545 vero
1415 5490 1606 5573 capitis
1635 5490 1784 5573 inve-

172 5567 347 5636 stigat
377 5578 623 5618 errorum
652 5562 1170 5644 philosonhicnrum,
1201 5573 1360 5632 atque
1385 5562 1525 5631 vulgi
1556 5562 1784 5644 scaturi-

172 5633 400 5708 gitiem;
432 5649 625 5705 nempe
654 5634 795 5704 quod
838 5633 1117 5715 articulus“
1134 5633 1327 5715 dte-spe
1372 5633 1785 5715 τεειινιιεςιίοιιξε

174 5703 288 5764 non
322 5709 457 5762 Satis
481 5703 755 5761 constatcr
793 5704 1046 5760 creditur.
1078 5703 1154 5759 Ex
1178 5704 1259 5760 his
1285 5703 1646 5759 fundamentis
1670 5704 1785 5759 col-

172 5780 324 5851 ligit,
362 5778 500 5848 quod

277 5893 422 5949 Vivit
442 5893 572 5958 apud
593 5906 819 5959 superos,
842 5900 891 5947 et
914 5894 1069 5947 habet
1088 5905 1178 5945 sua
1198 5903 1405 5945 munera
1424 5891 1599 5945 virtus.

1883 4056 2159 4147 Virtutem.
2182 4070 2361 4147 autem
2396 4062 2535 4147 dicit
2569 4065 2750 4147 ipsam
2797 4070 3084 4141 justitiam,
3114 4089 3237 4147 qua:
3262 4076 3491 4137 materia

1881 4133 2053 4206 totius
2070 4133 2229 4202 hujus
2255 4137 2427 4206 quinti
2463 4137 2582 4193 libri
2605 4133 2709 4194 est.
2797 4133 2841 4205 ’.

1953 4202 2055 4269 Qui
2101 4202 2289 4287 egeref
2310 4208 2337 4263 1
2388 4206 2593 4264 Βοιιοη.
2630 4202 2897 4284 ίιηιίίιδει
2925 4216 2948 4270 1
2983 4214 3220 4274 Clarom.
3253 4234 3285 4274 a
3315 4221 3490 4291 prima

1875 4287 2059 4338 manu,
2087 4292 2230 4345 quia.

1948 4346 2031 4399 Ea:
2059 4364 2158 4431 qua
2200 4351 2545 4416 persuasione.
2575 4351 2675 4408 Ms.
2702 4351 2857 4411 Cant.
2888 4366 2943 4411 et
2965 4356 3096 4413 edit.
3129 4358 3185 4429 5,
3213 4358 3301 4416 Ex
3333 4380 3494 4437 eaque

1873 4434 2230 4489 persuasione.

1947 4508 2098 4589 Idam:
2126 4511 2715 4589 prasentem._Subaudi
2762 4518 2922 4589 uitam
2946 4561 2964 4586 ,
2996 4522 3137 4589 quod
3183 4523 3349 4583 Goth.
3396 4528 3493 4585 ad-

1934 4583 2130 4651 riptuin
2164 4584 2345 4647 habet,
2378 4586 2595 4654 Opinor,
2628 4602 2696 4643 ex
2722 4588 2903 4659 glossa
2932 4583 3234 4665 receptum.
3263 4598 3430 4655 Ceu.

1949 4674 2254 4766 lytt'nquam.
2286 4677 2387 4735 Ms.
2410 4681 2434 4734 1
2460 4679 2598 4750 Reg.
2628 4698 2736 4739 rec.
2763 4697 2820 4766 et
2850 4686 2917 4741 15
2946 4688 3102 4757 edit.,
3135 4707 3491 4766 nequaquam;

1875 4746 1930 4803 in
1962 4749 1985 4802 1
2024 4748 2160 4819 Reg.
2194 4766 2305 4805 rec.
2340 4746 2601 4823 nunquam
2631 4759 2839 4827 poteris.

1946 4838 2326 4922 labantemque
2353 4847 2674 4922 sententiam.
2704 4851 2905 4922 Scripti
2936 4853 2967 4909 7
2990 4862 3046 4912 et
3072 4856 3109 4912 2
3148 4857 3275 4914 edd.
3315 4860 3493 4919 (abeu-

1877 4923 2009 4976 tem;
2034 4914 2058 4968 1
2094 4911 2366 4985 Βεεξτεο.
2398 4911 2838 4991 ιαὸοναηιεηιᾳιιεξ

1949 5003 2283 5099 EﬂogitI-utu:
2530 5010 2662 5068 Mss.
2690 5013 2860 5099 ὄκνου.
2893 5028 2949 5075 et
2977 5019 3045 5076 ιε
3080 5020 3211 5079 editi
3240 5023 3488 5099 interpo-

1880 5086 2015 5131 nunt
2043 5076 2113 5145 ei,
2143 5078 2283 5148 quod
2312 5095 2436 5137 mox
2481 5085 2779 5151 praecessit.

1951 5172 2352 5253 Angustissimus
2392 5183 2601 5231 trames.
2643 5177 2741 5253 bis.
2787 5179 2954 5238 Brun.
2987 5187 3352 5253 angustissimo
3378 5200 3491 5248 trao

1881 5240 2133 5323 mucida
2167 5244 2423 5323 Colbert._
2452 5249 2840 5323 angustissimos
2907 5240 3490 5323 tranti't'es,ﬂmeuvdos—e.

1882 5313 2135 5396 Scriptiﬁ
2167 5329 2276 5396 rec.
2308 5324 2364 5396 et
2387 5313 2645 5396 Pivufgati
2687 5338 2777 5389 per
2807 5313 3491 5396 angustissimosﬂtramites:

1884 5385 2024 5471 Lege
2069 5384 2138 5441 de
2187 5385 2305 5471 hoc.
2343 5386 2477 5471 infra
2654 5384 2728 5453 vi.
2761 5384 2902 5463 cap.-
2920 5397 2974 5453 5.
2998 5384 3493 5471 —-Angustissinius

1882 5466 2138 5539 trames...
2179 5456 2497 5540 perduceret.
2521 5460 2672 5540 __Natn
2712 5456 2867 5540 unam
2914 5476 3117 5525 tantum
3146 5456 3492 5540 viaqunuai

1886 5528 2137 5582 tramitem
2150 5528 2228 5611 ad
2262 5529 2724 5611 in‘uuortalitatcm
2756 5536 2954 5611 ubique
2983 5543 3202 5611 statuit;
3236 5528 3489 5606 hinc-lviii:

1885 5615 1979 5683 vit,
1997 5599 2220 5693 capqﬂo
2242 5618 2257 5681 ε
2289 5599 2550 5693 Αηθιιξιξιδ
2578 5599 3079 5693 admodum'trames
3102 5599 3200 5693 est;
3225 5599 3493 5693 per

1877 5671 2080 5742 justitia
2116 5669 2624 5748 hominem-deducit
2653 5677 2708 5730 in
2746 5680 2952 5738 caelum.
2986 5684 3132 5739 Idem
3160 5669 3490 5748 tioT-éia'iiiil

1887 5758 1963 5807 νι,
2008 5756 2163 5827 capp.
2185 5742 2219 5795 '5
2247 5752 2300 5796 et
2394 5744 2636 5827 integra,~
2664 5750 2900 5827 maxime
2940 5754 3095 5822 ibid.,
3128 5742 3248 5827 cap.
3270 5742 3360 5816 V77}
3396 5742 3491 5820 ἦέ

1891 5814 2189 5907 menqax...
2211 5815 2422 5907 Amultos
2460 5818 2686 5907 tramites
2730 5820 2959 5907 habet...
2984 5814 3493 5907 via'veritatis...

1891 5883 2177 5956 simplex...
2206 5895 2261 5942 et
2287 5897 2573 5960 angusta...
2607 5900 2661 5949 et
2685 5896 2873 5965 ardua,
2894 5907 3002 5956 etc.
3031 5883 3167 5959 BDN.
