4090 6354
660 261 759 317 611

1735 256 1922 314 FIRM.
1968 253 2341 313 LACTANTll
2383 223 2580 310 otvtN.
2629 252 2875 311 msrrr.
3780 260 3852 317 ei;

659 403 812 459 thura
841 401 1026 465 ,lribus
1064 399 1242 471 digitis
1280 397 1672 469 comprehensa
1714 398 1766 452 in
1809 397 1984 453 focum
2020 397 2244 467 jactare,
2276 393 2330 456 Δ
2353 392 2626 450 damnavit
2657 412 2669 447 :
2698 393 2928 462 deinde,
2956 392 3101 464 quod
3123 407 3226 450 nec
3245 392 3314 451 ab
3335 393 3454 450 aliis
3501 394 3656 452 Deum
3689 396 3770 454 coli
3793 414 3854 468 pa-

659 508 764 552 tam
795 497 1037 566 ineptum
1066 493 1298 558 videtur,
1322 507 1481 564 quam
1511 492 1563 546 In
1592 490 1834 562 periculo
1859 490 2004 558 vitae,
2033 488 2255 544 alterius

654 588 888 643 animam
948 585 1118 658 magis
1174 600 1365 641 curare
1403 600 1562 656 quam
1602 598 1773 639 suam.
1816 583 2072 640 Nesciunt
2108 582 2252 637 enim

652 691 908 754 quantum
940 681 1012 736 sit
1039 680 1189 737 nefas
1215 680 1444 736 adorare
1470 679 1614 734 aliud
1645 685 2006 750 praeterquam
2043 678 2210 732 Deum
2235 718 2249 744 ,

651 775 744 846 qui
769 773 1012 831 condidit
1040 773 1237 830 coelum
1263 784 1422 844 atque
1449 782 1678 838 terram;
1706 773 1798 843 qui
1828 771 2118 826 humanum
2156 785 2252 840 ge-

652 885 753 924 nus
785 869 959 933 finxit,
985 867 1284 938 inspiravit,
1306 868 1426 923 luce
1455 867 1692 922 donavit.
1719 865 1872 934 Quod
1902 867 1945 921 si
1971 878 2252 921 servorum

651 962 1016 1034 nequissimus
1043 961 1292 1027 habetur,
1319 961 1408 1032 qui
1436 961 1713 1016 dominum
1743 973 1899 1014 suum
1931 957 2056 1028 fuga
2090 956 2252 1013 dese-

650 1058 742 1119 rit,
786 1055 941 1125 isque
979 1053 1328 1120 verberibus,
1369 1063 1424 1109 et
1462 1053 1720 1117 vinculis,
1761 1057 1815 1107 et
1852 1049 2122 1121 ergastulo
2145 1091 2158 1114 ,
2200 1057 2255 1105 et

648 1163 831 1218 cruce,
851 1158 906 1206 et
933 1150 1081 1205 omni
1102 1149 1249 1204 malo
1274 1148 1623 1219 dignissimus
1639 1146 1910 1217 iudicatur
1929 1161 1944 1210 ;
1964 1152 2019 1200 et
2041 1144 2088 1200 si
2110 1143 2254 1198 illius

650 1242 842 1298 eodem
882 1242 1045 1298 modo
1087 1241 1330 1313 perditus
1368 1251 1529 1312 atque
1554 1239 1750 1311 impius
1787 1238 2128 1295 existimatur
2161 1234 2253 1308 qui

652 1342 859 1404 patrem
887 1348 1046 1388 suum
1071 1333 1417 1402 derelinquit,
1445 1347 1512 1388 ne
1534 1332 1610 1388 illi
1637 1333 1989 1402 obsequatur,
2017 1328 2088 1385 ob
2108 1341 2254 1384 eam-

651 1441 758 1496 que
785 1441 1005 1482 causam
1029 1425 1220 1497 dignus
1248 1434 1488 1497 putatur,
1517 1426 1606 1497 qui
1629 1426 1700 1481 sit
1728 1425 1995 1494 exhaeres,
2017 1433 2073 1480 et
2099 1421 2254 1494 cujus

653 1534 851 1574 nomen
899 1520 955 1575 in
1002 1528 1319 1591 perpetuum
1369 1519 1438 1576 de
1476 1518 1677 1574 familia
1715 1517 1959 1574 deleatur
1997 1535 2012 1572 :
2053 1524 2255 1588 quanto

652 1613 826 1684 magis
850 1613 943 1685 qui
973 1614 1142 1670 Deum
1167 1613 1394 1680 deserit,
1423 1614 1476 1669 in
1516 1625 1676 1683 quem
1706 1611 1815 1669 duo
1851 1606 2112 1668 voeabula
2151 1612 2255 1666 do-

653 1705 783 1760 mini
829 1716 885 1762 et
938 1709 1107 1779 patris
1155 1724 1309 1779 atque
1361 1707 1668 1765 veneranda
1716 1708 2083 1763 conveniunt?
2118 1703 2253 1761 Nam

2359 485 2582 552 tiuntur,
2616 486 2715 542 sed
2766 495 3022 543 avertere
3065 486 3314 542 homines
3357 487 3426 542 ad
3480 488 3727 565 mortifera
3757 505 3859 548 sam

2357 577 2716 659 contendunt;
2737 581 3092 650 nitunturque
3109 594 3317 635 summa
3342 579 3634 652 diligentia,
3660 599 3800 653 nequa
3816 586 3859 639 sit

2357 670 2540 724 anima
2566 671 2851 727 incolumis
2881 675 2934 727 in
2967 680 3132 740 terra,
3152 688 3270 744 quae
3299 673 3450 729 salvo
3467 682 3604 730 statu
3628 685 3860 745 suospectet

2358 765 2640 822 incmlum.
2656 766 2792 835 Quid
2808 766 2952 823 aliud
2967 766 3142 822 dicam
3168 783 3330 838 quam
3361 768 3609 836 miseros,
3626 770 3702 839 qui
3718 771 3858 840 pretio-

2358 874 2484 914 num
2498 875 2719 916 suorum
2742 860 3174 932 instigationibus
3192 870 3545 934 parent,quos
3558 863 3678 919 deos
3696 877 3784 919 esse
3797 864 3864 934 api

2357 955 2579 1010 nantur?
2605 970 2836 1026 quorum
2863 970 3040 1024 neque
3068 953 3458 1022 conditionem,
3491 956 3866 1026 nequeoriginen,

2358 1061 2532 1118 neque
2549 1048 2786 1114 nomina,
2801 1062 2980 1119 neque
3006 1048 3272 1104 rationem
3289 1049 3471 1104 sciunt
3490 1066 3506 1104 :
3522 1048 3617 1104 sed
3632 1049 3869 1105 iuuat-estet

2357 1140 2696 1210 persuasioni
2711 1139 2938 1211 vulgari,
2954 1139 3187 1196 libenter
3202 1148 3412 1206 errant,
3429 1150 3487 1196 et
3503 1140 3811 1196 stultitiane
3825 1142 3872 1194 fa-

2359 1242 2510 1288 vent.
2529 1234 2574 1288 Α
2591 1233 2786 1304 quibus
2812 1233 2857 1288 si
2879 1233 3248 1304 persuasionis
3267 1233 3385 1304 ejus
3405 1234 3665 1291 rationem
3689 1235 3873 1306 requiras,

2358 1329 2561 1386 nullam
2592 1329 2800 1400 possint
2827 1328 3058 1384 reddere
3078 1346 3090 1382 :
3107 1327 3203 1384 sed
3225 1327 3292 1383 ad
3315 1329 3583 1400 majorum
3608 1327 3774 1398 judicia
3793 1343 3875 1381 con-

2361 1421 2590 1492 fugiant,
2631 1421 2778 1492 quod
2810 1421 2887 1476 illi
2913 1421 3186 1492 sapientes
3227 1420 3445 1488 fuerint,
3477 1422 3559 1477 illi
3585 1420 3875 1492 probaverim,

2357 1515 2434 1569 illi
2455 1513 2698 1578 scierint,
2729 1512 2859 1583 quid
2890 1522 3037 1570 esset
3063 1513 3326 1584 optimum
3351 1529 3364 1578 ;
3413 1528 3588 1584 seque
3612 1513 3739 1584 ipsos
3760 1513 3877 1567 sensi

2359 1608 2458 1662 bus
2495 1607 2748 1678 spoliant,
2778 1607 2987 1662 ratione
3011 1606 3287 1672 abdicant,
3319 1605 3445 1661 dum
3464 1606 3658 1661 alienis
3675 1605 3876 1660 erroribus

2357 1701 2602 1758 credunt.
2637 1702 2728 1757 Sic
2753 1700 3003 1772 impliciti
3031 1717 3213 1758 rerum
3241 1704 3484 1757 omnium
3511 1701 3880 1771 ignorantia,nec

653 1799 762 1866 ille,
790 1801 881 1872 qui
908 1817 1124 1858 servum
1153 1804 1326 1873 pretio
1351 1811 1649 1872 cumparat,
1683 1799 1808 1872 quid
1849 1801 1900 1856 in
1930 1811 2052 1855 cum
2083 1798 2252 1854 bene-
2281 1799 2329 1862 B
2358 1812 2438 1862 se,
2481 1811 2580 1852 nec
2606 1796 2738 1852 deos
2764 1810 2892 1851 suos
2922 1803 3138 1852 norunt.
3177 1800 3352 1867 Atque
3381 1795 3596 1851 utinam
3620 1794 3712 1850 soli
3736 1807 3886 1854 errare.

653 1897 755 1954 ficii
789 1896 1022 1963 confert,
1055 1906 1251 1966 prieter
1291 1897 1568 1962 alimenta,
1599 1905 1718 1965 «tua:
1746 1891 1820 1949 illi
1860 1892 2104 1948 utilitatis
2141 1905 2253 1948 sum

651 1993 822 2061 gratia
851 1989 1262 2046 subministrat?
1287 1989 1351 2043 Et
1377 1989 1464 2058 qui
1491 1987 1656 2042 filium
1682 1994 1922 2058 generat,
1952 1998 2058 2040 non
2093 1983 2255 2039 habet

654 2085 706 2139 in
747 2092 1011 2155 potestate
1048 2090 1108 2137 ut
1143 2081 1511 2152 concipiatur,
1555 2089 1611 2135 ut
1650 2087 1930 2146 nascatur,
1978 2087 2035 2132 ut
2085 2077 2252 2130 vivat.

655 2176 810 2233 Unde
834 2186 1057 2247 apparet
1072 2190 1180 2230 non
1203 2189 1323 2230 esse
1349 2174 1497 2229 illum
1517 2184 1744 2244 patrem,
1763 2171 1858 2229 sed
1885 2169 2256 2226 tantummodo

651 2272 947 2344 generandi
975 2270 1304 2326 ministrum.
1335 2271 1539 2338 Quibus
1577 2283 1706 2340 ergo
1745 2269 2024 2338 suppliciis
2060 2267 2256 2337 dignus

652 2376 736 2424 est
761 2366 1010 2423 desertor
1029 2365 1170 2436 eius,
1193 2365 1282 2435 qui
1311 2373 1365 2419 et
1387 2363 1640 2419 dominus
1665 2373 1844 2428 verus,
1876 2372 1927 2416 et
1961 2367 2111 2432 pater
2149 2368 2254 2424 est,

651 2461 753 2516 nisi
777 2475 900 2532 qua:
921 2459 1065 2515 Deus
1094 2457 1209 2528 ipse
1247 2457 1563 2512 constituit?
1603 2456 1697 2526 qui
1736 2454 2014 2525 spiritibus
2044 2451 2255 2522 injustis

652 2564 914 2611 aeternum
947 2553 1157 2624 paravit
1187 2553 1396 2623 ignem;
1438 2550 1581 2622 quod
1622 2553 1738 2621 ipse
1790 2563 1887 2621 per
1933 2557 2083 2604 vates
2127 2560 2256 2604 suos

653 2647 832 2719 impiis
856 2661 920 2702 ac
941 2645 1237 2703 rebellibus
1258 2643 1633 2700 comminatur.

1257 2799 1491 2858 CAPUT
1530 2799 1654 2856 XX.

655 2936 733 2995 De
778 2939 1000 2994 uanitate
1043 2945 1090 2994 et
1142 2935 1412 2993 sceleribus
1464 2935 1744 3008 impiarum
1781 2929 2154 3003 freligionum,
2210 2934 2260 2986 et

1076 3030 1488 3087 Christianorum
1517 3027 1851 3086 cruciatibus.

2357 1891 2458 1946 soli
2489 1888 2736 1959 desipere
2757 1889 2988 1945 vellent!
3021 1889 3170 1945 Alios
3192 1890 3355 1945 etiam
3383 1889 3438 1944 in
3459 1888 3774 1944 consortium
3798 1885 3881 1940 mali

2356 1982 2438 2041 sui
2466 1984 2716 2053 rapiunt,
2761 1982 2916 2052 quasi
2970 1982 3204 2038 habituri
3249 1981 3507 2042 solatium
3549 1982 3617 2039 de
3652 1978 3887 2052 perditione

2357 2075 2668 2130 multorum.
2703 2073 2810 2131 Sed
2840 2073 2957 2130 haec
2985 2075 3098 2145 ipsa
3126 2076 3394 2146 ignoratio
3424 2073 3621 2141 efficit,
3652 2085 3707 2130 ut
3730 2076 3771 2130 in
3799 2087 3885 2143 pet-

2357 2169 2651 2240 sequendis
2689 2167 3024 2239 sapientibus
3053 2176 3162 2224 tam
3189 2167 3314 2223 mali
3346 2167 3457 2224 sint
3483 2211 3497 2229 .
3557 2169 3826 2239 ﬁngantqse
3856 2177 3895 2218 se

2359 2262 2466 2317 illis
2495 2262 2800 2326 consulere,
2833 2260 2958 2317 illos
2996 2259 3066 2316 ad
3108 2260 3306 2316 bonam
3353 2268 3604 2317 mentem
3636 2260 3759 2316 velle
3788 2268 3898 2313 reto-

2359 2367 2505 2411 care.

2429 2447 2567 2503 Num
2597 2447 2756 2519 igitur
2778 2447 2882 2504 hoc
2915 2457 3186 2515 sermone,
3221 2456 3312 2505 aut
3339 2448 3516 2519 aliqua
3571 2449 3768 2504 ratione
3815 2441 3902 2500 red-

2357 2541 2468 2597 dita
2498 2539 2677 2596 facere
2703 2541 2988 2596 nituntur?
3015 2540 3235 2597 Minime
3255 2557 3270 2607 ;
3290 2541 3383 2597 sed
3407 2542 3642 2613 viatque
3656 2538 3897 2596 tormentis.

2359 2635 2405 2690 0
2434 2633 2589 2700 mira,
2619 2641 2674 2689 et
2699 2645 2840 2690 caeca
2871 2632 3180 2691 dementia!
3215 2633 3274 2690 ln
3306 2633 3370 2691 iis
3394 2643 3620 2706 putatur
3647 2635 3770 2690 mala
3791 2645 3901 2687 mens

2359 2741 2501 2791 esse,
2527 2728 2616 2797 qui
2648 2726 2808 2782 fidem
2838 2742 3057 2783 scrvare
3076 2737 3379 2795 conantur;
3408 2729 3462 2784 in
3488 2729 3814 2785 carniﬁcibus
3835 2739 3899 2779 ao-
3993 2712 3999 2744 θ

2360 2830 2469 2878 tem
2499 2823 2660 2878 bona.
2693 2821 2752 2877 In
2800 2822 2936 2878 iisne
2990 2823 3128 2878 mala
3179 2837 3333 2879 mens
3379 2830 3483 2890 est,
3525 2824 3624 2894 qui
3663 2821 3907 2888 contraius

2363 2914 2738 2982 humanitatis,
2770 2905 2956 2970 contra
2985 2915 3065 2970 fas
3095 2931 3258 2972 omne
3302 2916 3658 2972 lacerantur?
3694 2929 3754 2969 an
3781 2913 3910 2984 potius

2361 3012 2416 3067 in
2445 3011 2510 3066 iis
2541 3009 2631 3081 qui
2659 3023 2720 3065 ea
2752 3010 2957 3065 faciunt
2983 3011 3036 3065 in
3076 3011 3396 3082 corporibus
3428 3011 3794 3077 innocentum,
3828 3019 3913 3077 qua
4006 3062 4007 3084 η

2361 3115 2464 3158 nec
2493 3101 2772 3158 sarrissimi
2829 3101 3087 3168 latrones,
3145 3116 3244 3157 nec
3293 3097 3578 3158 iratissimi
3613 3103 3805 3164 hostes,
3843 3110 3913 3152 nec
4008 3150 4009 3172 1

733 3193 954 3249 Discant
981 3190 1163 3264 igitur,
1187 3198 1244 3247 et
1269 3205 1490 3262 suarum
1518 3198 1572 3246 et
1599 3190 1897 3247 alienarum
1942 3191 2256 3248 interfecto-
2282 3201 2328 3268 ρ
2362 3195 2737 3252 immanissimi
2790 3189 3009 3250 barbari
3061 3194 3350 3266 aliquando
3405 3195 3698 3252 fecerunt?
3741 3193 3915 3250 Adeone

652 3303 738 3344 res
762 3287 1084 3352 animarum,
1116 3301 1277 3356 quam
1306 3284 1630 3355 inexpiabile
1661 3284 1872 3342 facinus
1910 3287 2199 3342 admittant
2231 3299 2244 3338 :

654 3383 907 3452 primum,
929 3381 1074 3454 quod
1100 3381 1310 3452 seipsos
1349 3379 1599 3451 iugulant
1630 3379 2016 3450 perditissimis
2039 3381 2250 3436 ἀπιπο-

653 3475 811 3532 nibus
865 3475 1195 3544 serviendo,
1249 3489 1388 3546 quos
1437 3474 1577 3531 Deus
1633 3475 1684 3530 in
1728 3487 1930 3532 aeterna
1984 3475 2250 3548 supplicia

2357 3293 2520 3347 etiam
2549 3288 2653 3345 sibi
2694 3291 3052 3356 mentiuntur,
3083 3298 3145 3346 ut
3176 3290 3420 3346 vicissim
3447 3289 3580 3346 boni
3615 3305 3678 3346 ac
3718 3288 3826 3344 mali
3849 3299 3916 3339 no-

2359 3385 2502 3439 mina
2535 3381 2865 3439 transferant
2893 3391 2948 3439 et
2972 3383 3300 3439 immolent?
3323 3383 3462 3452 Quid
3490 3397 3629 3456 ergo
3653 3397 3754 3440 non
3779 3381 3917 3444 diem,

2360 3485 2574 3534 noctem
2603 3477 2835 3534 vocant?
2880 3476 3050 3534 solem
3072 3517 3087 3544 ,
3141 3475 3437 3534 tenebras?
3486 3477 3744 3550 Alioquin
3771 3473 3917 3532 eadem

1997 3615 2361 3674 VARIORUM
2401 3615 2638 3674 ΝΟἸῈ.

650 3763 680 3800 εἰ
724 3760 790 3816 In
818 3763 986 3832 focum
1019 3762 1237 3830 jactare.
1280 3759 1478 3832 Scripli
1509 3761 1595 3827 10,
1625 3762 1677 3814 in
1710 3758 1882 3830 focum
1903 3761 2116 3830 jacere;
2141 3771 2243 3815 ms.

651 3832 898 3904 Tornes.,
927 3835 981 3887 in
1008 3835 1132 3904 {ocis
1153 3834 1349 3901 jacere.

726 3901 1076 3975 Prmterquam
1098 3905 1280 3958 Deum.
1312 3904 1348 3975 1
1371 3902 1633 3966 Colbert.,
1667 3905 1692 3957 1
1724 3901 1961 3975 Clarum.
1993 3912 2047 3956 et
2074 3902 2247 3958 Fran-

653 3975 787 4046 cius,
812 3973 996 4046 prtet'er
1026 3975 1210 4029 Deum.
1245 3974 1444 4046 Eadem
1469 3976 1700 4029 varietas
1727 3973 1884 4040 infra,
1913 3986 2250 4046 prazterquam

653 4041 916 4110 alimenta,
946 4054 1000 4101 et
1021 4053 1202 4116 prteter
1222 4041 1486 4099 alimenta.

722 4116 1003 4171 Dominum
1027 4134 1194 4171 suum.
1225 4116 1546 4189 Sicreposui
1565 4117 1868 4189 excunctis
1894 4133 2025 4174 mss.
2050 4127 2104 4174 et
2135 4119 2251 4189 plu-

651 4187 803 4243 ribus
842 4189 1002 4244 editis
1034 4207 1046 4242 :
1078 4190 1232 4246 bene.
1268 4185 1409 4244 Vide
1448 4203 1596 4260 seqq.
1641 4185 1923 4244 Nonnullis
1970 4185 2251 4261 impressis

651 4271 755 4324 est,
785 4262 1048 4315 dominum
1070 4277 1344 4328 summanr,
1379 4263 1536 4316 male.

721 4331 986 4387 Eminet-es.
1033 4334 1105 4387 De
1145 4331 1579 4388 exhzeredatione
1620 4333 1910 4388 liberorum
1952 4334 2139 4388 titulus
2167 4345 2255 4391 est

652 4404 702 4457 in
735 4403 968 4459 lnstitut.
997 4405 1394 4473 lmperialibus,
1421 4405 1512 4459 lib.
1559 4421 1617 4468 ιι,
1650 4419 1770 4474 cap.
1805 4405 1888 4459 15.
1922 4403 2250 4461 Exhzereda-

651 4475 813 4549 tionis
833 4490 1020 4549 causa:
1024 4477 1074 4528 in
1089 4476 1234 4529 Juris
1253 4477 1726 4532 constitutionibus
1751 4486 2100 4532 ntnncrantur
2122 4494 2252 4549 qua-

653 4547 971 4602 tuortlecim.
991 4546 1314 4601 Hermeros.

719 4616 931 4672 Domini
965 4629 1011 4672 et
1049 4619 1231 4692 patris.
1261 4617 1396 4692 Vide
1424 4618 1762 4692 lib.‘tv,eap.
1789 4621 1842 4674 '5.
1873 4620 2024 4676 Unus
2049 4629 2133 4676 est
2159 4636 2251 4692 pa-

651 4697 730 4744 ter
756 4702 953 4755 vester,
983 4691 1077 4760 qui
1105 4690 1156 4742 in
1187 4689 1340 4744 caelis
1367 4700 1467 4744 est.
1498 4689 1683 4745 Matth.
1722 4707 1875 4745 χχιιι.

723 4761 920 4834 Practer
959 4763 1222 4834 alimenta.
1255 4761 1328 4813 Ita
1361 4760 1576 4834 mss_._ltt
1597 4762 1757 4815 editis
1779 4773 1863 4817 est
1886 4773 2246 4834 prmterqumn.

723 4831 845 4887 Non
885 4831 1032 4886 habet
1074 4834 1128 4885 in
1173 4839 1434 4902 potestate.
1467 4831 1556 4886 Sic
1586 4834 1800 4902 restitui
1829 4829 1895 4887 cii
1927 4835 2054 4890 edit.
2083 4829 2247 4890 Rom.

651 4903 812 4969 M70,
836 4906 1149 4974 cunctisque
1175 4901 1324 4975 mss.
1356 4915 1553 4974 praeter
1577 4901 1598 4956 l
1640 4901 1772 4975 Reg.
1805 4919 1916 4960 rec.
1942 4916 1996 4960 et
2020 4906 2086 4960 12
2113 4906 2244 4962 edit.

648 4977 701 5030 in
742 4977 938 5044 quibus
964 4984 1066 5040 est,
1095 4991 1196 5030 non
1225 4974 1374 5028 habet
1394 4974 1736 5044 potestatem.

780 4992 938 5033 ulnus
964 4992 1066 5040 ess,
1095 4992 1196 5030 non
1225 4992 1374 5028 navet
1394 4992 1736 5044 ροιεειαιειη..

723 4992 776 5101 13
780 5049 841 5101 isi
867 5049 986 5118 quia
1014 5047 1155 5101 Deus
1183 5048 1291 5116 ipse
1315 5046 1591 5100 constituit.
1629 5044 1836 5118 Habent
1863 5059 1925 5102 ea
1947 5047 2109 5103 verba
2135 5063 2251 5104 om-

649 5134 747 5174 nes
791 5117 943 5187 libri;
994 5129 1049 5175 et
1092 5119 1271 5172 omnia
1319 5127 1499 5184 recta,
1528 5117 1690 5172 modo
1736 5121 2017 5188 suppleas,
2050 5120 2151 5175 nisi
2186 5122 2250 5175 iis

683 5206 827 5245 me...
853 5190 1152 5246 constituit?
1172 5189 1326 5256 Quod
1351 5191 1574 5260 respicit
1593 5191 1924 5246 constitutum
1950 5201 2131 5260 supra.
2157 5191 2250 5247 Sic

673 5262 743 5314 ib.
772 5277 858 5335 vr,
877 5277 995 5332 cap.
1025 5263 1096 5319 25
1128 5280 1140 5318 :
1172 5261 1308 5327 Quid
1338 5261 1447 5316 Deo
1476 5260 1709 5333 dignum,
1754 5263 1851 5317 nisi
1892 5260 2032 5331 quod
2066 5264 2245 5335 ipse...

650 5334 918 5401 paposcit?
956 5335 1088 5390 Bon.

722 5403 926 5472 tmpiis.
969 5405 1088 5460 lsai.
1131 5406 1226 5461 ult.
1272 5405 1421 5461 Eccl.
1460 5419 1555 5470 vn,
1601 5405 1804 5460 Juditlt.
1833 5420 1946 5470 xvr,
1977 5406 2066 5461 Ps.
2095 5422 2146 5460 κ.
2177 5437 2248 5448 --

648 5472 853 5554 ignem,
869 5477 1004 5542 quod
1024 5479 1194 5545 ipse...
1217 5479 1576 5554 comminatur.
1601 5478 1923 5533 Constanter
1942 5479 2064 5554 libri
2087 5483 2244 5545 quod,

649 5549 1101 5620 idque‘neutrum
1139 5565 1234 5616 pro
1264 5564 1343 5616 re,
1370 5549 1440 5604 de
1465 5563 1567 5618 qua
1597 5558 1798 5615 actum,
1829 5552 2045 5620 ponitur
2065 5563 2245 5620 saepe;

651 5627 708 5670 ut
731 5617 841 5693 dixi
863 5617 928 5671 ad
954 5634 1072 5688 cap.
1108 5621 1171 5693 l7_
1197 5638 1210 5674 :
1243 5620 1392 5688 Quod
1422 5617 1499 5674 sc.
1531 5637 1586 5674 se
1613 5617 2060 5693 parasse'injustis
2094 5617 2248 5676 (eier-

649 5704 788 5766 num
813 5689 1116 5766 ignemiut
1155 5690 1266 5766 hoc,
1289 5693 1479 5766 capite_
1495 5689 1653 5762 supra
1679 5709 1694 5748 :
1726 5689 1992 5766 Superest.
2028 5734 2040 5747 .
2070 5695 2246 5749 vita...

647 5760 870 5834 lartgior,
907 5762 1110 5833 quod...
1141 5760 1398 5820 discimui.
1447 5760 1581 5819 Bonl

2429 3759 2746 3816 Prtedonum
2771 3769 3000 3816 suorum.
3028 3760 3134 3816 Per
3161 3761 3453 3833 prwdones‘,
3471 3760 3651 3832 inquit
3670 3756 3918 3833 Walehins.

2358 3833 2598 3903 intelligit
2615 3835 2903 3902 pontiﬁces,
2919 3829 3211 3889 sacerdotes
3231 3849 3248 3888 :
3266 3835 3432 3888 immo
3449 3829 3585 3888 vero
3599 3829 3921 3901 intelligimu-

2358 3921 2538 3976 inonas
2562 3921 2581 3970 ;
2614 3920 2736 3959 nam
2760 3921 2884 3960 mox
2915 3906 3191 3976 sequitur:
3217 3906 3358 3973 Quos
3385 3905 3508 3960 deos
3530 3922 3642 3960 esse
3669 3905 3922 3976 opinantur.

2357 3975 2558 4030 lterum
2583 3991 2634 4031 c.
2662 3976 2769 4032 20:
2795 3975 3044 4032 Adorant
3080 3976 3266 4032 hostes
3283 3992 3413 4032 suos
3439 4018 3455 4042 ,
3487 3978 3715 4031 latrones
3737 3984 3785 4030 et
3805 3975 3924 4026 inter-

2357 4052 2574 4120 fectores
2600 4064 2718 4102 suos
2747 4049 2985 4120 victimis?
2997 4049 3224 4120 placant,
3261 4058 3368 4104 etc.
3395 4048 3560 4104 Conl.
3607 4048 3704 4104 lib.
3736 4063 3790 4114 ιι,
3829 4056 3920 4109 ων.

2360 4118 2468 4182 16;
2501 4120 2594 4172 lib.
2627 4135 2682 4185 v,
2706 4134 2824 4188 cap.
2855 4121 2946 4173 2|.
2977 4118 3108 4174 Bos.

2432 4187 2874 4262 Iustigationibus.
2907 4191 3001 4262 lib.
3022 4207 3089 4256 tv,
3123 4207 3243 4261 cap.
3276 4192 3345 4246 27
3367 4187 3925 4262 τΙηειὶςαιιιὶιιιω...ά‹το

2359 4260 2625 4326 monibus;
2651 4277 2770 4332 cap.
2799 4265 2891 4329 50,
2917 4260 3252 4318 Instinctibus
3265 4260 3577 4318 dwmonum.
3615 4260 3735 4318 Lib.
3765 4272 3923 4324 meap-

2358 4333 2422 4388 21
2451 4350 2462 4387 :
2497 4335 2794 4404 Spiritus...
2820 4333 3079 4404 perditi...
3106 4337 3354 4407 instigant
3394 4334 3592 4459 nesclixos
3622 4336 3676 4388 in
3715 4336 3923 4404 furorem.

3547 4421 3778 4459 uncus.

3547 4421 3778 4460 UNBIAN.

2431 4473 2748 4553 Inlitcrentes
2780 4477 3098 4553 persuasioni
3144 4477 3364 4549 vulgari.
3414 4475 3578 4553 Msa!
3613 4477 3813 4553 Borion.
3843 4485 3925 4553 an:

2358 4548 2452 4618 tiq.
2486 4551 2720 4615 luerent;
2751 4550 2891 4604 alter
2922 4550 3131 4604 Bonon.
3161 4547 3433 4604 recentior
3464 4549 3732 4603 inlta'reut.
3752 4547 3918 4611 Scripti

2356 4619 2445 4686 18,
2474 4620 2748 4692 inmerente
2784 4622 3114 4692 persuasione
3162 4623 3385 4692 vulgari.
3412 4618 3793 4692 -ΑΙιιΙιωιεηιε
3828 4629 3924 4692 pg-

2356 4681 2592 4762 sunsione
2616 4681 2836 4762 vulgari.
2864 4689 3048 4756 Rost.,
3081 4693 3213 4748 Ven.
3247 4681 3407 4755 ΗΠ,
3443 4689 3532 4755 ἹΞ,
3575 4701 3796 4759 utraque
3830 4681 3924 4737 78:

2355 4759 2574 4828 Parrh.,
2623 4759 2797 4828 Junt.,
2859 4765 3006 4831 Ald.,
3041 4773 3096 4818 et
3124 4763 3354 4834 reliqui,
3385 4764 3691 4834 inhaerentes
3744 4771 3926 4829 persan-

2357 4833 2488 4889 sioni
2502 4837 2698 4906 vulgari
2707 4876 2718 4888 .
2736 4834 2933 4890 Partici
2942 4837 3085 4906 pium
3106 4851 3172 4890 cx
3185 4833 3367 4904 primit
3383 4835 3577 4889 melius
3597 4833 3902 4906 voluntatem
3913 4840 3926 4886 ;

2355 4906 2486 4960 dicit
2516 4897 2661 4961 enim
2687 4908 2868 4962 statim
2895 4949 2908 4972 ,
2942 4897 3038 4962 eos
3065 4897 3278 4962 libenter
3303 4922 3475 4960 errare
3497 4922 3515 4959 :
3549 4914 3604 4959 ut
3627 4903 3663 4958 1.
3689 4919 3730 4970 ι,
3755 4915 3862 4970 cap.
3887 4897 3926 4948 ll

2356 4975 2513 5030 Multi
2541 4978 2674 5031 enim
2698 4977 3147 5048 superstitionibus
3179 4979 3322 5032 vanis
3346 4977 3672 5046 pertinaciter
3700 4973 3928 5048 inliterat-

2355 5059 2428 5102 tes
2441 5089 2464 5121 _,
2501 5045 2770 5104 obdurant'
2784 5065 2838 5103 se
2865 5060 3048 5121 contra
3064 5045 3390 5121 manifestam
3414 5049 3693 5103 ueritatem.
3722 5045 3849 5100 Ben.

2425 5119 2716 5191 lgnoratio.
2751 5121 2822 5175 Ita
2849 5120 3181 5191 antiquiores
3210 5119 3282 5176 'et
3309 5121 3547 5191 potiores
3585 5124 3801 5191 mss._et
3821 5119 3927 5167 octo

2355 5187 2506 5245 editi.
2550 5192 2678 5247 Haec
2699 5207 2800 5247 vox
2825 5187 3105 5248 Lactantio
3132 5187 3433 5247 familiaris.
3459 5187 3653 5261 Scripti
3679 5188 3746 5244 18
3766 5200 3865 5243 rec.
3884 5191 3929 5235 et

2353 5275 2561 5332 septem
2589 5263 2839 5334 impressi
2867 5264 3181 5334 ignorantia.
3257 5261 3268 5269 ’

2429 5334 2508 5389 Ea
2509 5329 2788 5460 {aciuittin
2812 5329 3131 5404 corporibus.
3161 5335 3470 5405 Eleganter.
3491 5331 3610 5389 Cic.
3628 5332 3676 5387 in
3701 5329 3929 5406 Verrem.

2429 5419 2476 5460 :t.
2546 5449 2562 5460 .
2588 5423 2639 5460 c.
2669 5407 2740 5460 5:
2776 5404 2958 5460 Neaue
2985 5406 3080 5460 hoc
3104 5408 3274 5460 solum
3301 5407 3354 5460 in
3384 5412 3570 5459 statuis
3613 5408 3929 5458 ornamentis-

2355 5406 2476 5461 Act.
2509 5404 2562 5474 1,
2588 5423 2639 5462 c.
2669 5407 2740 5462 5:
2776 5404 2958 5476 Neque
2985 5406 3080 5461 hoc
3104 5404 3280 5461 solum,
3301 5407 3354 5460 in
3384 5412 3577 5476 statuis
3613 5404 3930 5476 ornamentis.

2354 5495 2452 5548 qfle
2482 5467 2622 5548 fecit.
2642 5467 3056 5534 Conf.(‘.ortium
3085 5477 3152 5532 ad
3181 5477 3313 5533 Sall.
3335 5475 3490 5532 Catil.
3522 5475 3608 5542 11,
3628 5492 3678 5530 ιι.
3705 5474 3760 5532 4,
3781 5467 3930 5548 ρέἸξ

2355 5541 2523 5603 Fazda
2573 5550 2901 5620 crudeliaque
2954 5550 3009 5605 in
3039 5549 3274 5629 [civibus
3329 5550 3563 5620 facinora
3597 5541 3800 5618 facere.
3839 5541 3933 5594 Bt;-

2355 5637 2558 5677 NEHAN.

2430 5691 2707 5748 Tenebras.
2745 5693 2871 5750 Harc
2896 5692 3144 5749 alludunt
3172 5692 3240 5748 ad
3273 5690 3402 5748 illud
3433 5691 3584 5747 Isaia:
3605 5705 3718 5760 cap.
3755 5701 3804 5749 v,
3833 5683 3934 5762 2οξ

2372 5764 2456 5819 Va:
2501 5765 2785 5822 dicentibus
2819 5766 3016 5822 malum
3041 5767 3250 5835 bonum,
3297 5775 3346 5822 et
3377 5765 3566 5821 bonum
3600 5761 3822 5826 malunt;
3857 5761 3934 5825 qui
