4090 6354
601 333 711 394 615

1670 341 1860 400 FIRM.
1901 341 2268 404 LACTANTII
2307 345 2516 407 DIVIN.
2558 345 2802 410 INSTI'I'.

3794 362 3895 419 616

600 464 818 506 suorum
845 449 1038 507 littera:
1067 459 1382 521 coarguant,
1412 451 1528 524 ipsa
1558 452 1793 526 denique
1839 457 1962 513 illos
2009 473 2195 517 sacro.
2227 467 2281 527 Α
2306 471 2410 518 tur.
2442 463 2788 520 Defendenda
2817 463 2960 519 enim
2983 462 3172 536 religio
3198 473 3298 532 est,
3330 481 3438 524 non
3465 469 3780 539 occidendo,
3803 476 3896 532 sed

601 559 718 598 rum
749 543 895 597 initia
937 543 1278 599 convincam.
1314 545 1501 602 Sciant
1541 546 1702 616 igitur
1729 551 1810 604 vel
1838 566 1901 604 ex
1931 549 2032 605 hoc
2061 553 2200 622 ipso,

600 645 856 704 quantum
882 637 1095 692 intersit
1125 640 1266 694 inter
1291 655 1480 696 verum
1505 650 1558 696 et
1584 641 1799 707 falsum,
1830 645 2046 713 quando
2077 645 2200 714 ipsi,

599 745 719 785 cum
749 733 858 786 sint
886 735 1225 803 eloquentes,
1260 735 1582 805 persuadere
1612 753 1719 791 non
1746 748 2003 807 possunt;
2035 740 2203 810 impe-

599 822 687 878 riti
715 839 778 879 ac
804 825 967 881 rudes
991 836 1235 896 possunt,
1256 829 1380 898 quia
1403 845 1490 884 res
1517 829 1629 899 ipsa
1654 841 1707 884 et
1728 831 1925 886 veritas
1945 832 2198 902 loquitur.

670 915 808 982 Quid
839 933 970 989 ergo
1000 920 1266 974 saeviunt?
1297 929 1355 974 ut
1402 922 1687 976 stultitiam
1719 939 1893 987 suam,
1937 923 2064 977 dum
2097 924 2201 978 mi-

597 1025 765 1065 nuere
794 1013 1015 1079 volunt,
1059 1023 1313 1083 augeant.
1345 1014 1529 1086 Longe
1571 1016 1784 1071 diversa
1812 1024 1939 1072 sunt
1981 1018 2199 1072 carnili-

595 1102 712 1156 cina
754 1112 812 1157 et
843 1104 1048 1173 pietas;
1089 1121 1187 1161 nec
1220 1116 1399 1178 potest
1442 1118 1534 1163 aut
1584 1109 1782 1164 veritas
1823 1124 1945 1165 cum
1989 1110 2069 1177 vi,
2111 1119 2203 1166 aut

590 1193 794 1266 justitia
827 1211 949 1252 cuin
993 1198 1316 1256 crudelitate
1363 1202 1637 1272 conjungi.
1695 1203 1801 1259 Sed
1852 1204 2046 1260 merito
2094 1219 2200 1259 non

592 1287 793 1342 audent
819 1288 887 1343 de
920 1289 1083 1345 rebus
1127 1291 1420 1362 quidquam
1467 1294 1664 1349 docere
1703 1294 1922 1360 divinis,
1960 1312 2027 1351 ne
2073 1306 2127 1351 et
2170 1313 2198 1349 a

593 1379 796 1436 nOStris
823 1381 1196 1450 derideantur,
1230 1395 1285 1439 ct
1330 1399 1361 1439 a
1404 1385 1517 1439 suis
1547 1385 1892 1441 deserantur.
1926 1387 2058 1442 Nam
2086 1388 2201 1446 fere

591 1472 804 1542 vulgus,
847 1473 932 1527 cui
961 1475 1189 1544 simplex
1223 1475 1704 1548 incorruptmnque
1724 1477 1987 1548 judicium
2016 1488 2121 1543 est,
2151 1481 2198 1534 si

590 1565 844 1635 mysteria
866 1565 954 1619 illa
975 1577 1267 1638 cognoscat
1293 1572 1346 1623 in
1379 1571 1694 1625 memoriam
1723 1581 2058 1626 mortuorum
2078 1587 2200 1626 con-

588 1659 793 1728 stituta,
810 1659 1116 1726 damnabit;
1137 1662 1390 1732 aliudque
1407 1665 1604 1730 verius,
1627 1665 1770 1736 quod
1791 1667 1953 1733 colat,
1972 1677 2193 1736 quaaret.

1088 1762 1215 1813 Hinc
1233 1764 1322 1814 lida
1339 1764 1529 1815 silentia
1550 1768 1700 1815 sacris

2304 559 2615 625 moriendo;
2648 577 2753 614 non
2799 561 3020 627 saevitia,
3067 560 3161 616 sed
3200 563 3484 631 patientia;
3531 581 3638 620 non
3672 570 3893 637 scelere,

2304 651 2397 705 sed
2428 651 2532 706 fide
2558 669 2570 706 :
2601 653 2686 706 illa
2713 653 2856 708 enim
2887 655 3148 708 malorum
3177 664 3321 720 sunt,
3366 655 3480 712 haec
3521 658 3804 716 bonorum.
3836 665 3895 720 Et

2303 759 2526 800 necesse
2555 756 2658 812 est,
2693 745 2891 802 bonum
2921 747 2973 801 in
2998 749 3258 818 religione
3280 751 3504 818 versari,
3545 768 3651 806 non
3679 757 3890 812 malum.

2302 835 2435 892 Nam
2468 838 2511 892 si
2555 841 2831 910 sanguine,
2879 841 2923 894 si
2977 842 3276 908 tormentis,
3329 843 3372 897 si
3417 844 3560 898 malo
3587 845 3894 917 religionem

2303 933 2595 989 defendere
2627 936 2782 1002 velis,
2806 935 2917 1006 jam
2951 951 3054 990 n0u
3083 936 3400 993 defendetur
3426 939 3535 1004 illa,
3569 941 3667 996 sed
3703 943 3896 1012 polluc-

2308 1035 2411 1090 tur,
2437 1036 2598 1096 atque
2627 1028 2929 1082 violabitur.
2955 1028 3096 1084 Nihil
3117 1041 3201 1085 est
3221 1031 3361 1085 enim
3385 1042 3488 1086 tam
3514 1034 3891 1105 voluntarium,

2303 1136 2461 1189 quam
2494 1121 2700 1190 religio,
2741 1122 2792 1174 in
2823 1138 2925 1192 qua
2971 1122 3015 1176 si
3045 1123 3256 1177 animus
3295 1125 3651 1181 sacrilicantis
3680 1144 3894 1185 aversus

2302 1224 2405 1279 est,
2434 1216 2541 1282 jam
2573 1215 2804 1282 sublata,
2831 1217 2940 1285 jam
2970 1216 3113 1270 nulla
3142 1228 3242 1271 est.
3267 1217 3433 1273 Recta
3464 1219 3624 1288 igitur
3647 1222 3781 1275 ratio
3797 1233 3893 1290 est,

2303 1316 2362 1362 ut
2391 1309 2703 1378 religionem
2750 1310 3004 1379 patientia
3035 1311 3114 1365 vel
3162 1321 3336 1366 morte
3381 1312 3676 1368 defendas:
3706 1315 3755 1369 in
3799 1331 3894 1384 qua

2305 1401 2439 1456 fides
2466 1411 2799 1466 conservata,
2852 1410 2904 1456 et
2950 1403 3046 1471 ipsi
3082 1403 3192 1457 Deo
3217 1415 3364 1473 grata
3407 1415 3508 1471 est,
3564 1415 3618 1460 et
3663 1406 3895 1477 religioni

2304 1495 2449 1550 addit
2474 1502 2868 1550 auctoritatem.
2898 1494 3029 1550 Nam
3049 1496 3092 1550 si
3121 1496 3187 1561 is,
3216 1498 3304 1566 qui
3327 1497 3379 1552 in
3409 1498 3508 1552 hac
3536 1503 3776 1554 terrestri
3805 1499 3895 1553 mi-

2304 1587 2413 1642 Iitia
2446 1589 2555 1657 regi
2584 1604 2681 1643 suo
2713 1588 2873 1644 fidem
2905 1599 3082 1642 servat
3111 1589 3161 1641 in
3193 1590 3372 1660 aliquo
3395 1591 3610 1660 egregio
3641 1589 3893 1659 facinore,

2301 1681 2345 1734 si
2377 1692 2555 1750 postea
2587 1680 2798 1746 vixerit,
2831 1681 3098 1751 acceptior
3126 1679 3185 1734 fit
3227 1691 3281 1735 et
3311 1681 3546 1745 charior.
3574 1684 3619 1736 si
3654 1685 3891 1753 perierit,

2301 1787 2565 1826 summam
2612 1774 2959 1843 consequitur
3005 1773 3248 1843 gloriam,
3297 1773 3439 1842 quod
3487 1790 3582 1843 pro
3623 1775 3761 1830 duce
3801 1790 3892 1830 suo

584 1864 824 1920 instituta
854 1876 978 1922 sunt
1005 1867 1073 1923 ab
1123 1868 1434 1925 hominibus
1465 1871 1694 1937 callidis,
1746 1882 1802 1927 ut
1844 1873 2050 1927 neseiat
2092 1889 2188 1944 ρος
2227 1866 2275 1925 Β
2303 1877 2530 1920 tnortem
2561 1866 2874 1922 occubuerit
2911 1883 2925 1920 :
2962 1876 3160 1936 quanto
3208 1867 3377 1936 magis
3420 1867 3728 1936 imperatori
3779 1884 3892 1923 om-

584 1959 740 2030 pulus
765 1961 894 2032 quid
925 1962 1086 2016 colat.
1115 1961 1249 2017 Cum
1277 1975 1456 2019 autem
1490 1980 1587 2019 nos
1621 1968 1672 2019 in
1700 1982 1887 2021 eorum
1929 1966 2192 2023 doctrinis

581 2069 882 2121 versemur,
913 2071 1011 2111 cur
1041 2059 1196 2111 nobis
1226 2068 1318 2112 aut
1349 2074 1454 2113 non
1493 2059 1762 2123 credunt,‘
1785 2061 1874 2130 qui
1906 2072 2190 2132 utrumque

583 2145 858 2212 novimus;
887 2158 979 2202 aut
1008 2148 1266 2216 invident,
1299 2150 1424 2221 quia
1463 2151 1612 2206 falsis
1639 2168 1764 2207 vera
1809 2153 2182 2222 praitnlimus?

581 2240 685 2295 Sed
717 2240 1054 2297 defendenda
1087 2254 1234 2309 sunt,
1270 2245 1537 2316 inquiunt,
1571 2257 1820 2318 suscepta
1852 2248 2062 2317 publice
2093 2263 2182 2303 sa-

579 2351 692 2391 cra.
723 2334 768 2391 Ο
799 2352 959 2406 quam
1007 2337 1233 2394 honesta
1278 2340 1552 2394 voluntate
1579 2339 1760 2396 miseri
1789 2342 2010 2394 errant!
2043 2341 2182 2396 Sen-

581 2431 718 2484 tiunt
760 2431 924 2498 enim,
971 2431 1106 2486 nihil
1147 2448 1268 2487 esse
1319 2433 1372 2486 in
1421 2433 1582 2488 rebus
1629 2432 1880 2488 humanis
1924 2434 2182 2502 religione

580 2524 940 2591 priestantius,
965 2540 1192 2594 eamque
1219 2541 1426 2580 summa
1454 2525 1503 2578 vi
1530 2537 1782 2594 oportere
1803 2525 2021 2580 defendi
2046 2544 2058 2578 :
2085 2526 2178 2580 sed

581 2629 636 2675 ut
664 2622 715 2674 in
749 2619 862 2691 ipsa
890 2619 1174 2690 religione,
1203 2619 1285 2676 sic
1317 2620 1371 2674 in
1403 2618 1734 2675 defensionis
1761 2635 1958 2690 genere
1987 2618 2180 2674 fallun-

2301 1963 2446 2016 nium
2478 1961 2586 2016 Deo
2619 1959 2750 2014 fides
2779 1959 3040 2016 servanda
3067 1968 3168 2020 est,
3201 1960 3288 2029 qui
3321 1975 3426 2014 non
3459 1970 3664 2015 tantum
3708 1963 3892 2018 viven-

2301 2056 2463 2122 tibus,
2507 2054 2600 2109 sed
2627 2055 2787 2109 etiam
2817 2054 3041 2108 mortuis
3064 2054 3340 2122 przeminm
3371 2063 3548 2123 potest
3573 2055 3785 2109 virtutis
3806 2071 3893 2111 ex-

2296 2147 2548 2203 solvere?
2581 2147 2739 2216 Igitur
2771 2146 2861 2200 Dei
2900 2146 3096 2211 cultus,
3145 2147 3396 2214 quoniam
3435 2146 3625 2200 militia
3657 2146 3890 2202 etelestis

2294 2251 2397 2308 est,
2427 2240 2766 2294 devotionem
2796 2238 3080 2293 maximam
3125 2237 3390 2308 Iidemque
3425 2238 3717 2294 desiderat.
3748 2240 3892 2309 Quo-

2293 2336 2453 2392 modo
2483 2335 2626 2390 euim
2670 2335 2809 2389 Deus
2848 2345 2937 2388 aut
2968 2333 3168 2388 amabit
3199 2334 3486 2401 colentem,
3531 2336 3579 2390 si
3623 2336 3738 2405 ipse
3787 2353 3890 2392 non

2289 2441 2500 2486 ametur
2525 2430 2593 2484 ab
2619 2444 2718 2494 eo;
2747 2440 2837 2483 aut
2870 2428 3143 2499 quomodo
3169 2430 3443 2500 praestabit
3473 2432 3711 2501 precanti
3738 2433 3894 2502 quid-

2288 2525 2414 2596 quid
2443 2523 2696 2589 oraverit,
2728 2537 2850 2578 cum
2897 2522 2961 2575 ad
2995 2521 3319 2592 precandum
3363 2539 3536 2594 neque
3567 2540 3632 2579 ex
3680 2526 3882 2590 animo,

2289 2635 2465 2690 neque
2491 2619 2840 2674 observanter
2866 2617 3124 2673 accedat?
3153 2618 3243 2674 Isti
3281 2626 3482 2686 autem,
3529 2633 3649 2674 cum
3691 2618 3761 2674 ad
3803 2634 3889 2674 sa-

1948 2732 2312 2792 VARIORUM
2352 2734 2585 2791 ΝΟΤλΕ.

653 2852 965 2925 Coarguant.
998 2852 1126 2925 Mss.
1158 2852 1226 2907 12
1256 2867 1366 2907 rec.
1397 2861 1453 2906 et
1493 2851 1527 2908 8
1557 2850 1838 2925 impressi,
1871 2858 2168 2925 coarguant.

583 2924 713 2980 Vide
745 2922 973 2989 praeced.
1006 2924 1250 2992 audeant,
1284 2934 1337 2979 et
1375 2940 1491 2994 seq.
1516 2924 1841 2977 convincant.
1866 2922 1992 2978 Jun.
2020 2937 2170 2976 coar-
2203 2963 2249 3028 C

583 3007 801 3028 ....,.......

617 3007 819 3050 nuntur.

617 3014 819 3050 nuntur.

580 3014 612 3066 g
651 3067 985 3123 Convincam.
1011 3068 1138 3124 Mss.
1174 3069 1240 3124 10
1269 3081 1378 3122 rec.
1413 3077 1466 3122 el
1493 3066 1527 3121 6
1557 3066 1712 3133 editi,
1737 3067 2054 3120 conuincent.

653 3139 776 3194 Cum
803 3141 924 3195 sint.
965 3141 1072 3196 Pro
1101 3156 1291 3208 qutun,
1324 3140 1466 3209 quod
1506 3147 1590 3193 est
1615 3139 1667 3193 in
1701 3137 2012 3209 melioribus
2041 3152 2172 3192 mss.

581 3221 634 3266 et
663 3212 970 3279 impressis,
1007 3214 1058 3266 in
1089 3208 1581 3280 pluribusexcusis
1611 3219 1728 3263 erat.
1752 3227 1924 3279 quant.
1959 3208 2016 3262 In
2041 3224 2171 3262 mss.

579 3283 612 3338 5
639 3285 764 3354 lleg.
802 3298 941 3351 rec.,
968 3284 1135 3338 Brun.
1169 3292 1224 3338 et
1244 3283 1377 3338 edit.
1405 3281 1552 3349 AId.,
1585 3280 1758 3346 Crat.,
1787 3280 2016 3349 Graph.,
2042 3280 2178 3349 legi-

582 3363 665 3408 tur
682 3356 785 3409 ani.

652 3373 808 3481 13:21
834 3443 867 3479 a
896 3427 1083 3480 nostris
1110 3425 1458 3480 derideantur.
1486 3422 1928 3494 ConjunCtionem
1971 3421 2178 3477 restitui

578 3514 644 3554 ex
673 3499 706 3553 6
735 3499 890 3568 Reg,
922 3499 955 3553 5
986 3496 1164 3558 Colb.,
1195 3509 1248 3551 et
1283 3497 1316 3551 5
1343 3498 1554 3569 aliisac
1583 3498 1611 3550 7
1637 3495 1794 3550 editis
1819 3513 1835 3569 :_
1868 3503 2182 3569 proetLeAst

579 3581 687 3632 aut,
722 3587 773 3624 tn
805 3564 932 3639 Reg.
964 3570 1357 3641 antiquissimo.
1383 3568 1440 3623 In
1462 3568 1496 3624 5
1518 3584 1628 3623 rec.
1657 3567 1870 3637 scriptis
1891 3576 1946 3620 et
1976 3566 2042 3619 12
2067 3564 2177 3617 vul-

579 3643 716 3714 gatis
741 3642 894 3698 deest
919 3653 987 3696 et.

653 3713 790 3767 Nam
822 3719 928 3785 fere
959 3714 1155 3785 vulgus.
1197 3711 1482 3785 ltagscripti
1510 3711 1593 3764 I2.
1631 3710 1684 3785 lu
1711 3725 1809 3764 ms.
1841 3708 2004 3764 Cauc.
2032 3717 2087 3762 et
2111 3706 2176 3762 16

578 3801 688 3861 rec_.
723 3783 930 3841 necnon
961 3787 1010 3839 in
1039 3783 1216 3861 editis,
1247 3783 1387 3861 vva».
1412 3787 1542 3861 forte
1570 3783 1768 3853 vulgus.
1882 3850 1892 3861 _
1920 3851 1930 3861 .

605 3857 1131 3926 ‘Incorruptum.....
1157 3850 1430 3926 judicium.
1467 3850 1831 3926 Incorruptum
1860 3850 1967 3926 ‘ltic
2012 3851 2175 3916 valet,

579 3938 804 3990 castmn,
837 3923 1123 3996 integrum.
1157 3923 1228 3981 ἰιι
1268 3929 1318 3980 in
1364 3927 1626 3979 Cicerone
1668 3925 1806 3996 testis
1853 3923 2178 3996 incorruptus

578 4009 727 4068 atque
754 3994 968 4069 integer,
1000 4000 1340 4053 testimoniunt
1370 3998 1743 4069 incorruptum.
1787 3994 1889 4048 Pro
1928 3995 2178 4069 Mari'ello

579 4066 698 4138 cap.
730 4070 796 4126 9:
831 4066 928 4136 Qui
963 4069 1381 4138 iudicabunt.....
1415 4070 1632 4138 fortasse
1657 4066 1999 4134 incorruptius
2025 4082 2178 4136 quam

582 4159 694 4196 nos.
736 4142 866 4197 BUN.

653 4212 789 4268 Fida
815 4214 1033 4268 silentia.
1061 4211 1246 4280 Virgil.
1280 4226 1338 4266 ιιι
1365 4208 1605 4280 1Eneid.,
1650 4225 1700 4261 v.
1735 4207 2021 4280 IliirQuaa
2051 4222 2175 4262 cum

579 4287 992 4360 imperarentur,
1034 4285 1348 4360 dicebatur:
1381 4279 1817 4360 Favetenlinguis.
1861 4279 2012 4334 Unde
2055 4295 2176 4360 pro-

579 4352 817 4432 verbium
849 4355 1266 4432 Qstinnrobdite,
1313 4353 1538 4432 profani.
1569 4352 1702 4407 Cum
1751 4352 2178 4432 Itochprov‘erhio

579 4431 829 4485 convenit
855 4428 1036 4483 Canon
1063 4430 1114 4482 in
1142 4421 1374 4483 decretis
1401 4427 1467 4480 de
1494 4426 1804 4479 Consecrat.
1845 4421 1970 4476 dist.
2001 4422 2057 4490 ‘2,
2086 4421 2178 4492 qui

579 4513 725 4556 arcet
762 4502 968 4570 plebem
999 4515 1028 4554 a
1057 4500 1412 4571 presbyterio.
1433 4569 1439 4571 _
1461 4497 1666 4571 Beroe.

652 4565 920 4627 Cur-nobis
941 4582 1028 4624 aut
1051 4565 1149 4624 non
1168 4565 1398 4624 cr'edunt.
1422 4569 1446 4622 1
1469 4569 1563 4623 Ms.
1591 4584 1699 4622 rec.
1717 4566 1961 4629 credant;
1988 4565 2023 4618 ‘2
2043 4565 2175 4634 Reg.

578 4662 716 4712 rec.,
738 4644 886 4710 Jun.,
901 4642 1206 4711 Cantabrig.
1227 4642 1484 4709 multique
1507 4641 1785 4710 impressi,
1803 4637 1906 4693 Cur
1928 4638 2071 4691 nobis
2092 4645 2180 4690 aut

581 4718 766 4772 nostris
795 4733 896 4770 non
926 4715 1160 4768 credunt.

653 4787 922 4858 limiiiunt.
948 4786 1078 4840 Vide
1098 4800 1256 4855 supra
1279 4783 1373 4839 lib.
1399 4799 1456 4838 ιιι
1475 4779 2095 4858 Institution.iuit._eap.
2121 4781 2175 4858 5_.

658 4860 703 4916 0
736 4852 899 4932 quam
953 4852 1180 4911 honesta'
1208 4859 1483 4932 voluntate.
1530 4854 1765 4932 lrouiee._
1808 4853 1911 4932 Sic
1944 4852 2122 4907 ferunt
2148 4852 2183 4906 5

581 4949 714 4991 mss.
745 4925 971 5004 quorum
999 4937 1242 5004 unusest
1261 4925 1880 5004 antiquissimus,alteri
1901 4925 2054 5004 bonae
2084 4939 2180 5004 no-

585 5015 671 5060 ι;ιε.
704 4995 802 5060 Ms.
833 5003 1000 5058 Cane.
1031 5015 1094 5056 ac
1128 5001 1194 5054 19
1223 4999 1313 5053 alii
1342 5012 1451 5054 rec.
1496 5006 1549 5051 et
1575 4995 1839 5077 editisex
1869 4995 2066 5050 habent
2094 4997 2180 5049 in-

583 5079 814 5132 honesta.

658 5148 779 5203 Non
809 5145 1105 5209 occidendo,
1137 5142 1225 5198 sed
1251 5141 1532 5195 moriendo.
1574 5139 1701 5194 Haec
1741 5138 1900 5192 lectio
1942 5146 2025 5193 est
2060 5153 2180 5192 om-

588 5220 732 5274 nium
763 5221 874 5274 l'ere
915 5234 1044 5273 mss.
1067 5225 1127 5286 et
1154 5225 1276 5270 octo
1306 5213 1592 5291 editorum.
1626 5210 1693 5291 Et
1721 5221 1881 5291 reete.
1917 5209 2013 5263 Est
2036 5210 2180 5291 enim

584 5292 888 5356 relativum,
911 5281 1181 5361 occidere,
1209 5295 1262 5340 et
1287 5285 1442 5361 mori.
1470 5282 1622 5361 _Vide
1661 5282 1794 5361 itifra
1817 5322 1839 5361 ,Ι
1875 5291 1927 5334 ut
1975 5281 2183 5350 religio-

586 5378 700 5413 nem
730 5354 972 5430 patientia
999 5359 1077 5414 vel
1106 5367 1267 5430 morte
1295 5355 1559 5430 deljendgs.
1593 5355 1628 5408 ‘2
1673 5354 1959 5430 Begu'rec.
1988 5363 2180 5430 et__sex

588 5423 782 5502 vulgati
819 5433 1011 5502 habent
1054 5429 1321 5502 monendo.
1362 5423 1423 5480 S.
1472 5426 1772 5502 Bernardus
1810 5423 2090 5502 Seronati!
2129 5425 2179 5478 in

587 5495 816 5556 (Σειιῖιίαά
847 5500 1001 5556 Fides
1030 5500 1293 5554 suadenda
1315 5511 1409 5562 est,
1445 5514 1543 5550 non
1571 5498 1893 5567 imperanda;
1920 5504 1972 5549 et
1999 5495 2177 5550 Serm.

587 5574 675 5647 61,
715 5572 952 5627 Hteretici
995 5574 1266 5647 capiantur
1312 5571 1477 5647 potius
1521 5566 1673 5638 quam
1721 5566 2043 5647 e/I'ugentur;
2090 5582 2182 5647 ca-

588 5645 796 5714 piantur
820 5647 952 5706 dico,
982 5637 1082 5697 non
1107 5637 1423 5718 arntis,_'sed
1451 5637 1763 5718 argumentis
1790 5639 1982 5718 quiens
2028 5637 2182 5718 τειςρι-

587 5711 757 5769 lantur
777 5732 972 5768 errores
997 5731 1188 5768 eorum.
1226 5715 1479 5766 Athanas.
1507 5712 1662 5778 Apol.
1696 5726 1751 5763 tt.
1784 5711 1960 5762 Credes
1988 5717 2034 5761 et
2066 5711 2178 5761 vin-

587 5787 705 5841 cula
728 5789 895 5841 aliena
924 5795 1040 5839 sunt
1067 5803 1099 5838 a
1126 5795 1300 5837 nostra
1336 5783 1583 5836 Ecclesia.
1619 5782 1723 5836 Pro
1763 5780 2026 5834 moriendo
2053 5778 2180 5834 Cel-

587 5856 752 5920 larius
777 5867 834 5918 et
857 5856 1202 5921 Iletttuaunus
1229 5855 1709 5928 liabetttpioitendo,
1727 5852 1890 5927 quod,
1911 5852 2176 5926 inquiunt,

2279 2851 2513 2924 refertur
2537 2853 2601 2908 ad
2634 2860 3027 2922 persecutores,
3055 2852 3146 2924 qui
3180 2853 3325 2924 ferro
3349 2861 3406 2909 et
3434 2854 3668 2909 ﬂammis
3698 2870 3890 2923 snper-

2281 2923 2528 2979 stitiones
2559 2940 2682 2977 suas
2709 2923 3171 2979 defendehant.—
3199 2923 3321 2980 Non
3348 2927 3649 2990 occidendo,
3671 2929 3766 2981 sed
3788 2947 3891 2982 mo-

2281 2996 2480 3049 riendo.
2525 2995 2665 3065 Apte
2705 2996 3056 3066 Augustinus,
3087 2997 3154 3050 de
3191 2996 3348 3051 Civit.
3385 2998 3474 3052 Dei
3521 2998 3558 3051 I.
3603 2999 3658 3058 2,
3693 3017 3745 3053 c.
3799 3000 3886 3065 29.

2280 3066 2619 3122 Christianos
2647 3085 2780 3120 rom.
2815 3067 3001 3122 scribit
3027 3084 3040 3122 :
3064 3068 3320 3122 Adversus
3343 3079 3614 3138 potestates
3636 3071 3890 3126 inimicis-

2282 3139 2436 3193 simas
2453 3139 2765 3209 conﬂixisse,
2792 3154 2991 3208 easque
3015 3139 3226 3196 fortiter
3251 3143 3513 3195 moriendo
3536 3143 3732 3196 vicisse.
3756 3144 3884 3198 Beat.

2355 3210 2416 3264 Si
2443 3212 2597 3264 ntalo.
2630 3211 2726 3264 Hic
2766 3211 2993 3264 aliorum
3027 3210 3137 3265 fere
3179 3214 3416 3266 Omnium
3450 3213 3617 3278 malo,
3655 3227 3886 3269 rectum.

2283 3281 2450 3344 Malo,
2482 3283 2530 3334 id
2563 3295 2664 3346 est,
2697 3285 2920 3342 scelere,
2971 3282 3111 3352 quod
3150 3293 3232 3337 est
3275 3284 3467 3337 malum
3507 3297 3561 3339 et
3609 3292 3886 3340 motorum.

2281 3352 2402 3406 Vid.
2432 3368 2615 3422 supra,
2659 3362 2713 3408 et.
2749 3369 2798 3407 c.
2847 3354 2937 3407 20.
2975 3353 3184 3408 Bono...
3229 3356 3516 3410 adducendi
3543 3357 3780 3413 homines
3825 3358 3890 3411 ad

2283 3431 2535 3479 bonum...
2569 3443 2669 3478 non
2701 3427 2856 3479 malo.
2901 3425 3040 3480 BDN.
3662 3445 3672 3454 '

2352 3494 2730 3572 Jamsuliluta.
2755 3498 2869 3572 jam
2901 3497 3045 3549 nulla
3090 3507 3181 3552 est.
3233 3497 3330 3553 Ms.
3383 3500 3405 3554 1
3455 3500 3664 3555 Bonon.
3720 3502 3886 3572 antiq.

2272 3567 2395 3638 jam
2415 3570 2721 3637 supplicatio
2751 3568 2892 3622 nulla
2925 3578 3017 3622 est.

2354 3637 2512 3693 Fides
2540 3651 2854 3693 conservata.
2888 3639 2985 3693 Ms.
3031 3639 3156 3694 Jun.
3199 3649 3254 3695 et
3283 3642 3317 3696 5
3366 3651 3472 3698 vet.
3525 3643 3655 3698 edit.
3708 3660 3886 3699 conse-

2281 3719 2454 3775 crata;
2483 3712 2659 3766 minus
2691 3713 2844 3764 liene.
2883 3711 3014 3767 Vide
3045 3713 3204 3782 paulo
3250 3722 3390 3783 post,
3425 3715 3576 3783 ﬁdem
3616 3728 3884 3771 πτοίαν..

2281 3791 2334 3836 et
2362 3783 2488 3849 [ides
2513 3783 2762 3837 servanda
2791 3793 2883 3837 est.

2354 3853 2707 3927 Consequitur.
2744 3855 2769 3908 1
2806 3855 2934 3926 Ileg.
2966 3869 3076 3910 rec.
3101 3865 3155 3910 et
3176 3855 3341 3911 Brun.
3371 3868 3729 3927 consequetur.
3757 3859 3888 3916 Vide

2317 3926 2512 3978 rteced.

2283 3940 2588 4070 prﬁlcifiltem
2615 3996 2918 4070 occubuerit.
2953 3997 3045 4070 Sic
3086 3997 3286 4053 habent
3329 4001 3712 4070 quamplurimi
3757 4017 3885 4058 mss.

2279 4077 2335 4122 et
2365 4070 2538 4139 cuncti
2569 4068 2735 4122 ferme
2774 4069 2922 4131 editi,
2969 4069 3106 4124 sicut
3132 4071 3286 4123 vitam
3315 4068 3511 4136 vivere,
3553 4073 3694 4139 apud
3741 4091 3888 4128 eum-

2282 4139 2400 4194 dem
2426 4138 2758 4214 Lactantium
2780 4140 3210 4214 Divin._lnstitut.
3237 4143 3326 4195 Iih.
3351 4160 3389 4210 ι,
3436 4159 3552 4214 cap.
3582 4138 3678 4200 I4:
3710 4145 3806 4199 lib.
3832 4160 3884 4211 v,

2283 4225 2400 4279 cap.
2433 4212 2488 4269 8;
2521 4212 2612 4264 lib.
2646 4227 2738 4271 vn,
2767 4227 2885 4279 cap.
2919 4211 3014 4266 24:
3047 4223 3100 4266 et
3136 4213 3270 4267 lihro
3297 4215 3364 4268 de
3397 4211 3620 4278 Opilieio
3651 4215 3774 4281 Dei,
3808 4218 3886 4270 in—

2284 4281 2600 4353 fatigabilem
2654 4283 2888 4336 militiam
2943 4283 3052 4336 Deo
3108 4285 3400 4340 militemus.
3447 4285 3553 4341 Sed
3605 4286 3886 4342 Ciceronis

2283 4357 2444 4406 etiam
2472 4365 2570 4418 est,
2606 4354 2759 4406 vitam
2801 4355 2994 4423 vivere,
3033 4355 3180 4410 Orat.
3215 4373 3266 4410 tv
3309 4355 3358 4410 in
3393 4357 3630 4420 Verrem,
3667 4376 3723 4410 ιι.
3763 4360 3885 4414 118.

2284 4423 2467 4494 Itaque
2497 4441 2776 4495 perperam
2810 4438 3140 4494 scripserunt
3168 4429 3370 4482 lihrarii
3405 4439 3563 4483 morte
3591 4431 3887 4482 occubuerit

2205 4513 2260 4573 D
2288 4497 2337 4548 in
2372 4510 2502 4573 mss.
2537 4498 2570 4551 5
2602 4498 2758 4573 Reg.,
2794 4498 2817 4550 1
2854 4497 3114 4573 Colbert.,
3148 4499 3493 4573 Brun._,_edd.
3515 4501 3686 4573 illum.
3721 4501 3882 4563 H70.

2283 4578 2337 4622 et
2389 4567 2523 4621 Iszei.
2570 4599 2641 4609 —-
2688 4568 2906 4622 Mortem
2953 4570 3257 4624 occubuerit.
3309 4570 3618 4625 Occumberc
3669 4585 3886 4626 mortem

2284 4650 2430 4694 recte
2463 4639 2648 4704 latine,
2680 4652 2733 4696 et
2763 4655 2908 4709 smpe
2935 4641 3164 4706 dicitur;
3199 4642 3317 4697 vide
3349 4644 3600 4697 I’itiscnm
3634 4644 3700 4698 ad
3732 4644 3883 4699 Curt.

2283 4709 2376 4763 lib.
2406 4726 2487 4786 tv,
2512 4727 2559 4765 c.
2597 4712 2706 4786 15;
2738 4711 2869 4786 Ante
2905 4711 3080 4766 oculos
3117 4715 3198 4767 sui
3237 4715 3448 4786 quisque
3485 4716 3615 4786 regis
3656 4729 3884 4770 mortem

2283 4784 2604 4837 occumhere
2636 4783 2903 4854 ducebant
2936 4786 3230 4854 egregium;
3276 4783 3642 4848 Gehhardinn.
3690 4787 3887 4842 Grute-

2283 4869 2436 4928 ruut,
2475 4853 2740 4908 Davisiqu
2782 4860 2848 4908 ad
2878 4853 3036 4928 cie:
3073 4855 3313 4918 Tuscul.,
3346 4855 3450 4922 42,
3487 4858 3577 4911 lin.
3610 4878 3624 4913 ;
3656 4859 3758 4926 Qui
3795 4873 3886 4928 pro

2284 4927 2452 4994 patria
2485 4936 2694 4978 ntortent
2728 4942 2826 4979 non
2857 4927 3108 4982 dubitaret
3139 4928 3452 4982 occumbere.
3497 4930 3632 4984 BDN.

2358 4995 2579 5050 Mortuis
2607 4999 2876 5063 praemium
2901 5009 3061 5067 potest
3090 5001 3289 5054 uirtutis
3310 5003 3586 5055 exsolvere.
3622 5004 3644 5057 1
3675 5003 3884 5058 Bonon.

2283 5070 2478 5135 antiq.,
2506 5069 2769 5135 praemium
2801 5076 2976 5123 mortis
3002 5071 3244 5124 exsolvet.

2359 5139 2614 5205 Quoniam
2639 5141 2820 5194 militia
2851 5143 3064 5196 caelestis
3095 5153 3186 5204 est,
3230 5143 3544 5198 devotionem
3585 5146 3886 5209 maximam,

2283 5220 2389 5264 etc.
2429 5211 2773 5279 Desumptuut
2805 5229 2833 5265 a
2865 5214 3050 5267 militia
3082 5215 3384 5281 corporali;
3429 5217 3627 5272 milites
3653 5221 3799 5272 enim
3829 5233 3889 5271 se

2286 5288 2427 5335 totos
2471 5283 2677 5350 reipuh.
2711 5283 3080 5350 devovebant,
3126 5296 3216 5338 aut
3243 5284 3446 5341 Cresari
3471 5291 3883 5343 Consecrabant.

2264 5351 2537 5433 .Vegelins
2563 5371 2575 5405 :
2599 5352 2789 5407 Jurant
2811 5367 2977 5409 autent
3007 5373 3097 5425 per
3131 5356 3318 5433 Deum,
3341 5370 3387 5412 et
3412 5376 3502 5426 per
3527 5359 3810 5425 Christum,
3841 5369 3888 5413 et

2283 5439 2373 5494 per
2390 5425 2643 5498 Spiritum
2657 5438 2908 5492 sanctum,
2924 5439 2968 5482 et
2983 5446 3072 5498 per
3087 5431 3397 5497 majestatem
3415 5432 3758 5498 imperatoris,
3774 5446 3890 5497 qua

2283 5497 2752 5572 secuitdum‘lleum
2781 5501 2954 5568 generi
2977 5499 3200 5572 humano
3230 5501 3492 5572 diligenda
3519 5514 3590 5555 est
3627 5513 3670 5555 et
3709 5502 3891 5556 Colen-

2283 5566 2351 5619 da
2380 5583 2538 5620 :nunt
2565 5566 2882 5638 imperatori,
2909 5587 3024 5624 cum
3048 5571 3264 5638 Augusti
3305 5566 3487 5626 nomen
3520 5575 3732 5638 accepit,
3775 5585 3892 5627 tan-

2283 5589 2351 5619 aa
2380 5589 2397 5619 ;
2419 5589 2538 5620 num
2565 5589 2882 5638 imperatori,
2909 5589 3024 5624 cum
3048 5589 3125 5625 All
3169 5589 3263 5625 usu
3305 5590 3487 5626 nomen
3520 5589 3732 5638 accepit,
3775 5589 3888 5627 tan-

2281 5642 2694 5714 quaniprtesenti
2733 5652 2777 5693 et
2805 5643 3073 5714 corporali
3119 5589 3225 5696 geo
3263 5643 3431 5711 ﬁdelis
3475 5656 3548 5698 est
3587 5646 3888 5714 priestanda

2282 5709 2501 5786 devotio,
2532 5723 2578 5764 et
2607 5709 2973 5786 impendendus
3007 5715 3222 5785 pervigil
3252 5709 3558 5786 famulatus.

2355 5782 2740 5862 Autprwstobit
2787 5786 3032 5862 precanti.
3081 5782 3206 5843 Mss.
3246 5782 3283 5841 9
3312 5787 3442 5860 Reg.
3474 5804 3583 5846 rec.
3621 5803 3723 5862 pro
3768 5804 3892 5860 prb

2285 5854 2444 5924 cauti,
2472 5853 2653 5926 legunt
2683 5856 2887 5928 petenti.
