4090 6354
299 268 405 324 617

1570 263 1772 323 LIBER
1814 264 1878 320 V.
1919 264 2011 324 DE
2051 264 2380 325 JUSTITIA.

3501 276 3606 334 618

293 353 642 440 criﬁcandum
663 380 915 452 veniunt,
962 382 1097 440 nibll
1123 381 1400 448 intimum,
1445 383 1577 438 nihil
1617 382 1890 454 proprium
1916 393 1972 453 Α
1995 385 2123 440 cet?
2145 384 2287 453 Quid
2314 383 2560 442 adultera
2583 426 2597 455 ,
2630 385 2732 442 nisi
2759 392 2819 443 ut
2843 392 3073 446 mortem
3099 388 3200 446 viri
3228 397 3400 463 optet,
3431 403 3605 451 autut

294 478 396 534 diis
439 477 553 534 suis
582 477 850 544 offerunt;
881 491 987 533 non
1021 477 1379 550 integritatem
1411 476 1626 543 mentis,
1671 492 1777 533 non
1807 491 1898 533 re-

294 572 616 641 verentiam,
647 585 756 628 non
800 574 1069 627 timorem.
1102 570 1344 627 Peractis
1391 569 1572 641 itaque
1615 569 1898 626 sacriﬁciis

295 667 566 736 inanibus,
600 683 817 726 omnem
847 669 1164 740 religionem
1193 669 1245 725 in
1276 670 1498 741 templo,
1531 678 1731 726 etcum
1767 679 1898 727 tem.

294 763 402 834 plo,
429 768 571 818 sicut
601 763 940 832 invenerant,
969 764 1310 835 relinquunt;
1341 762 1581 834 nihilque
1617 779 1800 819 secum
1831 779 1898 820 ex

292 873 350 912 ea
382 872 561 929 neque
603 857 850 926 alierum,
900 873 1075 929 neque
1117 858 1382 914 referunt.
1431 858 1558 914 Inde
1602 867 1704 923 est,
1757 858 1897 928 quod

289 949 557 1020 ejusmodi
585 951 874 1023 religiones
901 967 1074 1021 neque
1101 951 1272 1006 bonos
1298 949 1473 1006 facere
1503 960 1750 1020 possunt,
1799 965 1894 1006 ne-

289 1060 393 1116 que
422 1045 592 1100 ﬁrma:
620 1053 780 1115 atque
810 1045 1172 1101 immutabiles
1197 1059 1336 1101 esse.

356 1137 736 1193 TraduCuntur
765 1138 943 1209 itaque
969 1140 1036 1193 ab
1065 1137 1150 1192 his
1175 1137 1424 1194 homines
1455 1138 1634 1204 facile,
1660 1138 1782 1207 quia
1807 1138 1891 1192 ni-

289 1231 360 1286 ltil
392 1232 464 1287 ibi
493 1231 560 1287 ad
592 1233 752 1286 vitam
776 1275 790 1298 ,
821 1232 956 1288 nihil
985 1233 1051 1288 ad
1081 1231 1425 1303 Sapientiam,
1462 1233 1596 1287 nihil
1625 1235 1691 1286 ad
1729 1233 1889 1288 tidem

286 1325 534 1380 discitur.
567 1324 698 1392 Quae
728 1335 812 1381 est
859 1327 1002 1381 enim
1031 1326 1346 1396 superstitio
1375 1326 1591 1380 illorunt
1624 1325 1896 1380 deorum?

286 1435 406 1491 qua:
429 1420 552 1474 vis?
575 1434 695 1489 quae
716 1418 1040 1490 disciplina?
1061 1436 1178 1491 qua:
1205 1421 1394 1491 origo?
1417 1436 1535 1490 qua:
1558 1421 1732 1474 ratio?
1751 1419 1894 1490 quod

285 1512 741 1568 fundamentum?
769 1529 888 1584 qua:
920 1513 1264 1568 substantia?
1288 1528 1395 1584 quo
1423 1512 1631 1568 tendit?
1652 1521 1744 1568 aut
1766 1513 1896 1584 quid

284 1609 602 1680 pollicetur,
636 1618 693 1664 ut
715 1609 781 1665 ab
809 1611 1032 1666 homine
1058 1612 1230 1681 possit
1261 1611 1491 1667 lideliter
1515 1613 1757 1678 servari,
1784 1611 1895 1668 for-

285 1701 522 1774 titerque
551 1702 807 1758 delendi?
833 1701 891 1758 In
920 1719 1024 1774 qua
1055 1703 1187 1758 nihil
1215 1704 1358 1758 aliud
1382 1705 1538 1761 video
1565 1749 1580 1773 ,
1609 1721 1768 1774 quam
1816 1707 1892 1761 ri-

2002 482 2098 532 sua
2145 479 2475 550 impudicitia
2517 481 2760 536 celetur?
2803 481 2943 550 Quid
2973 483 3128 551 lena,
3164 484 3265 540 nisi
3307 495 3366 540 ut
3406 488 3606 544 multos

2000 568 2160 626 bonis
2187 572 2382 627 exuat?
2426 571 2568 640 Quid
2615 571 2720 640 fur,
2752 573 2857 628 nisi
2889 581 2944 628 ut
2973 574 3126 645 plura
3157 577 3458 647 compilet?
3507 579 3606 636 llic

2001 679 2131 720 vero
2156 665 2317 722 etiam
2342 666 2442 722 levi
2473 669 2854 740 communique
2877 677 3098 738 peccato
3121 671 3271 728 locus
3291 680 3378 729 est
3399 674 3600 730 nullus.

2003 759 2071 813 Et
2092 759 2136 814 si
2157 760 2277 830 quis
2307 759 2374 815 ad
2405 760 2728 816 sacriﬁcium
2763 776 2869 817 non
2901 762 3108 834 integra
3139 766 3475 821 conscientia
3503 783 3601 823 ve-

2004 850 2141 905 nerit
2163 891 2178 917 ,
2222 851 2371 906 audit
2411 867 2531 922 qua:
2584 852 2661 907 illi
2696 852 2838 908 Deus
2868 855 3252 922 comminetur,
3286 857 3376 912 ille
3403 858 3494 926 qui
3522 860 3606 915 la-

2004 943 2184 999 tebras
2211 944 2392 1001 cordis
2419 943 2587 1012 videt,
2608 946 2699 1017 qui
2731 947 2969 1016 peccatis
3000 963 3220 1019 semper
3248 949 3475 1006 infestus
3500 962 3606 1022 est,

1984 1033 2092 1107 qui
2122 1039 2293 1109 exigit
2315 1039 2602 1110 justitiam,
2633 1041 2724 1111 qui
2757 1040 2919 1097 ﬁdem
2953 1044 3146 1113 poscit.
3178 1045 3308 1114 Quis
3335 1046 3421 1102 hic
3449 1049 3609 1104 malae

2003 1134 2170 1186 menti
2193 1173 2206 1193 .
2253 1141 2346 1187 aut
2388 1133 2542 1188 mala:
2574 1133 2722 1204 preci
2752 1135 2900 1190 locus
2931 1137 3052 1191 est?
3103 1139 3172 1192 At
3222 1139 3297 1193 illi
3329 1139 3606 1210 infelices,

2001 1239 2102 1280 nec
2133 1240 2198 1279 ex
2230 1225 2529 1280 sceleribus
2560 1226 2674 1281 suis
2732 1227 3039 1298 intelligunt
3083 1246 3240 1299 quam
3275 1232 3474 1286 malum
3503 1234 3605 1301 sit,

2001 1316 2144 1388 qttod
2173 1318 2417 1386 colunt,‘
2443 1309 2878 1390 quandoquidem
2909 1321 3122 1391 ﬂagitiis
3152 1324 3404 1378 omnibus
3434 1324 3609 1395 inqui-

2000 1411 2142 1476 nati,
2191 1411 2414 1466 veniunt
2452 1411 2518 1466 ad
2553 1413 2917 1481 precandum;
2969 1424 3026 1469 et
3067 1431 3126 1469 se
3170 1417 3254 1485 pie
3300 1418 3610 1474 sacriﬁcare

1959 1495 1962 1500 ’
1999 1504 2308 1574 opinantur,
2335 1505 2377 1558 si
2406 1513 2581 1560 cutem
2609 1505 2835 1560 laverint
2866 1523 2880 1560 :
2907 1515 3159 1576 tanquam
3185 1508 3437 1564 libidines
3467 1511 3608 1566 intra

2000 1603 2187 1665 pectus
2216 1596 2449 1650 inclusas
2477 1596 2568 1651 ulli
2598 1612 2785 1652 amnes
2811 1598 3156 1666 abluant,aut
3185 1601 3288 1654 ulla
3311 1603 3482 1656 maria
3507 1617 3611 1673 pu-

1997 1689 2229 1744 riﬁcent.
2280 1688 2492 1756 Quanto
2521 1689 2689 1743 satius
2733 1700 2815 1744 est
2864 1701 3100 1746 mentem
3148 1693 3327 1763 potius
3373 1695 3602 1762 eluere,

285 1805 396 1851 tum
421 1797 489 1852 ad
516 1798 665 1852 solos
687 1797 884 1870 digitos
907 1799 1290 1868 pertinentem.
1318 1797 1509 1854 Nostra
1538 1815 1668 1855 vero
1695 1800 1888 1871 religio
1924 1793 1972 1853 Β
2000 1796 2121 1851 (lum
2165 1780 2320 1835 malis
2367 1780 2755 1850 cupiditatibus
2783 1781 3126 1851 sordidam";
3164 1793 3217 1838 ει
3249 1800 3356 1838 υηο
3387 1786 3604 1842 Viri-"lis

281 1904 346 1944 eo
376 1890 530 1944 ﬁrma
560 1900 673 1956 est,
697 1901 750 1946 et
775 1890 966 1956 solida,
998 1899 1051 1946 et
1080 1891 1450 1959 immutabilis,
1479 1891 1598 1962 quia
1619 1892 1882 1962 justitiam

279 1981 476 2051 docet,
510 1983 634 2054 quia
664 1983 944 2039 nobiscum
993 1999 1207 2054 semper
1236 1994 1317 2039 est
1339 2026 1354 2051 ,
1382 1985 1507 2055 quia
1540 1993 1649 2040 tota
1681 1986 1732 2040 in
1763 1985 1884 2040 ani-

282 2089 372 2128 mo
402 2073 633 2130 colentis
677 2085 757 2130 est
778 2116 793 2141 ,
843 2076 965 2145 quia
1019 2086 1253 2132 mentem
1287 2075 1458 2146 ipsam
1489 2091 1586 2148 pro
1613 2077 1885 2134 sacriﬁcio

282 2167 467 2224 habet.
500 2166 616 2223 Illic
643 2167 774 2223 nihil
803 2169 1036 2239 exigitur
1062 2168 1204 2224 aliud
1228 2211 1243 2234 ,
1273 2184 1433 2240 quam
1467 2169 1683 2240 sanguis
1713 2185 1880 2241 pecu-

282 2259 409 2315 dum
435 2301 450 2326 ,
484 2268 538 2316 ct
567 2258 743 2315 fumus
765 2303 780 2328 ,
811 2269 866 2315 et
897 2261 1074 2331 inepta
1110 2260 1294 2316 libatio
1328 2279 1342 2314 :
1375 2261 1462 2316 hic
1484 2304 1498 2327 ,
1530 2261 1670 2318 bona
1701 2278 1878 2331 mens,

281 2370 478 2425 purum
515 2364 699 2424 pectus
720 2396 736 2422 ,
769 2355 1032 2412 innocens
1056 2356 1183 2411 vita.
1216 2355 1349 2411 Illuc
1381 2356 1609 2412 veniunt
1636 2358 1755 2413 sine
1782 2357 1882 2414 dc-

283 2445 424 2501 lectu
452 2445 712 2502 adulterae
739 2446 1024 2518 impudicae
1046 2490 1060 2515 ,
1091 2447 1227 2504 lenae
1265 2463 1556 2520 procaces,
1605 2450 1882 2508 obscaena:

286 2539 630 2607 meretrices;
667 2541 888 2596 veniunt
912 2541 1236 2612 gladiatores
1258 2584 1271 2608 ,
1299 2544 1559 2612 latrones,
1592 2543 1758 2613 fures,
1787 2560 1878 2602 ve-

285 2629 443 2687 neﬁci
465 2677 480 2702 ,
507 2640 562 2686 et
589 2643 879 2702 precantur
908 2633 1038 2688 nihil
1067 2633 1234 2700 aliud,
1270 2650 1428 2706 quam
1459 2645 1517 2691 ιιι
1547 2637 1756 2694 scelera
1783 2637 1891 2694 im-

284 2737 428 2791 pune
479 2725 840 2781 committant.
872 2726 1010 2794 Quid
1051 2727 1194 2782 enim
1225 2727 1363 2783 latro
1404 2731 1752 2798 sacriﬁcans,
1797 2740 1891 2787 aut

283 2817 549 2888 gladiator
578 2829 766 2890 roget,
813 2821 914 2877 nisi
947 2831 1005 2877 ut
1035 2822 1324 2880 occidant?
1353 2822 1490 2892 Quid
1520 2827 1844 2883 venenarius
1865 2867 1882 2895 ,

285 2909 386 2966 nisi
416 2919 478 2966 ut
505 2911 693 2968 fallat?
718 2912 856 2982 Quid
885 2914 1141 2972 meretrix
1165 2955 1178 2981 ,
1209 2915 1311 2971 nisi
1340 2926 1397 2972 ut
1435 2916 1724 2986 plurimum
1753 2934 1875 2990 pec-

1994 1887 2058 1928 ac
2084 1872 2208 1927 ﬁdei
2236 1872 2451 1928 lavacro
2481 1873 2732 1930 universa
2792 1873 2922 1929 vitia
2971 1873 3284 1946 depellere?
3313 1876 3467 1943 Quod
3513 1879 3605 1948 qui

1989 1965 2212 2031 fecerit,
2264 1967 2558 2037 quamlibet
2589 1968 2922 2039 inquinatum
2969 1983 3033 2025 ac
3078 1969 3358 2028 sordidum
3389 1986 3592 2042 corpus

1986 2069 2174 2129 gerat,
2200 2059 2333 2115 satis
2353 2074 2521 2130 purus
2550 2069 2653 2116 est.

2585 2193 2817 2252 CAPUT
2862 2194 3004 2251 XXI.

1988 2309 2068 2366 De
2095 2310 2236 2366 cultu
2285 2311 2497 2367 deorum
2524 2319 2570 2367 et
2599 2312 2692 2366 Dei
2719 2313 2820 2368 veri
2836 2331 2854 2379 ;
2877 2324 3031 2386 atque
3060 2316 3125 2370 de
3153 2317 3325 2373 bestiis
3353 2334 3481 2390 quas
3522 2336 3610 2376 co-

2544 2405 2750 2460 luerunt
2783 2405 3051 2478 sEgyptii.

2057 2540 2147 2597 lsti
2171 2548 2375 2607 autem,
2395 2541 2517 2610 quia
2547 2541 2811 2610 nesciunt,
2829 2541 2914 2599 vel
2939 2542 3197 2612 quid,vel
3221 2545 3499 2616 quomodo
3527 2549 3603 2604 sit

1999 2635 2307 2702 colendum,
2323 2636 2451 2691 caeci
2474 2644 2530 2691 et
2554 2636 2924 2707 imprudentes
2946 2637 2999 2692 in
3022 2641 3353 2697 contrarium
3375 2642 3601 2700 cadunt.

1991 2727 2237 2783 Aderant
2258 2727 2439 2798 itaque
2468 2727 2654 2784 hostes
2680 2743 2808 2784 suos
2833 2746 2846 2782 :
2872 2729 3112 2786 latrones
3139 2740 3195 2787 et
3222 2733 3603 2794 interfectores

1987 2834 2117 2876 suos
2139 2820 2372 2876 victimis
2402 2820 2650 2891 placant;
2684 2830 2739 2876 et
2761 2822 2969 2878 animas
2996 2838 3122 2879 suas
3144 2839 3267 2882 cum
3292 2827 3451 2885 thure
3481 2831 3603 2900 ipso

1986 2921 2304 2978 cremandas
2347 2921 2456 2979 aris
2484 2918 2891 2986 detestabilibus
2939 2923 3239 2994 imponunt.
3295 2926 3603 2984 Irascuntur

1618 3056 1984 3116 VARIORUM
2021 3056 2254 3116 NO'UE.

356 3194 424 3274 _ln
455 3197 666 3267 tempto,
706 3207 753 3274 et
789 3213 905 3274 cum
941 3198 1149 3268 tempto.
1201 3199 1358 3254 Deest
1393 3206 1440 3254 et
1469 3213 1583 3253 cum
1610 3197 1797 3268 tempto
1833 3197 1885 3252 in
1913 3200 1960 3265 C
1994 3203 2076 3253 ter
2101 3196 2137 3252 2
2166 3196 2303 3274 Reg.
2329 3204 2385 3252 et
2407 3196 2470 3252 11
2495 3196 2627 3253 edit.
2657 3196 2713 3251 ln
2738 3197 2801 3252 iis
2827 3205 2928 3262 est,
2958 3197 3304 3268 sacriﬁcasse;
3330 3199 3380 3255 in
3408 3202 3428 3256 l
3466 3202 3598 3274 Reg.

287 3267 458 3322 tribus
485 3283 597 3324 rec.
628 3269 862 3340 scriptis.

355 3358 609 3433 Nihilque
637 3377 805 3415 secum
833 3377 896 3416 ea:
934 3378 993 3416 ea
1024 3378 1182 3433 neque
1225 3362 1468 3430 a/ferunt.
1515 3360 1570 3416 In
1620 3362 1645 3415 1
1676 3359 1884 3417 Βοηοη.

283 3433 451 3502 antiq.
482 3431 637 3488 deest
664 3449 728 3488 ex
757 3450 849 3500 ea;
878 3435 903 3487 1
933 3433 1066 3503 Reg.
1095 3431 1248 3488 abest
1276 3449 1453 3504 neque.

356 3531 536 3605 Neque
561 3533 725 3601 ﬁrmae
743 3543 892 3605 atque
918 3535 1278 3589 inmutabiles.
1304 3534 1376 3589 lta
1401 3548 1530 3589 mss.
1557 3535 1580 3587 1
1604 3534 1836 3601 Βοηοη.,
1853 3536 1886 3590 6

283 3601 431 3678 Coll).
452 3601 520 3658 'et
545 3605 718 3678 salii,
753 3601 817 3678 ac
843 3605 877 3661 9
908 3615 1012 3662 vet.
1043 3605 1174 3661 edit.
1195 3606 1313 3660 alia:
1342 3621 1490 3671 vero,
1522 3622 1686 3678 neque
1709 3607 1886 3675 ﬁrmos

281 3675 729 3748 acimmutabiles.
771 3677 842 3748 At
879 3688 1059 3732 nostra
1099 3677 1260 3733 lectio
1297 3678 1486 3732 melior
1513 3675 1625 3743 est;
1661 3678 1886 3748 opponit

281 3747 422 3871 gulim
452 3745 618 3802 falsas
646 3747 934 3820 religiones
962 3764 1127 3818 verte,
1159 3765 1280 3820 qua:
1305 3749 1457 3817 ﬁrma
1484 3758 1625 3804 estet
1650 3745 1885 3804 immuta-

313 3834 327 3869 ι
353 3833 415 3871 ts.

313 3833 415 3872 1188.

351 3908 507 3966 Lente
552 3927 809 3984 procaces.
863 3912 1072 3979 Lenas,
1129 3929 1252 3984 quae
1299 3913 1458 3979 infra,
1509 3914 1694 3969 ntultos
1744 3915 1888 3969 bonis

281 3991 515 4056 exuunt,
540 3983 699 4039 docte
721 3993 878 4039 vocat
899 3983 1157 4056 procaces.
1179 3984 1371 4041 Festus
1399 4003 1412 4040 :
1439 3984 1656 4040 Procari
1683 4002 1891 4056 poscere

278 4063 349 4107 est
364 4053 544 4180 uncae
563 4065 608 4108 et
638 4056 800 4124 proci,
833 4066 878 4110 et
900 4053 1139 4126 procaces
1166 4059 1446 4113 meretrices
1465 4059 1528 4112 ab
1548 4053 1750 4112 assidue
1772 4075 1890 4128 pos-

278 4140 362 4179 cen
405 4141 459 4179 o.
537 4141 627 4180 tm.

277 4140 435 4179 6811αο
444 4166 459 4179 .
490 4140 627 4182 UUN.

350 4236 420 4312 Ut
448 4238 704 4312 o_c_cidant.
735 4239 770 4312 9
798 4239 930 4312 Reg.
961 4256 1116 4310 mss.,
1148 4243 1172 4297 1
1206 4241 1442 4299 Clarom.
1476 4252 1530 4298 et
1560 4243 1594 4299 8
1622 4242 1755 4299 edit.
1793 4261 1885 4299 oc-

279 4309 443 4364 cidat.
475 4307 717 4382 Utraque
742 4307 903 4368 lectio
931 4313 1092 4370 bona.

347 4402 490 4468 Quid
538 4405 875 4460 uenenarius?
904 4404 1030 4460 Mss.
1071 4405 1124 4459 2.
1176 4405 1311 4474 Reg.
1351 4420 1488 4467 rec..
1522 4423 1537 4460 ι
1584 4405 1822 4464 Colbert.
1852 4423 1883 4463 a

277 4474 513 4528 secunda
564 4489 769 4543 manu.,
821 4477 1012 4540 Torn.,
1062 4478 1205 4541 Em.,
1263 4476 1417 4532 Cant.
1446 4486 1501 4534 et
1540 4479 1574 4533 '5
1603 4489 1714 4534 vet.
1744 4479 1879 4535 edit.

279 4545 459 4620 Rom_.,
493 4547 825 4620 fanerarius?
852 4548 950 4603 nisi
981 4557 1038 4602 ut
1075 4549 1245 4620 fallat,
1273 4549 1327 4603 id
1346 4559 1449 4620 est,
1481 4549 1709 4606 latenter
1735 4560 1878 4620 agat,

278 4615 704 4687 titachinationes
757 4633 883 4674 suas
935 4615 1188 4676 occultet.
1232 4615 1311 4660 7-
1367 4619 1505 4687 Quid
1557 4615 1877 4676 uenenarius.

287 4685 600 4762 Venenarius
643 4689 858 4760 ponitur
903 4707 1002 4761 pro
1057 4691 1278 4760 veneﬁco
1319 4685 1514 4760 supra;
1551 4701 1607 4746 et
1631 4693 1878 4762 quisnam

277 4761 446 4830 magis
491 4759 651 4828 fallit,
679 4777 836 4832 quam
869 4759 1138 4819 veneﬁcus
1163 4759 1185 4830 ,⁷
1211 4759 1570 4818 venenarius?
1598 4759 1733 4819 Hinc
1760 4764 1878 4822 loco

273 4832 493 4899 gemino
539 4831 634 4906 lib.
680 4831 734 4899 ν,
777 4847 827 4888 c.
858 4832 892 4888 9
930 4834 1036 4890 :Si
1066 4834 1242 4905 palam
1287 4834 1512 4906 grassari
1560 4850 1663 4906 non
1711 4835 1875 4902 licuit,

275 4916 487 4976 venena
513 4903 652 4958 clam
681 4913 992 4972 temperent;
1018 4903 1103 4976 qui
1128 4903 1312 4960 uxores
1332 4913 1525 4972 necent,
1551 4914 1604 4960 ut
1623 4905 1765 4961 dotes
1791 4922 1878 4961 ea-

275 4987 391 5048 rum
421 4974 700 5048 lucrentur,
745 4985 839 5048 aut
864 4974 1105 5041 maritos,
1134 4987 1190 5030 ut
1221 4976 1471 5031 adulteris
1499 4976 1759 5032 nubant...
1789 4978 1877 5048 qui

273 5044 457 5098 caelum
496 5046 662 5116 ipsum
687 5047 939 5118 veneﬁciis
966 5057 1229 5119 appetant.
1261 5048 1394 5104 Bon.

348 5157 472 5213 Nisi
492 5169 544 5214 ut
567 5172 778 5216 mortem
798 5161 894 5216 viri
917 5171 1076 5232 aptet,
1104 5172 1192 5216 aut
1214 5171 1268 5216 ut
1297 5178 1393 5216 sua
1412 5163 1728 5232 impudicitia
1747 5164 1877 5219 cele-

276 5240 377 5284 tur.
433 5231 522 5288 Sic
567 5233 835 5288 editiones
878 5231 1136 5300 Betuleii,
1167 5233 1417 5300 Cellarii,
1449 5231 1696 5300 Walchi,
1733 5235 1876 5292 Heu-

277 5302 493 5376 manui,
528 5312 689 5375 atque
717 5305 871 5376 pauci
898 5319 1052 5370 mss.,
1082 5304 1532 5376 Cantabrigiensc
1559 5305 1770 5362 scilicet
1820 5318 1875 5363 et

275 5371 676 5442 Lipsiensefin
708 5371 830 5431 aliis
880 5384 992 5431 tum
1025 5391 1154 5431 mss.
1192 5386 1303 5431 tum
1333 5371 1494 5432 editis
1524 5379 1739 5447 legitur,
1774 5379 1876 5433 nisi

273 5455 365 5496 aut
392 5455 601 5500 mortem
626 5447 754 5520 Auiri,
785 5458 871 5501 aut
915 5457 968 5500 ut
1014 5465 1110 5503 sua
1137 5447 1457 5520 impudicitia
1486 5449 1699 5514 celetur,
1730 5450 1873 5520 quod

276 5530 523 5571 mancam
554 5517 777 5574 exhibet
796 5520 1116 5575 orationem.

349 5611 488 5678 Quid
530 5611 691 5695 lena?
735 5611 862 5667 Mss.
899 5613 964 5670 10
989 5655 1005 5683 ,
1054 5615 1192 5681 leno,
1223 5613 1627 5686 viriligenere.
1673 5615 1872 5672 Caneri

275 5697 467 5739 omnes
489 5692 547 5738 ut
571 5692 624 5738 in
657 5692 825 5740 textu.

345 5777 678 5848 Sacri/icore.
701 5778 776 5834 Ita
809 5779 844 5836 6
872 5787 982 5836 vet.
1011 5779 1140 5839 edit.
1166 5795 1289 5841 cum
1311 5779 1563 5841 omnibus
1582 5796 1712 5840 mss.
1735 5797 1876 5857 prte-

293 5868 300 5871 ’
563 5873 840 5938 Panos.
878 5873 986 5938 Vl.

1907 4456 1964 4518 D

1993 3283 2108 3325 rec.
2135 3269 2451 3341 satisfacere.

2062 3361 2124 3417 Si
2145 3370 2312 3434 cutem
2349 3360 2581 3434 laver_int.
2611 3361 2826 3434 Qumvis
2847 3361 3064 3434 scelera
3108 3376 3246 3434 aqua
3273 3363 3595 3434 expiabant.

1991 3431 2126 3487 Cato
2155 3432 2303 3503 Orig.
2349 3436 2379 3485 Ξ»
2405 3451 2418 3500 ;
2465 3431 2696 3487 Tertull.
2730 3431 2808 3503 de
2831 3431 3026 3503 ,Bapt.,
3049 3431 3172 3502 capi
3200 3434 3271 3498 5;
3303 3431 3508 3491 Seneca
3539 3439 3598 3493 in

1991 3504 2224 3560 Hercule
2246 3502 2489 3569 furente;
2514 3504 2772 3572 Apuleius
2793 3502 2904 3573 Mil.
2929 3503 2966 3557 l.
2991 3520 3077 3570 x1;
3106 3505 3264 3558 Dion.
3290 3505 3384 3560 lib.
3409 3522 3595 3573 xum;

1991 3576 2175 3646 Eurip.
2229 3575 2282 3646 in
2329 3575 2499 3646 lphig.
2545 3575 2744 3639 Taur.;
2787 3572 3038 3646 Clemens
3080 3574 3344 3630 Alexand.
3396 3577 3488 3633 lib.
3523 3572 3599 3635 vit

1990 3647 2192 3703 Strom.
2220 3645 2432 3712 Corpus
2458 3645 2656 3701 autem
2691 3653 2880 3712 totum,
2907 3645 2991 3700 vel
3013 3661 3204 3701 manus
3226 3650 3597 3706 tantummodo

1991 3718 2271 3784 lavabant,
2291 3717 2441 3788 juxta
2470 3716 2726 3786 Sophocl.
2751 3726 3052 3772 enarrator.
3077 3716 3399 3773 Athenaeum
3423 3719 3458 3773 l.
3483 3737 3543 3775 ιι
3575 3740 3592 3777 :

1991 3789 2110 3844 Mos
2155 3799 2263 3844 erat
2303 3788 2576 3853 veteribus,
2608 3789 2810 3857 quando
2842 3790 2945 3842 sive
2994 3791 3184 3843 ccedam
3228 3789 3448 3843 hominis
3489 3793 3596 3847 sive

1991 3862 2064 3915 ali
2090 3877 2148 3916 as
2173 3861 2334 3914 caedes
2355 3861 2643 3984 (fecissent,
2673 3859 2844 3913 lavare
2898 3876 3098 3923 manus,
3153 3860 3209 3913 in
3239 3862 3595 3931 purgationem

1996 3932 2204 3984 piaculi.
2236 3932 2352 3984 Anu
2417 3941 2603 3984 veteres
2628 3931 2760 3984 enim
2781 3931 3028 3984 Optimum
3071 3939 3116 3984 et
3143 3947 3294 3984 orave
3318 3933 3595 3984 habebatur

1995 3932 2204 4002 piaculi.
2236 3931 2391 4002 Apud
2417 3941 2603 4002 veteres
2628 3931 2760 4002 enim
2781 3931 3028 4000 Optimum
3071 3939 3116 3984 et
3142 3947 3294 4001 grave
3318 3933 3597 3988 habebatur

1995 4000 2176 4058 manus
2205 4000 2391 4057 lavare.
2424 4001 2622 4058 Justin.
2657 4000 2878 4071 Martyr.
2923 4001 3082 4070 Apol.
3113 4000 3196 4056 tt:
3233 4002 3297 4056 Et
3355 4005 3596 4059 balneum

1993 4077 2196 4144 quidem
2227 4075 2318 4128 hos
2337 4075 2658 4129 rcsciscentes
2684 4073 2938 4127 daemones
2976 4089 3008 4125 a
3056 4073 3304 4142 prapheta
3334 4077 3592 4145 prcedica-

1994 4157 2101 4200 tum
2149 4147 2347 4216 operati
2376 4156 2513 4207 sunt,
2546 4153 2591 4198 et
2617 4146 2758 4214 ipsos
2782 4159 3050 4213 aspergere
3079 4145 3149 4216 ad
3175 4162 3325 4216 sacra
3351 4163 3447 4201 sua
3497 4165 3590 4202 ac-

1991 4219 2242 4282 cedentes,
2269 4227 2317 4282 et
2345 4217 2614 4271 immittere
2642 4216 2712 4270 eis
2737 4216 3106 4269 constituerunt
3131 4215 3397 4281 libamina,
3431 4227 3479 4272 et
3509 4221 3592 4272 ni-

1990 4289 2140 4344 dares
2166 4289 2291 4343 talia
2311 4281 2632 4362 perﬁcient“
2662 4305 2681 4341 :
2707 4285 3034 4362 perﬁciebant
3074 4301 3190 4362 pero
3219 4295 3272 4338 ut
3294 4289 3588 4362 accedentes

1988 4376 2042 4414 se
2063 4356 2326 4426 lavarent,’
2340 4356 2633 4431 priusquam
2659 4359 2988 4431 ascenderant
3015 4356 3084 4431 ad
3108 4371 3258 4410 sacra
3276 4358 3430 4431 {inde
3461 4375 3587 4430 pur-

1987 4433 2094 4503 gati
2118 4427 2459 4503 operabantur
2479 4427 2675 4503 sacris._
2695 4427 2800 4482 Sed
2849 4427 3132 4503 etfaetletn
3177 4427 3586 4503 credebattt_as-

2025 4496 2207 4573 ergine
2260 4501 2394 4567 tolli,
2453 4499 2596 4569 quod
2629 4498 2775 4553 Maro
2824 4496 3108 4573 ttIEneid.
3166 4499 3400 4573 attingit.
3445 4500 3582 4557 llinc

2030 4570 2188 4628 ila—tus
2217 4573 2360 4626 lavat
2407 4586 2619 4635 manus,
2675 4579 2730 4624 ut
2757 4584 2816 4624 se
2847 4571 3146 4635 innoxium,
3196 4570 3282 4624 vel
3313 4574 3584 4627 insontem

1984 4646 2174 4700 mortis
2227 4641 2429 4698 Christi
2457 4641 2716 4697 declaret.
2774 4639 2908 4696 Vide
2958 4641 3105 4695 Matt.
3143 4656 3314 4708 xxvn,
3374 4657 3427 4696 v.
3484 4641 3578 4710 24,

2054 4715 2294 4770 Abluant.
2327 4713 2402 4769 Ita
2429 4713 2544 4770 fere
2561 4711 2716 4770 Ovid.
2737 4712 2791 4768 in
2818 4711 2996 4768 Fastis
3028 4729 3042 4764 :

2106 4856 2147 4906 Ο
2171 4856 2378 4907 nimium
2399 4853 2689 4918 faciles,gqui
2715 4853 2874 4903 tristia
2900 4851 3104 4918 crimina
3129 4852 3278 4918 caedis

2229 4891 3168 4980 rimataumet'saetigzaaa

2053 5045 2385 5103 Sordidatur.
2434 5044 2553 5100 Vox
2597 5043 2962 5116 ecclesiastica
2985 5086 2998 5108 ,
3037 5042 3366 5116 quamapud
3395 5045 3580 5116 proba:

1979 5119 2259 5174 latinitatis
2283 5126 2531 5173 auctores
2553 5129 2659 5170 non
2687 5115 2959 5184 reperies:
2987 5115 3081 5184 sed
3122 5113 3446 5183 adjectivuin
3466 5136 3579 5173 sor-

1979 5190 2188 5246 didatus
2211 5189 2408 5260 passim
2429 5186 2572 5260 apud
2591 5183 3118 5260 Ciceronem.—_—_Ulti
3140 5201 3315 5260 amnes
3339 5188 3574 5260 abluunt.

1979 5261 2050 5318 Ut
2075 5277 2138 5316 ex
2170 5256 2289 5330 cap.
2320 5259 2392 5315 ΞΟ
2421 5258 2752 5330 ἰηΐττιίρθιοι,
2785 5258 2946 5330 etiam
2972 5256 3320 5330 hicrespcxit
3350 5258 3418 5313 ad
3449 5260 3574 5316 Cic.

1977 5333 2014 5387 l.
2050 5349 2086 5387 ll
2105 5373 2118 5396 ,
2151 5333 2219 5388 de
2238 5327 2374 5402 Leg.
2408 5329 2478 5385 10
2505 5329 2689 5384 :Caste
2708 5329 2850 5402 jubet
2880 5328 2962 5382 lea:
2990 5327 3220 5402 adiread
3242 5329 3385 5397 deos,
3401 5333 3576 5386 animo

1977 5404 2236 5468 videlicet,
2268 5399 2344 5456 in'
2362 5417 2460 5472 quo
2487 5410 2606 5472 sunt
2636 5400 2807 5472 omnia
2849 5414 2868 5453 :
2907 5415 2998 5472 nec
3045 5399 3177 5453 tollit
3219 5401 3578 5456 castimoniam

1977 5476 2272 5544 corporis...
2305 5469 2428 5527 nam
2453 5471 2586 5527 illud
2622 5471 2705 5526 vel
2732 5469 3048 5540 aspersione
3067 5487 3284 5539 aqua...
3339 5475 3532 5528 tollitur
3556 5491 3574 5528 :

1977 5543 2136 5600 animi
2163 5545 2300 5601 labes
2329 5561 2418 5599 nec
2445 5543 2783 5598 diuturnitate
2793 5558 3080 5609 vanescere,
3101 5558 3201 5600 nec
3221 5544 3470 5600 amnibus
3492 5546 3578 5601 ul-

1976 5618 2044 5673 lis
2068 5617 2176 5672 elui
2205 5615 2536 5687 potest.liun.

2049 5709 2146 5764 Isti
2170 5719 2359 5764 autem.
2393 5707 2521 5764 Mss.
2550 5707 2586 5762 4
2615 5717 2672 5764 et
2699 5716 2822 5764 octo
2866 5705 3018 5776 editi,
3064 5704 3198 5780 Ipsi.
3236 5706 3432 5766 Crateri
3464 5718 3574 5771 tum

1981 5795 2134 5851 mss.,
2161 5789 2272 5839 tum
2297 5782 2565 5853 impressi,
2605 5779 2724 5836 Isti.

2769 5871 2851 5935 20
