  <div class='ocr_page' id='page_1' title='image "/cluster/home/n/w/nwhite01/storage/ocr_20150623/6/hvd.32044015471238/328.png"; bbox 0 0 4090 6354; ppageno 0'>
   <div class='ocr_carea' id='block_1_1' title="bbox 340 289 447 346">
    <p class='ocr_par' dir='ltr' id='par_1_1' title="bbox 340 289 447 346">
     <span class='ocr_line' id='line_1_1' title="bbox 340 289 447 346; baseline -0.009 0"><span class='ocrx_word' id='word_1_1' title='bbox 340 289 447 346; x_wconf 69' lang='grc' dir='ltr'><strong>ϐἓῦ</strong></span> 
     </span>
    </p>
   </div>
   <div class='ocr_carea' id='block_1_2' title="bbox 914 483 1349 542">
    <p class='ocr_par' dir='ltr' id='par_1_2' title="bbox 914 483 1349 542">
     <span class='ocr_line' id='line_1_2' title="bbox 914 483 1349 542; baseline 0 -2"><span class='ocrx_word' id='word_1_2' title='bbox 914 483 1138 542; x_wconf 84' lang='lat' dir='ltr'><strong>CAPUT</strong></span> <span class='ocrx_word' id='word_1_3' title='bbox 1164 483 1349 542; x_wconf 78' lang='lat' dir='ltr'><strong>XXIII.</strong></span> 
     </span>
    </p>
   </div>
   <div class='ocr_carea' id='block_1_3' title="bbox 589 635 1680 710">
    <p class='ocr_par' dir='ltr' id='par_1_3' title="bbox 589 635 1680 710">
     <span class='ocr_line' id='line_1_3' title="bbox 589 635 1680 710; baseline 0.008 -20"><span class='ocrx_word' id='word_1_4' title='bbox 589 635 664 692; x_wconf 87' lang='lat' dir='ltr'><strong>De</strong></span> <span class='ocrx_word' id='word_1_5' title='bbox 681 637 886 708; x_wconf 78' lang='lat' dir='ltr'><strong>justitia</strong></span> <span class='ocrx_word' id='word_1_6' title='bbox 912 647 958 693; x_wconf 91' lang='lat' dir='ltr'><strong>et</strong></span> <span class='ocrx_word' id='word_1_7' title='bbox 978 640 1220 710; x_wconf 76' lang='lat' dir='ltr'><strong>patientia</strong></span> <span class='ocrx_word' id='word_1_8' title='bbox 1251 640 1680 699; x_wconf 78' lang='lat' dir='ltr'><strong>Christianorum.</strong></span> 
     </span>
    </p>
   </div>
   <div class='ocr_carea' id='block_1_4' title="bbox 410 795 1938 876">
    <p class='ocr_par' dir='ltr' id='par_1_4' title="bbox 410 795 1938 876">
     <span class='ocr_line' id='line_1_4' title="bbox 410 795 1938 876; baseline 0.007 -24"><span class='ocrx_word' id='word_1_9' title='bbox 410 795 655 868; x_wconf 80' lang='lat' dir='ltr'><strong>Longum</strong></span> <span class='ocrx_word' id='word_1_10' title='bbox 681 805 766 854; x_wconf 91' lang='lat' dir='ltr'><strong>est</strong></span> <span class='ocrx_word' id='word_1_11' title='bbox 792 799 1070 856; x_wconf 88' lang='lat' dir='ltr'><strong>universas</strong></span> <span class='ocrx_word' id='word_1_12' title='bbox 1097 799 1308 857; x_wconf 87' lang='lat' dir='ltr'><strong>virtutis</strong></span> <span class='ocrx_word' id='word_1_13' title='bbox 1335 804 1544 874; x_wconf 87' lang='lat' dir='ltr'><strong>species</strong></span> <span class='ocrx_word' id='word_1_14' title='bbox 1576 820 1849 876; x_wconf 87' lang='lat' dir='ltr'><strong>promere,</strong></span> <span class='ocrx_word' id='word_1_15' title='bbox 1878 816 1938 864; x_wconf 90' lang='lat' dir='ltr'><strong>ut</strong></span> 
     </span>
    </p>
   </div>
   <div class='ocr_carea' id='block_1_5' title="bbox 329 889 1937 967">
    <p class='ocr_par' dir='ltr' id='par_1_5' title="bbox 329 889 1937 967">
     <span class='ocr_line' id='line_1_5' title="bbox 329 889 1937 967; baseline 0.006 -22"><span class='ocrx_word' id='word_1_16' title='bbox 329 889 408 967; x_wconf 84' lang='lat' dir='ltr'><strong>de</strong></span> <span class='ocrx_word' id='word_1_17' title='bbox 443 889 666 960; x_wconf 79' lang='lat' dir='ltr'><strong>singulis</strong></span> <span class='ocrx_word' id='word_1_18' title='bbox 713 889 935 947; x_wconf 80' lang='lat' dir='ltr'><strong>doceam</strong></span> <span class='ocrx_word' id='word_1_19' title='bbox 988 907 1149 963; x_wconf 89' lang='lat' dir='ltr'><strong>quam</strong></span> <span class='ocrx_word' id='word_1_20' title='bbox 1176 909 1397 951; x_wconf 90' lang='lat' dir='ltr'><strong>necesse</strong></span> <span class='ocrx_word' id='word_1_21' title='bbox 1441 895 1512 950; x_wconf 91' lang='lat' dir='ltr'><strong>sit</strong></span> <span class='ocrx_word' id='word_1_22' title='bbox 1542 897 1840 966; x_wconf 91' lang='lat' dir='ltr'><strong>sapientem</strong></span> <span class='ocrx_word' id='word_1_23' title='bbox 1873 913 1937 954; x_wconf 92' lang='lat' dir='ltr'><strong>ac</strong></span> 
     </span>
    </p>
   </div>
   <div class='ocr_carea' id='block_1_6' title="bbox 329 984 1936 1063">
    <p class='ocr_par' dir='ltr' id='par_1_6' title="bbox 329 984 1936 1063">
     <span class='ocr_line' id='line_1_6' title="bbox 329 984 1936 1063; baseline 0.007 -24"><span class='ocrx_word' id='word_1_24' title='bbox 329 984 536 1054; x_wconf 89' lang='lat' dir='ltr'><strong>justum</strong></span> <span class='ocrx_word' id='word_1_25' title='bbox 568 984 738 1040; x_wconf 81' lang='lat' dir='ltr'><strong>virum</strong></span> <span class='ocrx_word' id='word_1_26' title='bbox 771 986 927 1056; x_wconf 87' lang='lat' dir='ltr'><strong>longe</strong></span> <span class='ocrx_word' id='word_1_27' title='bbox 953 986 1020 1042; x_wconf 91' lang='lat' dir='ltr'><strong>ab</strong></span> <span class='ocrx_word' id='word_1_28' title='bbox 1054 987 1160 1044; x_wconf 84' lang='lat' dir='ltr'><strong>illis</strong></span> <span class='ocrx_word' id='word_1_29' title='bbox 1187 989 1344 1044; x_wconf 87' lang='lat' dir='ltr'><strong>bonis</strong></span> <span class='ocrx_word' id='word_1_30' title='bbox 1369 990 1693 1058; x_wconf 83' lang='lat' dir='ltr'><strong>abhorrere;</strong></span> <span class='ocrx_word' id='word_1_31' title='bbox 1740 992 1936 1063; x_wconf 89' lang='lat' dir='ltr'><strong>quibus</strong></span> 
     </span>
    </p>
   </div>
   <div class='ocr_carea' id='block_1_7' title="bbox 334 1076 1937 1147">
    <p class='ocr_par' dir='ltr' id='par_1_7' title="bbox 334 1076 1937 1147">
     <span class='ocr_line' id='line_1_7' title="bbox 334 1076 1937 1147; baseline 0.007 -18"><span class='ocrx_word' id='word_1_32' title='bbox 334 1076 463 1147; x_wconf 88' lang='lat' dir='ltr'><strong>quia</strong></span> <span class='ocrx_word' id='word_1_33' title='bbox 508 1077 754 1133; x_wconf 79' lang='lat' dir='ltr'><strong>fruuntur</strong></span> <span class='ocrx_word' id='word_1_34' title='bbox 797 1077 1012 1147; x_wconf 89' lang='lat' dir='ltr'><strong>injusti,</strong></span> <span class='ocrx_word' id='word_1_35' title='bbox 1053 1079 1278 1136; x_wconf 90' lang='lat' dir='ltr'><strong>deorum</strong></span> <span class='ocrx_word' id='word_1_36' title='bbox 1345 1081 1519 1137; x_wconf 87' lang='lat' dir='ltr'><strong>cultus</strong></span> <span class='ocrx_word' id='word_1_37' title='bbox 1562 1085 1677 1139; x_wconf 90' lang='lat' dir='ltr'><strong>veri</strong></span> <span class='ocrx_word' id='word_1_38' title='bbox 1719 1093 1774 1140; x_wconf 90' lang='lat' dir='ltr'><strong>et</strong></span> <span class='ocrx_word' id='word_1_39' title='bbox 1819 1084 1937 1140; x_wconf 83' lang='lat' dir='ltr'><strong>efﬁ-</strong></span> 
     </span>
    </p>
   </div>
   <div class='ocr_carea' id='block_1_8' title="bbox 333 1169 1938 1246">
    <p class='ocr_par' dir='ltr' id='par_1_8' title="bbox 333 1169 1938 1246">
     <span class='ocr_line' id='line_1_8' title="bbox 333 1169 1938 1246; baseline 0.005 -22"><span class='ocrx_word' id='word_1_40' title='bbox 333 1183 498 1225; x_wconf 91' lang='lat' dir='ltr'><strong>caces</strong></span> <span class='ocrx_word' id='word_1_41' title='bbox 523 1184 644 1224; x_wconf 90' lang='lat' dir='ltr'><strong>esse</strong></span> <span class='ocrx_word' id='word_1_42' title='bbox 689 1169 1005 1227; x_wconf 89' lang='lat' dir='ltr'><strong>creduntur.</strong></span> <span class='ocrx_word' id='word_1_43' title='bbox 1029 1171 1183 1239; x_wconf 74' lang='lat' dir='ltr'><strong>Quod</strong></span> <span class='ocrx_word' id='word_1_44' title='bbox 1229 1172 1295 1227; x_wconf 91' lang='lat' dir='ltr'><strong>ad</strong></span> <span class='ocrx_word' id='word_1_45' title='bbox 1325 1182 1649 1244; x_wconf 86' lang='lat' dir='ltr'><strong>praesentem</strong></span> <span class='ocrx_word' id='word_1_46' title='bbox 1703 1178 1938 1246; x_wconf 74' lang='lat' dir='ltr'><strong>pertinet</strong></span> 
     </span>
    </p>
   </div>
   <div class='ocr_carea' id='block_1_9' title="bbox 335 1263 1938 1338">
    <p class='ocr_par' dir='ltr' id='par_1_9' title="bbox 335 1263 1938 1338">
     <span class='ocr_line' id='line_1_9' title="bbox 335 1263 1938 1338; baseline 0.004 -20"><span class='ocrx_word' id='word_1_47' title='bbox 335 1263 716 1333; x_wconf 80' lang='lat' dir='ltr'><strong>quaestionem,</strong></span> <span class='ocrx_word' id='word_1_48' title='bbox 751 1263 883 1318; x_wconf 88' lang='lat' dir='ltr'><strong>satis</strong></span> <span class='ocrx_word' id='word_1_49' title='bbox 909 1272 994 1320; x_wconf 89' lang='lat' dir='ltr'><strong>est</strong></span> <span class='ocrx_word' id='word_1_50' title='bbox 1044 1265 1088 1320; x_wconf 91' lang='lat' dir='ltr'><strong>si</strong></span> <span class='ocrx_word' id='word_1_51' title='bbox 1113 1280 1177 1320; x_wconf 84' lang='lat' dir='ltr'><strong>ex</strong></span> <span class='ocrx_word' id='word_1_52' title='bbox 1208 1281 1309 1320; x_wconf 89' lang='lat' dir='ltr'><strong>una</strong></span> <span class='ocrx_word' id='word_1_53' title='bbox 1337 1267 1539 1323; x_wconf 89' lang='lat' dir='ltr'><strong>virtute</strong></span> <span class='ocrx_word' id='word_1_54' title='bbox 1568 1267 1618 1323; x_wconf 92' lang='lat' dir='ltr'><strong>id</strong></span> <span class='ocrx_word' id='word_1_55' title='bbox 1646 1268 1938 1338; x_wconf 87' lang='lat' dir='ltr'><strong>probemus</strong></span> 
     </span>
    </p>
   </div>
   <div class='ocr_carea' id='block_1_10' title="bbox 335 1355 1939 1431">
    <p class='ocr_par' dir='ltr' id='par_1_10' title="bbox 335 1355 1939 1431">
     <span class='ocr_line' id='line_1_10' title="bbox 335 1355 1939 1431; baseline 0.004 -21"><span class='ocrx_word' id='word_1_56' title='bbox 335 1355 483 1428; x_wconf 91' lang='lat' dir='ltr'><strong>quod</strong></span> <span class='ocrx_word' id='word_1_57' title='bbox 513 1355 858 1412; x_wconf 89' lang='lat' dir='ltr'><strong>intendimus.</strong></span> <span class='ocrx_word' id='word_1_58' title='bbox 889 1355 1095 1428; x_wconf 88' lang='lat' dir='ltr'><strong>Nempe</strong></span> <span class='ocrx_word' id='word_1_59' title='bbox 1127 1374 1318 1431; x_wconf 82' lang='lat' dir='ltr'><strong>magna</strong></span> <span class='ocrx_word' id='word_1_60' title='bbox 1345 1369 1397 1415; x_wconf 91' lang='lat' dir='ltr'><strong>et</strong></span> <span class='ocrx_word' id='word_1_61' title='bbox 1437 1360 1711 1430; x_wconf 85' lang='lat' dir='ltr'><strong>praecipua</strong></span> <span class='ocrx_word' id='word_1_62' title='bbox 1765 1361 1939 1417; x_wconf 84' lang='lat' dir='ltr'><strong>virtus</strong></span> 
     </span>
    </p>
   </div>
   <div class='ocr_carea' id='block_1_11' title="bbox 333 1449 1935 1523">
    <p class='ocr_par' dir='ltr' id='par_1_11' title="bbox 333 1449 1935 1523">
     <span class='ocr_line' id='line_1_11' title="bbox 333 1449 1935 1523; baseline 0.004 -19"><span class='ocrx_word' id='word_1_63' title='bbox 333 1458 422 1505; x_wconf 86' lang='lat' dir='ltr'><strong>est</strong></span> <span class='ocrx_word' id='word_1_64' title='bbox 450 1449 726 1520; x_wconf 91' lang='lat' dir='ltr'><strong>patientia,</strong></span> <span class='ocrx_word' id='word_1_65' title='bbox 758 1465 916 1521; x_wconf 89' lang='lat' dir='ltr'><strong>quam</strong></span> <span class='ocrx_word' id='word_1_66' title='bbox 949 1451 1144 1520; x_wconf 89' lang='lat' dir='ltr'><strong>pariter</strong></span> <span class='ocrx_word' id='word_1_67' title='bbox 1180 1459 1235 1507; x_wconf 90' lang='lat' dir='ltr'><strong>et</strong></span> <span class='ocrx_word' id='word_1_68' title='bbox 1286 1452 1428 1522; x_wconf 82' lang='lat' dir='ltr'><strong>vulgi</strong></span> <span class='ocrx_word' id='word_1_69' title='bbox 1478 1467 1638 1509; x_wconf 89' lang='lat' dir='ltr'><strong>voces</strong></span> <span class='ocrx_word' id='word_1_70' title='bbox 1688 1453 1935 1523; x_wconf 81' lang='lat' dir='ltr'><strong>publicae,</strong></span> 
     </span>
    </p>
   </div>
   <div class='ocr_carea' id='block_1_12' title="bbox 334 1541 1936 1613">
    <p class='ocr_par' dir='ltr' id='par_1_12' title="bbox 334 1541 1936 1613">
     <span class='ocr_line' id='line_1_12' title="bbox 334 1541 1936 1613; baseline 0.002 -15"><span class='ocrx_word' id='word_1_71' title='bbox 334 1550 395 1598; x_wconf 88' lang='lat' dir='ltr'><strong>et</strong></span> <span class='ocrx_word' id='word_1_72' title='bbox 424 1541 749 1613; x_wconf 84' lang='lat' dir='ltr'><strong>philosophi,</strong></span> <span class='ocrx_word' id='word_1_73' title='bbox 771 1551 825 1598; x_wconf 91' lang='lat' dir='ltr'><strong>et</strong></span> <span class='ocrx_word' id='word_1_74' title='bbox 846 1551 1090 1598; x_wconf 88' lang='lat' dir='ltr'><strong>oratores</strong></span> <span class='ocrx_word' id='word_1_75' title='bbox 1111 1543 1339 1599; x_wconf 90' lang='lat' dir='ltr'><strong>summis</strong></span> <span class='ocrx_word' id='word_1_76' title='bbox 1363 1544 1609 1600; x_wconf 90' lang='lat' dir='ltr'><strong>laudibus</strong></span> <span class='ocrx_word' id='word_1_77' title='bbox 1639 1545 1936 1602; x_wconf 88' lang='lat' dir='ltr'><strong>celebrant.</strong></span> 
     </span>
    </p>
   </div>
   <div class='ocr_carea' id='block_1_13' title="bbox 335 1636 1938 1710">
    <p class='ocr_par' dir='ltr' id='par_1_13' title="bbox 335 1636 1938 1710">
     <span class='ocr_line' id='line_1_13' title="bbox 335 1636 1938 1710; baseline 0.004 -19"><span class='ocrx_word' id='word_1_78' title='bbox 335 1636 496 1705; x_wconf 84' lang='lat' dir='ltr'><strong>Quod</strong></span> <span class='ocrx_word' id='word_1_79' title='bbox 536 1637 582 1691; x_wconf 94' lang='lat' dir='ltr'><strong>si</strong></span> <span class='ocrx_word' id='word_1_80' title='bbox 619 1637 804 1709; x_wconf 85' lang='lat' dir='ltr'><strong>negari</strong></span> <span class='ocrx_word' id='word_1_81' title='bbox 846 1653 952 1693; x_wconf 91' lang='lat' dir='ltr'><strong>non</strong></span> <span class='ocrx_word' id='word_1_82' title='bbox 998 1647 1178 1709; x_wconf 90' lang='lat' dir='ltr'><strong>potest</strong></span> <span class='ocrx_word' id='word_1_83' title='bbox 1216 1640 1343 1710; x_wconf 92' lang='lat' dir='ltr'><strong>quin</strong></span> <span class='ocrx_word' id='word_1_84' title='bbox 1385 1653 1594 1696; x_wconf 90' lang='lat' dir='ltr'><strong>summa</strong></span> <span class='ocrx_word' id='word_1_85' title='bbox 1620 1642 1690 1696; x_wconf 90' lang='lat' dir='ltr'><strong>sit</strong></span> <span class='ocrx_word' id='word_1_86' title='bbox 1728 1643 1896 1699; x_wconf 87' lang='lat' dir='ltr'><strong>virtus</strong></span> <span class='ocrx_word' id='word_1_87' title='bbox 1924 1686 1938 1710; x_wconf 93' lang='lat'><strong>,</strong></span> 
     </span>
    </p>
   </div>
   <div class='ocr_carea' id='block_1_14' title="bbox 338 1731 1942 1807">
    <p class='ocr_par' dir='ltr' id='par_1_14' title="bbox 338 1731 1942 1807">
     <span class='ocr_line' id='line_1_14' title="bbox 338 1731 1942 1807; baseline 0.004 -21"><span class='ocrx_word' id='word_1_88' title='bbox 338 1745 564 1787; x_wconf 85' lang='lat' dir='ltr'><strong>necesse</strong></span> <span class='ocrx_word' id='word_1_89' title='bbox 607 1741 690 1786; x_wconf 89' lang='lat' dir='ltr'><strong>est</strong></span> <span class='ocrx_word' id='word_1_90' title='bbox 733 1731 936 1802; x_wconf 88' lang='lat' dir='ltr'><strong>justum</strong></span> <span class='ocrx_word' id='word_1_91' title='bbox 963 1741 1020 1788; x_wconf 86' lang='lat' dir='ltr'><strong>et</strong></span> <span class='ocrx_word' id='word_1_92' title='bbox 1057 1733 1356 1803; x_wconf 81' lang='lat' dir='ltr'><strong>sapientem</strong></span> <span class='ocrx_word' id='word_1_93' title='bbox 1386 1735 1560 1790; x_wconf 89' lang='lat' dir='ltr'><strong>virum</strong></span> <span class='ocrx_word' id='word_1_94' title='bbox 1589 1736 1642 1791; x_wconf 91' lang='lat' dir='ltr'><strong>in</strong></span> <span class='ocrx_word' id='word_1_95' title='bbox 1674 1745 1942 1807; x_wconf 89' lang='lat' dir='ltr'><strong>potestate</strong></span> 
     </span>
    </p>
   </div>
   <div class='ocr_carea' id='block_1_15' title="bbox 339 1821 2017 1919">
    <p class='ocr_par' dir='ltr' id='par_1_15' title="bbox 339 1821 2017 1919">
     <span class='ocr_line' id='line_1_15' title="bbox 339 1821 2017 1919; baseline 0.004 -42"><span class='ocrx_word' id='word_1_96' title='bbox 339 1837 462 1878; x_wconf 89' lang='lat' dir='ltr'><strong>esse</strong></span> <span class='ocrx_word' id='word_1_97' title='bbox 488 1821 720 1878; x_wconf 75' lang='lat' dir='ltr'><strong>hominis</strong></span> <span class='ocrx_word' id='word_1_98' title='bbox 750 1823 957 1894; x_wconf 77' lang='lat' dir='ltr'><strong>iniusti,</strong></span> <span class='ocrx_word' id='word_1_99' title='bbox 986 1833 1044 1879; x_wconf 88' lang='lat' dir='ltr'><strong>ut</strong></span> <span class='ocrx_word' id='word_1_100' title='bbox 1067 1825 1245 1896; x_wconf 89' lang='lat' dir='ltr'><strong>capiat</strong></span> <span class='ocrx_word' id='word_1_101' title='bbox 1291 1826 1626 1896; x_wconf 85' lang='lat' dir='ltr'><strong>patientiam.</strong></span> <span class='ocrx_word' id='word_1_102' title='bbox 1677 1827 1936 1884; x_wconf 87' lang='lat' dir='ltr'><strong>Patientia</strong></span> <span class='ocrx_word' id='word_1_103' title='bbox 1970 1860 2017 1919; x_wconf 80' lang='grc' dir='ltr'><strong>Β</strong></span> 
     </span>
    </p>
   </div>
   <div class='ocr_carea' id='block_1_16' title="bbox 337 1915 1934 1987">
    <p class='ocr_par' dir='ltr' id='par_1_16' title="bbox 337 1915 1934 1987">
     <span class='ocr_line' id='line_1_16' title="bbox 337 1915 1934 1987; baseline 0.004 -17"><span class='ocrx_word' id='word_1_104' title='bbox 337 1925 424 1971; x_wconf 86' lang='lat' dir='ltr'><strong>est</strong></span> <span class='ocrx_word' id='word_1_105' title='bbox 457 1916 601 1971; x_wconf 91' lang='lat' dir='ltr'><strong>enim</strong></span> <span class='ocrx_word' id='word_1_106' title='bbox 633 1915 895 1971; x_wconf 90' lang='lat' dir='ltr'><strong>malorum</strong></span> <span class='ocrx_word' id='word_1_107' title='bbox 913 1932 1034 1987; x_wconf 65' lang='lat' dir='ltr'><strong>quae</strong></span> <span class='ocrx_word' id='word_1_108' title='bbox 1063 1927 1157 1974; x_wconf 88' lang='lat' dir='ltr'><strong>aut</strong></span> <span class='ocrx_word' id='word_1_109' title='bbox 1183 1917 1508 1986; x_wconf 88' lang='lat' dir='ltr'><strong>inferuntur,</strong></span> <span class='ocrx_word' id='word_1_110' title='bbox 1540 1930 1632 1975; x_wconf 90' lang='lat' dir='ltr'><strong>aut</strong></span> <span class='ocrx_word' id='word_1_111' title='bbox 1659 1921 1934 1987; x_wconf 86' lang='lat' dir='ltr'><strong>accidunt,</strong></span> 
     </span>
    </p>
   </div>
   <div class='ocr_carea' id='block_1_17' title="bbox 337 2010 1935 2085">
    <p class='ocr_par' dir='ltr' id='par_1_17' title="bbox 337 2010 1935 2085">
     <span class='ocr_line' id='line_1_17' title="bbox 337 2010 1935 2085; baseline 0.004 -21"><span class='ocrx_word' id='word_1_112' title='bbox 337 2025 464 2064; x_wconf 87' lang='lat' dir='ltr'><strong>cum</strong></span> <span class='ocrx_word' id='word_1_113' title='bbox 491 2010 891 2080; x_wconf 65' lang='lat' dir='ltr'><strong>aequanimitate</strong></span> <span class='ocrx_word' id='word_1_114' title='bbox 917 2012 1164 2082; x_wconf 88' lang='lat' dir='ltr'><strong>perlatio.</strong></span> <span class='ocrx_word' id='word_1_115' title='bbox 1194 2013 1336 2084; x_wconf 85' lang='lat' dir='ltr'><strong>Ergo</strong></span> <span class='ocrx_word' id='word_1_116' title='bbox 1356 2013 1534 2084; x_wconf 89' lang='lat' dir='ltr'><strong>justus</strong></span> <span class='ocrx_word' id='word_1_117' title='bbox 1577 2027 1642 2070; x_wconf 85' lang='lat' dir='ltr'><strong>ac</strong></span> <span class='ocrx_word' id='word_1_118' title='bbox 1686 2015 1935 2085; x_wconf 90' lang='lat' dir='ltr'><strong>sapiens,</strong></span> 
     </span>
    </p>
   </div>
   <div class='ocr_carea' id='block_1_18' title="bbox 339 2103 1939 2178">
    <p class='ocr_par' dir='ltr' id='par_1_18' title="bbox 339 2103 1939 2178">
     <span class='ocr_line' id='line_1_18' title="bbox 339 2103 1939 2178; baseline 0.003 -20"><span class='ocrx_word' id='word_1_119' title='bbox 339 2103 465 2174; x_wconf 87' lang='lat' dir='ltr'><strong>quia</strong></span> <span class='ocrx_word' id='word_1_120' title='bbox 492 2103 741 2159; x_wconf 84' lang='lat' dir='ltr'><strong>virtutem</strong></span> <span class='ocrx_word' id='word_1_121' title='bbox 771 2104 937 2175; x_wconf 91' lang='lat' dir='ltr'><strong>capit,</strong></span> <span class='ocrx_word' id='word_1_122' title='bbox 969 2104 1133 2161; x_wconf 87' lang='lat' dir='ltr'><strong>habet</strong></span> <span class='ocrx_word' id='word_1_123' title='bbox 1157 2106 1210 2160; x_wconf 92' lang='lat' dir='ltr'><strong>in</strong></span> <span class='ocrx_word' id='word_1_124' title='bbox 1240 2121 1301 2162; x_wconf 91' lang='lat' dir='ltr'><strong>se</strong></span> <span class='ocrx_word' id='word_1_125' title='bbox 1323 2107 1666 2178; x_wconf 87' lang='lat' dir='ltr'><strong>patientiam;</strong></span> <span class='ocrx_word' id='word_1_126' title='bbox 1697 2123 1801 2178; x_wconf 89' lang='lat' dir='ltr'><strong>qua</strong></span> <span class='ocrx_word' id='word_1_127' title='bbox 1844 2123 1939 2163; x_wconf 86' lang='lat' dir='ltr'><strong>ca-</strong></span> 
     </span>
    </p>
   </div>
   <div class='ocr_carea' id='block_1_19' title="bbox 340 2199 1942 2273">
    <p class='ocr_par' dir='ltr' id='par_1_19' title="bbox 340 2199 1942 2273">
     <span class='ocr_line' id='line_1_19' title="bbox 340 2199 1942 2273; baseline 0.002 -19"><span class='ocrx_word' id='word_1_128' title='bbox 340 2199 482 2255; x_wconf 87' lang='lat' dir='ltr'><strong>rebit</strong></span> <span class='ocrx_word' id='word_1_129' title='bbox 508 2201 728 2255; x_wconf 90' lang='lat' dir='ltr'><strong>omnino</strong></span> <span class='ocrx_word' id='word_1_130' title='bbox 749 2243 762 2267; x_wconf 94' lang='lat'><strong>,</strong></span> <span class='ocrx_word' id='word_1_131' title='bbox 791 2201 836 2256; x_wconf 90' lang='lat' dir='ltr'><strong>si</strong></span> <span class='ocrx_word' id='word_1_132' title='bbox 867 2201 1000 2256; x_wconf 91' lang='lat' dir='ltr'><strong>nihil</strong></span> <span class='ocrx_word' id='word_1_133' title='bbox 1035 2200 1269 2270; x_wconf 91' lang='lat' dir='ltr'><strong>patietur</strong></span> <span class='ocrx_word' id='word_1_134' title='bbox 1291 2201 1525 2257; x_wconf 84' lang='lat' dir='ltr'><strong>adversi.</strong></span> <span class='ocrx_word' id='word_1_135' title='bbox 1579 2202 1801 2269; x_wconf 87' lang='lat' dir='ltr'><strong>Contra,</strong></span> <span class='ocrx_word' id='word_1_136' title='bbox 1851 2203 1942 2273; x_wconf 88' lang='lat' dir='ltr'><strong>qui</strong></span> 
     </span>
    </p>
   </div>
   <div class='ocr_carea' id='block_1_20' title="bbox 342 2293 1944 2367">
    <p class='ocr_par' dir='ltr' id='par_1_20' title="bbox 342 2293 1944 2367">
     <span class='ocr_line' id='line_1_20' title="bbox 342 2293 1944 2367; baseline 0.002 -18"><span class='ocrx_word' id='word_1_137' title='bbox 342 2294 396 2349; x_wconf 91' lang='lat' dir='ltr'><strong>in</strong></span> <span class='ocrx_word' id='word_1_138' title='bbox 451 2293 611 2350; x_wconf 90' lang='lat' dir='ltr'><strong>rebus</strong></span> <span class='ocrx_word' id='word_1_139' title='bbox 662 2295 936 2365; x_wconf 86' lang='lat' dir='ltr'><strong>prosperis</strong></span> <span class='ocrx_word' id='word_1_140' title='bbox 989 2295 1119 2367; x_wconf 87' lang='lat' dir='ltr'><strong>agit,</strong></span> <span class='ocrx_word' id='word_1_141' title='bbox 1177 2295 1459 2366; x_wconf 88' lang='lat' dir='ltr'><strong>impatiens</strong></span> <span class='ocrx_word' id='word_1_142' title='bbox 1483 2305 1586 2362; x_wconf 91' lang='lat' dir='ltr'><strong>est,</strong></span> <span class='ocrx_word' id='word_1_143' title='bbox 1643 2306 1698 2352; x_wconf 89' lang='lat' dir='ltr'><strong>et</strong></span> <span class='ocrx_word' id='word_1_144' title='bbox 1745 2296 1944 2353; x_wconf 90' lang='lat' dir='ltr'><strong>virtute</strong></span> 
     </span>
    </p>
   </div>
   <div class='ocr_carea' id='block_1_21' title="bbox 343 2387 1936 2461">
    <p class='ocr_par' dir='ltr' id='par_1_21' title="bbox 343 2387 1936 2461">
     <span class='ocr_line' id='line_1_21' title="bbox 343 2387 1936 2461; baseline 0.001 -18"><span class='ocrx_word' id='word_1_145' title='bbox 343 2387 579 2443; x_wconf 78' lang='lat' dir='ltr'><strong>maxima</strong></span> <span class='ocrx_word' id='word_1_146' title='bbox 607 2396 773 2444; x_wconf 86' lang='lat' dir='ltr'><strong>caret.</strong></span> <span class='ocrx_word' id='word_1_147' title='bbox 807 2388 1181 2459; x_wconf 90' lang='lat' dir='ltr'><strong>lmpatientem</strong></span> <span class='ocrx_word' id='word_1_148' title='bbox 1211 2388 1353 2455; x_wconf 89' lang='lat' dir='ltr'><strong>dico,</strong></span> <span class='ocrx_word' id='word_1_149' title='bbox 1387 2390 1509 2461; x_wconf 88' lang='lat' dir='ltr'><strong>quia</strong></span> <span class='ocrx_word' id='word_1_150' title='bbox 1558 2389 1691 2444; x_wconf 89' lang='lat' dir='ltr'><strong>nihil</strong></span> <span class='ocrx_word' id='word_1_151' title='bbox 1720 2391 1936 2460; x_wconf 89' lang='lat' dir='ltr'><strong>patitur.</strong></span> 
     </span>
    </p>
   </div>
   <div class='ocr_carea' id='block_1_22' title="bbox 343 2480 1942 2556">
    <p class='ocr_par' dir='ltr' id='par_1_22' title="bbox 343 2480 1942 2556">
     <span class='ocr_line' id='line_1_22' title="bbox 343 2480 1942 2556; baseline 0.003 -20"><span class='ocrx_word' id='word_1_152' title='bbox 343 2480 714 2538; x_wconf 86' lang='lat' dir='ltr'><strong>Innocentiam</strong></span> <span class='ocrx_word' id='word_1_153' title='bbox 746 2496 959 2554; x_wconf 88' lang='lat' dir='ltr'><strong>quoque</strong></span> <span class='ocrx_word' id='word_1_154' title='bbox 986 2497 1210 2539; x_wconf 87' lang='lat' dir='ltr'><strong>scrvare</strong></span> <span class='ocrx_word' id='word_1_155' title='bbox 1239 2498 1345 2538; x_wconf 88' lang='lat' dir='ltr'><strong>non</strong></span> <span class='ocrx_word' id='word_1_156' title='bbox 1371 2490 1568 2554; x_wconf 86' lang='lat' dir='ltr'><strong>potest,</strong></span> <span class='ocrx_word' id='word_1_157' title='bbox 1600 2499 1720 2555; x_wconf 66' lang='lat' dir='ltr'><strong>qua:</strong></span> <span class='ocrx_word' id='word_1_158' title='bbox 1745 2493 1801 2539; x_wconf 90' lang='lat' dir='ltr'><strong>et</strong></span> <span class='ocrx_word' id='word_1_159' title='bbox 1828 2486 1942 2556; x_wconf 90' lang='lat' dir='ltr'><strong>ipsa</strong></span> 
     </span>
    </p>
   </div>
   <div class='ocr_carea' id='block_1_23' title="bbox 337 2573 1943 2647">
    <p class='ocr_par' dir='ltr' id='par_1_23' title="bbox 337 2573 1943 2647">
     <span class='ocr_line' id='line_1_23' title="bbox 337 2573 1943 2647; baseline 0.004 -19"><span class='ocrx_word' id='word_1_160' title='bbox 337 2573 490 2647; x_wconf 86' lang='lat' dir='ltr'><strong>justo</strong></span> <span class='ocrx_word' id='word_1_161' title='bbox 536 2583 592 2630; x_wconf 91' lang='lat' dir='ltr'><strong>et</strong></span> <span class='ocrx_word' id='word_1_162' title='bbox 635 2573 865 2645; x_wconf 87' lang='lat' dir='ltr'><strong>sapienti</strong></span> <span class='ocrx_word' id='word_1_163' title='bbox 920 2575 1036 2630; x_wconf 88' lang='lat' dir='ltr'><strong>viro</strong></span> <span class='ocrx_word' id='word_1_164' title='bbox 1089 2577 1304 2647; x_wconf 90' lang='lat' dir='ltr'><strong>propria</strong></span> <span class='ocrx_word' id='word_1_165' title='bbox 1359 2577 1530 2632; x_wconf 90' lang='lat' dir='ltr'><strong>virtus</strong></span> <span class='ocrx_word' id='word_1_166' title='bbox 1577 2587 1678 2634; x_wconf 89' lang='lat' dir='ltr'><strong>est.</strong></span> <span class='ocrx_word' id='word_1_167' title='bbox 1730 2577 1836 2634; x_wconf 89' lang='lat' dir='ltr'><strong>Sed</strong></span> <span class='ocrx_word' id='word_1_168' title='bbox 1889 2588 1943 2634; x_wconf 90' lang='lat' dir='ltr'><strong>et</strong></span> 
     </span>
    </p>
   </div>
   <div class='ocr_carea' id='block_1_24' title="bbox 344 2670 1944 2743">
    <p class='ocr_par' dir='ltr' id='par_1_24' title="bbox 344 2670 1944 2743">
     <span class='ocr_line' id='line_1_24' title="bbox 344 2670 1944 2743; baseline 0.003 -19"><span class='ocrx_word' id='word_1_169' title='bbox 344 2678 507 2725; x_wconf 90' lang='lat' dir='ltr'><strong>nocet</strong></span> <span class='ocrx_word' id='word_1_170' title='bbox 533 2684 703 2740; x_wconf 85' lang='lat' dir='ltr'><strong>saepe,</strong></span> <span class='ocrx_word' id='word_1_171' title='bbox 745 2678 800 2726; x_wconf 90' lang='lat' dir='ltr'><strong>et</strong></span> <span class='ocrx_word' id='word_1_172' title='bbox 850 2670 1182 2741; x_wconf 88' lang='lat' dir='ltr'><strong>concupiscit</strong></span> <span class='ocrx_word' id='word_1_173' title='bbox 1211 2670 1411 2738; x_wconf 89' lang='lat' dir='ltr'><strong>aliena,</strong></span> <span class='ocrx_word' id='word_1_174' title='bbox 1439 2682 1492 2728; x_wconf 91' lang='lat' dir='ltr'><strong>et</strong></span> <span class='ocrx_word' id='word_1_175' title='bbox 1514 2673 1674 2743; x_wconf 86' lang='lat' dir='ltr'><strong>rapit,</strong></span> <span class='ocrx_word' id='word_1_176' title='bbox 1703 2687 1824 2743; x_wconf 66' lang='lat' dir='ltr'><strong>quae</strong></span> <span class='ocrx_word' id='word_1_177' title='bbox 1854 2688 1944 2728; x_wconf 90' lang='lat' dir='ltr'><strong>cu-</strong></span> 
     </span>
    </p>
   </div>
   <div class='ocr_carea' id='block_1_25' title="bbox 342 2763 1940 2836">
    <p class='ocr_par' dir='ltr' id='par_1_25' title="bbox 342 2763 1940 2836">
     <span class='ocr_line' id='line_1_25' title="bbox 342 2763 1940 2836; baseline 0.003 -19"><span class='ocrx_word' id='word_1_178' title='bbox 342 2763 534 2833; x_wconf 87' lang='lat' dir='ltr'><strong>pierit,</strong></span> <span class='ocrx_word' id='word_1_179' title='bbox 565 2778 662 2834; x_wconf 92' lang='lat' dir='ltr'><strong>per</strong></span> <span class='ocrx_word' id='word_1_180' title='bbox 693 2763 975 2834; x_wconf 90' lang='lat' dir='ltr'><strong>injuriam;</strong></span> <span class='ocrx_word' id='word_1_181' title='bbox 1007 2764 1131 2834; x_wconf 91' lang='lat' dir='ltr'><strong>quia</strong></span> <span class='ocrx_word' id='word_1_182' title='bbox 1161 2764 1376 2820; x_wconf 91' lang='lat' dir='ltr'><strong>virtutis</strong></span> <span class='ocrx_word' id='word_1_183' title='bbox 1407 2779 1624 2836; x_wconf 82' lang='lat' dir='ltr'><strong>expers,</strong></span> <span class='ocrx_word' id='word_1_184' title='bbox 1657 2765 1784 2821; x_wconf 87' lang='lat' dir='ltr'><strong>vitio</strong></span> <span class='ocrx_word' id='word_1_185' title='bbox 1817 2781 1940 2834; x_wconf 89' lang='lat' dir='ltr'><strong>pec-</strong></span> 
     </span>
    </p>
   </div>
   <div class='ocr_carea' id='block_1_26' title="bbox 343 2855 1950 2928">
    <p class='ocr_par' dir='ltr' id='par_1_26' title="bbox 343 2855 1950 2928">
     <span class='ocr_line' id='line_1_26' title="bbox 343 2855 1950 2928; baseline 0.004 -19"><span class='ocrx_word' id='word_1_186' title='bbox 343 2864 576 2924; x_wconf 88' lang='lat' dir='ltr'><strong>catoque</strong></span> <span class='ocrx_word' id='word_1_187' title='bbox 599 2855 876 2925; x_wconf 85' lang='lat' dir='ltr'><strong>subjectus</strong></span> <span class='ocrx_word' id='word_1_188' title='bbox 904 2864 1008 2921; x_wconf 91' lang='lat' dir='ltr'><strong>est,</strong></span> <span class='ocrx_word' id='word_1_189' title='bbox 1056 2864 1111 2912; x_wconf 90' lang='lat' dir='ltr'><strong>et</strong></span> <span class='ocrx_word' id='word_1_190' title='bbox 1153 2855 1456 2928; x_wconf 82' lang='lat' dir='ltr'><strong>fragilitatis</strong></span> <span class='ocrx_word' id='word_1_191' title='bbox 1505 2857 1727 2926; x_wconf 88' lang='lat' dir='ltr'><strong>oblitus,</strong></span> <span class='ocrx_word' id='word_1_192' title='bbox 1769 2860 1950 2915; x_wconf 90' lang='lat' dir='ltr'><strong>animo</strong></span> 
     </span>
    </p>
   </div>
   <div class='ocr_carea' id='block_1_27' title="bbox 343 2950 1026 3007">
    <p class='ocr_par' dir='ltr' id='par_1_27' title="bbox 343 2950 1026 3007">
     <span class='ocr_line' id='line_1_27' title="bbox 343 2950 1026 3007; baseline 0.001 -2"><span class='ocrx_word' id='word_1_193' title='bbox 343 2950 642 3006; x_wconf 88' lang='lat' dir='ltr'><strong>insolenter</strong></span> <span class='ocrx_word' id='word_1_194' title='bbox 667 2952 812 3007; x_wconf 89' lang='lat' dir='ltr'><strong>elato</strong></span> <span class='ocrx_word' id='word_1_195' title='bbox 838 2961 1026 3007; x_wconf 91' lang='lat' dir='ltr'><strong>tumet.</strong></span> 
     </span>
    </p>
   </div>
   <div class='ocr_carea' id='block_1_28' title="bbox 419 3045 1950 3116">
    <p class='ocr_par' dir='ltr' id='par_1_28' title="bbox 419 3045 1950 3116">
     <span class='ocr_line' id='line_1_28' title="bbox 419 3045 1950 3116; baseline 0.003 -16"><span class='ocrx_word' id='word_1_196' title='bbox 419 3045 779 3116; x_wconf 90' lang='lat' dir='ltr'><strong>Indeinjusti,</strong></span> <span class='ocrx_word' id='word_1_197' title='bbox 810 3061 873 3102; x_wconf 92' lang='lat' dir='ltr'><strong>ac</strong></span> <span class='ocrx_word' id='word_1_198' title='bbox 919 3046 1090 3102; x_wconf 91' lang='lat' dir='ltr'><strong>Deum</strong></span> <span class='ocrx_word' id='word_1_199' title='bbox 1137 3047 1467 3113; x_wconf 89' lang='lat' dir='ltr'><strong>nescientes,</strong></span> <span class='ocrx_word' id='word_1_200' title='bbox 1515 3056 1571 3103; x_wconf 92' lang='lat' dir='ltr'><strong>et</strong></span> <span class='ocrx_word' id='word_1_201' title='bbox 1616 3047 1850 3114; x_wconf 87' lang='lat' dir='ltr'><strong>divitiis,</strong></span> <span class='ocrx_word' id='word_1_202' title='bbox 1896 3058 1950 3105; x_wconf 89' lang='lat' dir='ltr'><strong>et</strong></span> 
     </span>
    </p>
   </div>
   <div class='ocr_carea' id='block_1_29' title="bbox 1548 306 2340 374">
    <p class='ocr_par' dir='ltr' id='par_1_29' title="bbox 1548 306 2340 374">
     <span class='ocr_line' id='line_1_29' title="bbox 1548 306 2340 374; baseline 0.014 -13"><span class='ocrx_word' id='word_1_203' title='bbox 1548 306 1751 364; x_wconf 81' lang='lat' dir='ltr'><strong>LIBER</strong></span> <span class='ocrx_word' id='word_1_204' title='bbox 1795 309 1856 366; x_wconf 84' lang='lat' dir='ltr'><strong>V.</strong></span> <span class='ocrx_word' id='word_1_205' title='bbox 1890 311 1977 368; x_wconf 88' lang='lat' dir='ltr'><strong>DE</strong></span> <span class='ocrx_word' id='word_1_206' title='bbox 2012 312 2340 374; x_wconf 80' lang='lat' dir='ltr'><strong>.IUSTITIA.</strong></span> 
     </span>
    </p>
   </div>
   <div class='ocr_carea' id='block_1_30' title="bbox 1959 429 3640 516">
    <p class='ocr_par' dir='ltr' id='par_1_30' title="bbox 1959 429 3640 516">
     <span class='ocr_line' id='line_1_30' title="bbox 1959 429 3640 516; baseline 0.01 -26"><span class='ocrx_word' id='word_1_207' title='bbox 1959 429 2255 504; x_wconf 83' lang='lat' dir='ltr'><strong>Ajustitiae</strong></span> <span class='ocrx_word' id='word_1_208' title='bbox 2310 438 2528 505; x_wconf 85' lang='lat' dir='ltr'><strong>praemia</strong></span> <span class='ocrx_word' id='word_1_209' title='bbox 2565 448 2725 506; x_wconf 91' lang='lat' dir='ltr'><strong>sunt;</strong></span> <span class='ocrx_word' id='word_1_210' title='bbox 2765 443 2885 512; x_wconf 87' lang='lat' dir='ltr'><strong>quia</strong></span> <span class='ocrx_word' id='word_1_211' title='bbox 2934 453 2988 499; x_wconf 92' lang='lat' dir='ltr'><strong>et</strong></span> <span class='ocrx_word' id='word_1_212' title='bbox 3051 450 3305 516; x_wconf 82' lang='lat' dir='ltr'><strong>perpetua</strong></span> <span class='ocrx_word' id='word_1_213' title='bbox 3361 461 3482 505; x_wconf 88' lang='lat' dir='ltr'><strong>esse</strong></span> <span class='ocrx_word' id='word_1_214' title='bbox 3532 465 3640 506; x_wconf 90' lang='lat' dir='ltr'><strong>non</strong></span> 
     </span>
    </p>
   </div>
   <div class='ocr_carea' id='block_1_31' title="bbox 3530 329 3633 387">
    <p class='ocr_par' dir='ltr' id='par_1_31' title="bbox 3530 329 3633 387">
     <span class='ocr_line' id='line_1_31' title="bbox 3530 329 3633 387; baseline -0.019 0"><span class='ocrx_word' id='word_1_215' title='bbox 3530 329 3633 387; x_wconf 76' lang='lat'><strong>626</strong></span> 
     </span>
    </p>
   </div>
   <div class='ocr_carea' id='block_1_32' title="bbox 2036 534 3638 611">
    <p class='ocr_par' dir='ltr' id='par_1_32' title="bbox 2036 534 3638 611">
     <span class='ocr_line' id='line_1_32' title="bbox 2036 534 3638 611; baseline 0.011 -30"><span class='ocrx_word' id='word_1_216' title='bbox 2036 539 2283 596; x_wconf 88' lang='lat' dir='ltr'><strong>possunt,</strong></span> <span class='ocrx_word' id='word_1_217' title='bbox 2309 538 2473 602; x_wconf 91' lang='lat' dir='ltr'><strong>etper</strong></span> <span class='ocrx_word' id='word_1_218' title='bbox 2493 534 3278 610; x_wconf 85' lang='lat' dir='ltr'><strong>cupiditatemviolentiamque</strong></span> <span class='ocrx_word' id='word_1_219' title='bbox 3301 551 3638 611; x_wconf 81' lang='lat' dir='ltr'><strong>quaeruntur.</strong></span> 
     </span>
    </p>
   </div>
   <div class='ocr_carea' id='block_1_33' title="bbox 2035 617 3643 705">
    <p class='ocr_par' dir='ltr' id='par_1_33' title="bbox 2035 617 3643 705">
     <span class='ocr_line' id='line_1_33' title="bbox 2035 617 3643 705; baseline 0.009 -31"><span class='ocrx_word' id='word_1_220' title='bbox 2035 617 2219 675; x_wconf 82' lang='lat' dir='ltr'><strong>Justus</strong></span> <span class='ocrx_word' id='word_1_221' title='bbox 2249 636 2378 676; x_wconf 84' lang='lat' dir='ltr'><strong>vero</strong></span> <span class='ocrx_word' id='word_1_222' title='bbox 2407 637 2468 677; x_wconf 93' lang='lat' dir='ltr'><strong>ac</strong></span> <span class='ocrx_word' id='word_1_223' title='bbox 2491 625 2725 696; x_wconf 89' lang='lat' dir='ltr'><strong>sapiens,</strong></span> <span class='ocrx_word' id='word_1_224' title='bbox 2758 627 2879 696; x_wconf 88' lang='lat' dir='ltr'><strong>quia</strong></span> <span class='ocrx_word' id='word_1_225' title='bbox 2923 629 3013 683; x_wconf 89' lang='lat' dir='ltr'><strong>illa</strong></span> <span class='ocrx_word' id='word_1_226' title='bbox 3055 630 3235 685; x_wconf 92' lang='lat' dir='ltr'><strong>omnia</strong></span> <span class='ocrx_word' id='word_1_227' title='bbox 3277 630 3507 688; x_wconf 89' lang='lat' dir='ltr'><strong>humana</strong></span> <span class='ocrx_word' id='word_1_228' title='bbox 3540 634 3643 705; x_wconf 92' lang='lat' dir='ltr'><strong>(ut</strong></span> 
     </span>
    </p>
   </div>
   <div class='ocr_carea' id='block_1_34' title="bbox 2035 711 3644 795">
    <p class='ocr_par' dir='ltr' id='par_1_34' title="bbox 2035 711 3644 795">
     <span class='ocr_line' id='line_1_34' title="bbox 2035 711 3644 795; baseline 0.009 -27"><span class='ocrx_word' id='word_1_229' title='bbox 2035 711 2356 769; x_wconf 87' lang='lat' dir='ltr'><strong>estaLaelio</strong></span> <span class='ocrx_word' id='word_1_230' title='bbox 2399 715 2632 788; x_wconf 89' lang='lat' dir='ltr'><strong>dictum)</strong></span> <span class='ocrx_word' id='word_1_231' title='bbox 2665 735 2758 773; x_wconf 89' lang='lat' dir='ltr'><strong>sua</strong></span> <span class='ocrx_word' id='word_1_232' title='bbox 2811 720 2990 787; x_wconf 90' lang='lat' dir='ltr'><strong>bona,</strong></span> <span class='ocrx_word' id='word_1_233' title='bbox 3039 722 3218 779; x_wconf 88' lang='lat' dir='ltr'><strong>divina</strong></span> <span class='ocrx_word' id='word_1_234' title='bbox 3263 724 3509 795; x_wconf 88' lang='lat' dir='ltr'><strong>judicat,</strong></span> <span class='ocrx_word' id='word_1_235' title='bbox 3543 741 3644 783; x_wconf 91' lang='lat' dir='ltr'><strong>nec</strong></span> 
     </span>
    </p>
   </div>
   <div class='ocr_carea' id='block_1_35' title="bbox 2035 805 3646 888">
    <p class='ocr_par' dir='ltr' id='par_1_35' title="bbox 2035 805 3646 888">
     <span class='ocr_line' id='line_1_35' title="bbox 2035 805 3646 888; baseline 0.009 -28"><span class='ocrx_word' id='word_1_236' title='bbox 2035 805 2272 862; x_wconf 90' lang='lat' dir='ltr'><strong>alienum</strong></span> <span class='ocrx_word' id='word_1_237' title='bbox 2339 808 2631 878; x_wconf 88' lang='lat' dir='ltr'><strong>quidquam</strong></span> <span class='ocrx_word' id='word_1_238' title='bbox 2690 814 3054 883; x_wconf 88' lang='lat' dir='ltr'><strong>concupiscit,</strong></span> <span class='ocrx_word' id='word_1_239' title='bbox 3126 832 3194 872; x_wconf 91' lang='lat' dir='ltr'><strong>ne</strong></span> <span class='ocrx_word' id='word_1_240' title='bbox 3245 833 3404 888; x_wconf 89' lang='lat' dir='ltr'><strong>quem</strong></span> <span class='ocrx_word' id='word_1_241' title='bbox 3455 829 3646 874; x_wconf 87' lang='lat' dir='ltr'><strong>contra</strong></span> 
     </span>
    </p>
   </div>
   <div class='ocr_carea' id='block_1_36' title="bbox 2031 898 3647 982">
    <p class='ocr_par' dir='ltr' id='par_1_36' title="bbox 2031 898 3647 982">
     <span class='ocr_line' id='line_1_36' title="bbox 2031 898 3647 982; baseline 0.009 -28"><span class='ocrx_word' id='word_1_242' title='bbox 2031 898 2120 970; x_wconf 89' lang='lat' dir='ltr'><strong>jus</strong></span> <span class='ocrx_word' id='word_1_243' title='bbox 2151 901 2499 956; x_wconf 84' lang='lat' dir='ltr'><strong>humanitatis</strong></span> <span class='ocrx_word' id='word_1_244' title='bbox 2549 903 2708 958; x_wconf 64' lang='lat' dir='ltr'><strong>lazdat</strong></span> <span class='ocrx_word' id='word_1_245' title='bbox 2768 907 3025 974; x_wconf 89' lang='lat' dir='ltr'><strong>omnino,</strong></span> <span class='ocrx_word' id='word_1_246' title='bbox 3081 924 3182 965; x_wconf 88' lang='lat' dir='ltr'><strong>nec</strong></span> <span class='ocrx_word' id='word_1_247' title='bbox 3233 910 3396 965; x_wconf 91' lang='lat' dir='ltr'><strong>ullam</strong></span> <span class='ocrx_word' id='word_1_248' title='bbox 3450 921 3647 982; x_wconf 89' lang='lat' dir='ltr'><strong>poten-</strong></span> 
     </span>
    </p>
   </div>
   <div class='ocr_carea' id='block_1_37' title="bbox 2039 993 3646 1075">
    <p class='ocr_par' dir='ltr' id='par_1_37' title="bbox 2039 993 3646 1075">
     <span class='ocr_line' id='line_1_37' title="bbox 2039 993 3646 1075; baseline 0.009 -29"><span class='ocrx_word' id='word_1_249' title='bbox 2039 993 2164 1048; x_wconf 87' lang='lat' dir='ltr'><strong>tiam</strong></span> <span class='ocrx_word' id='word_1_250' title='bbox 2197 995 2525 1052; x_wconf 82' lang='lat' dir='ltr'><strong>ltonoremve</strong></span> <span class='ocrx_word' id='word_1_251' title='bbox 2567 997 2869 1066; x_wconf 87' lang='lat' dir='ltr'><strong>desiderat,</strong></span> <span class='ocrx_word' id='word_1_252' title='bbox 2910 1016 2978 1057; x_wconf 91' lang='lat' dir='ltr'><strong>ne</strong></span> <span class='ocrx_word' id='word_1_253' title='bbox 3021 1003 3108 1057; x_wconf 91' lang='lat' dir='ltr'><strong>cui</strong></span> <span class='ocrx_word' id='word_1_254' title='bbox 3156 1003 3314 1060; x_wconf 88' lang='lat' dir='ltr'><strong>faciat</strong></span> <span class='ocrx_word' id='word_1_255' title='bbox 3371 1006 3646 1075; x_wconf 88' lang='lat' dir='ltr'><strong>injuriam.</strong></span> 
     </span>
    </p>
   </div>
   <div class='ocr_carea' id='block_1_38' title="bbox 2039 1085 3646 1163">
    <p class='ocr_par' dir='ltr' id='par_1_38' title="bbox 2039 1085 3646 1163">
     <span class='ocr_line' id='line_1_38' title="bbox 2039 1085 3646 1163; baseline 0.01 -23"><span class='ocrx_word' id='word_1_256' title='bbox 2039 1085 2150 1141; x_wconf 91' lang='lat' dir='ltr'><strong>Scit</strong></span> <span class='ocrx_word' id='word_1_257' title='bbox 2218 1088 2360 1142; x_wconf 90' lang='lat' dir='ltr'><strong>enim</strong></span> <span class='ocrx_word' id='word_1_258' title='bbox 2420 1100 2644 1146; x_wconf 90' lang='lat' dir='ltr'><strong>cunctos</strong></span> <span class='ocrx_word' id='word_1_259' title='bbox 2715 1091 2784 1146; x_wconf 91' lang='lat' dir='ltr'><strong>ab</strong></span> <span class='ocrx_word' id='word_1_260' title='bbox 2859 1094 3050 1149; x_wconf 86' lang='lat' dir='ltr'><strong>eodem</strong></span> <span class='ocrx_word' id='word_1_261' title='bbox 3106 1096 3256 1163; x_wconf 90' lang='lat' dir='ltr'><strong>Deo,</strong></span> <span class='ocrx_word' id='word_1_262' title='bbox 3329 1106 3384 1153; x_wconf 89' lang='lat' dir='ltr'><strong>et</strong></span> <span class='ocrx_word' id='word_1_263' title='bbox 3455 1099 3646 1156; x_wconf 84' lang='lat' dir='ltr'><strong>eadem</strong></span> 
     </span>
    </p>
   </div>
   <div class='ocr_carea' id='block_1_39' title="bbox 2038 1181 3653 1256">
    <p class='ocr_par' dir='ltr' id='par_1_39' title="bbox 2038 1181 3653 1256">
     <span class='ocr_line' id='line_1_39' title="bbox 2038 1181 3653 1256; baseline 0.009 -21"><span class='ocrx_word' id='word_1_264' title='bbox 2038 1181 2347 1238; x_wconf 79' lang='lat' dir='ltr'><strong>conditione</strong></span> <span class='ocrx_word' id='word_1_265' title='bbox 2397 1193 2718 1254; x_wconf 82' lang='lat' dir='ltr'><strong>generatos,</strong></span> <span class='ocrx_word' id='word_1_266' title='bbox 2759 1187 2880 1256; x_wconf 87' lang='lat' dir='ltr'><strong>jure</strong></span> <span class='ocrx_word' id='word_1_267' title='bbox 2922 1187 3274 1246; x_wconf 82' lang='lat' dir='ltr'><strong>fraternitatis</strong></span> <span class='ocrx_word' id='word_1_268' title='bbox 3331 1208 3451 1248; x_wconf 89' lang='lat' dir='ltr'><strong>esse</strong></span> <span class='ocrx_word' id='word_1_269' title='bbox 3521 1209 3653 1250; x_wconf 88' lang='lat' dir='ltr'><strong>con-</strong></span> 
     </span>
    </p>
   </div>
   <div class='ocr_carea' id='block_1_40' title="bbox 2035 1275 3654 1356">
    <p class='ocr_par' dir='ltr' id='par_1_40' title="bbox 2035 1275 3654 1356">
     <span class='ocr_line' id='line_1_40' title="bbox 2035 1275 3654 1356; baseline 0.009 -29"><span class='ocrx_word' id='word_1_270' title='bbox 2035 1275 2272 1344; x_wconf 86' lang='lat' dir='ltr'><strong>junctos.</strong></span> <span class='ocrx_word' id='word_1_271' title='bbox 2326 1276 2432 1332; x_wconf 87' lang='lat' dir='ltr'><strong>Sed</strong></span> <span class='ocrx_word' id='word_1_272' title='bbox 2484 1287 2540 1333; x_wconf 89' lang='lat' dir='ltr'><strong>et</strong></span> <span class='ocrx_word' id='word_1_273' title='bbox 2582 1292 2680 1333; x_wconf 90' lang='lat' dir='ltr'><strong>suo</strong></span> <span class='ocrx_word' id='word_1_274' title='bbox 2731 1290 3041 1346; x_wconf 86' lang='lat' dir='ltr'><strong>contentus,</strong></span> <span class='ocrx_word' id='word_1_275' title='bbox 3071 1293 3126 1336; x_wconf 90' lang='lat' dir='ltr'><strong>et</strong></span> <span class='ocrx_word' id='word_1_276' title='bbox 3172 1299 3360 1354; x_wconf 85' lang='lat' dir='ltr'><strong>parvo,</strong></span> <span class='ocrx_word' id='word_1_277' title='bbox 3391 1287 3510 1356; x_wconf 93' lang='lat' dir='ltr'><strong>quia</strong></span> <span class='ocrx_word' id='word_1_278' title='bbox 3546 1285 3654 1341; x_wconf 79' lang='lat' dir='ltr'><strong>ira-</strong></span> 
     </span>
    </p>
   </div>
   <div class='ocr_carea' id='block_1_41' title="bbox 2038 1365 3650 1448">
    <p class='ocr_par' dir='ltr' id='par_1_41' title="bbox 2038 1365 3650 1448">
     <span class='ocr_line' id='line_1_41' title="bbox 2038 1365 3650 1448; baseline 0.009 -30"><span class='ocrx_word' id='word_1_279' title='bbox 2038 1365 2259 1436; x_wconf 86' lang='lat' dir='ltr'><strong>gilitatis</strong></span> <span class='ocrx_word' id='word_1_280' title='bbox 2310 1382 2424 1421; x_wconf 84' lang='lat' dir='ltr'><strong>suae</strong></span> <span class='ocrx_word' id='word_1_281' title='bbox 2472 1383 2702 1435; x_wconf 82' lang='lat' dir='ltr'><strong>memor,</strong></span> <span class='ocrx_word' id='word_1_282' title='bbox 2756 1385 2863 1424; x_wconf 89' lang='lat' dir='ltr'><strong>non</strong></span> <span class='ocrx_word' id='word_1_283' title='bbox 2919 1373 3149 1442; x_wconf 88' lang='lat' dir='ltr'><strong>amplius</strong></span> <span class='ocrx_word' id='word_1_284' title='bbox 3210 1377 3437 1445; x_wconf 72' lang='lat' dir='ltr'><strong>qumrit,</strong></span> <span class='ocrx_word' id='word_1_285' title='bbox 3489 1393 3650 1448; x_wconf 91' lang='lat' dir='ltr'><strong>quam</strong></span> 
     </span>
    </p>
   </div>
   <div class='ocr_carea' id='block_1_42' title="bbox 2043 1461 3650 1538">
    <p class='ocr_par' dir='ltr' id='par_1_42' title="bbox 2043 1461 3650 1538">
     <span class='ocr_line' id='line_1_42' title="bbox 2043 1461 3650 1538; baseline 0.007 -24"><span class='ocrx_word' id='word_1_286' title='bbox 2043 1461 2185 1514; x_wconf 90' lang='lat' dir='ltr'><strong>unde</strong></span> <span class='ocrx_word' id='word_1_287' title='bbox 2214 1461 2376 1514; x_wconf 86' lang='lat' dir='ltr'><strong>vitam</strong></span> <span class='ocrx_word' id='word_1_288' title='bbox 2403 1469 2703 1529; x_wconf 90' lang='lat' dir='ltr'><strong>sustentet;</strong></span> <span class='ocrx_word' id='word_1_289' title='bbox 2735 1473 2789 1519; x_wconf 90' lang='lat' dir='ltr'><strong>et</strong></span> <span class='ocrx_word' id='word_1_290' title='bbox 2816 1479 2885 1520; x_wconf 82' lang='lat' dir='ltr'><strong>ex</strong></span> <span class='ocrx_word' id='word_1_291' title='bbox 2914 1481 2980 1520; x_wconf 91' lang='lat' dir='ltr'><strong>eo</strong></span> <span class='ocrx_word' id='word_1_292' title='bbox 3009 1466 3148 1536; x_wconf 88' lang='lat' dir='ltr'><strong>ipso,</strong></span> <span class='ocrx_word' id='word_1_293' title='bbox 3173 1468 3314 1538; x_wconf 93' lang='lat' dir='ltr'><strong>quod</strong></span> <span class='ocrx_word' id='word_1_294' title='bbox 3363 1470 3650 1538; x_wconf 88' lang='lat' dir='ltr'><strong>habuerit,</strong></span> 
     </span>
    </p>
   </div>
   <div class='ocr_carea' id='block_1_43' title="bbox 2041 1553 3654 1633">
    <p class='ocr_par' dir='ltr' id='par_1_43' title="bbox 2041 1553 3654 1633">
     <span class='ocr_line' id='line_1_43' title="bbox 2041 1553 3654 1633; baseline 0.007 -25"><span class='ocrx_word' id='word_1_295' title='bbox 2041 1553 2282 1624; x_wconf 88' lang='lat' dir='ltr'><strong>impertit</strong></span> <span class='ocrx_word' id='word_1_296' title='bbox 2325 1555 2486 1610; x_wconf 89' lang='lat' dir='ltr'><strong>etiam</strong></span> <span class='ocrx_word' id='word_1_297' title='bbox 2535 1571 2644 1611; x_wconf 90' lang='lat' dir='ltr'><strong>non</strong></span> <span class='ocrx_word' id='word_1_298' title='bbox 2700 1556 2958 1623; x_wconf 88' lang='lat' dir='ltr'><strong>habenti,</strong></span> <span class='ocrx_word' id='word_1_299' title='bbox 3011 1560 3135 1630; x_wconf 86' lang='lat' dir='ltr'><strong>quia</strong></span> <span class='ocrx_word' id='word_1_300' title='bbox 3171 1563 3290 1631; x_wconf 91' lang='lat' dir='ltr'><strong>pius</strong></span> <span class='ocrx_word' id='word_1_301' title='bbox 3318 1572 3446 1619; x_wconf 90' lang='lat' dir='ltr'><strong>est:</strong></span> <span class='ocrx_word' id='word_1_302' title='bbox 3479 1565 3654 1633; x_wconf 91' lang='lat' dir='ltr'><strong>pietas</strong></span> 
     </span>
    </p>
   </div>
   <div class='ocr_carea' id='block_1_44' title="bbox 2041 1648 3657 1728">
    <p class='ocr_par' dir='ltr' id='par_1_44' title="bbox 2041 1648 3657 1728">
     <span class='ocr_line' id='line_1_44' title="bbox 2041 1648 3657 1728; baseline 0.006 -27"><span class='ocrx_word' id='word_1_303' title='bbox 2041 1655 2220 1702; x_wconf 86' lang='lat' dir='ltr'><strong>autem</strong></span> <span class='ocrx_word' id='word_1_304' title='bbox 2252 1661 2458 1701; x_wconf 86' lang='lat' dir='ltr'><strong>summa</strong></span> <span class='ocrx_word' id='word_1_305' title='bbox 2492 1648 2660 1704; x_wconf 91' lang='lat' dir='ltr'><strong>virtus</strong></span> <span class='ocrx_word' id='word_1_306' title='bbox 2686 1659 2788 1705; x_wconf 89' lang='lat' dir='ltr'><strong>est.</strong></span> <span class='ocrx_word' id='word_1_307' title='bbox 2823 1652 2903 1707; x_wconf 90' lang='lat' dir='ltr'><strong>Eo</strong></span> <span class='ocrx_word' id='word_1_308' title='bbox 2924 1653 3154 1720; x_wconf 88' lang='lat' dir='ltr'><strong>accedit,</strong></span> <span class='ocrx_word' id='word_1_309' title='bbox 3185 1655 3326 1725; x_wconf 90' lang='lat' dir='ltr'><strong>quod</strong></span> <span class='ocrx_word' id='word_1_310' title='bbox 3352 1657 3657 1728; x_wconf 87' lang='lat' dir='ltr'><strong>voluptates</strong></span> 
     </span>
    </p>
   </div>
   <div class='ocr_carea' id='block_1_45' title="bbox 2041 1739 3654 1820">
    <p class='ocr_par' dir='ltr' id='par_1_45' title="bbox 2041 1739 3654 1820">
     <span class='ocr_line' id='line_1_45' title="bbox 2041 1739 3654 1820; baseline 0.006 -25"><span class='ocrx_word' id='word_1_311' title='bbox 2041 1739 2272 1795; x_wconf 87' lang='lat' dir='ltr'><strong>caducas</strong></span> <span class='ocrx_word' id='word_1_312' title='bbox 2304 1741 2632 1811; x_wconf 84' lang='lat' dir='ltr'><strong>vitiosasque</strong></span> <span class='ocrx_word' id='word_1_313' title='bbox 2660 1745 2978 1812; x_wconf 91' lang='lat' dir='ltr'><strong>contemnit,</strong></span> <span class='ocrx_word' id='word_1_314' title='bbox 3023 1762 3251 1816; x_wconf 89' lang='lat' dir='ltr'><strong>quarum</strong></span> <span class='ocrx_word' id='word_1_315' title='bbox 3309 1764 3474 1804; x_wconf 78' lang='lat' dir='ltr'><strong>causa</strong></span> <span class='ocrx_word' id='word_1_316' title='bbox 3521 1763 3654 1820; x_wconf 90' lang='lat' dir='ltr'><strong>opes</strong></span> 
     </span>
    </p>
   </div>
   <div class='ocr_carea' id='block_1_46' title="bbox 2043 1835 3658 1904">
    <p class='ocr_par' dir='ltr' id='par_1_46' title="bbox 2043 1835 3658 1904">
     <span class='ocr_line' id='line_1_46' title="bbox 2043 1835 3658 1904; baseline 0.006 -17"><span class='ocrx_word' id='word_1_317' title='bbox 2043 1839 2403 1904; x_wconf 89' lang='lat' dir='ltr'><strong>appetuntur;</strong></span> <span class='ocrx_word' id='word_1_318' title='bbox 2457 1835 2710 1904; x_wconf 89' lang='lat' dir='ltr'><strong>quoniam</strong></span> <span class='ocrx_word' id='word_1_319' title='bbox 2767 1839 3052 1893; x_wconf 91' lang='lat' dir='ltr'><strong>continens</strong></span> <span class='ocrx_word' id='word_1_320' title='bbox 3111 1850 3232 1904; x_wconf 88' lang='lat' dir='ltr'><strong>est,</strong></span> <span class='ocrx_word' id='word_1_321' title='bbox 3280 1855 3344 1896; x_wconf 89' lang='lat' dir='ltr'><strong>ac</strong></span> <span class='ocrx_word' id='word_1_322' title='bbox 3375 1841 3658 1896; x_wconf 89' lang='lat' dir='ltr'><strong>libidinum</strong></span> 
     </span>
    </p>
   </div>
   <div class='ocr_carea' id='block_1_47' title="bbox 2044 1927 3657 2004">
    <p class='ocr_par' dir='ltr' id='par_1_47' title="bbox 2044 1927 3657 2004">
     <span class='ocr_line' id='line_1_47' title="bbox 2044 1927 3657 2004; baseline 0.004 -23"><span class='ocrx_word' id='word_1_323' title='bbox 2044 1927 2237 1982; x_wconf 87' lang='lat' dir='ltr'><strong>victor.</strong></span> <span class='ocrx_word' id='word_1_324' title='bbox 2268 1927 2414 1982; x_wconf 90' lang='lat' dir='ltr'><strong>Idem</strong></span> <span class='ocrx_word' id='word_1_325' title='bbox 2448 1927 2579 1982; x_wconf 89' lang='lat' dir='ltr'><strong>nihil</strong></span> <span class='ocrx_word' id='word_1_326' title='bbox 2609 1930 2836 1984; x_wconf 89' lang='lat' dir='ltr'><strong>tumoris</strong></span> <span class='ocrx_word' id='word_1_327' title='bbox 2875 1939 3038 2002; x_wconf 88' lang='lat' dir='ltr'><strong>atque</strong></span> <span class='ocrx_word' id='word_1_328' title='bbox 3080 1932 3381 1986; x_wconf 68' lang='lat' dir='ltr'><strong>insolentia:</strong></span> <span class='ocrx_word' id='word_1_329' title='bbox 3437 1948 3657 2004; x_wconf 78' lang='lat' dir='ltr'><strong>gerens,</strong></span> 
     </span>
    </p>
   </div>
   <div class='ocr_carea' id='block_1_48' title="bbox 2045 2019 3648 2095">
    <p class='ocr_par' dir='ltr' id='par_1_48' title="bbox 2045 2019 3648 2095">
     <span class='ocr_line' id='line_1_48' title="bbox 2045 2019 3648 2095; baseline 0.002 -21"><span class='ocrx_word' id='word_1_330' title='bbox 2045 2033 2152 2074; x_wconf 93' lang='lat' dir='ltr'><strong>non</strong></span> <span class='ocrx_word' id='word_1_331' title='bbox 2184 2019 2401 2074; x_wconf 73' lang='lat' dir='ltr'><strong>extollit</strong></span> <span class='ocrx_word' id='word_1_332' title='bbox 2430 2034 2490 2074; x_wconf 88' lang='lat' dir='ltr'><strong>se</strong></span> <span class='ocrx_word' id='word_1_333' title='bbox 2517 2020 2698 2085; x_wconf 90' lang='lat' dir='ltr'><strong>altius,</strong></span> <span class='ocrx_word' id='word_1_334' title='bbox 2756 2036 2853 2076; x_wconf 91' lang='lat' dir='ltr'><strong>nec</strong></span> <span class='ocrx_word' id='word_1_335' title='bbox 2899 2023 3058 2092; x_wconf 83' lang='lat' dir='ltr'><strong>erigit</strong></span> <span class='ocrx_word' id='word_1_336' title='bbox 3101 2025 3392 2094; x_wconf 88' lang='lat' dir='ltr'><strong>superbum</strong></span> <span class='ocrx_word' id='word_1_337' title='bbox 3441 2034 3648 2095; x_wconf 86' lang='lat' dir='ltr'><strong>caput:</strong></span> 
     </span>
    </p>
   </div>
   <div class='ocr_carea' id='block_1_49' title="bbox 2047 2113 3651 2188">
    <p class='ocr_par' dir='ltr' id='par_1_49' title="bbox 2047 2113 3651 2188">
     <span class='ocr_line' id='line_1_49' title="bbox 2047 2113 3651 2188; baseline 0.001 -18"><span class='ocrx_word' id='word_1_338' title='bbox 2047 2114 2142 2170; x_wconf 90' lang='lat' dir='ltr'><strong>sed</strong></span> <span class='ocrx_word' id='word_1_339' title='bbox 2168 2113 2428 2181; x_wconf 90' lang='lat' dir='ltr'><strong>placidus,</strong></span> <span class='ocrx_word' id='word_1_340' title='bbox 2454 2125 2509 2170; x_wconf 90' lang='lat' dir='ltr'><strong>et</strong></span> <span class='ocrx_word' id='word_1_341' title='bbox 2538 2130 2768 2171; x_wconf 87' lang='lat' dir='ltr'><strong>concors</strong></span> <span class='ocrx_word' id='word_1_342' title='bbox 2796 2125 2850 2170; x_wconf 91' lang='lat' dir='ltr'><strong>et</strong></span> <span class='ocrx_word' id='word_1_343' title='bbox 2880 2117 3071 2180; x_wconf 91' lang='lat' dir='ltr'><strong>comis,</strong></span> <span class='ocrx_word' id='word_1_344' title='bbox 3097 2127 3151 2171; x_wconf 92' lang='lat' dir='ltr'><strong>et</strong></span> <span class='ocrx_word' id='word_1_345' title='bbox 3173 2118 3366 2188; x_wconf 85' lang='lat' dir='ltr'><strong>planus</strong></span> <span class='ocrx_word' id='word_1_346' title='bbox 3397 2127 3499 2183; x_wconf 91' lang='lat' dir='ltr'><strong>est,</strong></span> <span class='ocrx_word' id='word_1_347' title='bbox 3528 2120 3651 2187; x_wconf 90' lang='lat' dir='ltr'><strong>quia</strong></span> 
     </span>
    </p>
   </div>
   <div class='ocr_carea' id='block_1_50' title="bbox 2049 2207 3662 2280">
    <p class='ocr_par' dir='ltr' id='par_1_50' title="bbox 2049 2207 3662 2280">
     <span class='ocr_line' id='line_1_50' title="bbox 2049 2207 3662 2280; baseline 0.002 -17"><span class='ocrx_word' id='word_1_348' title='bbox 2049 2207 2413 2263; x_wconf 89' lang='lat' dir='ltr'><strong>conditionem</strong></span> <span class='ocrx_word' id='word_1_349' title='bbox 2454 2224 2604 2262; x_wconf 88' lang='lat' dir='ltr'><strong>suam</strong></span> <span class='ocrx_word' id='word_1_350' title='bbox 2661 2209 2832 2264; x_wconf 83' lang='lat' dir='ltr'><strong>novit.</strong></span> <span class='ocrx_word' id='word_1_351' title='bbox 2889 2207 3022 2264; x_wconf 88' lang='lat' dir='ltr'><strong>Cum</strong></span> <span class='ocrx_word' id='word_1_352' title='bbox 3072 2225 3203 2280; x_wconf 82' lang='lat' dir='ltr'><strong>ergo</strong></span> <span class='ocrx_word' id='word_1_353' title='bbox 3252 2211 3502 2279; x_wconf 89' lang='lat' dir='ltr'><strong>injuriam</strong></span> <span class='ocrx_word' id='word_1_354' title='bbox 3529 2213 3662 2266; x_wconf 89' lang='lat' dir='ltr'><strong>nulli</strong></span> 
     </span>
    </p>
   </div>
   <div class='ocr_carea' id='block_1_51' title="bbox 2052 2301 3659 2373">
    <p class='ocr_par' dir='ltr' id='par_1_51' title="bbox 2052 2301 3659 2373">
     <span class='ocr_line' id='line_1_51' title="bbox 2052 2301 3659 2373; baseline 0 -17"><span class='ocrx_word' id='word_1_355' title='bbox 2052 2301 2236 2367; x_wconf 79' lang='lat' dir='ltr'><strong>faciat,</strong></span> <span class='ocrx_word' id='word_1_356' title='bbox 2261 2316 2360 2355; x_wconf 91' lang='lat' dir='ltr'><strong>nec</strong></span> <span class='ocrx_word' id='word_1_357' title='bbox 2387 2301 2564 2357; x_wconf 86' lang='lat' dir='ltr'><strong>aliena</strong></span> <span class='ocrx_word' id='word_1_358' title='bbox 2593 2301 2796 2371; x_wconf 90' lang='lat' dir='ltr'><strong>cupiat,</strong></span> <span class='ocrx_word' id='word_1_359' title='bbox 2831 2317 2930 2357; x_wconf 92' lang='lat' dir='ltr'><strong>nec</strong></span> <span class='ocrx_word' id='word_1_360' title='bbox 2956 2317 3049 2356; x_wconf 91' lang='lat' dir='ltr'><strong>sua</strong></span> <span class='ocrx_word' id='word_1_361' title='bbox 3080 2317 3318 2373; x_wconf 92' lang='lat' dir='ltr'><strong>quoque,</strong></span> <span class='ocrx_word' id='word_1_362' title='bbox 3351 2304 3397 2358; x_wconf 89' lang='lat' dir='ltr'><strong>si</strong></span> <span class='ocrx_word' id='word_1_363' title='bbox 3427 2304 3476 2356; x_wconf 88' lang='lat' dir='ltr'><strong>vi</strong></span> <span class='ocrx_word' id='word_1_364' title='bbox 3507 2304 3659 2357; x_wconf 85' lang='lat' dir='ltr'><strong>aufe-</strong></span> 
     </span>
    </p>
   </div>
   <div class='ocr_carea' id='block_1_52' title="bbox 2051 2390 3652 2463">
    <p class='ocr_par' dir='ltr' id='par_1_52' title="bbox 2051 2390 3652 2463">
     <span class='ocr_line' id='line_1_52' title="bbox 2051 2390 3652 2463; baseline 0.001 -14"><span class='ocrx_word' id='word_1_365' title='bbox 2051 2402 2261 2456; x_wconf 89' lang='lat' dir='ltr'><strong>rantur,</strong></span> <span class='ocrx_word' id='word_1_366' title='bbox 2293 2390 2548 2448; x_wconf 79' lang='lat' dir='ltr'><strong>defendat</strong></span> <span class='ocrx_word' id='word_1_367' title='bbox 2577 2411 2589 2447; x_wconf 91' lang='lat'>:</span> <span class='ocrx_word' id='word_1_368' title='bbox 2616 2406 2737 2447; x_wconf 89' lang='lat' dir='ltr'><strong>cum</strong></span> <span class='ocrx_word' id='word_1_369' title='bbox 2768 2393 2902 2447; x_wconf 85' lang='lat' dir='ltr'><strong>sciat</strong></span> <span class='ocrx_word' id='word_1_370' title='bbox 2928 2393 3090 2447; x_wconf 91' lang='lat' dir='ltr'><strong>etiam</strong></span> <span class='ocrx_word' id='word_1_371' title='bbox 3136 2393 3341 2447; x_wconf 88' lang='lat' dir='ltr'><strong>illatam</strong></span> <span class='ocrx_word' id='word_1_372' title='bbox 3401 2394 3652 2463; x_wconf 85' lang='lat' dir='ltr'><strong>injuriam</strong></span> 
     </span>
    </p>
   </div>
   <div class='ocr_carea' id='block_1_53' title="bbox 2051 2485 3658 2556">
    <p class='ocr_par' dir='ltr' id='par_1_53' title="bbox 2051 2485 3658 2556">
     <span class='ocr_line' id='line_1_53' title="bbox 2051 2485 3658 2556; baseline 0 -14"><span class='ocrx_word' id='word_1_373' title='bbox 2051 2486 2330 2542; x_wconf 87' lang='lat' dir='ltr'><strong>moderate</strong></span> <span class='ocrx_word' id='word_1_374' title='bbox 2382 2486 2524 2541; x_wconf 85' lang='lat' dir='ltr'><strong>ferre</strong></span> <span class='ocrx_word' id='word_1_375' title='bbox 2543 2528 2557 2553; x_wconf 90' lang='lat'><strong>,</strong></span> <span class='ocrx_word' id='word_1_376' title='bbox 2611 2487 2736 2556; x_wconf 88' lang='lat' dir='ltr'><strong>quia</strong></span> <span class='ocrx_word' id='word_1_377' title='bbox 2761 2486 2959 2541; x_wconf 86' lang='lat' dir='ltr'><strong>virtute</strong></span> <span class='ocrx_word' id='word_1_378' title='bbox 2986 2485 3244 2555; x_wconf 66' lang='lat' dir='ltr'><strong>prteditus</strong></span> <span class='ocrx_word' id='word_1_379' title='bbox 3275 2495 3359 2541; x_wconf 90' lang='lat' dir='ltr'><strong>est</strong></span> <span class='ocrx_word' id='word_1_380' title='bbox 3393 2507 3405 2541; x_wconf 90' lang='lat'>:</span> <span class='ocrx_word' id='word_1_381' title='bbox 3432 2501 3658 2543; x_wconf 84' lang='lat' dir='ltr'><strong>necesse</strong></span> 
     </span>
    </p>
   </div>
   <div class='ocr_carea' id='block_1_54' title="bbox 2052 2579 3661 2651">
    <p class='ocr_par' dir='ltr' id='par_1_54' title="bbox 2052 2579 3661 2651">
     <span class='ocr_line' id='line_1_54' title="bbox 2052 2579 3661 2651; baseline -0.002 -13"><span class='ocrx_word' id='word_1_382' title='bbox 2052 2590 2136 2638; x_wconf 87' lang='lat' dir='ltr'><strong>est</strong></span> <span class='ocrx_word' id='word_1_383' title='bbox 2183 2581 2387 2651; x_wconf 90' lang='lat' dir='ltr'><strong>justum</strong></span> <span class='ocrx_word' id='word_1_384' title='bbox 2419 2581 2693 2636; x_wconf 88' lang='lat' dir='ltr'><strong>hominem</strong></span> <span class='ocrx_word' id='word_1_385' title='bbox 2727 2580 3028 2650; x_wconf 87' lang='lat' dir='ltr'><strong>subjectum</strong></span> <span class='ocrx_word' id='word_1_386' title='bbox 3057 2595 3179 2635; x_wconf 90' lang='lat' dir='ltr'><strong>esse</strong></span> <span class='ocrx_word' id='word_1_387' title='bbox 3202 2579 3425 2650; x_wconf 87' lang='lat' dir='ltr'><strong>injusto,</strong></span> <span class='ocrx_word' id='word_1_388' title='bbox 3459 2589 3661 2635; x_wconf 88' lang='lat' dir='ltr'><strong>etcon-</strong></span> 
     </span>
    </p>
   </div>
   <div class='ocr_carea' id='block_1_55' title="bbox 2055 2673 3666 2745">
    <p class='ocr_par' dir='ltr' id='par_1_55' title="bbox 2055 2673 3666 2745">
     <span class='ocr_line' id='line_1_55' title="bbox 2055 2673 3666 2745; baseline 0.001 -16"><span class='ocrx_word' id='word_1_389' title='bbox 2055 2675 2288 2731; x_wconf 89' lang='lat' dir='ltr'><strong>tumeliis</strong></span> <span class='ocrx_word' id='word_1_390' title='bbox 2314 2673 2451 2730; x_wconf 80' lang='lat' dir='ltr'><strong>allici</strong></span> <span class='ocrx_word' id='word_1_391' title='bbox 2482 2675 2550 2730; x_wconf 89' lang='lat' dir='ltr'><strong>ab</strong></span> <span class='ocrx_word' id='word_1_392' title='bbox 2579 2674 2865 2744; x_wconf 88' lang='lat' dir='ltr'><strong>insipiente</strong></span> <span class='ocrx_word' id='word_1_393' title='bbox 2889 2675 3208 2745; x_wconf 88' lang='lat' dir='ltr'><strong>sapientem,</strong></span> <span class='ocrx_word' id='word_1_394' title='bbox 3239 2682 3297 2728; x_wconf 89' lang='lat' dir='ltr'><strong>ut</strong></span> <span class='ocrx_word' id='word_1_395' title='bbox 3332 2683 3387 2729; x_wconf 87' lang='lat' dir='ltr'><strong>et</strong></span> <span class='ocrx_word' id='word_1_396' title='bbox 3418 2673 3508 2730; x_wconf 90' lang='lat' dir='ltr'><strong>ille</strong></span> <span class='ocrx_word' id='word_1_397' title='bbox 3538 2689 3666 2744; x_wconf 88' lang='lat' dir='ltr'><strong>pec-</strong></span> 
     </span>
    </p>
   </div>
   <div class='ocr_carea' id='block_1_56' title="bbox 2055 2765 3662 2840">
    <p class='ocr_par' dir='ltr' id='par_1_56' title="bbox 2055 2765 3662 2840">
     <span class='ocr_line' id='line_1_56' title="bbox 2055 2765 3662 2840; baseline 0 -17"><span class='ocrx_word' id='word_1_398' title='bbox 2055 2777 2173 2834; x_wconf 89' lang='lat' dir='ltr'><strong>cet,</strong></span> <span class='ocrx_word' id='word_1_399' title='bbox 2214 2769 2337 2840; x_wconf 91' lang='lat' dir='ltr'><strong>quia</strong></span> <span class='ocrx_word' id='word_1_400' title='bbox 2367 2768 2598 2838; x_wconf 90' lang='lat' dir='ltr'><strong>injustus</strong></span> <span class='ocrx_word' id='word_1_401' title='bbox 2627 2775 2727 2833; x_wconf 87' lang='lat' dir='ltr'><strong>est,</strong></span> <span class='ocrx_word' id='word_1_402' title='bbox 2762 2775 2817 2822; x_wconf 91' lang='lat' dir='ltr'><strong>et</strong></span> <span class='ocrx_word' id='word_1_403' title='bbox 2842 2765 2932 2821; x_wconf 92' lang='lat' dir='ltr'><strong>hic</strong></span> <span class='ocrx_word' id='word_1_404' title='bbox 2983 2767 3035 2821; x_wconf 92' lang='lat' dir='ltr'><strong>in</strong></span> <span class='ocrx_word' id='word_1_405' title='bbox 3086 2769 3403 2823; x_wconf 88' lang='lat' dir='ltr'><strong>servitutem</strong></span> <span class='ocrx_word' id='word_1_406' title='bbox 3467 2768 3662 2834; x_wconf 87' lang='lat' dir='ltr'><strong>abeat,</strong></span> 
     </span>
    </p>
   </div>
   <div class='ocr_carea' id='block_1_57' title="bbox 2053 2861 2507 2933">
    <p class='ocr_par' dir='ltr' id='par_1_57' title="bbox 2053 2861 2507 2933">
     <span class='ocr_line' id='line_1_57' title="bbox 2053 2861 2507 2933; baseline 0.007 -19"><span class='ocrx_word' id='word_1_407' title='bbox 2053 2861 2175 2933; x_wconf 89' lang='lat' dir='ltr'><strong>quia</strong></span> <span class='ocrx_word' id='word_1_408' title='bbox 2201 2861 2376 2931; x_wconf 88' lang='lat' dir='ltr'><strong>justus</strong></span> <span class='ocrx_word' id='word_1_409' title='bbox 2407 2871 2507 2917; x_wconf 86' lang='lat' dir='ltr'><strong>est.</strong></span> 
     </span>
    </p>
   </div>
   <div class='ocr_carea' id='block_1_58' title="bbox 2125 2954 3667 3026">
    <p class='ocr_par' dir='ltr' id='par_1_58' title="bbox 2125 2954 3667 3026">
     <span class='ocr_line' id='line_1_58' title="bbox 2125 2954 3667 3026; baseline -0.001 -16"><span class='ocrx_word' id='word_1_410' title='bbox 2125 2954 2184 3010; x_wconf 92' lang='lat' dir='ltr'><strong>Si</strong></span> <span class='ocrx_word' id='word_1_411' title='bbox 2212 2955 2332 3026; x_wconf 89' lang='lat' dir='ltr'><strong>quis</strong></span> <span class='ocrx_word' id='word_1_412' title='bbox 2362 2963 2542 3010; x_wconf 90' lang='lat' dir='ltr'><strong>autem</strong></span> <span class='ocrx_word' id='word_1_413' title='bbox 2581 2955 2729 3010; x_wconf 85' lang='lat' dir='ltr'><strong>volet</strong></span> <span class='ocrx_word' id='word_1_414' title='bbox 2777 2956 2918 3010; x_wconf 91' lang='lat' dir='ltr'><strong>scire</strong></span> <span class='ocrx_word' id='word_1_415' title='bbox 2966 2955 3202 3025; x_wconf 90' lang='lat' dir='ltr'><strong>plenius,</strong></span> <span class='ocrx_word' id='word_1_416' title='bbox 3255 2969 3352 3010; x_wconf 84' lang='lat' dir='ltr'><strong>cur</strong></span> <span class='ocrx_word' id='word_1_417' title='bbox 3397 2955 3570 3009; x_wconf 92' lang='lat' dir='ltr'><strong>malos</strong></span> <span class='ocrx_word' id='word_1_418' title='bbox 3611 2961 3667 3009; x_wconf 90' lang='lat' dir='ltr'><strong>et</strong></span> 
     </span>
    </p>
   </div>
   <div class='ocr_carea' id='block_1_59' title="bbox 2053 3046 3660 3116">
    <p class='ocr_par' dir='ltr' id='par_1_59' title="bbox 2053 3046 3660 3116">
     <span class='ocr_line' id='line_1_59' title="bbox 2053 3046 3660 3116; baseline -0.002 -14"><span class='ocrx_word' id='word_1_419' title='bbox 2053 3046 2282 3116; x_wconf 89' lang='lat' dir='ltr'><strong>injustos</strong></span> <span class='ocrx_word' id='word_1_420' title='bbox 2309 3046 2453 3101; x_wconf 87' lang='lat' dir='ltr'><strong>Deus</strong></span> <span class='ocrx_word' id='word_1_421' title='bbox 2480 3055 2759 3116; x_wconf 91' lang='lat' dir='ltr'><strong>potentes,</strong></span> <span class='ocrx_word' id='word_1_422' title='bbox 2811 3047 3002 3102; x_wconf 89' lang='lat' dir='ltr'><strong>beatos</strong></span> <span class='ocrx_word' id='word_1_423' title='bbox 3023 3057 3075 3102; x_wconf 91' lang='lat' dir='ltr'><strong>et</strong></span> <span class='ocrx_word' id='word_1_424' title='bbox 3105 3047 3302 3102; x_wconf 89' lang='lat' dir='ltr'><strong>divites</strong></span> <span class='ocrx_word' id='word_1_425' title='bbox 3333 3047 3450 3102; x_wconf 84' lang='lat' dir='ltr'><strong>ﬁeri</strong></span> <span class='ocrx_word' id='word_1_426' title='bbox 3481 3047 3660 3111; x_wconf 88' lang='lat' dir='ltr'><strong>sinat;</strong></span> 
     </span>
    </p>
   </div>
   <div class='ocr_carea' id='block_1_60' title="bbox 343 3131 3665 3212">
    <p class='ocr_par' dir='ltr' id='par_1_60' title="bbox 343 3131 3665 3212">
     <span class='ocr_line' id='line_1_60' title="bbox 343 3131 3665 3212; baseline 0 -19"><span class='ocrx_word' id='word_1_427' title='bbox 343 3135 610 3207; x_wconf 86' lang='lat' dir='ltr'><strong>potentia,</strong></span> <span class='ocrx_word' id='word_1_428' title='bbox 642 3145 696 3194; x_wconf 89' lang='lat' dir='ltr'><strong>et</strong></span> <span class='ocrx_word' id='word_1_429' title='bbox 741 3136 1038 3194; x_wconf 86' lang='lat' dir='ltr'><strong>honoribus</strong></span> <span class='ocrx_word' id='word_1_430' title='bbox 1059 3135 1274 3195; x_wconf 86' lang='lat' dir='ltr'><strong>ﬂorent.</strong></span> <span class='ocrx_word' id='word_1_431' title='bbox 1298 3137 1425 3194; x_wconf 73' lang='lat' dir='ltr'><strong>Haec</strong></span> <span class='ocrx_word' id='word_1_432' title='bbox 1451 3139 1595 3194; x_wconf 90' lang='lat' dir='ltr'><strong>enim</strong></span> <span class='ocrx_word' id='word_1_433' title='bbox 1627 3149 1820 3196; x_wconf 90' lang='lat' dir='ltr'><strong>cuncta</strong></span> <span class='ocrx_word' id='word_1_434' title='bbox 1872 3141 1953 3196; x_wconf 89' lang='lat' dir='ltr'><strong>in-</strong></span> <span class='ocrx_word' id='word_1_435' title='bbox 1982 3131 2027 3194; x_wconf 89' lang='lat' dir='ltr'>C</span> <span class='ocrx_word' id='word_1_436' title='bbox 2061 3141 2177 3212; x_wconf 92' lang='lat' dir='ltr'><strong>pios</strong></span> <span class='ocrx_word' id='word_1_437' title='bbox 2203 3150 2414 3209; x_wconf 91' lang='lat' dir='ltr'><strong>contra,</strong></span> <span class='ocrx_word' id='word_1_438' title='bbox 2439 3141 2696 3208; x_wconf 88' lang='lat' dir='ltr'><strong>humiles,</strong></span> <span class='ocrx_word' id='word_1_439' title='bbox 2724 3141 2975 3208; x_wconf 89' lang='lat' dir='ltr'><strong>miseros,</strong></span> <span class='ocrx_word' id='word_1_440' title='bbox 3006 3141 3196 3212; x_wconf 89' lang='lat' dir='ltr'><strong>inopes</strong></span> <span class='ocrx_word' id='word_1_441' title='bbox 3227 3154 3350 3196; x_wconf 90' lang='lat' dir='ltr'><strong>esse</strong></span> <span class='ocrx_word' id='word_1_442' title='bbox 3395 3140 3665 3210; x_wconf 84' lang='lat' dir='ltr'><strong>patiatur:</strong></span> 
     </span>
    </p>
   </div>
   <div class='ocr_carea' id='block_1_61' title="bbox 1683 3306 2310 3365">
    <p class='ocr_par' dir='ltr' id='par_1_61' title="bbox 1683 3306 2310 3365">
     <span class='ocr_line' id='line_1_61' title="bbox 1683 3306 2310 3365; baseline 0.003 -3"><span class='ocrx_word' id='word_1_443' title='bbox 1683 3307 1770 3364; x_wconf 82' lang='lat' dir='ltr'><strong>VA</strong></span> <span class='ocrx_word' id='word_1_444' title='bbox 1780 3306 2043 3365; x_wconf 81' lang='lat' dir='ltr'><strong>RIORUM</strong></span> <span class='ocrx_word' id='word_1_445' title='bbox 2080 3307 2310 3365; x_wconf 66' lang='lat' dir='ltr'><strong>NOTAE.</strong></span> 
     </span>
    </p>
   </div>
   <div class='ocr_carea' id='block_1_62' title="bbox 417 3465 1941 3542">
    <p class='ocr_par' dir='ltr' id='par_1_62' title="bbox 417 3465 1941 3542">
     <span class='ocr_line' id='line_1_62' title="bbox 417 3465 1941 3542; baseline -0.007 -13"><span class='ocrx_word' id='word_1_446' title='bbox 417 3473 702 3529; x_wconf 82' lang='lat' dir='ltr'><strong>Celebrant.</strong></span> <span class='ocrx_word' id='word_1_447' title='bbox 732 3473 856 3528; x_wconf 83' lang='lat' dir='ltr'><strong>Mss.</strong></span> <span class='ocrx_word' id='word_1_448' title='bbox 886 3472 923 3527; x_wconf 72' lang='lat'><strong>&#39;2</strong></span> <span class='ocrx_word' id='word_1_449' title='bbox 950 3471 1084 3542; x_wconf 82' lang='lat' dir='ltr'><strong>Reg.</strong></span> <span class='ocrx_word' id='word_1_450' title='bbox 1118 3484 1252 3538; x_wconf 91' lang='lat' dir='ltr'><strong>rec.,</strong></span> <span class='ocrx_word' id='word_1_451' title='bbox 1308 3467 1462 3542; x_wconf 82' lang='lat' dir='ltr'><strong>Cant.</strong></span> <span class='ocrx_word' id='word_1_452' title='bbox 1503 3467 1624 3542; x_wconf 58' lang='lat' dir='ltr'><strong>et}</strong></span> <span class='ocrx_word' id='word_1_453' title='bbox 1651 3465 1781 3521; x_wconf 88' lang='lat' dir='ltr'><strong>edit.</strong></span> <span class='ocrx_word' id='word_1_454' title='bbox 1815 3482 1941 3520; x_wconf 79' lang='lat' dir='ltr'><strong>con~</strong></span> 
     </span>
    </p>
   </div>
   <div class='ocr_carea' id='block_1_63' title="bbox 345 3539 1945 3618">
    <p class='ocr_par' dir='ltr' id='par_1_63' title="bbox 345 3539 1945 3618">
     <span class='ocr_line' id='line_1_63' title="bbox 345 3539 1945 3618; baseline -0.006 -17"><span class='ocrx_word' id='word_1_455' title='bbox 345 3546 602 3601; x_wconf 89' lang='lat' dir='ltr'><strong>celebrant</strong></span> <span class='ocrx_word' id='word_1_456' title='bbox 620 3546 696 3612; x_wconf 86' lang='lat' dir='ltr'><strong>;I</strong></span> <span class='ocrx_word' id='word_1_457' title='bbox 753 3546 822 3600; x_wconf 92' lang='lat' dir='ltr'><strong>al.</strong></span> <span class='ocrx_word' id='word_1_458' title='bbox 875 3544 1008 3618; x_wconf 80' lang='lat' dir='ltr'><strong>Reg.</strong></span> <span class='ocrx_word' id='word_1_459' title='bbox 1038 3539 1171 3618; x_wconf 54' lang='lat' dir='ltr'><strong>&#39;rec.</strong></span> <span class='ocrx_word' id='word_1_460' title='bbox 1249 3540 1501 3618; x_wconf 80' lang='lat' dir='ltr'><strong>colebant.</strong></span> <span class='ocrx_word' id='word_1_461' title='bbox 1565 3539 1945 3618; x_wconf 79' lang='lat' dir='ltr'><strong>Bunemannus</strong></span> 
     </span>
    </p>
   </div>
   <div class='ocr_carea' id='block_1_64' title="bbox 343 3612 1944 3681">
    <p class='ocr_par' dir='ltr' id='par_1_64' title="bbox 343 3612 1944 3681">
     <span class='ocr_line' id='line_1_64' title="bbox 343 3612 1944 3681; baseline -0.006 -11"><span class='ocrx_word' id='word_1_462' title='bbox 343 3633 476 3671; x_wconf 75' lang='lat' dir='ltr'><strong>vero</strong></span> <span class='ocrx_word' id='word_1_463' title='bbox 505 3618 689 3681; x_wconf 82' lang='lat' dir='ltr'><strong>habet,</strong></span> <span class='ocrx_word' id='word_1_464' title='bbox 719 3618 931 3671; x_wconf 77' lang='lat' dir='ltr'><strong>summis</strong></span> <span class='ocrx_word' id='word_1_465' title='bbox 961 3612 1196 3670; x_wconf 80' lang='lat' dir='ltr'><strong>laudibus</strong></span> <span class='ocrx_word' id='word_1_466' title='bbox 1218 3612 1590 3671; x_wconf 81' lang='lat' dir='ltr'><strong>concelebrant,</strong></span> <span class='ocrx_word' id='word_1_467' title='bbox 1621 3618 1676 3663; x_wconf 84' lang='lat' dir='ltr'><strong>et</strong></span> <span class='ocrx_word' id='word_1_468' title='bbox 1705 3612 1806 3681; x_wconf 77' lang='lat' dir='ltr'><strong>_sic</strong></span> <span class='ocrx_word' id='word_1_469' title='bbox 1855 3623 1944 3681; x_wconf 80' lang='lat' dir='ltr'><strong>ra-</strong></span> 
     </span>
    </p>
   </div>
   <div class='ocr_carea' id='block_1_65' title="bbox 347 3679 1948 3756">
    <p class='ocr_par' dir='ltr' id='par_1_65' title="bbox 347 3679 1948 3756">
     <span class='ocr_line' id='line_1_65' title="bbox 347 3679 1948 3756; baseline -0.005 -15"><span class='ocrx_word' id='word_1_470' title='bbox 347 3689 547 3743; x_wconf 89' lang='lat' dir='ltr'><strong>tionem</strong></span> <span class='ocrx_word' id='word_1_471' title='bbox 579 3679 752 3744; x_wconf 86' lang='lat' dir='ltr'><strong>reddit</strong></span> <span class='ocrx_word' id='word_1_472' title='bbox 774 3687 934 3756; x_wconf 84' lang='lat' dir='ltr'><strong>hujus</strong></span> <span class='ocrx_word' id='word_1_473' title='bbox 962 3685 1205 3741; x_wconf 83' lang='lat' dir='ltr'><strong>lectionis</strong></span> <span class='ocrx_word' id='word_1_474' title='bbox 1232 3679 1948 3756; x_wconf 50' lang='lat' dir='ltr'><strong>variantis—liis.Cantahr.</strong></span> 
     </span>
    </p>
   </div>
   <div class='ocr_carea' id='block_1_66' title="bbox 346 3753 1950 3822">
    <p class='ocr_par' dir='ltr' id='par_1_66' title="bbox 346 3753 1950 3822">
     <span class='ocr_line' id='line_1_66' title="bbox 346 3753 1950 3822; baseline -0.007 -7"><span class='ocrx_word' id='word_1_475' title='bbox 346 3769 404 3815; x_wconf 87' lang='lat' dir='ltr'><strong>et</strong></span> <span class='ocrx_word' id='word_1_476' title='bbox 427 3769 578 3815; x_wconf 85' lang='lat' dir='ltr'><strong>vetus</strong></span> <span class='ocrx_word' id='word_1_477' title='bbox 606 3761 692 3816; x_wconf 91' lang='lat' dir='ltr'><strong>ed.</strong></span> <span class='ocrx_word' id='word_1_478' title='bbox 723 3753 908 3822; x_wconf 54' lang='lat' dir='ltr'><strong>Rcui,</strong></span> <span class='ocrx_word' id='word_1_479' title='bbox 939 3756 1316 3819; x_wconf 78' lang='lat' dir='ltr'><strong>concelebrant,</strong></span> <span class='ocrx_word' id='word_1_480' title='bbox 1336 3755 1476 3820; x_wconf 87' lang='lat' dir='ltr'><strong>quod</strong></span> <span class='ocrx_word' id='word_1_481' title='bbox 1500 3753 1675 3822; x_wconf 84' lang='lat' dir='ltr'><strong>aptius</strong></span> <span class='ocrx_word' id='word_1_482' title='bbox 1703 3764 1950 3811; x_wconf 87' lang='lat' dir='ltr'><strong>numero.</strong></span> 
     </span>
    </p>
   </div>
   <div class='ocr_carea' id='block_1_67' title="bbox 345 3823 1954 3896">
    <p class='ocr_par' dir='ltr' id='par_1_67' title="bbox 345 3823 1954 3896">
     <span class='ocr_line' id='line_1_67' title="bbox 345 3823 1954 3896; baseline -0.006 -11"><span class='ocrx_word' id='word_1_483' title='bbox 345 3831 502 3895; x_wconf 87' lang='lat' dir='ltr'><strong>cujus</strong></span> <span class='ocrx_word' id='word_1_484' title='bbox 551 3831 1058 3887; x_wconf 85' lang='lat' dir='ltr'><strong>observantissimus</strong></span> <span class='ocrx_word' id='word_1_485' title='bbox 1102 3839 1286 3882; x_wconf 85' lang='lat' dir='ltr'><strong>noster</strong></span> <span class='ocrx_word' id='word_1_486' title='bbox 1337 3835 1442 3890; x_wconf 89' lang='lat' dir='ltr'><strong>est,</strong></span> <span class='ocrx_word' id='word_1_487' title='bbox 1495 3841 1651 3896; x_wconf 84' lang='lat' dir='ltr'><strong>quam</strong></span> <span class='ocrx_word' id='word_1_488' title='bbox 1679 3823 1954 3892; x_wconf 83' lang='lat' dir='ltr'><strong>vulgatum</strong></span> 
     </span>
    </p>
   </div>
   <div class='ocr_carea' id='block_1_68' title="bbox 346 3903 1902 3976">
    <p class='ocr_par' dir='ltr' id='par_1_68' title="bbox 346 3903 1902 3976">
     <span class='ocr_line' id='line_1_68' title="bbox 346 3903 1902 3976; baseline 0.015 -22"><span class='ocrx_word' id='word_1_489' title='bbox 346 3903 625 3976; x_wconf 71' lang='lat' dir='ltr'><strong>celebrant.</strong></span> <span class='ocrx_word' id='word_1_490' title='bbox 648 3904 813 3958; x_wconf 74' lang='lat' dir='ltr'><strong>CELL.</strong></span> <span class='ocrx_word' id='word_1_491' title='bbox 1128 3972 1137 3976; x_wconf 91' lang='lat'><em>_</em></span> <span class='ocrx_word' id='word_1_492' title='bbox 1248 3973 1258 3976; x_wconf 92' lang='lat'>_</span> <span class='ocrx_word' id='word_1_493' title='bbox 1717 3963 1753 3976; x_wconf 62' lang='grc' dir='ltr'><strong><em>η</em></strong></span> <span class='ocrx_word' id='word_1_494' title='bbox 1820 3965 1832 3976; x_wconf 97' lang='grc'><em>.</em></span> <span class='ocrx_word' id='word_1_495' title='bbox 1875 3964 1902 3976; x_wconf 24' lang='grc' dir='ltr'><strong>Α.</strong></span> 
     </span>
    </p>
   </div>
   <div class='ocr_carea' id='block_1_69' title="bbox 426 3963 1955 4046">
    <p class='ocr_par' dir='ltr' id='par_1_69' title="bbox 426 3963 1955 4046">
     <span class='ocr_line' id='line_1_69' title="bbox 426 3963 1955 4046; baseline -0.008 -19"><span class='ocrx_word' id='word_1_496' title='bbox 426 3973 674 4030; x_wconf 83' lang='lat' dir='ltr'><strong>Perlatio.</strong></span> <span class='ocrx_word' id='word_1_497' title='bbox 718 3976 844 4046; x_wconf 18' lang='lat' dir='ltr'><strong>iVox</strong></span> <span class='ocrx_word' id='word_1_498' title='bbox 896 3987 1011 4026; x_wconf 86' lang='lat' dir='ltr'><strong>rara</strong></span> <span class='ocrx_word' id='word_1_499' title='bbox 1056 3972 1139 4046; x_wconf 83' lang='lat' dir='ltr'><strong>v_el</strong></span> <span class='ocrx_word' id='word_1_500' title='bbox 1189 3973 1350 4046; x_wconf 83' lang='lat' dir='ltr'><strong>etiam</strong></span> <span class='ocrx_word' id='word_1_501' title='bbox 1406 3983 1668 4046; x_wconf 84' lang='lat' dir='ltr'><strong>nova._—-</strong></span> <span class='ocrx_word' id='word_1_502' title='bbox 1697 3963 1955 4046; x_wconf 43' lang='lat' dir='ltr'><strong>.Perlatio.</strong></span> 
     </span>
    </p>
   </div>
   <div class='ocr_carea' id='block_1_70' title="bbox 347 4037 1964 4110">
    <p class='ocr_par' dir='ltr' id='par_1_70' title="bbox 347 4037 1964 4110">
     <span class='ocr_line' id='line_1_70' title="bbox 347 4037 1964 4110; baseline -0.007 -12"><span class='ocrx_word' id='word_1_503' title='bbox 347 4043 660 4100; x_wconf 85' lang='lat' dir='ltr'><strong>Tolerantia.</strong></span> <span class='ocrx_word' id='word_1_504' title='bbox 713 4045 825 4100; x_wconf 87' lang='lat' dir='ltr'><strong>Hoc</strong></span> <span class='ocrx_word' id='word_1_505' title='bbox 867 4057 1024 4098; x_wconf 89' lang='lat' dir='ltr'><strong>sensu</strong></span> <span class='ocrx_word' id='word_1_506' title='bbox 1080 4042 1416 4103; x_wconf 88' lang='lat' dir='ltr'><strong>Lactantius,</strong></span> <span class='ocrx_word' id='word_1_507' title='bbox 1448 4037 1588 4110; x_wconf 90' lang='lat' dir='ltr'><strong>quod</strong></span> <span class='ocrx_word' id='word_1_508' title='bbox 1637 4037 1822 4110; x_wconf 82' lang='lat' dir='ltr'><strong>sciam,</strong></span> <span class='ocrx_word' id='word_1_509' title='bbox 1857 4037 1964 4103; x_wconf 89' lang='lat' dir='ltr'><strong>pri-</strong></span> 
     </span>
    </p>
   </div>
   <div class='ocr_carea' id='block_1_71' title="bbox 350 4107 1964 4181">
    <p class='ocr_par' dir='ltr' id='par_1_71' title="bbox 350 4107 1964 4181">
     <span class='ocr_line' id='line_1_71' title="bbox 350 4107 1964 4181; baseline -0.006 -12"><span class='ocrx_word' id='word_1_510' title='bbox 350 4131 470 4171; x_wconf 92' lang='lat' dir='ltr'><strong>mus</strong></span> <span class='ocrx_word' id='word_1_511' title='bbox 499 4118 650 4172; x_wconf 79' lang='lat' dir='ltr'><strong>dixit.</strong></span> <span class='ocrx_word' id='word_1_512' title='bbox 681 4116 835 4172; x_wconf 85' lang='lat' dir='ltr'><strong>Conf.</strong></span> <span class='ocrx_word' id='word_1_513' title='bbox 873 4123 984 4169; x_wconf 91' lang='lat' dir='ltr'><strong>not.</strong></span> <span class='ocrx_word' id='word_1_514' title='bbox 1019 4113 1083 4168; x_wconf 90' lang='lat' dir='ltr'><strong>ad</strong></span> <span class='ocrx_word' id='word_1_515' title='bbox 1109 4113 1203 4166; x_wconf 89' lang='lat' dir='ltr'><strong>lib.</strong></span> <span class='ocrx_word' id='word_1_516' title='bbox 1253 4128 1331 4178; x_wconf 87' lang='lat' dir='ltr'><strong>Ill,</strong></span> <span class='ocrx_word' id='word_1_517' title='bbox 1387 4107 1506 4181; x_wconf 83' lang='lat' dir='ltr'><strong>cap.</strong></span> <span class='ocrx_word' id='word_1_518' title='bbox 1541 4109 1613 4175; x_wconf 76' lang='lat'><strong>2;</strong></span> <span class='ocrx_word' id='word_1_519' title='bbox 1670 4107 1806 4181; x_wconf 86' lang='lat' dir='ltr'><strong>alios</strong></span> <span class='ocrx_word' id='word_1_520' title='bbox 1833 4121 1964 4162; x_wconf 90' lang='lat' dir='ltr'><strong>eusu</strong></span> 
     </span>
    </p>
   </div>
   <div class='ocr_carea' id='block_1_72' title="bbox 350 4179 1963 4258">
    <p class='ocr_par' dir='ltr' id='par_1_72' title="bbox 350 4179 1963 4258">
     <span class='ocr_line' id='line_1_72' title="bbox 350 4179 1963 4258; baseline -0.007 -17"><span class='ocrx_word' id='word_1_521' title='bbox 350 4187 538 4258; x_wconf 80' lang='lat' dir='ltr'><strong>lexieis</strong></span> <span class='ocrx_word' id='word_1_522' title='bbox 571 4189 750 4258; x_wconf 85' lang='lat' dir='ltr'><strong>ignoto</strong></span> <span class='ocrx_word' id='word_1_523' title='bbox 774 4188 1009 4255; x_wconf 76' lang='lat' dir='ltr'><strong>Hyginus</strong></span> <span class='ocrx_word' id='word_1_524' title='bbox 1039 4185 1088 4239; x_wconf 89' lang='lat' dir='ltr'><strong>in</strong></span> <span class='ocrx_word' id='word_1_525' title='bbox 1120 4184 1323 4254; x_wconf 69' lang='lat' dir='ltr'><strong>praafat.</strong></span> <span class='ocrx_word' id='word_1_526' title='bbox 1355 4179 1519 4258; x_wconf 39' lang='lat' dir='ltr'><strong>lib.&#39;t.</strong></span> <span class='ocrx_word' id='word_1_527' title='bbox 1537 4191 1677 4258; x_wconf 77' lang='lat' dir='ltr'><strong>poet.</strong></span> <span class='ocrx_word' id='word_1_528' title='bbox 1707 4179 1922 4258; x_wconf 77' lang='lat' dir='ltr'><strong>Astrou.</strong></span> <span class='ocrx_word' id='word_1_529' title='bbox 1952 4196 1963 4229; x_wconf 87' lang='lat'>:</span> 
     </span>
    </p>
   </div>
   <div class='ocr_carea' id='block_1_73' title="bbox 356 4250 1968 4330">
    <p class='ocr_par' dir='ltr' id='par_1_73' title="bbox 356 4250 1968 4330">
     <span class='ocr_line' id='line_1_73' title="bbox 356 4250 1968 4330; baseline -0.006 -18"><span class='ocrx_word' id='word_1_530' title='bbox 356 4250 771 4330; x_wconf 61' lang='lat' dir='ltr'><strong>Uniuscufusque</strong></span> <span class='ocrx_word' id='word_1_531' title='bbox 824 4250 1063 4312; x_wconf 78' lang='lat' dir='ltr'><strong>historias</strong></span> <span class='ocrx_word' id='word_1_532' title='bbox 1116 4250 1422 4325; x_wconf 71' lang='lat' dir='ltr'><strong>causamque</strong></span> <span class='ocrx_word' id='word_1_533' title='bbox 1450 4257 1520 4308; x_wconf 86' lang='lat' dir='ltr'><strong>ad</strong></span> <span class='ocrx_word' id='word_1_534' title='bbox 1541 4250 1546 4251; x_wconf 26' lang='grc' dir='ltr'>ί</span> <span class='ocrx_word' id='word_1_535' title='bbox 1574 4254 1742 4307; x_wconf 81' lang='lat' dir='ltr'><strong>sidera</strong></span> <span class='ocrx_word' id='word_1_536' title='bbox 1762 4250 1968 4330; x_wconf 49' lang='lat' dir='ltr'><strong>“perla-</strong></span> 
     </span>
    </p>
   </div>
   <div class='ocr_carea' id='block_1_74' title="bbox 352 4322 1891 4397">
    <p class='ocr_par' dir='ltr' id='par_1_74' title="bbox 352 4322 1891 4397">
     <span class='ocr_line' id='line_1_74' title="bbox 352 4322 1891 4397; baseline -0.003 -13"><span class='ocrx_word' id='word_1_537' title='bbox 352 4332 506 4385; x_wconf 77' lang='lat' dir='ltr'><strong>tionis</strong></span> <span class='ocrx_word' id='word_1_538' title='bbox 534 4322 865 4386; x_wconf 67' lang='lat' dir='ltr'><strong>ostendimus.</strong></span> <span class='ocrx_word' id='word_1_539' title='bbox 1337 4322 1346 4325; x_wconf 52' lang='grc'>⁷</span> <span class='ocrx_word' id='word_1_540' title='bbox 1727 4392 1732 4397; x_wconf 88' lang='lat'><strong>_</strong></span> <span class='ocrx_word' id='word_1_541' title='bbox 1760 4322 1891 4376; x_wconf 80' lang='lat' dir='ltr'><strong>BUN.</strong></span> 
     </span>
    </p>
   </div>
   <div class='ocr_carea' id='block_1_75' title="bbox 425 4400 1315 4474">
    <p class='ocr_par' dir='ltr' id='par_1_75' title="bbox 425 4400 1315 4474">
     <span class='ocr_line' id='line_1_75' title="bbox 425 4400 1315 4474; baseline -0.003 -18"><span class='ocrx_word' id='word_1_542' title='bbox 425 4401 548 4474; x_wconf 82' lang='lat' dir='ltr'><strong>Non</strong></span> <span class='ocrx_word' id='word_1_543' title='bbox 573 4413 756 4474; x_wconf 78' lang='lat' dir='ltr'><strong>potest.</strong></span> <span class='ocrx_word' id='word_1_544' title='bbox 789 4402 840 4457; x_wconf 91' lang='lat' dir='ltr'><strong>Id</strong></span> <span class='ocrx_word' id='word_1_545' title='bbox 869 4411 950 4457; x_wconf 87' lang='lat' dir='ltr'><strong>est</strong></span> <span class='ocrx_word' id='word_1_546' title='bbox 973 4400 1104 4474; x_wconf 72' lang='lat' dir='ltr'><strong>,_ui:t:</strong></span> <span class='ocrx_word' id='word_1_547' title='bbox 1135 4408 1315 4474; x_wconf 70' lang='lat' dir='ltr'><strong>potest.</strong></span> 
     </span>
    </p>
   </div>
   <div class='ocr_carea' id='block_1_76' title="bbox 437 4464 1968 4545">
    <p class='ocr_par' dir='ltr' id='par_1_76' title="bbox 437 4464 1968 4545">
     <span class='ocr_line' id='line_1_76' title="bbox 437 4464 1968 4545; baseline -0.004 -21"><span class='ocrx_word' id='word_1_548' title='bbox 437 4464 582 4528; x_wconf 41' lang='lat' dir='ltr'><strong>Vitio.</strong></span> <span class='ocrx_word' id='word_1_549' title='bbox 603 4486 904 4545; x_wconf 86' lang='lat' dir='ltr'><strong>peccatoque</strong></span> <span class='ocrx_word' id='word_1_550' title='bbox 928 4464 1198 4545; x_wconf 74' lang='lat' dir='ltr'><strong>subjectus.</strong></span> <span class='ocrx_word' id='word_1_551' title='bbox 1225 4469 1356 4545; x_wconf 69' lang='lat' dir='ltr'><strong>Post</strong></span> <span class='ocrx_word' id='word_1_552' title='bbox 1387 4468 1501 4521; x_wconf 73' lang='lat' dir='ltr'><strong>hmc</strong></span> <span class='ocrx_word' id='word_1_553' title='bbox 1526 4466 1689 4545; x_wconf 64' lang='lat' dir='ltr'><strong>verba</strong></span> <span class='ocrx_word' id='word_1_554' title='bbox 1710 4506 1725 4532; x_wconf 91' lang='lat'><strong>,</strong></span> <span class='ocrx_word' id='word_1_555' title='bbox 1771 4479 1901 4519; x_wconf 89' lang='lat' dir='ltr'><strong>mss.</strong></span> <span class='ocrx_word' id='word_1_556' title='bbox 1930 4464 1968 4518; x_wconf 69' lang='grc'>2</span> 
     </span>
    </p>
   </div>
   <div class='ocr_carea' id='block_1_77' title="bbox 355 4537 1971 4618">
    <p class='ocr_par' dir='ltr' id='par_1_77' title="bbox 355 4537 1971 4618">
     <span class='ocr_line' id='line_1_77' title="bbox 355 4537 1971 4618; baseline -0.007 -17"><span class='ocrx_word' id='word_1_557' title='bbox 355 4537 893 4618; x_wconf 73' lang='lat' dir='ltr'><strong>Reg.qttorttmtmus</strong></span> <span class='ocrx_word' id='word_1_558' title='bbox 915 4537 1432 4618; x_wconf 12' lang='lat' dir='ltr'><strong>rest&#39;alttiquisimus,</strong></span> <span class='ocrx_word' id='word_1_559' title='bbox 1465 4546 1522 4591; x_wconf 89' lang='lat' dir='ltr'><strong>et</strong></span> <span class='ocrx_word' id='word_1_560' title='bbox 1549 4537 1736 4618; x_wconf 59' lang='lat' dir='ltr'><strong>alarm.</strong></span> <span class='ocrx_word' id='word_1_561' title='bbox 1770 4549 1971 4618; x_wconf 78' lang='lat' dir='ltr'><strong>sexque</strong></span> 
     </span>
    </p>
   </div>
   <div class='ocr_carea' id='block_1_78' title="bbox 2053 3464 3664 3535">
    <p class='ocr_par' dir='ltr' id='par_1_78' title="bbox 2053 3464 3664 3535">
     <span class='ocr_line' id='line_1_78' title="bbox 2053 3464 3664 3535; baseline -0.001 -14"><span class='ocrx_word' id='word_1_562' title='bbox 2053 3467 2166 3521; x_wconf 89' lang='lat' dir='ltr'><strong>dem</strong></span> <span class='ocrx_word' id='word_1_563' title='bbox 2225 3467 2550 3532; x_wconf 85' lang='lat' dir='ltr'><strong>conditione,</strong></span> <span class='ocrx_word' id='word_1_564' title='bbox 2619 3467 2862 3529; x_wconf 89' lang='lat' dir='ltr'><strong>omisso,</strong></span> <span class='ocrx_word' id='word_1_565' title='bbox 2911 3473 2976 3520; x_wconf 82' lang='lat' dir='ltr'><strong>et.</strong></span> <span class='ocrx_word' id='word_1_566' title='bbox 3020 3465 3208 3530; x_wconf 74' lang='lat' dir='ltr'><strong>60th.,</strong></span> <span class='ocrx_word' id='word_1_567' title='bbox 3251 3465 3437 3535; x_wconf 86' lang='lat' dir='ltr'><strong>Angl.,</strong></span> <span class='ocrx_word' id='word_1_568' title='bbox 3481 3464 3664 3531; x_wconf 81' lang='lat' dir='ltr'><strong>Rost.,</strong></span> 
     </span>
    </p>
   </div>
   <div class='ocr_carea' id='block_1_79' title="bbox 2053 3536 3657 3606">
    <p class='ocr_par' dir='ltr' id='par_1_79' title="bbox 2053 3536 3657 3606">
     <span class='ocr_line' id='line_1_79' title="bbox 2053 3536 3657 3606; baseline -0.001 -14"><span class='ocrx_word' id='word_1_569' title='bbox 2053 3537 2192 3594; x_wconf 83' lang='lat' dir='ltr'><strong>Ven.</strong></span> <span class='ocrx_word' id='word_1_570' title='bbox 2229 3538 2390 3604; x_wconf 78' lang='lat' dir='ltr'><strong>H95,</strong></span> <span class='ocrx_word' id='word_1_571' title='bbox 2421 3540 2511 3602; x_wconf 82' lang='lat'><strong>97,</strong></span> <span class='ocrx_word' id='word_1_572' title='bbox 2538 3538 2664 3593; x_wconf 86' lang='lat' dir='ltr'><strong>Ald.</strong></span> <span class='ocrx_word' id='word_1_573' title='bbox 2699 3546 2753 3593; x_wconf 89' lang='lat' dir='ltr'><strong>et</strong></span> <span class='ocrx_word' id='word_1_574' title='bbox 2782 3537 2994 3606; x_wconf 89' lang='lat' dir='ltr'><strong>reliqui.</strong></span> <span class='ocrx_word' id='word_1_575' title='bbox 3040 3545 3086 3592; x_wconf 87' lang='lat' dir='ltr'><strong>et</strong></span> <span class='ocrx_word' id='word_1_576' title='bbox 3113 3537 3290 3591; x_wconf 88' lang='lat' dir='ltr'><strong>eadem</strong></span> <span class='ocrx_word' id='word_1_577' title='bbox 3345 3536 3657 3591; x_wconf 89' lang='lat' dir='ltr'><strong>conditione.</strong></span> 
     </span>
    </p>
   </div>
   <div class='ocr_carea' id='block_1_80' title="bbox 2057 3606 3668 3678">
    <p class='ocr_par' dir='ltr' id='par_1_80' title="bbox 2057 3606 3668 3678">
     <span class='ocr_line' id='line_1_80' title="bbox 2057 3606 3668 3678; baseline -0.003 -13"><span class='ocrx_word' id='word_1_578' title='bbox 2057 3609 2117 3665; x_wconf 91' lang='lat' dir='ltr'><strong>L.</strong></span> <span class='ocrx_word' id='word_1_579' title='bbox 2153 3625 2204 3674; x_wconf 89' lang='lat' dir='ltr'><strong>v,</strong></span> <span class='ocrx_word' id='word_1_580' title='bbox 2235 3626 2282 3664; x_wconf 92' lang='lat' dir='ltr'><strong>c.</strong></span> <span class='ocrx_word' id='word_1_581' title='bbox 2335 3611 2403 3665; x_wconf 78' lang='lat' dir='ltr'><strong>M</strong></span> <span class='ocrx_word' id='word_1_582' title='bbox 2438 3629 2450 3665; x_wconf 88' lang='lat'><strong>:</strong></span> <span class='ocrx_word' id='word_1_583' title='bbox 2487 3613 2648 3670; x_wconf 84' lang='lat' dir='ltr'><strong>Deus,</strong></span> <span class='ocrx_word' id='word_1_584' title='bbox 2697 3608 2786 3678; x_wconf 86' lang='lat' dir='ltr'><strong>qui</strong></span> <span class='ocrx_word' id='word_1_585' title='bbox 2836 3608 3064 3662; x_wconf 80' lang='lat' dir='ltr'><strong>homines</strong></span> <span class='ocrx_word' id='word_1_586' title='bbox 3107 3617 3336 3678; x_wconf 84' lang='lat' dir='ltr'><strong>generat.</strong></span> <span class='ocrx_word' id='word_1_587' title='bbox 3362 3647 3408 3661; x_wconf 94' lang='lat'><strong>..</strong></span> <span class='ocrx_word' id='word_1_588' title='bbox 3441 3606 3668 3678; x_wconf 86' lang='lat' dir='ltr'><strong>eamdem</strong></span> 
     </span>
    </p>
   </div>
   <div class='ocr_carea' id='block_1_81' title="bbox 2059 3677 3662 3749">
    <p class='ocr_par' dir='ltr' id='par_1_81' title="bbox 2059 3677 3662 3749">
     <span class='ocr_line' id='line_1_81' title="bbox 2059 3677 3662 3749; baseline -0.003 -13"><span class='ocrx_word' id='word_1_589' title='bbox 2059 3681 2423 3737; x_wconf 85' lang='lat' dir='ltr'><strong>conditionem</strong></span> <span class='ocrx_word' id='word_1_590' title='bbox 2453 3682 2650 3735; x_wconf 84' lang='lat' dir='ltr'><strong>vivendi</strong></span> <span class='ocrx_word' id='word_1_591' title='bbox 2678 3677 2911 3734; x_wconf 82' lang='lat' dir='ltr'><strong>omnibus</strong></span> <span class='ocrx_word' id='word_1_592' title='bbox 2954 3677 3141 3749; x_wconf 77' lang='lat' dir='ltr'><strong>posuit.</strong></span> <span class='ocrx_word' id='word_1_593' title='bbox 3169 3679 3430 3748; x_wconf 87' lang='lat' dir='ltr'><strong>Epitom.,</strong></span> <span class='ocrx_word' id='word_1_594' title='bbox 3470 3693 3520 3732; x_wconf 91' lang='lat' dir='ltr'><strong>c.</strong></span> <span class='ocrx_word' id='word_1_595' title='bbox 3547 3677 3618 3733; x_wconf 81' lang='lat'><strong>59</strong></span> <span class='ocrx_word' id='word_1_596' title='bbox 3649 3695 3662 3731; x_wconf 91' lang='lat'><strong>:</strong></span> 
     </span>
    </p>
   </div>
   <div class='ocr_carea' id='block_1_82' title="bbox 2062 3749 3672 3821">
    <p class='ocr_par' dir='ltr' id='par_1_82' title="bbox 2062 3749 3672 3821">
     <span class='ocr_line' id='line_1_82' title="bbox 2062 3749 3672 3821; baseline -0.002 -14"><span class='ocrx_word' id='word_1_597' title='bbox 2062 3753 2123 3807; x_wconf 92' lang='lat' dir='ltr'><strong>Si</strong></span> <span class='ocrx_word' id='word_1_598' title='bbox 2155 3768 2252 3806; x_wconf 90' lang='lat' dir='ltr'><strong>nos</strong></span> <span class='ocrx_word' id='word_1_599' title='bbox 2284 3753 2416 3805; x_wconf 86' lang='lat' dir='ltr'><strong>idem</strong></span> <span class='ocrx_word' id='word_1_600' title='bbox 2449 3753 2582 3807; x_wconf 80' lang='lat' dir='ltr'><strong>Deus</strong></span> <span class='ocrx_word' id='word_1_601' title='bbox 2607 3753 2747 3821; x_wconf 77' lang='lat' dir='ltr'><strong>fecit,</strong></span> <span class='ocrx_word' id='word_1_602' title='bbox 2776 3761 2822 3803; x_wconf 90' lang='lat' dir='ltr'><strong>et</strong></span> <span class='ocrx_word' id='word_1_603' title='bbox 2853 3752 3130 3804; x_wconf 80' lang='lat' dir='ltr'><strong>universos.</strong></span> <span class='ocrx_word' id='word_1_604' title='bbox 3161 3793 3174 3806; x_wconf 97' lang='lat'><strong>.</strong></span> <span class='ocrx_word' id='word_1_605' title='bbox 3198 3787 3211 3802; x_wconf 92' lang='lat'><strong>.</strong></span> <span class='ocrx_word' id='word_1_606' title='bbox 3243 3751 3356 3820; x_wconf 85' lang='lat' dir='ltr'><strong>pari</strong></span> <span class='ocrx_word' id='word_1_607' title='bbox 3381 3749 3672 3821; x_wconf 81' lang='lat' dir='ltr'><strong>conditione</strong></span> 
     </span>
    </p>
   </div>
   <div class='ocr_carea' id='block_1_83' title="bbox 2061 3820 3628 3896">
    <p class='ocr_par' dir='ltr' id='par_1_83' title="bbox 2061 3820 3628 3896">
     <span class='ocr_line' id='line_1_83' title="bbox 2061 3820 3628 3896; baseline -0.003 -18"><span class='ocrx_word' id='word_1_608' title='bbox 2061 3825 2343 3896; x_wconf 73' lang='lat' dir='ltr'><strong>generavit,</strong></span> <span class='ocrx_word' id='word_1_609' title='bbox 2373 3820 2622 3896; x_wconf 71' lang='lat' dir='ltr'><strong>fraterna.</strong></span> <span class='ocrx_word' id='word_1_610' title='bbox 2647 3865 2659 3879; x_wconf 96' lang='lat'><strong>.</strong></span> <span class='ocrx_word' id='word_1_611' title='bbox 2682 3863 2694 3878; x_wconf 94' lang='lat'><strong>.</strong></span> <span class='ocrx_word' id='word_1_612' title='bbox 2725 3822 3094 3896; x_wconf 71' lang='lat' dir='ltr'><strong>necessitudine</strong></span> <span class='ocrx_word' id='word_1_613' title='bbox 3121 3821 3451 3896; x_wconf 70' lang='lat' dir='ltr'><strong>mitteremus.</strong></span> <span class='ocrx_word' id='word_1_614' title='bbox 3474 3820 3628 3896; x_wconf 65' lang='grc' dir='ltr'><strong>ΔΒυΝ.</strong></span> 
     </span>
    </p>
   </div>
   <div class='ocr_carea' id='block_1_84' title="bbox 2137 3891 3665 3966">
    <p class='ocr_par' dir='ltr' id='par_1_84' title="bbox 2137 3891 3665 3966">
     <span class='ocr_line' id='line_1_84' title="bbox 2137 3891 3665 3966; baseline -0.003 -18"><span class='ocrx_word' id='word_1_615' title='bbox 2137 3893 2395 3966; x_wconf 84' lang='lat' dir='ltr'><strong>Imperlit.</strong></span> <span class='ocrx_word' id='word_1_616' title='bbox 2443 3895 2477 3949; x_wconf 75' lang='lat'><strong>‘2</strong></span> <span class='ocrx_word' id='word_1_617' title='bbox 2503 3894 2658 3951; x_wconf 89' lang='lat' dir='ltr'><strong>Colb.</strong></span> <span class='ocrx_word' id='word_1_618' title='bbox 2709 3895 2974 3963; x_wconf 77' lang='lat' dir='ltr'><strong>impartit;</strong></span> <span class='ocrx_word' id='word_1_619' title='bbox 3001 3891 3128 3948; x_wconf 80' lang='lat' dir='ltr'><strong>Jun.</strong></span> <span class='ocrx_word' id='word_1_620' title='bbox 3160 3904 3214 3948; x_wconf 87' lang='lat' dir='ltr'><strong>et</strong></span> <span class='ocrx_word' id='word_1_621' title='bbox 3243 3892 3276 3945; x_wconf 72' lang='grc'>4</span> <span class='ocrx_word' id='word_1_622' title='bbox 3310 3893 3438 3948; x_wconf 85' lang='lat' dir='ltr'><strong>edit.</strong></span> <span class='ocrx_word' id='word_1_623' title='bbox 3469 3892 3665 3960; x_wconf 84' lang='lat' dir='ltr'><strong>impar-</strong></span> 
     </span>
    </p>
   </div>
   <div class='ocr_carea' id='block_1_85' title="bbox 2061 3968 2204 4020">
    <p class='ocr_par' dir='ltr' id='par_1_85' title="bbox 2061 3968 2204 4020">
     <span class='ocr_line' id='line_1_85' title="bbox 2061 3968 2204 4020; baseline 0 0"><span class='ocrx_word' id='word_1_624' title='bbox 2061 3968 2204 4020; x_wconf 82' lang='lat' dir='ltr'><strong>titur.</strong></span> 
     </span>
    </p>
   </div>
   <div class='ocr_carea' id='block_1_86' title="bbox 2145 4033 3672 4108">
    <p class='ocr_par' dir='ltr' id='par_1_86' title="bbox 2145 4033 3672 4108">
     <span class='ocr_line' id='line_1_86' title="bbox 2145 4033 3672 4108; baseline -0.001 -18"><span class='ocrx_word' id='word_1_625' title='bbox 2145 4036 2224 4091; x_wconf 83' lang='lat' dir='ltr'><strong>Eo</strong></span> <span class='ocrx_word' id='word_1_626' title='bbox 2250 4037 2442 4092; x_wconf 84' lang='lat' dir='ltr'><strong>accedit</strong></span> <span class='ocrx_word' id='word_1_627' title='bbox 2472 4037 2628 4108; x_wconf 88' lang='lat' dir='ltr'><strong>quod.</strong></span> <span class='ocrx_word' id='word_1_628' title='bbox 2659 4037 2747 4093; x_wconf 87' lang='lat' dir='ltr'><strong>Sic</strong></span> <span class='ocrx_word' id='word_1_629' title='bbox 2785 4037 2996 4105; x_wconf 90' lang='lat' dir='ltr'><strong>reposui</strong></span> <span class='ocrx_word' id='word_1_630' title='bbox 3025 4052 3088 4090; x_wconf 82' lang='lat' dir='ltr'><strong>ex</strong></span> <span class='ocrx_word' id='word_1_631' title='bbox 3123 4050 3253 4108; x_wconf 82' lang='lat' dir='ltr'><strong>mss.</strong></span> <span class='ocrx_word' id='word_1_632' title='bbox 3283 4034 3335 4089; x_wconf 75' lang='lat'><strong>2,</strong></span> <span class='ocrx_word' id='word_1_633' title='bbox 3359 4034 3507 4108; x_wconf 64' lang='lat' dir='ltr'><strong>Reg.</strong></span> <span class='ocrx_word' id='word_1_634' title='bbox 3531 4033 3672 4088; x_wconf 90' lang='lat' dir='ltr'><strong>anti-</strong></span> 
     </span>
    </p>
   </div>
   <div class='ocr_carea' id='block_1_87' title="bbox 2075 4105 3664 4178">
    <p class='ocr_par' dir='ltr' id='par_1_87' title="bbox 2075 4105 3664 4178">
     <span class='ocr_line' id='line_1_87' title="bbox 2075 4105 3664 4178; baseline 0 -19"><span class='ocrx_word' id='word_1_635' title='bbox 2075 4111 2367 4178; x_wconf 79' lang='lat' dir='ltr'><strong>quissimis,</strong></span> <span class='ocrx_word' id='word_1_636' title='bbox 2399 4105 2564 4172; x_wconf 78' lang='lat' dir='ltr'><strong>Cauc,</strong></span> <span class='ocrx_word' id='word_1_637' title='bbox 2589 4108 2813 4178; x_wconf 86' lang='lat' dir='ltr'><strong>aliisque</strong></span> <span class='ocrx_word' id='word_1_638' title='bbox 2863 4122 2979 4178; x_wconf 63' lang='lat' dir='ltr'><strong>sext.</strong></span> <span class='ocrx_word' id='word_1_639' title='bbox 3008 4115 3065 4161; x_wconf 91' lang='lat' dir='ltr'><strong>et</strong></span> <span class='ocrx_word' id='word_1_640' title='bbox 3100 4107 3230 4160; x_wconf 87' lang='lat' dir='ltr'><strong>edit.</strong></span> <span class='ocrx_word' id='word_1_641' title='bbox 3264 4108 3318 4178; x_wconf 51' lang='grc' dir='ltr'><strong>τι.</strong></span> <span class='ocrx_word' id='word_1_642' title='bbox 3351 4105 3407 4159; x_wconf 91' lang='lat' dir='ltr'><strong>In</strong></span> <span class='ocrx_word' id='word_1_643' title='bbox 3454 4105 3664 4178; x_wconf 71' lang='lat' dir='ltr'><strong>“ree.</strong></span> 
     </span>
    </p>
   </div>
   <div class='ocr_carea' id='block_1_88' title="bbox 2075 4175 3670 4248">
    <p class='ocr_par' dir='ltr' id='par_1_88' title="bbox 2075 4175 3670 4248">
     <span class='ocr_line' id='line_1_88' title="bbox 2075 4175 3670 4248; baseline -0.005 -12"><span class='ocrx_word' id='word_1_644' title='bbox 2075 4175 2176 4245; x_wconf 78' lang='lat' dir='ltr'><strong>est,</strong></span> <span class='ocrx_word' id='word_1_645' title='bbox 2215 4180 2278 4234; x_wconf 80' lang='lat' dir='ltr'><strong>Et</strong></span> <span class='ocrx_word' id='word_1_646' title='bbox 2305 4180 2498 4234; x_wconf 82' lang='lat' dir='ltr'><strong>accedit</strong></span> <span class='ocrx_word' id='word_1_647' title='bbox 2545 4196 2606 4233; x_wconf 81' lang='lat' dir='ltr'><strong>ea:</strong></span> <span class='ocrx_word' id='word_1_648' title='bbox 2643 4195 2700 4232; x_wconf 88' lang='lat' dir='ltr'><strong>eo</strong></span> <span class='ocrx_word' id='word_1_649' title='bbox 2728 4175 2910 4248; x_wconf 54' lang='lat' dir='ltr'><strong>&#39;quod.</strong></span> <span class='ocrx_word' id='word_1_650' title='bbox 2936 4177 2992 4230; x_wconf 90' lang='lat' dir='ltr'><strong>In</strong></span> <span class='ocrx_word' id='word_1_651' title='bbox 3040 4179 3094 4239; x_wconf 75' lang='lat'><strong>‘2,</strong></span> <span class='ocrx_word' id='word_1_652' title='bbox 3125 4192 3233 4230; x_wconf 79' lang='lat' dir='ltr'><strong>rec.</strong></span> <span class='ocrx_word' id='word_1_653' title='bbox 3270 4177 3400 4246; x_wconf 81' lang='lat' dir='ltr'><strong>Reg.</strong></span> <span class='ocrx_word' id='word_1_654' title='bbox 3431 4187 3482 4229; x_wconf 89' lang='lat' dir='ltr'><strong>et</strong></span> <span class='ocrx_word' id='word_1_655' title='bbox 3513 4177 3545 4229; x_wconf 86' lang='grc'>6</span> <span class='ocrx_word' id='word_1_656' title='bbox 3572 4175 3670 4248; x_wconf 85' lang='lat' dir='ltr'><strong>im-</strong></span> 
     </span>
    </p>
   </div>
   <div class='ocr_carea' id='block_1_89' title="bbox 2076 4246 3668 4321">
    <p class='ocr_par' dir='ltr' id='par_1_89' title="bbox 2076 4246 3668 4321">
     <span class='ocr_line' id='line_1_89' title="bbox 2076 4246 3668 4321; baseline -0.004 -16"><span class='ocrx_word' id='word_1_657' title='bbox 2076 4253 2296 4321; x_wconf 81' lang='lat' dir='ltr'><strong>pressis,</strong></span> <span class='ocrx_word' id='word_1_658' title='bbox 2327 4251 2393 4304; x_wconf 85' lang='lat' dir='ltr'><strong>Et</strong></span> <span class='ocrx_word' id='word_1_659' title='bbox 2421 4250 2611 4303; x_wconf 87' lang='lat' dir='ltr'><strong>accedit</strong></span> <span class='ocrx_word' id='word_1_660' title='bbox 2648 4266 2710 4303; x_wconf 82' lang='lat' dir='ltr'><strong>ea:</strong></span> <span class='ocrx_word' id='word_1_661' title='bbox 2757 4246 2828 4321; x_wconf 11' lang='lat' dir='ltr'><strong>eo,</strong></span> <span class='ocrx_word' id='word_1_662' title='bbox 2869 4249 3005 4315; x_wconf 84' lang='lat' dir='ltr'><strong>quod</strong></span> <span class='ocrx_word' id='word_1_663' title='bbox 3019 4264 3035 4309; x_wconf 90' lang='lat'><strong>;</strong></span> <span class='ocrx_word' id='word_1_664' title='bbox 3072 4250 3121 4301; x_wconf 91' lang='lat' dir='ltr'><strong>in</strong></span> <span class='ocrx_word' id='word_1_665' title='bbox 3143 4249 3179 4321; x_wconf 85' lang='lat' dir='ltr'><strong>_I</strong></span> <span class='ocrx_word' id='word_1_666' title='bbox 3219 4248 3351 4321; x_wconf 82' lang='lat' dir='ltr'><strong>Bon.</strong></span> <span class='ocrx_word' id='word_1_667' title='bbox 3396 4247 3510 4321; x_wconf 61' lang='lat' dir='ltr'><strong>etii</strong></span> <span class='ocrx_word' id='word_1_668' title='bbox 3549 4246 3668 4300; x_wconf 82' lang='lat' dir='ltr'><strong>vul-</strong></span> 
     </span>
    </p>
   </div>
   <div class='ocr_carea' id='block_1_90' title="bbox 2073 4315 3654 4393">
    <p class='ocr_par' dir='ltr' id='par_1_90' title="bbox 2073 4315 3654 4393">
     <span class='ocr_line' id='line_1_90' title="bbox 2073 4315 3654 4393; baseline -0.006 -17"><span class='ocrx_word' id='word_1_669' title='bbox 2073 4315 2210 4393; x_wconf 73' lang='lat' dir='ltr'><strong>gatis</strong></span> <span class='ocrx_word' id='word_1_670' title='bbox 2240 4322 2443 4376; x_wconf 79' lang='lat' dir='ltr'><strong>Accedit</strong></span> <span class='ocrx_word' id='word_1_671' title='bbox 2473 4321 2627 4393; x_wconf 84' lang='lat' dir='ltr'><strong>quod.</strong></span> <span class='ocrx_word' id='word_1_672' title='bbox 2665 4321 2777 4393; x_wconf 82' lang='lat' dir='ltr'><strong>luI</strong></span> <span class='ocrx_word' id='word_1_673' title='bbox 2818 4320 2946 4386; x_wconf 76' lang='lat' dir='ltr'><strong>lleg.</strong></span> <span class='ocrx_word' id='word_1_674' title='bbox 2969 4333 3085 4393; x_wconf 88' lang='lat' dir='ltr'><strong>_rec.</strong></span> <span class='ocrx_word' id='word_1_675' title='bbox 3118 4318 3334 4393; x_wconf 78' lang='lat' dir='ltr'><strong>Accedat</strong></span> <span class='ocrx_word' id='word_1_676' title='bbox 3374 4315 3531 4393; x_wconf 77' lang='lat' dir='ltr'><strong>quod.</strong></span> <span class='ocrx_word' id='word_1_677' title='bbox 3591 4385 3603 4393; x_wconf 84' lang='lat'>_</span> <span class='ocrx_word' id='word_1_678' title='bbox 3649 4353 3654 4360; x_wconf 94' lang='lat'><strong>.</strong></span> 
     </span>
    </p>
   </div>
   <div class='ocr_carea' id='block_1_91' title="bbox 2147 4385 3668 4448">
    <p class='ocr_par' dir='ltr' id='par_1_91' title="bbox 2147 4385 3668 4448">
     <span class='ocr_line' id='line_1_91' title="bbox 2147 4385 3668 4448; baseline -0.005 -1"><span class='ocrx_word' id='word_1_679' title='bbox 2147 4393 2446 4448; x_wconf 86' lang='lat' dir='ltr'><strong>Libidinum</strong></span> <span class='ocrx_word' id='word_1_680' title='bbox 2484 4385 2680 4444; x_wconf 54' lang='lat' dir='ltr'><strong>&#39;victor.</strong></span> <span class='ocrx_word' id='word_1_681' title='bbox 2735 4392 2844 4444; x_wconf 91' lang='lat' dir='ltr'><strong>lloc</strong></span> <span class='ocrx_word' id='word_1_682' title='bbox 2895 4385 3036 4443; x_wconf 76' lang='lat' dir='ltr'><strong>enim</strong></span> <span class='ocrx_word' id='word_1_683' title='bbox 3091 4388 3310 4443; x_wconf 88' lang='lat' dir='ltr'><strong>nomine</strong></span> <span class='ocrx_word' id='word_1_684' title='bbox 3352 4385 3668 4440; x_wconf 79' lang='lat' dir='ltr'><strong>Aristoteles</strong></span> 
     </span>
    </p>
   </div>
   <div class='ocr_carea' id='block_1_92' title="bbox 2077 4456 3668 4530">
    <p class='ocr_par' dir='ltr' id='par_1_92' title="bbox 2077 4456 3668 4530">
     <span class='ocr_line' id='line_1_92' title="bbox 2077 4456 3668 4530; baseline -0.006 -10"><span class='ocrx_word' id='word_1_685' title='bbox 2077 4464 2462 4520; x_wconf 88' lang='lat' dir='ltr'><strong>continentiam</strong></span> <span class='ocrx_word' id='word_1_686' title='bbox 2545 4461 2796 4530; x_wconf 87' lang='lat' dir='ltr'><strong>patientia</strong></span> <span class='ocrx_word' id='word_1_687' title='bbox 2873 4462 3135 4529; x_wconf 87' lang='lat' dir='ltr'><strong>potiorem</strong></span> <span class='ocrx_word' id='word_1_688' title='bbox 3215 4458 3469 4528; x_wconf 88' lang='lat' dir='ltr'><strong>judicat,</strong></span> <span class='ocrx_word' id='word_1_689' title='bbox 3525 4456 3668 4530; x_wconf 83' lang='lat' dir='ltr'><strong>quod</strong></span> 
     </span>
    </p>
   </div>
   <div class='ocr_carea' id='block_1_93' title="bbox 2081 4529 3672 4602">
    <p class='ocr_par' dir='ltr' id='par_1_93' title="bbox 2081 4529 3672 4602">
     <span class='ocr_line' id='line_1_93' title="bbox 2081 4529 3672 4602; baseline -0.004 -14"><span class='ocrx_word' id='word_1_690' title='bbox 2081 4539 2297 4591; x_wconf 88' lang='lat' dir='ltr'><strong>vincere</strong></span> <span class='ocrx_word' id='word_1_691' title='bbox 2366 4529 2707 4602; x_wconf 86' lang='lat' dir='ltr'><strong>praestantius</strong></span> <span class='ocrx_word' id='word_1_692' title='bbox 2781 4541 2907 4596; x_wconf 91' lang='lat' dir='ltr'><strong>est,</strong></span> <span class='ocrx_word' id='word_1_693' title='bbox 2979 4547 3139 4600; x_wconf 80' lang='lat' dir='ltr'><strong>quam</strong></span> <span class='ocrx_word' id='word_1_694' title='bbox 3207 4529 3672 4602; x_wconf 78' lang='lat' dir='ltr'><strong>resistere:sict_tt</strong></span> 
     </span>
    </p>
   </div>
   <div class='ocr_carea' id='block_1_94' title="bbox 355 4598 3666 4684">
    <p class='ocr_par' dir='ltr' id='par_1_94' title="bbox 355 4598 3666 4684">
     <span class='ocr_line' id='line_1_94' title="bbox 355 4598 3666 4684; baseline -0.007 -11"><span class='ocrx_word' id='word_1_695' title='bbox 355 4598 485 4673; x_wconf 64' lang='lat' dir='ltr'><strong>éiiiii</strong></span> <span class='ocrx_word' id='word_1_696' title='bbox 518 4598 739 4684; x_wconf 65' lang='lat' dir='ltr'><strong>addunt,</strong></span> <span class='ocrx_word' id='word_1_697' title='bbox 761 4598 978 4670; x_wconf 80' lang='lat' dir='ltr'><strong>Domini</strong></span> <span class='ocrx_word' id='word_1_698' title='bbox 1007 4598 1212 4680; x_wconf 78' lang='lat' dir='ltr'><strong>affectat</strong></span> <span class='ocrx_word' id='word_1_699' title='bbox 1245 4612 1298 4665; x_wconf 85' lang='lat' dir='ltr'><strong>in</strong></span> <span class='ocrx_word' id='word_1_700' title='bbox 1325 4598 1532 4675; x_wconf 81' lang='lat' dir='ltr'><strong>liberos,</strong></span> <span class='ocrx_word' id='word_1_701' title='bbox 1590 4609 1711 4678; x_wconf 85' lang='lat' dir='ltr'><strong>quia</strong></span> <span class='ocrx_word' id='word_1_702' title='bbox 1766 4598 1957 4676; x_wconf 67' lang='lat' dir='ltr'><strong>tempe-</strong></span> <span class='ocrx_word' id='word_1_703' title='bbox 1988 4609 2229 4672; x_wconf 74' lang='lat' dir='ltr'><strong>Deliam</strong></span> <span class='ocrx_word' id='word_1_704' title='bbox 2278 4598 2629 4676; x_wconf 69' lang='lat' dir='ltr'><strong>praestantius</strong></span> <span class='ocrx_word' id='word_1_705' title='bbox 2688 4611 2774 4659; x_wconf 88' lang='lat' dir='ltr'><strong>est</strong></span> <span class='ocrx_word' id='word_1_706' title='bbox 2833 4598 3286 4684; x_wconf 46' lang='lat' dir='ltr'><strong>viticei‘e,nquatn</strong></span> <span class='ocrx_word' id='word_1_707' title='bbox 3346 4615 3452 4652; x_wconf 92' lang='lat' dir='ltr'><strong>non</strong></span> <span class='ocrx_word' id='word_1_708' title='bbox 3504 4598 3666 4652; x_wconf 83' lang='lat' dir='ltr'><strong>vinci.</strong></span> 
     </span>
    </p>
   </div>
   <div class='ocr_carea' id='block_1_95' title="bbox 357 4687 899 4743">
    <p class='ocr_par' dir='ltr' id='par_1_95' title="bbox 357 4687 899 4743">
     <span class='ocr_line' id='line_1_95' title="bbox 357 4687 899 4743; baseline -0.002 -1"><span class='ocrx_word' id='word_1_709' title='bbox 357 4690 576 4743; x_wconf 88' lang='lat' dir='ltr'><strong>rantiam</strong></span> <span class='ocrx_word' id='word_1_710' title='bbox 602 4706 701 4743; x_wconf 89' lang='lat' dir='ltr'><strong>non</strong></span> <span class='ocrx_word' id='word_1_711' title='bbox 733 4687 899 4742; x_wconf 82' lang='lat' dir='ltr'><strong>habet.</strong></span> 
     </span>
    </p>
   </div>
   <div class='ocr_carea' id='block_1_96' title="bbox 431 4748 1960 4832">
    <p class='ocr_par' dir='ltr' id='par_1_96' title="bbox 431 4748 1960 4832">
     <span class='ocr_line' id='line_1_96' title="bbox 431 4748 1960 4832; baseline -0.007 -18"><span class='ocrx_word' id='word_1_712' title='bbox 431 4761 817 4832; x_wconf 75' lang='lat' dir='ltr'><strong>Snbiectus__est.</strong></span> <span class='ocrx_word' id='word_1_713' title='bbox 851 4754 1119 4832; x_wconf 74' lang='lat' dir='ltr'><strong>Cancellis</strong></span> <span class='ocrx_word' id='word_1_714' title='bbox 1152 4753 1417 4832; x_wconf 78' lang='lat' dir='ltr'><strong>inclusum</strong></span> <span class='ocrx_word' id='word_1_715' title='bbox 1445 4749 1661 4821; x_wconf 88' lang='lat' dir='ltr'><strong>quidam</strong></span> <span class='ocrx_word' id='word_1_716' title='bbox 1696 4831 1701 4832; x_wconf 12' lang='grc' dir='ltr'><em>γ</em></span> <span class='ocrx_word' id='word_1_717' title='bbox 1713 4748 1924 4832; x_wconf 76' lang='lat' dir='ltr'><strong>addunt</strong></span> <span class='ocrx_word' id='word_1_718' title='bbox 1945 4791 1960 4814; x_wconf 88' lang='lat'><strong>,</strong></span> 
     </span>
    </p>
   </div>
   <div class='ocr_carea' id='block_1_97' title="bbox 361 4825 1962 4901">
    <p class='ocr_par' dir='ltr' id='par_1_97' title="bbox 361 4825 1962 4901">
     <span class='ocr_line' id='line_1_97' title="bbox 361 4825 1962 4901; baseline -0.007 -16"><span class='ocrx_word' id='word_1_719' title='bbox 361 4833 631 4885; x_wconf 86' lang='lat' dir='ltr'><strong>Dominari</strong></span> <span class='ocrx_word' id='word_1_720' title='bbox 660 4830 872 4898; x_wconf 80' lang='lat' dir='ltr'><strong>a/fectus</strong></span> <span class='ocrx_word' id='word_1_721' title='bbox 925 4828 977 4881; x_wconf 89' lang='lat' dir='ltr'><strong>in</strong></span> <span class='ocrx_word' id='word_1_722' title='bbox 1029 4825 1213 4901; x_wconf 83' lang='lat' dir='ltr'><strong>liberos</strong></span> <span class='ocrx_word' id='word_1_723' title='bbox 1232 4867 1244 4890; x_wconf 91' lang='lat'><strong>,</strong></span> <span class='ocrx_word' id='word_1_724' title='bbox 1269 4825 1393 4901; x_wconf 63' lang='lat' dir='ltr'><strong>quia</strong></span> <span class='ocrx_word' id='word_1_725' title='bbox 1423 4825 1816 4901; x_wconf 66' lang='lat' dir='ltr'><strong>temperantiam</strong></span> <span class='ocrx_word' id='word_1_726' title='bbox 1825 4894 1837 4901; x_wconf 31' lang='grc' dir='ltr'>ι</span> <span class='ocrx_word' id='word_1_727' title='bbox 1862 4837 1962 4874; x_wconf 87' lang='lat' dir='ltr'><strong>non</strong></span> 
     </span>
    </p>
   </div>
   <div class='ocr_carea' id='block_1_98' title="bbox 328 4891 1960 4974">
    <p class='ocr_par' dir='ltr' id='par_1_98' title="bbox 328 4891 1960 4974">
     <span class='ocr_line' id='line_1_98' title="bbox 328 4891 1960 4974; baseline -0.01 -13"><span class='ocrx_word' id='word_1_728' title='bbox 328 4905 532 4970; x_wconf 85' lang='lat' dir='ltr'><strong>.habet,</strong></span> <span class='ocrx_word' id='word_1_729' title='bbox 563 4891 807 4974; x_wconf 58' lang='lat' dir='ltr'><strong>frag.&quot;At</strong></span> <span class='ocrx_word' id='word_1_730' title='bbox 855 4899 1220 4974; x_wconf 44' lang='lat' dir='ltr'><strong>exterminant</strong></span> <span class='ocrx_word' id='word_1_731' title='bbox 1267 4895 1355 4974; x_wconf 78' lang='lat' dir='ltr'><strong>illa</strong></span> <span class='ocrx_word' id='word_1_732' title='bbox 1410 4896 1572 4974; x_wconf 65' lang='lat' dir='ltr'><strong>verba</strong></span> <span class='ocrx_word' id='word_1_733' title='bbox 1625 4891 1744 4974; x_wconf 68' lang='lat' dir='ltr'><strong>libri</strong></span> <span class='ocrx_word' id='word_1_734' title='bbox 1801 4892 1960 4974; x_wconf 78' lang='lat' dir='ltr'><strong>Bon.,</strong></span> 
     </span>
    </p>
   </div>
   <div class='ocr_carea' id='block_1_99' title="bbox 358 4963 1967 5038">
    <p class='ocr_par' dir='ltr' id='par_1_99' title="bbox 358 4963 1967 5038">
     <span class='ocr_line' id='line_1_99' title="bbox 358 4963 1967 5038; baseline -0.008 -8"><span class='ocrx_word' id='word_1_735' title='bbox 358 4963 529 5036; x_wconf 52' lang='lat' dir='ltr'><strong>Tax.,&#39;</strong></span> <span class='ocrx_word' id='word_1_736' title='bbox 563 4963 730 5038; x_wconf 55' lang='lat' dir='ltr'><strong>&#39;I’eit.,</strong></span> <span class='ocrx_word' id='word_1_737' title='bbox 785 4973 922 5034; x_wconf 81' lang='lat' dir='ltr'><strong>PaL,</strong></span> <span class='ocrx_word' id='word_1_738' title='bbox 965 4969 1118 5030; x_wconf 86' lang='lat' dir='ltr'><strong>Jun.,</strong></span> <span class='ocrx_word' id='word_1_739' title='bbox 1165 4966 1350 5036; x_wconf 83' lang='lat' dir='ltr'><strong>Augl.,</strong></span> <span class='ocrx_word' id='word_1_740' title='bbox 1411 4966 1580 5038; x_wconf 62' lang='lat' dir='ltr'><strong>Lips,</strong></span> <span class='ocrx_word' id='word_1_741' title='bbox 1635 4963 1865 5038; x_wconf 73' lang='lat' dir='ltr'><strong>Ileitnm.</strong></span> <span class='ocrx_word' id='word_1_742' title='bbox 1912 4971 1967 5017; x_wconf 85' lang='lat' dir='ltr'><strong>et</strong></span> 
     </span>
    </p>
   </div>
   <div class='ocr_carea' id='block_1_100' title="bbox 359 5034 1963 5109">
    <p class='ocr_par' dir='ltr' id='par_1_100' title="bbox 359 5034 1963 5109">
     <span class='ocr_line' id='line_1_100' title="bbox 359 5034 1963 5109; baseline -0.009 -8"><span class='ocrx_word' id='word_1_743' title='bbox 359 5048 489 5101; x_wconf 81' lang='lat' dir='ltr'><strong>editi</strong></span> <span class='ocrx_word' id='word_1_744' title='bbox 510 5034 584 5100; x_wconf 87' lang='lat' dir='ltr'><strong>ab</strong></span> <span class='ocrx_word' id='word_1_745' title='bbox 605 5034 746 5099; x_wconf 88' lang='lat' dir='ltr'><strong>anno</strong></span> <span class='ocrx_word' id='word_1_746' title='bbox 777 5043 936 5106; x_wconf 75' lang='grc'><strong>1645,</strong></span> <span class='ocrx_word' id='word_1_747' title='bbox 972 5034 1443 5109; x_wconf 46' lang='lat' dir='ltr'><strong>I524,etG&#39;ymn.,</strong></span> <span class='ocrx_word' id='word_1_748' title='bbox 1463 5035 1745 5109; x_wconf 33' lang='lat' dir='ltr'><strong>&#39;I‘homasl.</strong></span> <span class='ocrx_word' id='word_1_749' title='bbox 1774 5034 1963 5100; x_wconf 61' lang='lat' dir='ltr'><strong>Isaeus,</strong></span> 
     </span>
    </p>
   </div>
   <div class='ocr_carea' id='block_1_101' title="bbox 359 5105 1821 5190">
    <p class='ocr_par' dir='ltr' id='par_1_101' title="bbox 359 5105 1821 5190">
     <span class='ocr_line' id='line_1_101' title="bbox 359 5105 1821 5190; baseline -0.01 -16"><span class='ocrx_word' id='word_1_750' title='bbox 359 5118 527 5190; x_wconf 82' lang='lat' dir='ltr'><strong>Gall.,</strong></span> <span class='ocrx_word' id='word_1_751' title='bbox 558 5116 773 5190; x_wconf 79' lang='lat' dir='ltr'><strong>Spark.,</strong></span> <span class='ocrx_word' id='word_1_752' title='bbox 806 5105 1021 5190; x_wconf 76' lang='lat' dir='ltr'><strong>reliqui.</strong></span> <span class='ocrx_word' id='word_1_753' title='bbox 1219 5180 1239 5190; x_wconf 78' lang='lat'><strong><em>_</em></strong></span> <span class='ocrx_word' id='word_1_754' title='bbox 1271 5105 1285 5109; x_wconf 67' lang='grc'>⁷</span> <span class='ocrx_word' id='word_1_755' title='bbox 1504 5179 1518 5190; x_wconf 81' lang='lat'><em>_</em></span> <span class='ocrx_word' id='word_1_756' title='bbox 1591 5179 1602 5190; x_wconf 39' lang='lat'>&#39;</span> <span class='ocrx_word' id='word_1_757' title='bbox 1669 5105 1821 5188; x_wconf 45' lang='lat' dir='ltr'><strong>.Buu.</strong></span> 
     </span>
    </p>
   </div>
   <div class='ocr_carea' id='block_1_102' title="bbox 442 5179 1971 5259">
    <p class='ocr_par' dir='ltr' id='par_1_102' title="bbox 442 5179 1971 5259">
     <span class='ocr_line' id='line_1_102' title="bbox 442 5179 1971 5259; baseline -0.009 -16"><span class='ocrx_word' id='word_1_758' title='bbox 442 5179 579 5254; x_wconf 80' lang='lat' dir='ltr'><strong>Quia</strong></span> <span class='ocrx_word' id='word_1_759' title='bbox 602 5179 701 5242; x_wconf 86' lang='lat' dir='ltr'><strong>illa</strong></span> <span class='ocrx_word' id='word_1_760' title='bbox 739 5179 911 5259; x_wconf 87' lang='lat' dir='ltr'><strong>omnia</strong></span> <span class='ocrx_word' id='word_1_761' title='bbox 930 5179 1187 5238; x_wconf 82' lang='lat' dir='ltr'><strong>humana.</strong></span> <span class='ocrx_word' id='word_1_762' title='bbox 1219 5180 1277 5259; x_wconf 79' lang='lat' dir='ltr'><strong>In</strong></span> <span class='ocrx_word' id='word_1_763' title='bbox 1306 5179 1716 5259; x_wconf 67' lang='lat' dir='ltr'><strong>quamplurimis</strong></span> <span class='ocrx_word' id='word_1_764' title='bbox 1757 5190 1885 5232; x_wconf 90' lang='lat' dir='ltr'><strong>mss.</strong></span> <span class='ocrx_word' id='word_1_765' title='bbox 1916 5184 1971 5259; x_wconf 87' lang='lat' dir='ltr'><strong>e_t</strong></span> 
     </span>
    </p>
   </div>
   <div class='ocr_carea' id='block_1_103' title="bbox 365 5249 1972 5330">
    <p class='ocr_par' dir='ltr' id='par_1_103' title="bbox 365 5249 1972 5330">
     <span class='ocr_line' id='line_1_103' title="bbox 365 5249 1972 5330; baseline -0.009 -14"><span class='ocrx_word' id='word_1_766' title='bbox 365 5262 395 5316; x_wconf 91' lang='lat'><strong>7</strong></span> <span class='ocrx_word' id='word_1_767' title='bbox 438 5249 669 5330; x_wconf 69' lang='lat' dir='ltr'><strong>vulgatis</strong></span> <span class='ocrx_word' id='word_1_768' title='bbox 707 5258 924 5330; x_wconf 84' lang='lat' dir='ltr'><strong>additur</strong></span> <span class='ocrx_word' id='word_1_769' title='bbox 966 5266 1106 5320; x_wconf 83' lang='lat' dir='ltr'><strong>sunt,</strong></span> <span class='ocrx_word' id='word_1_770' title='bbox 1134 5253 1276 5323; x_wconf 88' lang='lat' dir='ltr'><strong>quod</strong></span> <span class='ocrx_word' id='word_1_771' title='bbox 1307 5249 1337 5305; x_wconf 83' lang='lat' dir='ltr'><strong>a</strong></span> <span class='ocrx_word' id='word_1_772' title='bbox 1365 5249 1751 5307; x_wconf 87' lang='lat' dir='ltr'><strong>vetustissimis</strong></span> <span class='ocrx_word' id='word_1_773' title='bbox 1782 5263 1910 5302; x_wconf 87' lang='lat' dir='ltr'><strong>mss.</strong></span> <span class='ocrx_word' id='word_1_774' title='bbox 1937 5249 1972 5302; x_wconf 75' lang='grc'><strong>5</strong></span> 
     </span>
    </p>
   </div>
   <div class='ocr_carea' id='block_1_104' title="bbox 364 5329 1424 5388">
    <p class='ocr_par' dir='ltr' id='par_1_104' title="bbox 364 5329 1424 5388">
     <span class='ocr_line' id='line_1_104' title="bbox 364 5329 1424 5388; baseline -0.006 0"><span class='ocrx_word' id='word_1_775' title='bbox 364 5342 416 5388; x_wconf 90' lang='lat' dir='ltr'><strong>et</strong></span> <span class='ocrx_word' id='word_1_776' title='bbox 447 5332 517 5386; x_wconf 86' lang='lat' dir='ltr'><strong>ab</strong></span> <span class='ocrx_word' id='word_1_777' title='bbox 540 5329 668 5384; x_wconf 86' lang='lat' dir='ltr'><strong>octo</strong></span> <span class='ocrx_word' id='word_1_778' title='bbox 693 5330 852 5386; x_wconf 87' lang='lat' dir='ltr'><strong>editis</strong></span> <span class='ocrx_word' id='word_1_779' title='bbox 879 5329 1052 5384; x_wconf 88' lang='lat' dir='ltr'><strong>abest.</strong></span> <span class='ocrx_word' id='word_1_780' title='bbox 1420 5377 1424 5382; x_wconf 89' lang='lat'><strong>.</strong></span> 
     </span>
    </p>
   </div>
   <div class='ocr_carea' id='block_1_105' title="bbox 438 5391 1971 5470">
    <p class='ocr_par' dir='ltr' id='par_1_105' title="bbox 438 5391 1971 5470">
     <span class='ocr_line' id='line_1_105' title="bbox 438 5391 1971 5470; baseline -0.009 -13"><span class='ocrx_word' id='word_1_781' title='bbox 438 5402 624 5457; x_wconf 75' lang='lat' dir='ltr'><strong>Ltrlio.</strong></span> <span class='ocrx_word' id='word_1_782' title='bbox 656 5401 791 5456; x_wconf 87' lang='lat' dir='ltr'><strong>Vide</strong></span> <span class='ocrx_word' id='word_1_783' title='bbox 819 5402 931 5469; x_wconf 56' lang='lat' dir='ltr'><strong>llic.</strong></span> <span class='ocrx_word' id='word_1_784' title='bbox 983 5409 1041 5470; x_wconf 90' lang='lat' dir='ltr'><strong>ut</strong></span> <span class='ocrx_word' id='word_1_785' title='bbox 1082 5412 1253 5470; x_wconf 85' lang='lat' dir='ltr'><strong>supra</strong></span> <span class='ocrx_word' id='word_1_786' title='bbox 1306 5410 1426 5470; x_wconf 79' lang='lat' dir='ltr'><strong>cap.</strong></span> <span class='ocrx_word' id='word_1_787' title='bbox 1484 5392 1575 5470; x_wconf 70' lang='grc'><strong>12,</strong></span> <span class='ocrx_word' id='word_1_788' title='bbox 1603 5393 1672 5449; x_wconf 81' lang='lat' dir='ltr'><strong>l8</strong></span> <span class='ocrx_word' id='word_1_789' title='bbox 1694 5401 1749 5449; x_wconf 91' lang='lat' dir='ltr'><strong>et</strong></span> <span class='ocrx_word' id='word_1_790' title='bbox 1788 5391 1876 5470; x_wconf 64' lang='lat' dir='ltr'><strong>It},</strong></span> <span class='ocrx_word' id='word_1_791' title='bbox 1907 5404 1971 5470; x_wconf 66' lang='lat' dir='ltr'><strong>ex</strong></span> 
     </span>
    </p>
   </div>
   <div class='ocr_carea' id='block_1_106' title="bbox 367 5459 1975 5542">
    <p class='ocr_par' dir='ltr' id='par_1_106' title="bbox 367 5459 1975 5542">
     <span class='ocr_line' id='line_1_106' title="bbox 367 5459 1975 5542; baseline -0.011 -12"><span class='ocrx_word' id='word_1_792' title='bbox 367 5476 530 5530; x_wconf 84' lang='lat' dir='ltr'><strong>tertio</strong></span> <span class='ocrx_word' id='word_1_793' title='bbox 558 5474 626 5528; x_wconf 84' lang='lat' dir='ltr'><strong>de</strong></span> <span class='ocrx_word' id='word_1_794' title='bbox 654 5460 862 5542; x_wconf 70' lang='lat' dir='ltr'><strong>Iiepub.</strong></span> <span class='ocrx_word' id='word_1_795' title='bbox 891 5500 957 5511; x_wconf 97' lang='lat'>—</span> <span class='ocrx_word' id='word_1_796' title='bbox 989 5469 1122 5542; x_wconf 83' lang='lat' dir='ltr'><strong>Quia</strong></span> <span class='ocrx_word' id='word_1_797' title='bbox 1149 5459 1244 5542; x_wconf 77' lang='lat' dir='ltr'><strong>illa</strong></span> <span class='ocrx_word' id='word_1_798' title='bbox 1275 5459 1495 5542; x_wconf 28' lang='lat' dir='ltr'><strong>omnia,‘</strong></span> <span class='ocrx_word' id='word_1_799' title='bbox 1523 5465 1600 5536; x_wconf 89' lang='lat' dir='ltr'><strong>(ut</strong></span> <span class='ocrx_word' id='word_1_800' title='bbox 1625 5474 1695 5518; x_wconf 82' lang='lat' dir='ltr'><strong>est</strong></span> <span class='ocrx_word' id='word_1_801' title='bbox 1737 5480 1769 5516; x_wconf 92' lang='lat' dir='ltr'><strong>a</strong></span> <span class='ocrx_word' id='word_1_802' title='bbox 1813 5459 1975 5542; x_wconf 79' lang='lat' dir='ltr'><strong>Lwlio</strong></span> 
     </span>
    </p>
   </div>
   <div class='ocr_carea' id='block_1_107' title="bbox 365 5536 1977 5616">
    <p class='ocr_par' dir='ltr' id='par_1_107' title="bbox 365 5536 1977 5616">
     <span class='ocr_line' id='line_1_107' title="bbox 365 5536 1977 5616; baseline -0.011 -15"><span class='ocrx_word' id='word_1_803' title='bbox 365 5544 618 5616; x_wconf 86' lang='lat' dir='ltr'><strong>dictum),</strong></span> <span class='ocrx_word' id='word_1_804' title='bbox 668 5536 762 5616; x_wconf 74' lang='lat' dir='ltr'><strong>ana</strong></span> <span class='ocrx_word' id='word_1_805' title='bbox 812 5544 942 5596; x_wconf 87' lang='lat' dir='ltr'><strong>bona</strong></span> <span class='ocrx_word' id='word_1_806' title='bbox 982 5541 1155 5616; x_wconf 80' lang='lat' dir='ltr'><strong>divina</strong></span> <span class='ocrx_word' id='word_1_807' title='bbox 1204 5541 1428 5616; x_wconf 79' lang='lat' dir='ltr'><strong>judicat.</strong></span> <span class='ocrx_word' id='word_1_808' title='bbox 1471 5536 1697 5616; x_wconf 44' lang='lat' dir='ltr'><strong>Aperte“</strong></span> <span class='ocrx_word' id='word_1_809' title='bbox 1718 5539 1977 5616; x_wconf 56' lang='lat' dir='ltr'><strong>provocat</strong></span> 
     </span>
    </p>
   </div>
   <div class='ocr_carea' id='block_1_108' title="bbox 371 5603 1979 5682">
    <p class='ocr_par' dir='ltr' id='par_1_108' title="bbox 371 5603 1979 5682">
     <span class='ocr_line' id='line_1_108' title="bbox 371 5603 1979 5682; baseline -0.012 -9"><span class='ocrx_word' id='word_1_810' title='bbox 371 5617 438 5673; x_wconf 86' lang='lat' dir='ltr'><strong>ad</strong></span> <span class='ocrx_word' id='word_1_811' title='bbox 469 5603 620 5672; x_wconf 65' lang='lat' dir='ltr'><strong>Laelii</strong></span> <span class='ocrx_word' id='word_1_812' title='bbox 656 5615 840 5678; x_wconf 79' lang='lat' dir='ltr'><strong>verba,</strong></span> <span class='ocrx_word' id='word_1_813' title='bbox 873 5627 992 5682; x_wconf 77' lang='lat' dir='ltr'><strong>qlia:</strong></span> <span class='ocrx_word' id='word_1_814' title='bbox 1024 5603 1277 5665; x_wconf 66' lang='lat' dir='ltr'><strong>indicavit</strong></span> <span class='ocrx_word' id='word_1_815' title='bbox 1310 5618 1519 5682; x_wconf 75' lang='lat' dir='ltr'><strong>noster,</strong></span> <span class='ocrx_word' id='word_1_816' title='bbox 1553 5621 1602 5661; x_wconf 92' lang='lat' dir='ltr'><strong>c.</strong></span> <span class='ocrx_word' id='word_1_817' title='bbox 1627 5605 1737 5682; x_wconf 64' lang='lat' dir='ltr'><strong>j8:</strong></span> <span class='ocrx_word' id='word_1_818' title='bbox 1769 5603 1902 5656; x_wconf 84' lang='lat' dir='ltr'><strong>Huic</strong></span> <span class='ocrx_word' id='word_1_819' title='bbox 1925 5612 1979 5682; x_wconf 70' lang='lat' dir='ltr'><strong>tu</strong></span> 
     </span>
    </p>
   </div>
   <div class='ocr_carea' id='block_1_109' title="bbox 371 5673 1980 5759">
    <p class='ocr_par' dir='ltr' id='par_1_109' title="bbox 371 5673 1980 5759">
     <span class='ocr_line' id='line_1_109' title="bbox 371 5673 1980 5759; baseline -0.012 -16"><span class='ocrx_word' id='word_1_820' title='bbox 371 5692 480 5744; x_wconf 78' lang='lat' dir='ltr'><strong>viro</strong></span> <span class='ocrx_word' id='word_1_821' title='bbox 515 5684 730 5759; x_wconf 88' lang='lat' dir='ltr'><strong>(justo)</strong></span> <span class='ocrx_word' id='word_1_822' title='bbox 777 5673 903 5759; x_wconf 67' lang='lat' dir='ltr'><strong>quati</strong></span> <span class='ocrx_word' id='word_1_823' title='bbox 961 5683 1162 5736; x_wconf 87' lang='lat' dir='ltr'><strong>divitias</strong></span> <span class='ocrx_word' id='word_1_824' title='bbox 1217 5680 1420 5759; x_wconf 70' lang='lat' dir='ltr'><strong>objiciet;</strong></span> <span class='ocrx_word' id='word_1_825' title='bbox 1563 5718 1575 5730; x_wconf 96' lang='lat'><strong>.</strong></span> <span class='ocrx_word' id='word_1_826' title='bbox 1614 5677 1753 5759; x_wconf 34' lang='lat' dir='ltr'><strong>Quae</strong></span> <span class='ocrx_word' id='word_1_827' title='bbox 1779 5673 1980 5759; x_wconf 54' lang='lat' dir='ltr'><strong>regna?</strong></span> 
     </span>
    </p>
   </div>
   <div class='ocr_carea' id='block_1_110' title="bbox 382 5747 1980 5827">
    <p class='ocr_par' dir='ltr' id='par_1_110' title="bbox 382 5747 1980 5827">
     <span class='ocr_line' id='line_1_110' title="bbox 382 5747 1980 5827; baseline -0.009 -14"><span class='ocrx_word' id='word_1_828' title='bbox 382 5759 484 5826; x_wconf 83' lang='lat' dir='ltr'><strong>Qui</strong></span> <span class='ocrx_word' id='word_1_829' title='bbox 514 5747 612 5813; x_wconf 75' lang='lat' dir='ltr'><strong>ista</strong></span> <span class='ocrx_word' id='word_1_830' title='bbox 643 5747 801 5827; x_wconf 59' lang='lat' dir='ltr'><strong>putat&#39;</strong></span> <span class='ocrx_word' id='word_1_831' title='bbox 821 5757 1075 5827; x_wconf 82' lang='lat' dir='ltr'><strong>humana,</strong></span> <span class='ocrx_word' id='word_1_832' title='bbox 1106 5769 1202 5808; x_wconf 88' lang='lat' dir='ltr'><strong>sua</strong></span> <span class='ocrx_word' id='word_1_833' title='bbox 1230 5747 1380 5827; x_wconf 70' lang='lat' dir='ltr'><strong>bona</strong></span> <span class='ocrx_word' id='word_1_834' title='bbox 1419 5749 1606 5827; x_wconf 62' lang='lat' dir='ltr'><strong>divina</strong></span> <span class='ocrx_word' id='word_1_835' title='bbox 1643 5747 1880 5827; x_wconf 61' lang='lat' dir='ltr'><strong>jtidieat;</strong></span> <span class='ocrx_word' id='word_1_836' title='bbox 1927 5751 1980 5798; x_wconf 87' lang='lat' dir='ltr'><strong>et</strong></span> 
     </span>
    </p>
   </div>
   <div class='ocr_carea' id='block_1_111' title="bbox 382 5816 1889 5898">
    <p class='ocr_par' dir='ltr' id='par_1_111' title="bbox 382 5816 1889 5898">
     <span class='ocr_line' id='line_1_111' title="bbox 382 5816 1889 5898; baseline -0.012 -11"><span class='ocrx_word' id='word_1_837' title='bbox 382 5816 538 5894; x_wconf 68' lang='lat' dir='ltr'><strong>inira,</strong></span> <span class='ocrx_word' id='word_1_838' title='bbox 577 5816 704 5898; x_wconf 66' lang='lat' dir='ltr'><strong>Quae</strong></span> <span class='ocrx_word' id='word_1_839' title='bbox 725 5829 904 5892; x_wconf 73' lang='lat' dir='ltr'><strong>virtus,</strong></span> <span class='ocrx_word' id='word_1_840' title='bbox 933 5825 976 5881; x_wconf 77' lang='lat' dir='ltr'><strong>si</strong></span> <span class='ocrx_word' id='word_1_841' title='bbox 1000 5816 1130 5879; x_wconf 86' lang='lat' dir='ltr'><strong>bona</strong></span> <span class='ocrx_word' id='word_1_842' title='bbox 1159 5840 1251 5898; x_wconf 77' lang='lat' dir='ltr'><strong>sua</strong></span> <span class='ocrx_word' id='word_1_843' title='bbox 1279 5823 1449 5876; x_wconf 89' lang='lat' dir='ltr'><strong>divina</strong></span> <span class='ocrx_word' id='word_1_844' title='bbox 1479 5820 1688 5898; x_wconf 70' lang='lat' dir='ltr'><strong>judicat</strong></span> <span class='ocrx_word' id='word_1_845' title='bbox 1708 5816 1889 5898; x_wconf 55' lang='grc' dir='ltr'><strong>Ῡ-βυη.</strong></span> 
     </span>
    </p>
   </div>
   <div class='ocr_carea' id='block_1_112' title="bbox 463 5888 1982 5959">
    <p class='ocr_par' dir='ltr' id='par_1_112' title="bbox 463 5888 1982 5959">
     <span class='ocr_line' id='line_1_112' title="bbox 463 5888 1982 5959; baseline -0.009 -4"><span class='ocrx_word' id='word_1_846' title='bbox 463 5888 732 5957; x_wconf 56' lang='lat' dir='ltr'><strong>[cicadam</strong></span> <span class='ocrx_word' id='word_1_847' title='bbox 773 5888 1080 5959; x_wconf 79' lang='lat' dir='ltr'><strong>conditione.</strong></span> <span class='ocrx_word' id='word_1_848' title='bbox 1125 5895 1358 5954; x_wconf 70' lang='lat' dir='ltr'><strong>licitum.</strong></span> <span class='ocrx_word' id='word_1_849' title='bbox 1394 5911 1407 5952; x_wconf 89' lang='lat'><strong>:</strong></span> <span class='ocrx_word' id='word_1_850' title='bbox 1438 5888 1505 5950; x_wconf 80' lang='lat' dir='ltr'><strong>ab</strong></span> <span class='ocrx_word' id='word_1_851' title='bbox 1528 5891 1701 5950; x_wconf 73' lang='lat' dir='ltr'><strong>eodem</strong></span> <span class='ocrx_word' id='word_1_852' title='bbox 1729 5888 1860 5957; x_wconf 76' lang='lat' dir='ltr'><strong>Deo,</strong></span> <span class='ocrx_word' id='word_1_853' title='bbox 1894 5903 1982 5944; x_wconf 79' lang='lat' dir='ltr'><strong>ca-</strong></span> 
     </span>
    </p>
   </div>
   <div class='ocr_carea' id='block_1_113' title="bbox 3088 4673 3413 4727">
    <p class='ocr_par' dir='ltr' id='par_1_113' title="bbox 3088 4673 3413 4727">
     <span class='ocr_line' id='line_1_113' title="bbox 3088 4673 3413 4727; baseline -0.009 0"><span class='ocrx_word' id='word_1_854' title='bbox 3088 4673 3413 4727; x_wconf 74' lang='lat' dir='ltr'><strong>BETULEIUS.</strong></span> 
     </span>
    </p>
   </div>
   <div class='ocr_carea' id='block_1_114' title="bbox 2139 4739 3670 4812">
    <p class='ocr_par' dir='ltr' id='par_1_114' title="bbox 2139 4739 3670 4812">
     <span class='ocr_line' id='line_1_114' title="bbox 2139 4739 3670 4812; baseline -0.007 -10"><span class='ocrx_word' id='word_1_855' title='bbox 2139 4748 2287 4802; x_wconf 86' lang='lat' dir='ltr'><strong>Idem</strong></span> <span class='ocrx_word' id='word_1_856' title='bbox 2335 4747 2465 4801; x_wconf 80' lang='lat' dir='ltr'><strong>nihil</strong></span> <span class='ocrx_word' id='word_1_857' title='bbox 2517 4747 2749 4802; x_wconf 76' lang='lat' dir='ltr'><strong>tumoris.</strong></span> <span class='ocrx_word' id='word_1_858' title='bbox 2811 4745 2938 4798; x_wconf 80' lang='lat' dir='ltr'><strong>Mss.</strong></span> <span class='ocrx_word' id='word_1_859' title='bbox 2994 4744 3027 4798; x_wconf 83' lang='grc'>5</span> <span class='ocrx_word' id='word_1_860' title='bbox 3081 4744 3211 4812; x_wconf 81' lang='lat' dir='ltr'><strong>Reg.</strong></span> <span class='ocrx_word' id='word_1_861' title='bbox 3261 4756 3370 4796; x_wconf 87' lang='lat' dir='ltr'><strong>rec.</strong></span> <span class='ocrx_word' id='word_1_862' title='bbox 3414 4739 3502 4794; x_wconf 79' lang='lat' dir='ltr'><strong>1d.</strong></span> <span class='ocrx_word' id='word_1_863' title='bbox 3553 4748 3670 4805; x_wconf 79' lang='lat' dir='ltr'><strong>est,</strong></span> 
     </span>
    </p>
   </div>
   <div class='ocr_carea' id='block_1_115' title="bbox 2068 4811 3674 4888">
    <p class='ocr_par' dir='ltr' id='par_1_115' title="bbox 2068 4811 3674 4888">
     <span class='ocr_line' id='line_1_115' title="bbox 2068 4811 3674 4888; baseline -0.006 -14"><span class='ocrx_word' id='word_1_864' title='bbox 2068 4821 2197 4874; x_wconf 84' lang='lat' dir='ltr'><strong>nihil</strong></span> <span class='ocrx_word' id='word_1_865' title='bbox 2229 4821 2484 4882; x_wconf 80' lang='lat' dir='ltr'><strong>tumoris;</strong></span> <span class='ocrx_word' id='word_1_866' title='bbox 2529 4821 2550 4872; x_wconf 86' lang='lat' dir='ltr'><strong>I</strong></span> <span class='ocrx_word' id='word_1_867' title='bbox 2600 4815 2911 4888; x_wconf 13' lang='lat' dir='ltr'><strong>RegnrJun.</strong></span> <span class='ocrx_word' id='word_1_868' title='bbox 2957 4825 3022 4888; x_wconf 79' lang='lat' dir='ltr'><strong>et</strong></span> <span class='ocrx_word' id='word_1_869' title='bbox 3051 4819 3082 4869; x_wconf 74' lang='grc'><strong>4</strong></span> <span class='ocrx_word' id='word_1_870' title='bbox 3130 4811 3236 4888; x_wconf 74' lang='lat' dir='ltr'><strong>vel.</strong></span> <span class='ocrx_word' id='word_1_871' title='bbox 3267 4813 3397 4888; x_wconf 85' lang='lat' dir='ltr'><strong>edit.</strong></span> <span class='ocrx_word' id='word_1_872' title='bbox 3453 4819 3498 4888; x_wconf 77' lang='lat' dir='ltr'><strong>et</strong></span> <span class='ocrx_word' id='word_1_873' title='bbox 3544 4811 3674 4888; x_wconf 70' lang='lat' dir='ltr'><strong>nihil</strong></span> 
     </span>
    </p>
   </div>
   <div class='ocr_carea' id='block_1_116' title="bbox 2044 4880 3673 4959">
    <p class='ocr_par' dir='ltr' id='par_1_116' title="bbox 2044 4880 3673 4959">
     <span class='ocr_line' id='line_1_116' title="bbox 2044 4880 3673 4959; baseline -0.006 -13"><span class='ocrx_word' id='word_1_874' title='bbox 2044 4893 2316 4955; x_wconf 77' lang='lat' dir='ltr'><strong>tumoris;</strong></span> <span class='ocrx_word' id='word_1_875' title='bbox 2349 4880 2528 4959; x_wconf 82' lang='lat' dir='ltr'><strong>scripti</strong></span> <span class='ocrx_word' id='word_1_876' title='bbox 2575 4890 2608 4944; x_wconf 83' lang='lat'><strong>6</strong></span> <span class='ocrx_word' id='word_1_877' title='bbox 2658 4880 2710 4944; x_wconf 61' lang='lat' dir='ltr'><strong>ei</strong></span> <span class='ocrx_word' id='word_1_878' title='bbox 2749 4887 2782 4940; x_wconf 75' lang='grc'>4</span> <span class='ocrx_word' id='word_1_879' title='bbox 2830 4887 3049 4956; x_wconf 64' lang='lat' dir='ltr'><strong>vulgaii,</strong></span> <span class='ocrx_word' id='word_1_880' title='bbox 3091 4886 3343 4959; x_wconf 74' lang='lat' dir='ltr'><strong>timoris;</strong></span> <span class='ocrx_word' id='word_1_881' title='bbox 3378 4882 3536 4959; x_wconf 81' lang='lat' dir='ltr'><strong>male.</strong></span> <span class='ocrx_word' id='word_1_882' title='bbox 3570 4880 3673 4959; x_wconf 84' lang='lat' dir='ltr'><strong>_Fit</strong></span> 
     </span>
    </p>
   </div>
   <div class='ocr_carea' id='block_1_117' title="bbox 2069 4952 3672 5025">
    <p class='ocr_par' dir='ltr' id='par_1_117' title="bbox 2069 4952 3672 5025">
     <span class='ocr_line' id='line_1_117' title="bbox 2069 4952 3672 5025; baseline -0.007 -7"><span class='ocrx_word' id='word_1_883' title='bbox 2069 4965 2214 5019; x_wconf 86' lang='lat' dir='ltr'><strong>enim</strong></span> <span class='ocrx_word' id='word_1_884' title='bbox 2247 4952 2534 5016; x_wconf 82' lang='lat' dir='ltr'><strong>antithesis</strong></span> <span class='ocrx_word' id='word_1_885' title='bbox 2559 4961 2623 5014; x_wconf 88' lang='lat' dir='ltr'><strong>ad</strong></span> <span class='ocrx_word' id='word_1_886' title='bbox 2657 4952 2968 5025; x_wconf 67' lang='lat' dir='ltr'><strong>superiora,</strong></span> <span class='ocrx_word' id='word_1_887' title='bbox 3014 4957 3100 5010; x_wconf 86' lang='lat' dir='ltr'><strong>ubi</strong></span> <span class='ocrx_word' id='word_1_888' title='bbox 3125 4958 3356 5020; x_wconf 79' lang='lat' dir='ltr'><strong>dixerat,</strong></span> <span class='ocrx_word' id='word_1_889' title='bbox 3404 4952 3672 5023; x_wconf 80' lang='lat' dir='ltr'><strong>impatien-</strong></span> 
     </span>
    </p>
   </div>
   <div class='ocr_carea' id='block_1_118' title="bbox 2071 5031 3093 5090">
    <p class='ocr_par' dir='ltr' id='par_1_118' title="bbox 2071 5031 3093 5090">
     <span class='ocr_line' id='line_1_118' title="bbox 2071 5031 3093 5090; baseline -0.011 0"><span class='ocrx_word' id='word_1_890' title='bbox 2071 5047 2169 5090; x_wconf 89' lang='lat' dir='ltr'><strong>tem</strong></span> <span class='ocrx_word' id='word_1_891' title='bbox 2209 5034 2341 5087; x_wconf 87' lang='lat' dir='ltr'><strong>elato</strong></span> <span class='ocrx_word' id='word_1_892' title='bbox 2366 5034 2536 5086; x_wconf 86' lang='lat' dir='ltr'><strong>animo</strong></span> <span class='ocrx_word' id='word_1_893' title='bbox 2579 5031 2848 5084; x_wconf 86' lang='lat' dir='ltr'><strong>insolenter</strong></span> <span class='ocrx_word' id='word_1_894' title='bbox 2885 5039 3093 5082; x_wconf 85' lang='lat' dir='ltr'><strong>tumere.</strong></span> 
     </span>
    </p>
   </div>
   <div class='ocr_carea' id='block_1_119' title="bbox 2150 5095 3667 5170">
    <p class='ocr_par' dir='ltr' id='par_1_119' title="bbox 2150 5095 3667 5170">
     <span class='ocr_line' id='line_1_119' title="bbox 2150 5095 3667 5170; baseline -0.007 -12"><span class='ocrx_word' id='word_1_895' title='bbox 2150 5104 2350 5158; x_wconf 80' lang='lat' dir='ltr'><strong>Planus</strong></span> <span class='ocrx_word' id='word_1_896' title='bbox 2374 5114 2469 5158; x_wconf 77' lang='lat' dir='ltr'><strong>est.</strong></span> <span class='ocrx_word' id='word_1_897' title='bbox 2497 5104 2585 5157; x_wconf 83' lang='lat' dir='ltr'><strong>Sic</strong></span> <span class='ocrx_word' id='word_1_898' title='bbox 2614 5117 2770 5170; x_wconf 80' lang='lat' dir='ltr'><strong>supra</strong></span> <span class='ocrx_word' id='word_1_899' title='bbox 2802 5100 3112 5154; x_wconf 83' lang='lat' dir='ltr'><strong>Laclantius</strong></span> <span class='ocrx_word' id='word_1_900' title='bbox 3140 5096 3330 5152; x_wconf 91' lang='lat' dir='ltr'><strong>eodem</strong></span> <span class='ocrx_word' id='word_1_901' title='bbox 3363 5095 3523 5162; x_wconf 89' lang='lat' dir='ltr'><strong>libro,</strong></span> <span class='ocrx_word' id='word_1_902' title='bbox 3545 5108 3667 5162; x_wconf 91' lang='lat' dir='ltr'><strong>cap.</strong></span> 
     </span>
    </p>
   </div>
   <div class='ocr_carea' id='block_1_120' title="bbox 2083 5170 2962 5242">
    <p class='ocr_par' dir='ltr' id='par_1_120' title="bbox 2083 5170 2962 5242">
     <span class='ocr_line' id='line_1_120' title="bbox 2083 5170 2962 5242; baseline -0.013 -10"><span class='ocrx_word' id='word_1_903' title='bbox 2083 5178 2171 5242; x_wconf 81' lang='lat' dir='ltr'><strong>I5,</strong></span> <span class='ocrx_word' id='word_1_904' title='bbox 2199 5178 2262 5229; x_wconf 84' lang='lat' dir='ltr'><strong>ad</strong></span> <span class='ocrx_word' id='word_1_905' title='bbox 2290 5177 2472 5238; x_wconf 89' lang='lat' dir='ltr'><strong>linem,</strong></span> <span class='ocrx_word' id='word_1_906' title='bbox 2506 5172 2556 5226; x_wconf 91' lang='lat' dir='ltr'><strong>id</strong></span> <span class='ocrx_word' id='word_1_907' title='bbox 2588 5180 2691 5236; x_wconf 89' lang='lat' dir='ltr'><strong>est,</strong></span> <span class='ocrx_word' id='word_1_908' title='bbox 2725 5170 2962 5224; x_wconf 89' lang='lat' dir='ltr'><strong>humilis.</strong></span> 
     </span>
    </p>
   </div>
   <div class='ocr_carea' id='block_1_121' title="bbox 2155 5239 3678 5311">
    <p class='ocr_par' dir='ltr' id='par_1_121' title="bbox 2155 5239 3678 5311">
     <span class='ocr_line' id='line_1_121' title="bbox 2155 5239 3678 5311; baseline -0.01 -9"><span class='ocrx_word' id='word_1_909' title='bbox 2155 5239 2266 5302; x_wconf 83' lang='lat' dir='ltr'><strong>Nec</strong></span> <span class='ocrx_word' id='word_1_910' title='bbox 2292 5248 2460 5299; x_wconf 82' lang='lat' dir='ltr'><strong>aliena</strong></span> <span class='ocrx_word' id='word_1_911' title='bbox 2487 5244 2681 5311; x_wconf 78' lang='lat' dir='ltr'><strong>cupiat.</strong></span> <span class='ocrx_word' id='word_1_912' title='bbox 2709 5242 2972 5311; x_wconf 88' lang='lat' dir='ltr'><strong>Loquitur</strong></span> <span class='ocrx_word' id='word_1_913' title='bbox 3025 5240 3112 5294; x_wconf 90' lang='lat' dir='ltr'><strong>hic</strong></span> <span class='ocrx_word' id='word_1_914' title='bbox 3158 5239 3226 5293; x_wconf 90' lang='lat' dir='ltr'><strong>de</strong></span> <span class='ocrx_word' id='word_1_915' title='bbox 3265 5239 3412 5311; x_wconf 85' lang='lat' dir='ltr'><strong>justo</strong></span> <span class='ocrx_word' id='word_1_916' title='bbox 3450 5246 3506 5311; x_wconf 83' lang='lat' dir='ltr'><strong>et</strong></span> <span class='ocrx_word' id='word_1_917' title='bbox 3548 5251 3678 5311; x_wconf 71' lang='lat' dir='ltr'><strong>vero</strong></span> 
     </span>
    </p>
   </div>
   <div class='ocr_carea' id='block_1_122' title="bbox 2080 5308 3680 5387">
    <p class='ocr_par' dir='ltr' id='par_1_122' title="bbox 2080 5308 3680 5387">
     <span class='ocr_line' id='line_1_122' title="bbox 2080 5308 3680 5387; baseline -0.007 -15"><span class='ocrx_word' id='word_1_918' title='bbox 2080 5320 2347 5387; x_wconf 80' lang='lat' dir='ltr'><strong>sapiente,</strong></span> <span class='ocrx_word' id='word_1_919' title='bbox 2377 5331 2452 5369; x_wconf 92' lang='lat' dir='ltr'><strong>sc.</strong></span> <span class='ocrx_word' id='word_1_920' title='bbox 2479 5308 2820 5387; x_wconf 44' lang='lat' dir='ltr'><strong>Christianoi</strong></span> <span class='ocrx_word' id='word_1_921' title='bbox 2838 5311 2974 5387; x_wconf 74' lang='lat' dir='ltr'><strong>Quid</strong></span> <span class='ocrx_word' id='word_1_922' title='bbox 3000 5325 3126 5387; x_wconf 85' lang='lat' dir='ltr'><strong>vero</strong></span> <span class='ocrx_word' id='word_1_923' title='bbox 3149 5312 3348 5387; x_wconf 80' lang='lat' dir='ltr'><strong>magni,</strong></span> <span class='ocrx_word' id='word_1_924' title='bbox 3372 5309 3524 5387; x_wconf 82' lang='lat' dir='ltr'><strong>si__hi_c</strong></span> <span class='ocrx_word' id='word_1_925' title='bbox 3551 5308 3680 5361; x_wconf 86' lang='lat' dir='ltr'><strong>nihil</strong></span> 
     </span>
    </p>
   </div>
   <div class='ocr_carea' id='block_1_123' title="bbox 2084 5379 3677 5460">
    <p class='ocr_par' dir='ltr' id='par_1_123' title="bbox 2084 5379 3677 5460">
     <span class='ocr_line' id='line_1_123' title="bbox 2084 5379 3677 5460; baseline -0.008 -16"><span class='ocrx_word' id='word_1_926' title='bbox 2084 5379 2250 5460; x_wconf 74' lang='lat' dir='ltr'><strong>rapiat</strong></span> <span class='ocrx_word' id='word_1_927' title='bbox 2272 5379 2389 5460; x_wconf 71' lang='lat' dir='ltr'><strong>?ttc</strong></span> <span class='ocrx_word' id='word_1_928' title='bbox 2416 5389 2562 5455; x_wconf 82' lang='lat' dir='ltr'><strong>cupit</strong></span> <span class='ocrx_word' id='word_1_929' title='bbox 2593 5385 2843 5460; x_wconf 75' lang='lat' dir='ltr'><strong>quidem.</strong></span> <span class='ocrx_word' id='word_1_930' title='bbox 2894 5381 3036 5460; x_wconf 75' lang='lat' dir='ltr'><strong>Hinc</strong></span> <span class='ocrx_word' id='word_1_931' title='bbox 3074 5382 3140 5460; x_wconf 82' lang='lat' dir='ltr'><strong>de</strong></span> <span class='ocrx_word' id='word_1_932' title='bbox 3169 5383 3358 5460; x_wconf 76' lang='lat' dir='ltr'><strong>eodem</strong></span> <span class='ocrx_word' id='word_1_933' title='bbox 3387 5379 3526 5434; x_wconf 78' lang='lat' dir='ltr'><strong>dixit</strong></span> <span class='ocrx_word' id='word_1_934' title='bbox 3555 5393 3677 5460; x_wconf 41' lang='lat' dir='ltr'><strong>snit-p.</strong></span> 
     </span>
    </p>
   </div>
   <div class='ocr_carea' id='block_1_124' title="bbox 2092 5448 3680 5527">
    <p class='ocr_par' dir='ltr' id='par_1_124' title="bbox 2092 5448 3680 5527">
     <span class='ocr_line' id='line_1_124' title="bbox 2092 5448 3680 5527; baseline -0.006 -14"><span class='ocrx_word' id='word_1_935' title='bbox 2092 5448 2202 5513; x_wconf 71' lang='lat' dir='ltr'><strong>Nec</strong></span> <span class='ocrx_word' id='word_1_936' title='bbox 2251 5448 2793 5527; x_wconf 52' lang='lat' dir='ltr'><strong>alienttm&#39;quidquam</strong></span> <span class='ocrx_word' id='word_1_937' title='bbox 2825 5453 3135 5527; x_wconf 75' lang='lat' dir='ltr'><strong>concupiscit</strong></span> <span class='ocrx_word' id='word_1_938' title='bbox 3154 5469 3172 5517; x_wconf 90' lang='lat'><strong>;</strong></span> <span class='ocrx_word' id='word_1_939' title='bbox 3229 5463 3278 5505; x_wconf 85' lang='lat' dir='ltr'><strong>et</strong></span> <span class='ocrx_word' id='word_1_940' title='bbox 3379 5466 3452 5516; x_wconf 80' lang='lat' dir='ltr'><strong>v1,</strong></span> <span class='ocrx_word' id='word_1_941' title='bbox 3484 5448 3637 5527; x_wconf 51' lang='grc' dir='ltr'><strong>αξη</strong></span> <span class='ocrx_word' id='word_1_942' title='bbox 3665 5467 3680 5504; x_wconf 88' lang='lat'><strong>:</strong></span> 
     </span>
    </p>
   </div>
   <div class='ocr_carea' id='block_1_125' title="bbox 2085 5520 3677 5596">
    <p class='ocr_par' dir='ltr' id='par_1_125' title="bbox 2085 5520 3677 5596">
     <span class='ocr_line' id='line_1_125' title="bbox 2085 5520 3677 5596; baseline -0.009 -9"><span class='ocrx_word' id='word_1_943' title='bbox 2085 5533 2222 5587; x_wconf 73' lang='lat' dir='ltr'><strong>Nltil</strong></span> <span class='ocrx_word' id='word_1_944' title='bbox 2252 5528 2473 5583; x_wconf 88' lang='lat' dir='ltr'><strong>omnino</strong></span> <span class='ocrx_word' id='word_1_945' title='bbox 2501 5520 2735 5596; x_wconf 74' lang='lat' dir='ltr'><strong>appetat,</strong></span> <span class='ocrx_word' id='word_1_946' title='bbox 2763 5525 2894 5578; x_wconf 83' lang='lat' dir='ltr'><strong>nihil</strong></span> <span class='ocrx_word' id='word_1_947' title='bbox 2921 5520 3244 5596; x_wconf 72' lang='lat' dir='ltr'><strong>concupiscat</strong></span> <span class='ocrx_word' id='word_1_948' title='bbox 3274 5520 3677 5596; x_wconf 64' lang='lat' dir='ltr'><strong>alien_um._Btttt_.</strong></span> 
     </span>
    </p>
   </div>
   <div class='ocr_carea' id='block_1_126' title="bbox 2163 5590 3685 5654">
    <p class='ocr_par' dir='ltr' id='par_1_126' title="bbox 2163 5590 3685 5654">
     <span class='ocr_line' id='line_1_126' title="bbox 2163 5590 3685 5654; baseline -0.007 0"><span class='ocrx_word' id='word_1_949' title='bbox 2163 5603 2225 5654; x_wconf 78' lang='lat' dir='ltr'><strong>Et</strong></span> <span class='ocrx_word' id='word_1_950' title='bbox 2264 5602 2343 5654; x_wconf 84' lang='lat' dir='ltr'><strong>hic</strong></span> <span class='ocrx_word' id='word_1_951' title='bbox 2382 5602 2434 5652; x_wconf 81' lang='lat' dir='ltr'><strong>in</strong></span> <span class='ocrx_word' id='word_1_952' title='bbox 2482 5590 2769 5652; x_wconf 68' lang='lat' dir='ltr'><strong>seruitutem</strong></span> <span class='ocrx_word' id='word_1_953' title='bbox 2819 5598 2982 5649; x_wconf 85' lang='lat' dir='ltr'><strong>abeat.</strong></span> <span class='ocrx_word' id='word_1_954' title='bbox 3025 5590 3150 5649; x_wconf 74' lang='lat' dir='ltr'><strong>MSS.</strong></span> <span class='ocrx_word' id='word_1_955' title='bbox 3184 5593 3256 5648; x_wconf 67' lang='grc'><strong>25</strong></span> <span class='ocrx_word' id='word_1_956' title='bbox 3277 5603 3331 5647; x_wconf 80' lang='lat' dir='ltr'><strong>et</strong></span> <span class='ocrx_word' id='word_1_957' title='bbox 3351 5593 3479 5648; x_wconf 86' lang='lat' dir='ltr'><strong>edit.</strong></span> <span class='ocrx_word' id='word_1_958' title='bbox 3508 5592 3543 5646; x_wconf 77' lang='grc'><strong>5</strong></span> <span class='ocrx_word' id='word_1_959' title='bbox 3573 5609 3584 5642; x_wconf 92' lang='lat'>:</span> <span class='ocrx_word' id='word_1_960' title='bbox 3618 5590 3685 5644; x_wconf 80' lang='lat' dir='ltr'><strong>Et</strong></span> 
     </span>
    </p>
   </div>
   <div class='ocr_carea' id='block_1_127' title="bbox 2090 5661 3683 5727">
    <p class='ocr_par' dir='ltr' id='par_1_127' title="bbox 2090 5661 3683 5727">
     <span class='ocr_line' id='line_1_127' title="bbox 2090 5661 3683 5727; baseline -0.008 0"><span class='ocrx_word' id='word_1_961' title='bbox 2090 5676 2170 5727; x_wconf 87' lang='lat' dir='ltr'><strong>hic</strong></span> <span class='ocrx_word' id='word_1_962' title='bbox 2220 5674 2270 5725; x_wconf 88' lang='lat' dir='ltr'><strong>in</strong></span> <span class='ocrx_word' id='word_1_963' title='bbox 2317 5688 2370 5725; x_wconf 77' lang='lat' dir='ltr'><strong>ae</strong></span> <span class='ocrx_word' id='word_1_964' title='bbox 2416 5671 2645 5723; x_wconf 72' lang='lat' dir='ltr'><strong>virtutem</strong></span> <span class='ocrx_word' id='word_1_965' title='bbox 2683 5668 2862 5720; x_wconf 62' lang='lat' dir='ltr'><strong>Illibtﬂl</strong></span> <span class='ocrx_word' id='word_1_966' title='bbox 2894 5683 2911 5720; x_wconf 94' lang='lat'><em>:</em></span> <span class='ocrx_word' id='word_1_967' title='bbox 2940 5668 3032 5721; x_wconf 86' lang='lat' dir='ltr'><strong>sed</strong></span> <span class='ocrx_word' id='word_1_968' title='bbox 3068 5676 3252 5719; x_wconf 82' lang='lat' dir='ltr'><strong>contra</strong></span> <span class='ocrx_word' id='word_1_969' title='bbox 3285 5675 3520 5718; x_wconf 79' lang='lat' dir='ltr'><strong>mcntctn</strong></span> <span class='ocrx_word' id='word_1_970' title='bbox 3549 5661 3683 5715; x_wconf 84' lang='lat' dir='ltr'><strong>Lac-</strong></span> 
     </span>
    </p>
   </div>
   <div class='ocr_carea' id='block_1_128' title="bbox 2093 5736 3683 5810">
    <p class='ocr_par' dir='ltr' id='par_1_128' title="bbox 2093 5736 3683 5810">
     <span class='ocr_line' id='line_1_128' title="bbox 2093 5736 3683 5810; baseline -0.008 -12"><span class='ocrx_word' id='word_1_971' title='bbox 2093 5742 2264 5806; x_wconf 83' lang='lat' dir='ltr'><strong>tantii,</strong></span> <span class='ocrx_word' id='word_1_972' title='bbox 2298 5744 2382 5810; x_wconf 89' lang='lat' dir='ltr'><strong>qui</strong></span> <span class='ocrx_word' id='word_1_973' title='bbox 2419 5742 2466 5794; x_wconf 88' lang='lat' dir='ltr'><strong>id</strong></span> <span class='ocrx_word' id='word_1_974' title='bbox 2500 5740 2673 5794; x_wconf 81' lang='lat' dir='ltr'><strong>solum</strong></span> <span class='ocrx_word' id='word_1_975' title='bbox 2701 5739 2916 5810; x_wconf 80' lang='lat' dir='ltr'><strong>cllicere</strong></span> <span class='ocrx_word' id='word_1_976' title='bbox 2938 5737 3082 5810; x_wconf 81' lang='lat' dir='ltr'><strong>vult,</strong></span> <span class='ocrx_word' id='word_1_977' title='bbox 3108 5739 3282 5791; x_wconf 83' lang='lat' dir='ltr'><strong>virum</strong></span> <span class='ocrx_word' id='word_1_978' title='bbox 3326 5736 3522 5810; x_wconf 85' lang='lat' dir='ltr'><strong>bonum</strong></span> <span class='ocrx_word' id='word_1_979' title='bbox 3561 5745 3683 5810; x_wconf 80' lang='lat' dir='ltr'><strong>esse</strong></span> 
     </span>
    </p>
   </div>
   <div class='ocr_carea' id='block_1_129' title="bbox 2093 5804 3688 5887">
    <p class='ocr_par' dir='ltr' id='par_1_129' title="bbox 2093 5804 3688 5887">
     <span class='ocr_line' id='line_1_129' title="bbox 2093 5804 3688 5887; baseline -0.011 -16"><span class='ocrx_word' id='word_1_980' title='bbox 2093 5817 2145 5871; x_wconf 89' lang='lat' dir='ltr'><strong>in</strong></span> <span class='ocrx_word' id='word_1_981' title='bbox 2174 5804 2436 5887; x_wconf 66' lang='lat' dir='ltr'><strong>potestate</strong></span> <span class='ocrx_word' id='word_1_982' title='bbox 2459 5811 2690 5866; x_wconf 85' lang='lat' dir='ltr'><strong>hominis</strong></span> <span class='ocrx_word' id='word_1_983' title='bbox 2739 5809 2941 5887; x_wconf 61' lang='lat' dir='ltr'><strong>iniusti.</strong></span> <span class='ocrx_word' id='word_1_984' title='bbox 2970 5809 3124 5887; x_wconf 82' lang='lat' dir='ltr'><strong>Vidc_</strong></span> <span class='ocrx_word' id='word_1_985' title='bbox 3155 5823 3327 5887; x_wconf 60' lang='lat' dir='ltr'><strong>supra</strong></span> <span class='ocrx_word' id='word_1_986' title='bbox 3347 5807 3546 5887; x_wconf 66' lang='lat' dir='ltr'><strong>justum</strong></span> <span class='ocrx_word' id='word_1_987' title='bbox 3594 5804 3688 5883; x_wconf 74' lang='lat' dir='ltr'><strong>ho-</strong></span> 
     </span>
    </p>
   </div>
   <div class='ocr_carea' id='block_1_130' title="bbox 2094 5877 3689 5957">
    <p class='ocr_par' dir='ltr' id='par_1_130' title="bbox 2094 5877 3689 5957">
     <span class='ocr_line' id='line_1_130' title="bbox 2094 5877 3689 5957; baseline -0.011 -14"><span class='ocrx_word' id='word_1_988' title='bbox 2094 5877 2280 5948; x_wconf 75' lang='lat' dir='ltr'><strong>minem</strong></span> <span class='ocrx_word' id='word_1_989' title='bbox 2312 5885 2593 5957; x_wconf 76' lang='lat' dir='ltr'><strong>subjectum</strong></span> <span class='ocrx_word' id='word_1_990' title='bbox 2624 5899 2731 5942; x_wconf 74' lang='lat' dir='ltr'><strong>esse</strong></span> <span class='ocrx_word' id='word_1_991' title='bbox 2755 5877 2983 5952; x_wconf 76' lang='lat' dir='ltr'><strong>injuste;</strong></span> <span class='ocrx_word' id='word_1_992' title='bbox 3030 5889 3083 5937; x_wconf 90' lang='lat' dir='ltr'><strong>et</strong></span> <span class='ocrx_word' id='word_1_993' title='bbox 3111 5877 3270 5946; x_wconf 88' lang='lat' dir='ltr'><strong>infra,</strong></span> <span class='ocrx_word' id='word_1_994' title='bbox 3311 5877 3503 5931; x_wconf 87' lang='lat' dir='ltr'><strong>idcirco</strong></span> <span class='ocrx_word' id='word_1_995' title='bbox 3555 5877 3689 5929; x_wconf 82' lang='lat' dir='ltr'><strong>enim</strong></span> 
     </span>
    </p>
   </div>
  </div>
