4090 6354
278 542 406 584 nam
434 527 505 583 sit
529 525 658 582 illud
690 525 913 593 bonum,
940 522 1086 595 quod
1125 522 1193 576 ad
1236 528 1466 575 mortem
1507 534 1674 590 usque
1701 519 1885 575 defen-

278 619 461 684 ditur;
492 618 633 690 quod
664 617 914 674 omnibus
935 658 953 685 ,
1006 631 1128 687 quae
1158 614 1211 670 in
1242 613 1344 669 hac
1372 614 1478 667 vita
1496 611 1729 685 jucunda
1759 620 1887 667 sunt

279 723 338 772 et
364 713 529 770 chara
556 753 575 782 ,
607 712 927 783 praefertur;
958 726 989 765 a
1011 726 1140 780 quo,
1182 724 1281 765 uec
1307 708 1592 774 bonorum,
1621 723 1721 763 nec
1746 707 1883 763 lucis

280 807 527 869 amissio,
581 818 681 859 nec
728 803 884 859 dolor
930 801 1206 870 corporis,
1250 816 1349 856 nec
1379 800 1646 855 viscerum
1673 800 1881 855 crucia-

277 906 463 953 menta
518 895 817 952 deterrent.
874 894 1068 950 Valent
1123 893 1239 948 lucc
1294 892 1607 964 plurimum.
1633 892 1740 950 Sed
1778 892 1885 949 illa:

279 988 518 1045 maxime
560 1002 739 1043 causae
792 995 1101 1042 nostrorum
1148 1000 1431 1041 numerum
1460 988 1693 1055 scmper‘
1720 1000 1886 1039 auxe-

280 1091 427 1139 runt.
459 1082 624 1138 Audit
649 1083 1008 1138 circumstans
1036 1079 1266 1150 papulas
1294 1078 1436 1134 inter
1467 1078 1585 1148 ipsa
1616 1089 1882 1135 tormenta

281 1178 557 1246 dicentes,
586 1193 690 1233 non
724 1176 1030 1233 sacriﬁcare
1065 1193 1124 1232 se
1152 1175 1421 1247 lapidibus
1462 1175 1690 1230 humana
1724 1189 1883 1228 manu

282 1271 460 1339 factis,
486 1272 580 1328 sed
612 1271 724 1327 Deo
750 1273 897 1341 vivo,
920 1272 1009 1342 qui
1030 1271 1102 1327 sit
1130 1270 1184 1325 in
1204 1270 1364 1326 ccelo.
1391 1268 1542 1325 Multi
1566 1268 1667 1324 hoc
1695 1283 1883 1323 verum

281 1380 407 1422 esse
434 1364 776 1436 intelligunt,
809 1375 866 1419 et
901 1366 954 1419 in
994 1373 1181 1434 pectus
1226 1363 1536 1419 admittunt.
1573 1362 1797 1428 Deinde,
1826 1369 1885 1415 ut

281 1458 402 1513 ﬁeri
450 1457 590 1513 solet
649 1458 701 1511 in
745 1456 907 1512 rebus
946 1456 1197 1523 incertis,
1232 1454 1358 1511 dum
1401 1455 1626 1510 interse
1653 1454 1882 1509 invicem

281 1557 566 1621 quaerunt,
594 1562 716 1619 qua:
755 1546 825 1603 sit
866 1547 1023 1618 hujus
1054 1547 1467 1618 perseverantia:
1496 1560 1689 1612 causa,
1717 1545 1884 1601 multa

282 1658 406 1714 quae
433 1643 498 1697 ad
525 1643 839 1714 religionem
868 1642 1139 1712 pertinent
1158 1683 1173 1706 ,
1201 1641 1470 1712 divulgata
1493 1655 1556 1696 ac
1582 1655 1677 1710 per
1697 1654 1883 1697 rumo-

283 1750 400 1789 rem
424 1734 662 1789 vicissim
675 1743 941 1805 aucupata
967 1734 1266 1799 discuntur,
1291 1749 1411 1804 qua:
1438 1732 1559 1803 quia
1575 1732 1714 1787 bona
1733 1742 1882 1799 sunt,

1536 303 1880 365 ANALYSIS
1914 302 2102 365 LIBRI
2139 304 2369 367 SEXTI.

277 432 425 508 quod
450 432 541 490 alii
562 432 784 499 faciunt,
802 437 861 488 ut
887 430 1091 487 vivant.
1122 426 1331 499 Aliquis
1372 426 1519 496 cupit
1540 425 1682 483 scire
1703 424 1880 497 quod«
1905 432 1962 495 Α

3486 306 3593 366 650

2562 424 2791 483 CAPUT
2844 424 3038 482 XXIV.

2152 516 2230 572 De
2250 518 2443 575 ultione
2469 518 2641 574 divina
2663 520 2716 573 in
2747 518 3153 576 Christianorum
3178 528 3414 575 tortores.

2058 633 2327 703 Quidquid
2367 650 2498 705 ergo
2527 635 2815 690 adversu‘m
2844 650 2943 690 nos
2980 636 3109 691 mali
3158 636 3429 705 principes
3472 650 3591 693 mo-

1987 725 2210 790 liuntur,
2233 726 2347 781 fieri
2377 729 2490 796 ipse
2512 728 2793 796 permittit.
2821 726 2887 781 Et
2913 736 3090 783 tamen
3112 727 3448 798 injustissimi
3469 743 3593 799 per-

1986 831 2287 888 secutores,
2318 822 2511 890 quibus
2546 821 2639 876 Dei
2675 836 2868 875 nomen
2893 821 3236 878 contumeliae
3266 836 3328 878 ac
3359 823 3591 878 ludibrio

1986 912 2110 980 fuit,
2142 930 2249 967 non
2276 929 2334 969 se
2365 922 2553 985 putent
2582 913 2802 983 impune
2838 914 3042 969 laturos
3064 954 3078 976 ,
3108 915 3231 984 quia
3267 914 3592 985 indignatio-

1987 1007 2072 1062 nis
2100 1006 2359 1061 adversus
2398 1021 2496 1062 nos
2545 1006 2664 1075 ejus
2706 1006 2858 1076 quasi
2911 1007 3141 1061 ministri
3195 1005 3434 1061 fuerunt.
3481 1007 3579 1062 Pu-

1987 1099 2204 1154 nicntur
2223 1100 2367 1154 enim
2383 1099 2585 1169 judicio
2605 1098 2723 1164 Dei,
2740 1098 2852 1169 qui,
2877 1107 3095 1169 accepta
3116 1107 3398 1169 potestate,
3429 1114 3598 1170 supra

1987 1191 2283 1249 humanum
2311 1190 2934 1258 modu'nfuerintabusi,
2956 1203 3005 1248 et
3029 1193 3411 1250 insultaverint
3428 1195 3590 1251 etiam

1986 1287 2100 1343 Deo
2122 1287 2426 1357 superbius,
2459 1288 2687 1359 ejusque
2715 1302 2912 1343 nomen
2936 1299 3198 1343 aeternum
3217 1289 3458 1359 vestigiis
3477 1290 3592 1344 suis

1986 1380 2314 1451 subiecerint
2335 1381 2495 1452 impie
2510 1381 2816 1449 nefarieque
2834 1380 3467 1452 calcaudum.Propterea
3481 1382 3599 1437 viu-

1986 1473 2288 1531 dieaturum
2312 1475 2438 1529 sein
2461 1488 2554 1530 eos
2576 1473 2834 1530 celeriter
2857 1473 3163 1543 pollicetur,
3195 1484 3250 1529 et
3270 1474 3596 1529 extermina-

1989 1578 2167 1623 turum
2185 1568 2383 1623 bestias
2395 1566 2643 1622 malasde
2662 1577 2827 1622 terra.
2847 1566 2953 1622 Sed
2975 1564 3141 1630 idem,
3155 1567 3403 1637 quamvis
3418 1566 3599 1637 pepuli

1985 1663 2069 1717 sui
2086 1662 2397 1717 vexationes
2411 1669 2464 1715 et
2481 1660 2631 1715 hicin
2649 1658 2901 1731 praesenti
2920 1659 3091 1713 soleat
3106 1657 3399 1725 vindicare;
3417 1666 3597 1714 tamen

1982 1754 2136 1825 jubet
2184 1768 2283 1809 nos
2329 1762 2617 1822 eXpectare
2647 1751 2914 1820 patienter
2947 1750 3096 1805 illum
3125 1750 3369 1807 caelestis
3409 1750 3596 1820 judicii

282 1827 536 1897 placeant
567 1841 791 1882 necesse
839 1834 941 1882 est.
974 1825 1243 1881 Praeterea
1270 1866 1286 1891 ,
1317 1824 1448 1880 ultio
1470 1833 1778 1892 consecuta,
1807 1825 1886 1881 si-
1918 1842 1968 1902 Β
1988 1824 2158 1912 diem,
2181 1860 2288 1915 quo
2313 1844 2430 1915 ipse
2452 1860 2549 1915 pro
2574 1843 2690 1899 suis
2711 1857 2980 1913 quemque
2997 1840 3209 1896 merms
3229 1850 3319 1896 am
3344 1841 3597 1907 mnam,

284 1931 377 1977 cut
393 1934 614 1989 setnper
638 1921 857 1989 accidit,
882 1921 948 1976 ad
972 1920 1304 1977 credendum
1330 1919 1681 1977 vehementer
1701 1920 1893 1992 impel-

282 2012 364 2068 lit.
403 2011 483 2068 Ne
507 2010 626 2070 haec
649 2014 866 2083 quidem
909 2012 1044 2070 levis
1083 2027 1248 2069 causa
1289 2021 1409 2078 est,
1457 2012 1603 2084 quod
1630 2011 1890 2070 immundi

282 2104 591 2162 daemonum
644 2107 891 2178 spiritus,
945 2118 1169 2177 accepta
1219 2105 1458 2174 licentia,
1507 2107 1796 2162 mimorum
1830 2121 1890 2163 se

278 2198 598 2270 corporibus
620 2199 984 2270 immergunt;
1013 2199 1208 2271 quibus
1233 2208 1421 2271 postea
1450 2198 1663 2269 ejectis.
1695 2214 1887 2256 omnes

289 2292 380 2362 qui
411 2294 649 2347 resanati
679 2293 919 2361 fuerint,
951 2294 1267 2349 adhaereant
1304 2292 1579 2363 religioni,
1610 2294 1763 2363 cujus
1792 2308 1887 2365 po-

284 2385 510 2440 tentiam
554 2394 858 2441 senserunt.
894 2384 987 2441 Hae
1033 2395 1111 2441 tot
1155 2401 1334 2440 causa:
1381 2386 1434 2440 in
1476 2401 1641 2441 unum
1672 2385 1886 2442 collatae

283 2492 541 2550 magnam
568 2477 681 2535 Deo
704 2476 1108 2549 multitudinem
1137 2475 1459 2537 mirabiliter
1482 2477 1789 2548 acquirunt.

1999 1947 2093 1993 aut
2114 1928 2313 2007 puniat.
2340 1936 2681 2005 Quapmpter
2707 1951 2813 1990 non
2845 1942 3067 2005 sperent
3094 1933 3371 2005 sacrilegae
3398 1934 3596 1988 anima:

1998 2039 2336 2100 contemptus
2363 2039 2418 2084 et
2446 2028 2645 2084 inultos
2662 2026 2796 2092 fore,
2818 2043 2955 2096 quos
2971 2027 3051 2082 sic
3072 2026 3348 2082 obterunt.
3377 2025 3589 2094 Veniet,

1997 2124 2178 2180 veniet
2199 2120 2429 2177 rabiosis
2466 2130 2522 2176 et
2565 2118 2850 2175 voraeibus
2897 2118 3040 2189 lupis
3075 2132 3285 2174 merces
3323 2132 3457 2184 sua,
3503 2117 3595 2187 qui

1989 2216 2164 2287 justas
2194 2223 2247 2270 et
2265 2213 2539 2284 simplices
2569 2213 2799 2279 animas,
2833 2212 2995 2279 nullis
3021 2209 3357 2266 facinoribus
3382 2209 3590 2266 admis-

1994 2311 2092 2377 sis,
2119 2308 2585 2366 excruciaverunt.
2613 2306 2722 2362 Nos
2752 2302 3125 2360 tantummodo
3165 2303 3506 2368 laboremus,
3540 2311 3598 2358 ut

1991 2405 2061 2461 ab
2101 2402 2408 2459 uetuinibus
2455 2400 2589 2456 nihil
2640 2399 2788 2454 aliud
2835 2398 2889 2455 in
2919 2393 3594 2465 nobis,nisisolajustitia

1988 2494 2261 2565 puniatur.
2292 2493 2491 2549 Demus
2528 2504 2751 2561 operam
2782 2490 2907 2546 totis
2938 2488 3173 2553 viribus,
3199 2494 3257 2541 ut
3286 2498 3595 2541 mereamur

1985 2604 2015 2642 a
2047 2589 2161 2644 Deo
2189 2586 2373 2655 simul,
2395 2593 2451 2642 et
2473 2585 2733 2642 ultionem
2751 2578 3049 2655 passionis,
3073 2588 3129 2635 et
3158 2578 3461 2651 praemium.

1605 2700 1988 2774 “NARIORUM
2023 2700 2258 2759 ΝΟΤΕ.

778 2852 961 2918 Accipe
974 2850 1177 2917 regales
1199 2849 1378 2903 cultus.

278 2961 481 3020 Partim
504 2978 567 3018 ea:
592 2959 889 3019 CELLAMO.

347 3056 551 3122 Aliquis
595 3054 737 3122 cupit
780 3055 929 3110 scire.
982 3052 1070 3109 Sic
1118 3051 1327 3108 τρειιίιυί
1353 3066 1422 3108 ex
1460 3048 1709 3122 omnibus
1738 3065 1871 3122 mss.

278 3121 475 3200 przrter
502 3126 530 3181 1
586 3121 850 3200 Reg._rec.
887 3128 937 3179 in
962 3123 1457 3200 quqleg_itur,_u_t_in
1482 3121 1641 3178 editis
1664 3163 1679 3187 ,
1703 3121 1877 3193 Aliqui

280 3194 492 3270 Eupiunt
521 3194 689 3256 scirei
716 3196 769 3262 1,
802 3200 873 3252 al.
902 3194 1013 3251 rec.
1046 3194 1264 3270 Regius,
1289 3194 1415 3270 Alii.

1987 2848 2100 2903 nati
2127 2846 2442 2910 adhareant,
2475 2858 2541 2900 ac
2570 2842 2795 2910 reliqua.
2834 2841 2967 2899 Bon.

2056 2918 2255 2974 Bestia:
2299 2919 2482 2972 malas.
2514 2915 2604 2971 Sic
2629 2913 3057 2970 Christianorum
3105 2919 3394 2970 venturos
3439 2920 3599 2967 vocat

1986 2988 2306 3045 Lactantius
2344 3004 2503 3052 supra
2535 3002 2656 3056 cap.
2691 2986 2754 3042 11
2783 3026 2798 3051 ,
2822 2995 2877 3041 et
2909 2985 3150 3053 pluribus
3171 2986 3224 3056 in
3249 2984 3382 3056 locis
3410 2984 3503 3056 lib.
3529 2982 3600 3056 de

1986 3060 2246 3115 Mortibus
2286 3052 2727 3130 persecuturum,
2781 3052 2990 3130 scilicet
3035 3072 3156 3125 cap.
3182 3054 3239 3124 ι,
3272 3054 3345 3130 9,
3368 3055 3467 3130 ιιξ,
3501 3052 3595 3130 25,

1985 3133 2055 3188 32
2076 3142 2132 3187 et
2160 3132 2252 3194 59.
2288 3126 2382 3187 ubi
2417 3132 2590 3198 plura.
2621 3127 2758 3183 Vide
2784 3129 3107 3199 Apocalyps.
3139 3144 3261 3196 cap.
3283 3126 3373 3199 19.
3411 3126 3599 3199 Domi-

1988 3219 2117 3259 num
2165 3214 2344 3257 autem
2392 3197 2493 3257 sibi
2539 3214 2849 3255 reservasse
2884 3197 3143 3253 ultionem
3181 3214 3248 3253 ex
3280 3197 3382 3250 hoc
3419 3197 3597 3264 capite

352 3263 625 3335 Quodnam
651 3270 734 3322 sit.
768 3278 842 3322 tta
870 3268 1082 3334 reposui
1110 3282 1175 3321 ex
1216 3265 1431 3338 cttnetis
1461 3279 1591 3338 mss_.
1623 3263 1869 3338 prtetcr‘l

1993 3284 2200 3338 notum,
2231 3286 2285 3328 et
2313 3289 2378 3328 ex
2415 3275 2630 3327 Dt-uter.
2660 3286 2829 3337 xxxii,
2864 3286 2916 3324 v.
2938 3268 3039 3335 55;
3071 3268 3340 3325 etPsalm.
3366 3263 3593 3333 nuvtn,

277 3333 541 3402 Cliti-0111.,
573 3342 661 3394 cui
690 3348 771 3393 est
797 3333 1054 3409 quodnon
1084 3338 1185 3401 sit;
1218 3337 1249 3409 1
1294 3338 1435 3409 Reg.
1456 3347 1510 3391 et
1552 3333 1587 3390 5
1629 3334 1785 3390 Colb.
1817 3334 1872 3388 in

278 3414 495 3484 quibus,
528 3412 664 3466 sicut
693 3421 746 3465 et
765 3407 1099 3484 in'editis,r_st
1125 3407 1372 3484 quidnam
1394 3408 1480 3460 sit.

350 3475 859 3549 Non'sacriﬁcare‘se
880 3475 1155 3549 lapidibus.
1182 3478 1286 3533 Pro
1311 3496 1443 3547 non,
1472 3491 1574 3532 ms.
1607 3475 1732 3532 Jun.
1762 3486 1818 3532 et
1843 3477 1876 3531 7

277 3555 408 3611 edit.
436 3554 636 3609 habent
656 3596 669 3616 ,
695 3554 848 3606 nolle.
876 3583 940 3592 -—
959 3549 1243 3620 anidibus
1265 3551 1493 3603 humana
1517 3566 1672 3620 manu
1700 3549 1873 3619 factis.

179 3652 190 3662 ι
281 3626 629 3683 Vindicatuus
656 3624 848 3679 iterum
896 3620 963 3677 ad
994 3616 1086 3679 lib.
1125 3622 1192 3676 de
1218 3621 1322 3688 Ira,
1355 3636 1405 3676 c.
1429 3620 1466 3675 2
1489 3636 1505 3674 :
1527 3616 1776 3690 Abjicei'e.
1810 3660 1823 3673 .
1860 3663 1876 3676 .

278 3699 444 3752 cultus
467 3696 690 3751 humana
716 3711 871 3749 manu
899 3692 1283 3765 fabricatorum.
1320 3690 1439 3763 ipse
1462 3691 1650 3747 Cicero
1677 3695 1711 3746 Ι.
1745 3706 1798 3758 v,
1822 3692 1879 3746 in

277 3768 504 3893 yerrem
519 3782 653 3893 l(gap.
686 3766 872 3821 ultimo
894 3763 1054 3833 dixit,
1080 3763 1326 3837 Efﬁgiem
1356 3780 1457 3820 non
1483 3765 1880 3818 humanamanu

300 3851 488 3893 actam.
564 3854 653 3893 un.

300 3851 488 3894 actam.
520 3851 653 3894 BDN.

275 3838 488 3912 factum.
519 3838 653 3894 BUN.

354 3909 499 3967 Ultio
524 3917 811 3965 consecuta.
845 3907 974 3963 Mss.
1013 3907 1083 3964 lD
1108 3923 1217 3962 rec.
1250 3916 1305 3962 et
1324 3905 1455 3961 edit.
1481 3906 1537 3969 2,
1557 3914 1748 3962 secuta.
1765 3905 1881 3962 Hoc

281 3983 477 4053 prohat
506 3981 811 4037 Lactantius
834 3981 884 4035 in
913 3979 1051 4053 libro
1074 3978 1142 4034 de
1166 3979 1426 4053 Mortibus
1450 3986 1878 4053 persecutormu.

279 4050 349 4096 ῖ-
376 4051 521 4109 Ultio
538 4059 830 4107 consecuta.
861 4050 1014 4118 Quod
1040 4060 1228 4105 auctor
1257 4051 1325 4104 de
1346 4050 1604 4105 Mortibus
1637 4065 1885 4119 persecu-

280 4134 460 4181 turum
507 4131 718 4195 probat.
766 4123 915 4194 Lips.
949 4131 1129 4178 autem
1153 4133 1422 4177 consecuta
1452 4121 1656 4195 :_Angl.
1688 4132 1879 4175 secuta.

1448 4192 1774 4248 CELLARIUS.

362 4264 440 4323 Ne
462 4267 572 4321 [nec
593 4264 800 4329 quidem
846 4265 969 4320 levis
1017 4281 1174 4319 causa
1225 4273 1315 4318 est.
1351 4263 1441 4321 Sic
1481 4265 1688 4319 reStitui
1733 4279 1801 4320 ex
1852 4264 1887 4320 8

282 4339 448 4409 ch.,
480 4338 514 4392 2
545 4338 678 4393 Bon.
714 4337 941 4405 aliisque
968 4348 1115 4409 orto.
1145 4346 1199 4391 et
1227 4334 1385 4409 editis
1417 4336 1470 4401 7,
1502 4336 1647 4409 quod
1672 4339 1886 4390 suavius

286 4406 400 4465 llui't
428 4451 442 4475 ,
495 4425 654 4479 quam
711 4410 933 4479 necrlttec
962 4406 998 4462 4
1044 4407 1529 4479 manuseriptorum
1556 4407 1886 4479 totidemque

285 4477 575 4604 ediboruin.
607 4481 664 4536 In
716 4479 752 4534 Ξ
796 4478 928 4550 Reg.
978 4494 1089 4536 rec.
1146 4488 1202 4534 et
1233 4479 1362 4534 edit.
1411 4478 1570 4535 Rom.
1603 4477 1762 4546 1470,
1797 4493 1888 4533 nec

286 4569 370 4604 aut
413 4569 513 4604 em.

320 4569 513 4606 autem.

286 4569 719 4678 qu}li:::lmdi....
746 4623 1067 4693 immergunt.
1096 4618 1374 4690 Cyprium,
1407 4619 1444 4674 l.
1472 4635 1532 4684 ιι,
1563 4636 1648 4689 ep.
1672 4621 1741 4693 2:7
1768 4618 1883 4675 Im-

286 4697 506 4751 mundas
524 4694 755 4764 spiritus,
782 4693 869 4763 qui
898 4692 949 4747 se
972 4694 1259 4751 homini-us
1288 4693 1645 4764 immerserint,
1676 4692 1887 4764 adeon-

289 4768 560 4838 fessioneut
577 4765 728 4818 minis
743 4765 1120 4838 increpantibus
1150 4773 1421 4838 cogerent
1449 4763 1731 4838 excedant.
1748 4763 1881 4838 Bon.

362 4838 674 4892 Adluereant
717 4837 972 4906 religioni.
1009 4836 1134 4890 Mss.
1164 4835 1225 4892 lt
1255 4876 1269 4902 ,
1293 4835 1579 4890 (td/iterent.
1602 4866 1674 4877 ——
1698 4835 1889 4890 Adita:-

288 4919 433 4964 reant
485 4905 740 4978 religioni.
784 4905 949 4975 Quasi
994 4922 1156 4963 causa
1188 4908 1447 4963 reddatur
1484 4922 1581 4961 cur
1619 4910 1892 4977 permittat

292 4979 436 5038 Deus
459 4988 566 5034 tam
590 4981 788 5037 multos
809 4996 838 5035 a
859 4978 1194 5035 daemonibus
1217 4980 1439 5049 agitari;
1461 4994 1655 5051 nempe
1678 4990 1733 5035 ut
1754 4996 1893 5036 resa-

1913 4664 1968 4723 D

1989 3348 2086 3407 10;
2120 3346 2277 3399 Rom.
2316 3360 2415 3407 xit,
2447 3344 2536 3405 l9;
2571 3343 2731 3396 llebr.
2761 3357 2816 3401 ι.
2847 3341 2936 3397 50.

2069 3415 2398 3470 Vexationea.
2457 3414 2744 3482 Eleganter
2806 3419 2966 3466 vocat
3032 3411 3104 3466 ita
3166 3409 3595 3482 perseeutiOnes.

1983 3487 2264 3551 Nostrum,
2297 3497 2356 3541 ut
2377 3486 2430 3541 in
2470 3480 2610 3551 aliis,
2639 3485 2718 3539 sie
2748 3483 2800 3538 in
2832 3482 2932 3537 huc
2963 3496 3097 3537 voce
3117 3480 3361 3551 ecquitur
3387 3480 3594 3546 Sulpic.

1987 3561 2225 3616 Severus
2262 3558 2300 3613 Ι.
2333 3574 2346 3610 l
2388 3558 2523 3612 llist.
2553 3571 2603 3608 c.
2634 3557 2654 3609 l
2688 3572 2700 3607 :
2740 3552 3043 3609 Vexutioues
3077 3553 3257 3623 populi
3297 3551 3591 3606 christiani.

1983 3630 2106 3687 Lib.
2137 3645 2197 3695 tt,
2228 3644 2278 3684 c.
2320 3629 2390 3682 52
2426 3645 2439 3682 :
2474 3625 2882 3681 Christianorum
2912 3626 3131 3680 vexatio.
3276 3623 3594 3695 ,Bunuau.

2056 3694 2232 3755 lubet.
2269 3699 2402 3755 Vide
2445 3699 2602 3754 Deut.
2638 3712 2822 3764 χχχιι,
2857 3696 3002 3753 Eccl.
3035 3710 3224 3762 xum,
3272 3694 3470 3763 Rom.,
3500 3709 3597 3761 xu,

1983 3773 2150 3831 Hebr.
2171 3789 2226 3826 χ.

2063 3845 2204 3911 Quos
2241 3843 2315 3897 sic
2338 3841 2593 3898 obierunt.
2622 3840 2718 3893 Ms.-
2753 3840 2778 3895 1
2808 3838 3019 3894 Bonan.
3048 3839 3218 3910 antiq.
3248 3838 3352 3893 hic.

2075 3910 2272 3978 Veniet,
2318 3914 2480 3967 veniet
2507 3911 2741 3967 rabiosis.
2774 3911 2847 3966 Ita
2881 3911 3062 3979 plures
3085 3925 3215 3967 mss.
3238 3912 3382 3966 inter
3403 3923 3541 3978 quos
3569 3910 3596 3965 1

1989 3987 2126 4057 Reg.
2158 3984 2585 4055 antiquissimus,
2617 3984 2649 4057 1
2703 3983 2774 4037 al.
2797 3982 2946 4057 Reg.
2999 3983 3155 4037 bona!
3186 3980 3360 4048 Ilotae,
3389 3981 3558 4038 Gotb.
3581 4024 3598 4046 ,

1988 4054 2182 4114 Maim.
2211 4069 2265 4111 et
2286 4057 2413 4111 edit.
2439 4064 2582 4110 octo.
2615 4054 2671 4109 ln
2703 4054 2886 4108 multis
2910 4054 3063 4109 deest
3123 4057 3404 4119 repetitio,
3438 4068 3603 4121 quam

1990 4139 2139 4185 amat
2180 4128 2515 4192 Lactantius,
2568 4135 2627 4179 ut
2681 4124 2774 4181 lib.
2810 4140 2883 4189 Vl,
2917 4124 3109 4193 cap.9,
3133 4124 3255 4188 llic,
3287 4126 3392 4191 hic,
3424 4123 3603 4178 Marce

1993 4200 2169 4261 Tulli.
2225 4199 2475 4253 aberraui
2496 4213 2515 4262 ;
2538 4205 2597 4252 et
2646 4197 2741 4251 lib.
2766 4211 2861 4261 v11,
2889 4211 3009 4265 cap.
3034 4194 3136 4258 εὗ,
3158 4196 3226 4248 ad
3261 4199 3446 4259 linem,
3473 4194 3596 4261 Illa,

1991 4272 2085 4327 illa
2114 4280 2188 4325 est
2214 4272 2407 4324 civitas.
2440 4268 2501 4323 ln
2527 4284 2618 4323 sex
2641 4278 2818 4322 tamen
2843 4264 3025 4321 saeculi
3073 4282 3139 4319 xv
3161 4266 3490 4321 editionibus
3509 4264 3626 4320 sc-'

1995 4344 2107 4398 mel
2159 4353 2365 4396 tantum
2413 4349 2498 4394 est
2521 4381 2538 4401 ,
2588 4342 2767 4392 ueniet.
2788 4365 2863 4381 -ο
2887 4336 3093 4399 Veniet,
3126 4337 3309 4406 ueniet.
3334 4339 3491 4406 Swpe
3530 4336 3605 4391 ita

1992 4409 2454 4485 Hieronymusgad
2498 4410 2851 4485 lleliodornm
2890 4406 2929 4462 f.
2955 4404 3141 4485 1,ᾓὲ
3188 4404 3603 4485 bamb-ueniet

1996 4494 2169 4551 postea
2197 4478 2302 4536 dies
2320 4501 2339 4546 ;
2361 4481 2453 4534 fol.
2484 4479 2519 4533 4
2555 4498 2569 4534 :
2615 4479 2823 4543 Veniet,
2846 4479 3015 4551 ueniet
3044 4479 3138 4551 illa
3164 4480 3292 4551 dies.
3326 4478 3497 4547 Epist.
3530 4478 3603 4551 de

1994 4548 2228 4610 Vitanda
2253 4562 2506 4622 suspecto
2529 4550 2916 4618 Contubernio,
2942 4549 3035 4606 fol.
3059 4550 3198 4605 9.27:
3230 4548 3604 4613 Veniet,veuiet

1997 4637 2214 4693 tempus.
2692 4692 2695 4693 ν
3084 4622 3362 4677 Bassum.

2070 4691 2137 4752 Ut
2162 4695 2225 4750 ab
2252 4694 2540 4750 hominibus
2565 4692 2697 4748 nihil
2725 4693 2872 4747 aliud
2899 4693 2952 4747 in
2980 4693 3142 4747 nobis.
3178 4691 3412 4761 Reposui
3444 4691 3597 4744 aliud

1993 4784 2066 4825 ex
2098 4768 2348 4822 omnibus
2375 4781 2505 4822 mss.
2539 4775 2594 4822 et
2636 4764 3045 4835 quampluribus
3091 4763 3419 4835 impressis,
3445 4762 3594 4835 quod

1997 4840 2052 4893 in
2083 4838 2358 4893 nonnullis
2406 4838 2566 4893 editis
2604 4832 2900 4892 deerat.’lta
2925 4845 3001 4899 et,
3033 4832 3184 4890 nihil.
3220 4876 3233 4889 .
3274 4876 3287 4890 .
3322 4872 3338 4889 .
3366 4832 3513 4888 aliud
3538 4833 3603 4888 ab

1997 4911 2204 4966 homine
2228 4953 2244 4976 ,
2297 4909 2451 4965 initio
2498 4909 2618 4964 libri
2656 4908 2813 4963 sexti.
2871 4907 2967 4961 llic
2999 4907 3205 4975 justitia
3233 4906 3464 4963 sumitur
3503 4919 3602 4975 pro

1997 4982 2147 5039 cultu
2179 4981 2295 5053 Dei,
2324 4996 2477 5037 more
2494 4979 2701 5037 scilicet
2725 4978 3094 5036 Lactantiano.

323 5131 3590 5159 mm

1279 5253 1830 5344 ANALYSIS
1905 5259 2221 5345 LIBRI
2272 5259 2652 5355 SEXTL

1487 5458 1633 5531 DE
1691 5459 1994 5535 VERO
2047 5457 2427 5535 CULTU.

1626 5651 2282 5683 -—-—-—-9-————-

304 5780 310 5793 ’
382 5771 460 5827 De
507 5767 777 5840 agnitione
822 5766 917 5825 Dei
958 5765 1167 5840 dictum,
1223 5774 1315 5840 est
1358 5766 1659 5840 hactenus:
1691 5763 1899 5820 docebo

311 5858 477 5915 nunc,
510 5836 616 5914 quo
640 5842 768 5916 ritu,
795 5856 969 5913 quove
1000 5838 1264 5900 sacriﬁcio
1291 5836 1464 5900 Deum
1481 5836 1586 5899 coli
1622 5843 1894 5908 oporteat.

2076 5761 2265 5818 Cultus
2293 5762 2385 5817 Dei
2404 5762 2491 5817 vel
2519 5761 2685 5817 falsus
2712 5768 2815 5826 est,
2849 5760 2933 5816 vel
2961 5774 3141 5816 verus.
3179 5759 3368 5815 Falsus
3395 5765 3479 5815 est
3497 5772 3598 5830 pa-

2006 5836 2288 5909 ganorum,
2314 5836 2406 5906 qui
2427 5834 2685 5907 quidquid
2702 5841 2922 5905 aspectu
2939 5847 3120 5892 rarum
3138 5875 3154 5907 ,
3172 5829 3427 5905 quidquid
3443 5829 3608 5901 opere
