4090 6354
514 301 610 355 {.31

1749 297 2088 355 ANALYSIS
2127 295 2306 355 LIBRI
2348 294 2574 353 SEXTI.

3705 291 3800 348 ϐὅὲ

511 426 603 471 aut
629 416 793 471 odore
817 417 1106 485 pretiosum
1139 421 1244 476 est,
1270 413 1320 467 id
1361 420 1574 484 gratum
1611 428 1728 470 esse
1755 414 1858 470 diis
1891 415 2102 483 suisju-
2130 418 2181 478 Α
2209 413 2396 469 minati
2429 432 2441 466 :
2473 414 2566 468 sed
2621 423 2674 468 ct
2730 413 2817 467 isti
2872 410 3280 485 similitudinem
3331 410 3638 485 duntaxat,
3688 427 3802 485 spe-

512 489 694 542 tlicant
726 487 871 557 (Cap.
910 486 983 555 1).

586 562 1032 630 Ιιειιιιιθίιηειοιθηι
1065 558 1128 611 iis
1152 557 1374 628 pingues
1400 557 1624 630 hostias,
1656 559 1804 626 quasi
1828 557 2110 630 esurienti-

511 631 641 694 bus;
664 629 990 697 profundurit
1012 631 1152 692 vina,
1185 641 1433 698 tanquam
1452 629 1786 694 sitientibus;
1807 629 2109 683 accendunt

509 703 736 766 lumina,
768 702 912 756 velut
939 700 991 754 in
1018 701 1252 754 tenebris
1282 700 1586 768 agentibus.

587 772 758 827 Verus
806 773 982 827 cultus
1031 781 1113 827 est
1169 774 1218 824 in
1253 788 1356 838 quo
1387 786 1540 824 mens
1578 771 1807 826 colentis
1847 786 1905 825 se
1937 771 2106 839 ipsam

513 845 627 900 Deo
675 843 1068 898 immaculatam
1095 842 1364 896 vietimani
1407 841 1582 895 sistit:
1617 842 1684 896 dc
1717 858 1819 910 quo
1866 856 2007 895 nunc
2038 843 2108 897 ita

509 915 774 986 agendum
800 925 878 979 ut,
897 915 1238 968 manentibus
1265 914 1545 981 prmceptis
1570 913 2014 986 philosophorum
2041 913 2109 970 de

507 983 798 1127 ῗὲοὶήιὲςε,
831 995 1266 1055 superstruamus
1285 996 1551 1054 praecepta
1583 985 1794 1055 pietatis
1817 983 2110 1054 etjustitia:

565 1076 661 1127 ap.
753 1097 766 1111 .
1667 1126 1670 1127 ν

535 1057 661 1112 (Ian.
684 1057 766 1112 2).

505 1057 661 1184 “(ﬁt
684 1057 887 1183 2dotem
931 1127 1131 1191 cultus,
1178 1127 1250 1182 ita
1298 1127 1378 1182 via
1406 1141 1617 1197 quoque
1645 1126 1842 1196 duplex
1871 1136 1990 1193 est,
2016 1141 2113 1198 per

513 1215 675 1271 quam
728 1199 1221 1271 humanam_vitam
1269 1198 1524 1271 progredi
1573 1213 1799 1271 necesse
1838 1207 1922 1253 est
1941 1215 1968 1271 με
2006 1213 2110 1252 una

512 1269 633 1340 qua:
672 1271 729 1326 in
775 1271 973 1327 coelum
1018 1269 1190 1335 ferat,
1231 1269 1399 1325 altera
1427 1286 1546 1341 quze
1575 1269 1642 1325 ad
1681 1269 1886 1326 inferos
1923 1269 2109 1341 depri-

542 1353 649 1398 ωε.

588 1413 900 1482 Philosophi
931 1413 1156 1468 alteram
1186 1413 1446 1467 virtutum
1483 1426 1604 1468 esse
1626 1412 1914 1467 voluerunt
1940 1452 1954 1473 ,
1978 1411 2112 1467 alte-

514 1502 630 1541 ram
660 1487 946 1548 vitiorum;
977 1495 1030 1540 et
1056 1484 1198 1538 illam
1229 1485 1444 1554 quidem
1473 1483 1644 1552 primo
1666 1484 1812 1537 aditu
1843 1483 2065 1536 arduam
2096 1524 2110 1547 ,

514 1558 569 1611 in
598 1571 809 1611 summo
828 1572 954 1611 vero
970 1571 1235 1611 arumnam
1262 1573 1276 1619 ;
1308 1556 1446 1609 hanc
1467 1565 1652 1610 contra
1671 1555 1845 1625 primo
1868 1554 2113 1621 ingressu

516 1643 786 1683 amoenam
816 1677 826 1695 ,
859 1629 910 1682 in
933 1628 1141 1697 reliquo
1171 1628 1346 1697 spatio
1392 1629 1789 1696 conlragosam.
1829 1625 2114 1696 Sapienter

517 1699 633 1754 hrec
659 1699 873 1769 quidem
902 1717 913 1750 :
940 1699 1032 1753 sed
1061 1698 1106 1753 si
1137 1699 1390 1752 virtutum
1414 1697 1634 1762 formas,
1660 1697 1755 1753 sed
1778 1698 1824 1752 si
1851 1700 2109 1753 virtutum

523 1773 784 1825 terminos
813 1771 1118 1824 novissent.

591 1842 767 1897 Poeta:
791 1841 892 1896 hoc
922 1841 1119 1896 bivium
1143 1840 1280 1910 apud
1310 1841 1512 1896 inferos
1533 1854 1653 1896 esse
1677 1839 1962 1896 voluerunt
1991 1857 2002 1892 :
2025 1841 2116 1911 qui

2209 487 2455 556 ciemque
2477 486 2798 556 sapientium
2827 493 3134 556 gesserunt.
3162 483 3239 556 iUt
3269 485 3414 538 enim
3458 484 3554 556 Avia
3574 484 3801 556 sapien-

2213 557 2300 612 tiae
2336 554 2496 612 habet
2517 554 2714 626 aliquid
2760 554 2936 611 simile
2979 555 3248 618 stultitim,
3297 556 3368 610 ita
3421 554 3502 608 via
3533 554 3801 619 vitiorum,

2210 644 2332 683 cum
2365 637 2474 682 tota
2504 629 2574 682 sit
2599 628 2846 690 stultitia,
2882 627 3044 681 habet
3071 626 3272 696 aliquid
3300 627 3477 680 simile
3501 627 3802 694 sapientiae,

2211 700 2353 766 quod
2385 699 2651 769 arripiunt
2677 699 2735 764 ii,
2771 700 2859 766 qni
2885 698 3169 752 stultitiam
3191 697 3462 768 publicam
3485 697 3804 769 intelligunt.

2213 771 2279 825 Et
2311 771 2390 825 hae
2417 767 2541 826 sunt
2565 779 2711 825 artes
2737 770 2958 836 diaboli,
2989 769 3076 839 qui
3103 780 3320 824 ostensa
3351 767 3660 822 hominibus
3679 782 3803 837 spe-

2212 844 2294 897 cie
2327 843 2437 896 veri
2461 853 2514 895 et
2545 843 2691 905 boni,
2718 841 2877 896 variis
2919 841 3128 896 semitis
3149 857 3246 896 eos
3269 839 3336 895 ad
3383 839 3630 895 eamdem
3659 853 3806 894 mor-

2217 921 2327 996 teut!
2355 912 2499 968 ducit
2522 911 2686 985 (Cap.
2719 911 2812 996 7

2287 983 2461 1040 Causa
2491 981 2588 1038 cur
2615 981 2719 1039 non
2771 981 3076 1038 invenerint
3123 981 3264 1036 viam
3311 981 3556 1037 veritatis
3605 989 3662 1036 et
3706 982 3814 1036 vir-

2220 1057 2351 1111 tutis
2380 1054 2709 1125 philosOphi,
2751 1064 2856 1118 est,
2897 1057 3019 1124 quia
3061 1069 3200 1125 eam
3224 1054 3275 1108 in
3325 1063 3490 1115 terra,
3526 1053 3614 1125 ubi
3639 1068 3809 1120 appa-

2218 1143 2337 1182 rere
2362 1123 2466 1181 iion
2499 1123 2698 1197 potest,
2729 1123 3115 1197 quaesiverunt.
3156 1123 3320 1197 Nobis
3359 1135 3537 1197 autem
3590 1123 3676 1178 lex
3714 1125 3808 1179 Dei

2218 1198 2454 1254 revelata
2485 1194 2588 1260 est,
2641 1194 2761 1269 quaé
2817 1196 3045 1269 perinde?
3085 1195 3346 1269 ntstellte
3392 1194 3569 1250 nautis
3624 1205 3811 1260 noctu,

2219 1271 2373 1324 nobis
2405 1268 2746 1336 prmlucetad
2775 1269 2912 1323 viam
2937 1268 3239 1338 sapientiaa.

2292 1341 2400 1395 Lex
2427 1341 2513 1394 illa
2546 1351 2628 1395 est
2657 1348 2803 1395 recta
2831 1337 3228 1404 ratio,natur:e
3273 1352 3599 1408 congruens,
3619 1337 3815 1393 dilfusa

2221 1413 2272 1466 in
2301 1427 2515 1477 omnes,
2538 1420 2814 1476 constans,
2848 1411 3172 1480 sempiterna
3202 1427 3214 1462 :
3247 1425 3367 1479 quze
3391 1420 3546 1464 vocet
3574 1410 3639 1464 ad
3689 1409 3814 1464 offi—

2218 1483 2674 1552 ciunnjnbendo,
2703 1481 2955 1544 vetando,
2983 1496 3012 1535 a
3041 1481 3550 1552 fraudeydeterreat
3580 1499 3592 1534 :
3617 1497 3813 1550 quem-

2219 1551 2506 1608 admodum
2559 1555 2818 1625 przeelare
2868 1553 3058 1608 Cicero
3100 1567 3218 1607 eam
3249 1551 3514 1622 depinxit,
3541 1552 3634 1607 lib.
3665 1567 3726 1607 ιιι
3753 1552 3819 1609 de

2221 1625 2532 1680 Republica.

2269 1641 2532 1692 epuuuca.

2294 1697 2452 1768 Legis
2480 1697 2636 1766 hujus
2688 1696 2863 1766 capita
2894 1695 3138 1768 quaedam
3176 1703 3304 1750 sunt
3357 1695 3631 1768 primaria,
3665 1711 3816 1766 quae—

2221 1769 2345 1824 dam
2373 1766 2712 1824 secundaria.
2764 1766 3020 1823 Primaria
3050 1767 3168 1837 duo,
3202 1777 3363 1837 sunt:
3392 1781 3556 1821 unum
3593 1766 3660 1821 de
3699 1769 3816 1837 pie-

2226 1849 2356 1907 tate,
2389 1842 2614 1894 alterum
2643 1839 2710 1893 de
2753 1839 3086 1893 humanitate
3115 1836 3271 1909 (Cap.
3291 1836 3384 1908 8).

514 1913 571 1968 in
626 1929 692 1969 eo
741 1913 1019 1980 falluntur,
1068 1908 1211 1984 quod
1252 1927 1343 1968 eas
1383 1913 1496 1967 vias
1535 1914 1761 1967 mortuis
1816 1908 2115 1983 proposue-
2150 1942 2198 2001 Β
2296 1911 2480 2001 Pietas
2509 1920 2592 1994 est
2618 1911 2784 2001 Deum
2818 1908 3272 2001 nosseetlcomre
3299 1925 3312 1960 :
3343 1908 3498 2001 cujus
3528 1908 3622 2001 Dei
3659 1909 3817 2001 igno-

512 1994 659 2039 Γυιὶῑ.

590 2055 701 2110 Nos
728 2054 888 2126 igitur
918 2055 1116 2110 rectius
1147 2055 1280 2109 duas
1309 2054 1428 2108 illas
1453 2056 1565 2108 vias
1588 2054 1709 2109 οωιί
1742 2063 1798 2126 et
1825 2053 2119 2110 inferorum

519 2141 641 2182 esse
670 2127 932 2190 dicimus;
963 2127 1084 2197 quia
1109 2128 1269 2195 justis
1299 2127 1700 2188 immortalitas,
1729 2125 1940 2194 injustis
1963 2142 2120 2196 poena

517 2208 719 2252 mterna
748 2198 1019 2268 proposita
1058 2208 1158 2269 es.
1193 2200 1324 2264 Quae
1355 2207 1595 2269 eticausa
1626 2207 1709 2252 est
1735 2214 1832 2252 cur
1882 2198 1978 2251 has
2009 2198 2120 2253 vias

515 2270 678 2394 llo(nge
725 2271 882 2394 agiter
945 2284 1082 2337 nos,
1117 2268 1311 2340 quam
1380 2268 1724 2340 philosophi,
1785 2269 2119 2339 explicemus

581 2359 688 2394 ΛΠ).
723 2361 756 2394 ι)
790 2382 801 2392 .

581 2360 688 2394 ΛΠ).
723 2360 801 2394 -)l.

735 2341 913 2482 Ji)g.itur
955 2412 1180 2467 virtutis
1228 2411 1313 2464 via
1363 2421 1468 2475 est,
1496 2427 1614 2481 qua:
1649 2410 1749 2466 fert
1780 2411 1846 2466 ad
1888 2412 2110 2479 coelum,

518 2483 751 2538 difficilis
771 2495 825 2538 et
845 2483 1064 2537 clivosa.
1093 2484 1152 2538 In
1176 2483 1275 2537 hac
1297 2484 1473 2552 posuit
1496 2483 1783 2552 justitiam,
1808 2493 2116 2552 temperau-

518 2555 673 2621 tiam,
704 2555 1036 2624 patientiam,
1064 2555 1246 2620 fidem,
1269 2563 1596 2620 ceterasque
1623 2555 1848 2608 virtutes
1873 2573 1885 2607 :
1917 2555 2010 2609 sed
2039 2555 2114 2608 si-

519 2627 631 2680 mnl
649 2641 770 2680 eum
792 2627 874 2679 his
893 2635 1282 2696 paupertatem,
1309 2625 1677 2696 ignominiam,
1705 2624 1942 2679 laborem
1965 2669 1977 2687 ,
2009 2635 2112 2680 etc.

593 2696 707 2752 Una
739 2707 820 2750 est
848 2706 902 2750 et
919 2696 1134 2750 sinistra
1169 2697 1270 2762 via,
1299 2712 1418 2764 qua:
1446 2695 1512 2748 ad
1540 2710 1724 2750 orcum
1751 2697 1943 2748 mittit:
1967 2697 2119 2763 cujus

519 2767 690 2836 ﬁgura
717 2767 893 2836 plana,
918 2777 973 2821 et
1000 2777 1208 2836 putem,
1237 2776 1290 2820 et
1315 2766 1462 2820 omni
1490 2782 1686 2836 genere
1716 2764 1907 2820 florum
1936 2767 2121 2822 delec-

519 2838 701 2892 tabilis
729 2853 849 2892 esse
879 2839 1106 2891 videtur.
1141 2837 1199 2891 lu
1229 2837 1327 2890 hac
1355 2838 1626 2905 opulentia
1649 2877 1664 2901 ,
1699 2836 1894 2900 honor,
1924 2839 2080 2905 quies
2099 2881 2114 2899 ,

517 2909 788 2977 voluptas,
814 2909 1084 2963 illecebrae
1113 2925 1301 2962 omnes
1337 2917 1462 2963 sunt
1485 2910 1713 2978 positae;
1748 2909 1842 2962 sed
1870 2924 1993 2963 eum
2037 2908 2120 2965 his

521 2981 726 3050 pariter
749 2980 1005 3048 injustitia
1026 3022 1039 3044 ,
1069 2979 1361 3034 crudelitas
1386 3020 1401 3045 ,
1427 2978 1698 3050 superbia,
1729 2980 1973 3050 perfidia,
1999 2979 2120 3036 libi-

518 3049 613 3114 do,
638 3061 938 3121 cmteraquc
967 3052 1111 3105 vitia.

599 3123 743 3175 Illam
789 3122 834 3176 si
863 3123 982 3192 quis
1029 3123 1291 3192 patienter
1330 3123 1572 3186 triverit,
1626 3136 1824 3177 corona
1865 3123 2114 3187 virtutis,

522 3193 929 3248 immortalitate
954 3195 1208 3248 nimirum
1237 3193 1466 3249 donatur
1491 3212 1501 3247 :
1541 3194 1639 3247 hac
1664 3194 1708 3248 si
1735 3194 1855 3263 quis
1882 3195 2026 3261 ierit,
2051 3193 2119 3248 ad

522 3263 726 3318 inferos
749 3264 1016 3334 dejicitur.
1046 3265 1103 3318 ln
1127 3265 1214 3318 illa
1243 3273 1609 3319 monstrantur
1633 3266 1948 3330 temporalia
1975 3266 2120 3335 prius

524 3336 666 3389 mala
693 3352 814 3390 cum
839 3337 1057 3391 aeternis
1085 3336 1276 3391 bonis:
1308 3337 1357 3390 in
1381 3335 1479 3390 hac
1503 3336 1814 3406 temporalia
1849 3337 1996 3408 prius
2027 3336 2120 3391 bo-

521 3422 591 3460 na
617 3423 737 3461 cum
765 3409 981 3461 mteruis
1011 3408 1184 3462 malis.

599 3477 825 3532 Prmstat
846 3480 1006 3547 igitur
1023 3479 1291 3548 perpetuis
1314 3478 1466 3532 bonis
1489 3479 1625 3531 mala
1668 3478 1847 3532 brevia
1868 3493 2114 3548 pensare,

525 3530 708 3619 quam"
730 3530 826 3619 pro
846 3530 1203 3605 rasisset
1217 3530 1460 3604 eadm-ts
1491 3530 1650 3604 bonis
1669 3530 1829 3604 aena
1861 3530 2118 3618 salsa";
2148 3530 2192 3592 C

523 3623 810 3674 sustinere.
851 3621 1178 3675 Laborainus
1229 3621 1280 3675 in
1310 3620 1411 3675 hoc
1457 3621 1685 3684 saeculo,
1721 3631 1922 3676 etcum
1953 3620 2122 3676 ltosti-
2199 3645 2218 3666 ς

525 3691 626 3745 bus
649 3691 844 3745 nostris
866 3692 1227 3755 decertamus,
1248 3702 1303 3745 ut
1325 3693 1662 3760 postmodum
1694 3693 1862 3747 simus
1893 3695 1946 3746 in
1969 3694 2080 3746 otio
2105 3710 2116 3744 :

527 3776 724 3831 magno
766 3763 948 3835 labore
977 3777 1038 3816 ea
1070 3763 1224 3835 nobis
1254 3778 1523 3835 paramus,
1555 3778 1674 3835 qua:
1698 3765 1877 3835 perire
1906 3778 2121 3818 rursum

524 3841 772 3900 possunt.
823 3832 1213 3886 Decertandum
1274 3833 1434 3902 igitur
1487 3844 1567 3886 est
1607 3832 1866 3888 adversus
1914 3837 2120 3889 hostem

526 3913 772 3976 nostrum
819 3903 1154 3976 spiritualem
1189 3922 1200 3955 :
1234 3903 1560 3976 recusmidus
1589 3904 1738 3958 labor
1765 3905 1945 3960 nullus
1973 3947 1986 3969 ,
2014 3922 2123 3976 quo

529 3973 584 4026 id
611 3973 953 4045 acquiramus
973 4016 986 4038 ,
1015 3973 1158 4043 quod
1187 3974 1330 4028 nullo
1357 3974 1728 4045 rnodoipotest
1753 3976 1954 4040 amitti;
1988 3973 2124 4045 pra:-

526 4044 716 4098 sertim
747 4057 868 4117 cum
915 4045 1044 4117 velit
1088 4045 1228 4099 Deus
1256 4060 1354 4117 nos
1374 4044 1654 4114 expeditos
1679 4049 1728 4099 in
1758 4047 1873 4101 acie
1909 4044 2124 4117 semper

527 4123 696 4189 stare,
729 4125 784 4168 et
811 4114 981 4169 hostis
1010 4125 1195 4169 noster
1223 4116 1384 4189 variis
1414 4131 1512 4189 nos
1540 4117 1747 4171 artibus
1776 4127 1994 4187 captet,
2025 4114 2124 4189 pro

529 4185 791 4257 cujusque
813 4196 1000 4240 natura
1032 4197 1088 4240 et
1118 4186 1356 4242 moribus
1383 4187 1630 4242 saeviens.

607 4257 756 4330 Viam
789 4272 948 4326 porro
993 4257 1205 4312 virtutis
1247 4257 1612 4328 qu:esiverunt
1642 4259 1859 4328 quidem
1890 4261 2124 4330 philoso-

530 4329 645 4400 phi,
671 4344 775 4382 non
807 4338 984 4383 autem
1005 4330 1362 4400 invenerunt;
1393 4331 1590 4400 quippe
1623 4331 1711 4400 qui
1743 4347 1842 4386 nec
1873 4333 2124 4386 virtutem

529 4399 774 4466 definire,
799 4416 895 4454 nec
925 4399 1052 4470 quid
1083 4402 1150 4454 sit
1178 4400 1378 4456 bonum
1403 4412 1457 4456 et
1483 4399 1682 4456 malum
1711 4402 2011 4473 intelligere
2033 4418 2127 4473 po-

528 4479 766 4526 luerunt.

605 4541 839 4596 Lucilius
879 4541 1131 4595 virtutem
1182 4543 1389 4597 deliniit
1430 4544 1551 4598 boni
1607 4555 1662 4601 et
1698 4547 1822 4601 mali
1853 4546 2073 4599 scicntia
2106 4563 2120 4604 :

529 4613 698 4678 falso,
725 4613 943 4667 scientia
973 4617 1116 4685 enim
1154 4629 1260 4685 non
1283 4624 1460 4684 potest
1489 4631 1606 4670 esse
1637 4619 1824 4680 virtus,
1859 4618 1982 4685 quia
2015 4632 2120 4671 non

530 4694 615 4740 est
645 4685 788 4739 intus
820 4685 871 4737 in
919 4683 1076 4736 nobis
1101 4724 1114 4743 .
1145 4683 1239 4738 sed
1271 4683 1336 4738 ad
1365 4699 1464 4738 nos
1509 4690 1848 4742 extrinsecus
1873 4683 2042 4754 venit,
2070 4699 2124 4743 et

526 4763 707 4880 potes;
729 4770 848 4837 esse
871 4754 990 4810 sine
1011 4753 1225 4821 virtute,
1261 4757 1397 4810 sicut
1426 4757 1478 4810 in
1508 4759 1749 4827 plurimis
1769 4759 2126 4830 ‘pbil050pho-

530 4843 649 4880 rum
707 4836 800 4880 unt.

530 4843 649 4882 rum
683 4836 800 4881 Ιύη.

605 4897 856 4972 Horatius
883 4897 1132 4972 virtutem
1153 4897 1272 4965 fuga
1292 4897 1552 4972 _vitioru_m
1575 4899 1862 4972 descripsit
1887 4917 1899 4954 :
1922 4900 2120 4972 inepte,

529 4968 674 5042 quod
702 4984 819 5024 cam
846 4967 1114 5042 contraria
1147 4969 1452 5042 terminavit
1481 4969 1630 5041 (Cap.
1665 4970 1744 5042 5).

603 5039 921 5095 Nescieruut
973 5038 1098 5106 quid
1149 5039 1220 5092 sit
1268 5038 1587 5111 bonumet’
1605 5038 1826 5108 malum,
1873 5043 1995 5111 quia
2026 5057 2124 5098 nec

531 5110 699 5183 Deum
758 5112 1044 5172 bonorum,
1097 5124 1195 5164 uec
1241 5109 1606 5183 adversarium
1650 5113 1868 5167 humani
1894 5109 2126 5183 generis

535 5181 798 5254 malorum
847 5190 1124 5254 auctorem
1177 5181 1467 5235 sciverunt.
1519 5183 1585 5236 Et
1615 5183 1754 5252 quod
1788 5181 2124 5254 consequens

531 5259 639 5312 est,
667 5253 730 5304 ad
753 5253 889 5305 hanc
911 5253 1123 5306 brevem
1147 5253 1310 5305 vitam
1338 5254 1496 5308 linem
1517 5254 1778 5309 bonorum
1803 5253 2125 5321 retulerunt;

534 5321 683 5395 quod
702 5331 846 5390 patet
873 5338 938 5395 ex
968 5321 1192 5395 Lucilio,
1221 5323 1309 5391 qui
1335 5324 1582 5379 virtutem
1617 5327 1667 5378 in
1699 5328 1760 5380 iis
1793 5326 1953 5380 rebus
1979 5343 2125 5395 qua:-

535 5391 718 5444 rendis
748 5392 950 5468 statuit,
984 5393 1035 5468 ign
1069 5408 1291 5462 quarum
1323 5406 1632 5468 contemptu
1670 5397 1749 5451 vis
1782 5391 2120 5468 \‘irlulis'ap-

534 5470 708 5529 paret,
739 5463 1208 5542 quiquevirtutem
1235 5473 1381 5531 putat
1413 5463 1550 5542 fines
1581 5470 1768 5542 patriai
1791 5463 2121 5542 prepagare,

535 5548 656 5609 quia}
687 5537 995 5609 propagatio
1021 5549 1140 5609 cum
1174 5550 1384 5609 su_nima
1415 5547 1498 5590 est
1529 5537 2119 5609 injustitiaconjuncta.

535 5601 605 5656 Et
633 5603 827 5682 fatetur
849 5603 1039 5682 Cicero
1071 5605 1082 5658 i
1093 5619 1186 5672 pse
1227 5604 1499 5662 Romanos
1521 5601 1802 5682 verijuris,
1828 5601 2126 5682 germana:-

533 5686 641 5742 quc
662 5672 880 5740 justitiae
905 5673 1128 5729 solidam
1155 5687 1208 5731 et
1233 5691 1544 5747 expressam
1565 5672 1797 5752 effigiem
1823 5672 2024 5738 nullam
2045 5693 2125 5739 te-

533 5757 661 5797 nere
687 5740 837 5812 (Cap.
867 5743 948 5813 6).

530 5757 661 5797 nere
687 5757 837 5812 (Lup.
867 5757 948 5812 υ).

601 5813 838 5882 Fuerunt
865 5813 1080 5887 quidem
1125 5819 1396 5888 sapientes
1442 5823 1687 5889 nonnulli
1734 5823 1902 5888 habiti
1928 5835 1983 5888 et
2029 5839 2126 5886 no-

2225 1984 2397 2038 rantia
2428 1982 2576 2047 facit,
2603 1991 2661 2035 ut
2690 1982 2794 2036 diis
2835 1981 3030 2036 alienis
3074 1981 3236 2036 homo
3288 1979 3526 2041 serviat;
3553 1989 3608 2033 ut
3639 1981 3822 2051 gentis

2224 2068 2336 2109 sua:
2385 2053 2530 2124 leges
2580 2063 2833 2124 tauquam
2882 2067 3068 2107 verum
3109 2051 3199 2120 jus
3243 2051 3622 2124 amplectatur,
3680 2066 3823 2121 quas

2225 2142 2331 2180 non
2358 2121 2586 2196 justitia,
2616 2121 2708 2196 sed
2741 2123 2946 2178 utilitas
2997 2123 3240 2196 reperit;
3292 2132 3456 2192 utque
3508 2121 3647 2196 adeo
3697 2137 3823 2196 om-

2225 2212 2321 2252 nes
2345 2193 2570 2250 virtutes
2601 2195 2948 2250 Ethnicorum
2997 2194 3103 2249 sint
3147 2193 3315 2249 instar
3355 2195 3622 2264 corporis,
3666 2195 3818 2264 quod

2223 2279 2306 2324 est
2330 2269 2446 2324 siue
2477 2267 2673 2337 capite.

2296 2339 2494 2406 Impius
2515 2336 2673 2408 igitur
2710 2347 2811 2403 est,
2854 2337 3099 2408 quisquis
3147 2336 3313 2391 Deum
3371 2351 3476 2408 non
3503 2337 3818 2406 agnoverit;

2224 2426 2520 2481 omnesque
2539 2407 2772 2464 ’virtutes
2816 2407 2932 2479 ejus
2976 2407 3027 2463 in
3081 2408 3168 2462 illa
3223 2407 3502 2481 mortifera
3543 2409 3626 2461 via
3661 2424 3819 2478 repe-

2226 2479 2457 2546 riuntur,
2490 2497 2609 2552 qua:
2635 2491 2717 2536 est
2747 2489 2854 2534 tota
2884 2481 3246 2552 tenebrarum.
3278 2479 3422 2552 Idem
3464 2480 3694 2552 insanus
3740 2490 3823 2535 est

2225 2554 2312 2622 qui
2337 2551 2552 2622 dempta
2594 2567 2689 2618 spe
2711 2551 3151 2614 immortalitatis,
3185 2567 3344 2621 quam
3394 2551 3535 2605 Deus
3592 2551 3821 2619 pollice-

2230 2636 2315 2679 tur
2335 2625 2385 2678 iu
2414 2639 2509 2679 sua
2544 2623 2803 2693 religione
2855 2624 3210 2687 versantibus,
3232 2623 3486 2678 virtutem
3513 2633 3746 2693 prepter
3764 2637 3824 2678 se

2223 2697 2447 2765 expetit,
2475 2705 2529 2749 et
2554 2695 2732 2749 omnis
2761 2695 2977 2764 generis
3026 2693 3261 2763 pericula
3289 2693 3452 2748 subit.

2294 2764 2495 2822 Contra
2552 2767 2770 2836 sapiens
2823 2776 2905 2836 est
2969 2767 3056 2834 qui
3113 2765 3278 2820 Deum
3326 2765 3498 2833 novit,
3531 2773 3586 2821 et
3634 2764 3821 2822 debita

2226 2838 2422 2909 pietate
2452 2834 2793 2908 prosequitur
2819 2834 2984 2909 (Cap.
3017 2836 3110 2906 9).

2301 2907 2662 2962 Humanitatis
2683 2917 2766 2962 est
2787 2907 2976 2972 virtus,
3007 2925 3125 2978 quae
3151 2923 3250 2962 nos
3268 2907 3548 2977 coniungit
3574 2923 3704 2961 cum
3727 2909 3824 2962 ho-

2229 2981 2404 3043 mine;
2455 2995 2576 3049 qure
2632 2979 2820 3033 eadem
2899 2988 2955 3033 et
3010 2979 3376 3034 misericordia
3430 2980 3647 3034 dicitur.
3698 2980 3822 3034 Ha-c

2225 3051 2536 3121 dignissima
2598 3051 2816 3105 homine
2864 3059 2978 3115 est;
3010 3051 3130 3120 quia
3161 3051 3228 3104 ab
3257 3066 3360 3104 uno
3395 3052 3612 3104 homine
3628 3065 3823 3106 omnes

2224 3127 2449 3189 orimur,
2509 3121 2736 3191 ideoque
2792 3123 3174 3192 consanguinei
3238 3137 3424 3176 smnus
3458 3122 3626 3190 :quia
3694 3123 3820 3176 item

2225 3193 2366 3264 Deus
2398 3193 2639 3264 praecipit
2661 3235 2678 3259 ,
2720 3193 3023 3264 inimicitias
3049 3207 3142 3262 per
3169 3207 3267 3246 nos
3319 3207 3589 3263 nunquam
3624 3192 3818 3264 facien-

2225 3263 2342 3330 das,
2393 3263 2607 3334 semper
2654 3277 2777 3319 esse
2818 3263 3106 3335 tollendas;
3167 3263 3400 3333 denique
3439 3264 3563 3335 quia
3591 3263 3664 3318 ab
3715 3281 3822 3320 uno

2226 3335 2338 3391 Deo
2367 3350 2557 3390 omnes
2589 3335 2830 3391 insoirati
2849 3343 2902 3389 et
2923 3334 3140 3388 animati
3170 3351 3375 3389 sumus.

2295 3404 2637 3461 Contrarium
2683 3404 3030 3460 humanitatis
3099 3405 3382 3462 adversum
3443 3416 3525 3460 est
3581 3405 3821 3470 feritas,

2226 3479 2340 3533 sive
2381 3477 2692 3532 immanitas
2739 3476 2997 3542 belluina,
3046 3492 3165 3547 qua:
3195 3488 3379 3531 contra
3404 3477 3492 3547 jus
3514 3477 3825 3533 humanita-

2227 3550 2296 3604 tis
2322 3549 2538 3619 spoliat,
2565 3549 2791 3619 cruciat,
2827 3547 3046 3614 occidit,
3073 3549 3396 3619 exterminat
3439 3549 3716 3603 homines.

2230 3691 2448 3746 homine
2469 3691 2833 3755 sustulerunt;
2885 3690 3224 3760 primumque
3266 3691 3366 3745 sibi
3396 3691 3495 3758 ipsi
3540 3692 3825 3746 contradi-

2233 3772 2383 3827 cunt,
2418 3762 2508 3832 qui
2540 3761 2814 3816 societatis
2864 3760 3113 3832 humanze
3159 3763 3597 3818 communionem
3629 3762 3829 3818 docent

2227 3848 2350 3888 esse
2375 3831 2735 3899 retinendam,
2769 3841 2823 3887 et
2870 3841 3046 3886 tamen
3104 3831 3489 3886 humanitatem
3547 3833 3729 3900 ipsam
3761 3835 3828 3887 ab

2229 3904 2446 3960 homine
2489 3904 2802 3960 excludunt.
2850 3903 3052 3959 Deinde
3087 3913 3181 3957 aut
3221 3904 3321 3958 hac
3367 3903 3436 3959 de
3477 3918 3645 3958 causa
3703 3914 3827 3959 sunt

2230 3975 2476 4031 homines
2506 3973 2838 4044 congregati,
2885 3986 2942 4028 ut
2983 3975 3181 4029 mutuis
3229 3975 3443 4030 auxiliis
3472 3975 3827 4030 imbecillita-

2230 4057 2336 4102 tem
2375 4061 2526 4101 suam
2575 4056 2870 4112 tuerentur,
2902 4055 2994 4100 aut
3041 4045 3384 4100 humanitatis
3435 4046 3606 4116 ipsius
3633 4061 3823 4101 causa.

2231 4120 2286 4174 Si
2310 4119 2454 4188 prius
2481 4133 2697 4188 verum)
2721 4116 3142 4188 succurrendum
3169 4127 3253 4172 est
3280 4118 3440 4187 igitur
3495 4117 3708 4188 homini
3735 4119 3829 4188 qui

2231 4185 2387 4259 egeat
2414 4188 2632 4242 auxilio.
2661 4185 2752 4242 Sin
2779 4189 3065 4257 posterius,
3127 4185 3319 4244 homo'
3338 4197 3488 4243 certe
3509 4258 3518 4259 ί
3541 4185 3826 4243 hominem

2231 4258 2394 4315 (lebet
2423 4273 2740 4330 agnoscere.
2794 4259 2860 4313 Et
2886 4259 2931 4312 si
2984 4259 3222 4314 fecerunt
3267 4259 3370 4314 hoc
3409 4258 3591 4330 rudes
3621 4269 3679 4314 et
3726 4260 3827 4314 feri

2232 4333 2306 4387 illi
2329 4329 2594 4394 homines,
2619 4331 2799 4400 utique
2827 4330 3044 4397 expoliti
3091 4339 3148 4384 ct
3174 4331 3372 4384 assueti
3407 4329 3726 4385 hominibus
3748 4330 3827 4384 fa-

2232 4418 2355 4458 cere
2383 4403 2433 4456 id
2475 4401 2643 4456 multo
2671 4403 2837 4471 magis
2864 4401 3062 4456 debent
3087 4401 3241 4472 (Cap.
3273 4401 3386 4469 10).
3421 4401 3520 4468 Qui
3581 4402 3684 4456 hoc
3717 4418 3826 4456 non

2234 4475 2379 4539 facit,
2408 4473 2640 4528 hominis
2661 4487 2720 4525 se
2753 4473 3112 4541 appellatione
3141 4472 3416 4542 dispoliat.
3467 4472 3748 4527 Prteterca
3781 4475 3826 4528 si

2233 4545 2284 4600 in
2317 4546 2382 4600 iis
2407 4545 2640 4607 casibus,
2673 4544 2761 4614 qui
2781 4544 3087 4614 periculum
3115 4545 3241 4597 vitae
3297 4543 3501 4598 homini
3561 4543 3825 4609 aﬂ‘erunt,

2226 4629 2545 4672 succurrere
2574 4613 2920 4669 humanitatis
2959 4630 3080 4670 esse
3128 4615 3450 4679 concedunt,
3487 4615 3634 4669 nulla
3661 4631 3829 4670 causa

2227 4698 2310 4743 est
2339 4703 2435 4743 cur
2466 4687 2511 4741 si
2557 4685 2722 4740 homo
2765 4685 2986 4752 esuriat,
3036 4687 3205 4752 sitiat,
3271 4687 3466 4757 algeat,
3498 4701 3829 4743 succurren-

2225 4759 2353 4815 dum
2375 4773 2494 4814 esse
2517 4773 2622 4811 non
2649 4766 2853 4826 putent.

2301 4832 2459 4886 Errat
2486 4838 2538 4884 et
2562 4825 2752 4883 Cicero
2773 4829 2862 4898 qui
2892 4827 2944 4882 iu
2994 4827 3143 4882 libris
3193 4829 3305 4883 suis
3345 4825 3675 4883 Ofticialibus
3701 4844 3817 4883 sua-

2229 4901 2321 4957 det
2376 4917 2482 4956 non
2533 4914 2654 4954 esse
2702 4901 2922 4954 omnino
2997 4900 3360 4970 largiendum;
3417 4899 3829 4970 refraenansque

2232 4973 2480 5028 homines
2508 4971 2576 5026 ab
2616 4970 2944 5025 humanitate
3003 4969 3206 5036 mouet,
3239 4981 3295 5026 ut
3334 4985 3446 5025 rem
3501 4969 3827 5026 familiarem

2228 5044 2516 5114 diligenter
2567 5041 2890 5110 custodiant,
2917 5042 3210 5114 malintque
3265 5057 3445 5098 arcam
3485 5057 3645 5112 quam
3702 5044 3828 5114 jus-

2230 5115 2398 5169 titiam
2425 5127 2768 5170 conservare.

2301 5186 2458 5239 Errat
2489 5184 2626 5239 idem
2654 5184 2706 5237 in
2737 5198 2825 5247 eo,
2863 5182 3005 5254 quod
3061 5183 3366 5241 hominibus
3415 5183 3627 5241 [possis
3666 5184 3827 5240 dere

2229 5254 2921 5338 familiariimpertiendum
2948 5255 3166 5321 scribit;
3204 5258 3328 5338 quia
3357 5257 3709 5338 humanitatis
3732 5256 3820 5338 of-

2229 5328 2348 5383 ficia
2379 5327 2605 5382 utilitate
2634 5326 2848 5380 metitur
2876 5344 2888 5380 :
2920 5340 3041 5380 cum
3071 5343 3177 5382 non
3224 5326 3457 5394 idoneis,
3507 5327 3611 5381 hoc
3636 5338 3724 5382 est
3753 5329 3822 5383 iis

2227 5400 2316 5470 qui
2341 5398 2573 5470 gratiam,
2616 5395 2820 5470 referre
2878 5398 3103 5470 possint,
3150 5399 3245 5453 sed
3276 5400 3360 5465 iis,
3415 5399 3501 5468 qui
3552 5413 3656 5452 non
3685 5409 3821 5452 sunt

2231 5467 2428 5532 idonei,
2453 5471 2524 5524 sit
2566 5467 2914 5538 largiendum.
2963 5467 3294 5525 Contradicit
3339 5467 3500 5525 etiam
3529 5470 3629 5523 sibi
3674 5470 3820 5538 ipse,

2229 5544 2318 5612 qui
2353 5540 2593 5609 pluribus
2642 5540 2775 5594 locis
2800 5539 3025 5603 clamat,
3084 5541 3338 5595 virtutem
3368 5556 3472 5595 non
3502 5555 3622 5595 esse
3669 5556 3825 5595 mer-

2229 5612 2531 5677 cenariam;
2563 5622 2615 5664 et
2655 5621 2958 5680 promptum
2981 5619 3066 5666 est
3117 5612 3240 5667 hinc
3267 5612 3544 5681 colligere,
3575 5612 3616 5665 si
3643 5612 3824 5667 virtus

2229 5693 2448 5754 propter
2464 5697 2533 5754 se
2561 5681 2858 5752 expetenda
2886 5693 2988 5747 est,
3020 5698 3125 5737 non
3155 5698 3276 5739 esse
3321 5683 3583 5753 justitiam
3624 5693 3822 5737 nostro

2229 5753 2535 5822 commodo,
2566 5755 2661 5810 sed
2687 5767 2785 5808 suo
2805 5754 2981 5824 pretio
3008 5755 3400 5811 aestimandam.
3443 5754 3638 5820 Taceo,
3665 5755 3824 5824 quod

2231 5826 2341 5900 isti,
2372 5824 2496 5897 quia
2519 5839 2696 5898 neque
2721 5835 2967 5884 naturam
3009 5827 3266 5900 retinent,
3334 5841 3511 5899 neque
3536 5827 3826 5899 praemium

2302 3618 2499 3696 Errant
2545 3619 2706 3696 igitur
2735 3618 3050 3696 philosophi
3117 3618 3206 3689 qui
3277 3620 3713 3696 misericordiam
3759 3620 3829 3696 de
3902 3619 3911 3627 ’
