4090 6354
244 282 357 344 633

1430 283 1632 344 LIBER
1673 286 1760 344 Vl.
1803 285 1893 343 DE
1939 286 2123 346 VERO
2158 289 2412 348 CULTU.

3449 291 3554 350 654

249 405 298 460 in
327 419 395 461 eo
423 405 568 476 quod
592 405 669 472 ﬁt,
698 403 894 471 sciunt,
927 403 1054 461 dum
1082 406 1312 476 perdere
1341 408 1553 470 timent,
1581 405 1835 477 perdunt,
1866 409 1920 467 Α
1963 476 1968 477 7
2018 404 2188 460 Metus
2209 415 2264 460 et
2290 405 2555 477 cupiditas
2578 405 2622 462 si
2647 403 3002 477 proiiciantur
3040 403 3093 460 in
3138 411 3361 477 terram,
3415 406 3549 461 vitia

248 477 378 532 dum
399 477 484 532 vel
510 478 825 547 patrimonia
852 491 946 531 sua
976 477 1273 548 effundunt,
1301 480 1386 535 vel
1408 493 1540 548 opes
1570 476 1841 532 exhiben-

248 549 330 603 dis
389 548 704 624 muneribus
746 549 1100 624 impendunt,
1143 553 1229 607 vel
1275 550 1504 624 publicis
1586 549 1842 624 operibus

249 621 510 676 extructis
533 620 850 674 memoriam
900 621 1103 676 nomini
1135 639 1233 677 suo
1278 619 1545 692 quaerunt,
1573 621 1656 675 vel
1686 619 1840 674 deni—

248 707 354 832 ξιὲθ
439 691 722 834 tﬁb)ulibus
811 692 922 746 suis
1012 702 1105 748 aut
1165 691 1447 751 clientibus
1547 692 1844 763 largiuntur

325 780 416 830 ap.
564 803 576 816 .

249 761 416 832 (Cap.
451 762 576 832 11).

323 833 686 907 Humanitatis
740 835 939 907 surculi
994 845 1120 891 sunt
1153 855 1165 890 :
1198 835 1556 907 hospitalitas,
1591 833 1840 904 captivo-

252 920 371 959 rum
395 904 717 976 redemptio,
742 905 1023 961 viduarum
1046 904 1317 971 defensio;
1336 916 1660 978 aegrotorum
1689 921 1840 973 cura,

252 978 665 1049 peregrinorum
702 986 756 1032 et
786 993 1080 1046 pauperum
1124 981 1449 1049 sepultura;

324 1047 678 1118 Hospitalitas
714 1049 984 1118 praecipua
1023 1047 1201 1106 virtus
1217 1061 1318 1109 est.
1349 1063 1508 1119 quam
1543 1047 1686 1103 Deus
1710 1063 1847 1117 prm-

251 1119 400 1190 cepit
427 1136 441 1172 :
473 1119 566 1174 sed
623 1120 690 1174 de
711 1135 812 1189 qua
843 1137 1028 1176 rursus
1071 1122 1272 1177 erravit
1300 1121 1518 1183 Cicero,‘
1555 1120 1643 1188 qui
1676 1119 1846 1174 voluit

251 1188 683 1260 domosnostras
731 1188 1031 1260 hospitibus
1082 1192 1384 1247 illustribus
1434 1201 1633 1260 patere.
1682 1190 1844 1258 Atqui

252 1259 552 1315 humilibus
572 1259 1090 1332 etabjectis‘patere
1147 1263 1341 1318 domus
1368 1259 1569 1317 nostrae
1624 1261 1842 1317 debent.

323 1331 676 1400 Captivorum
717 1331 1018 1400 redemptio
1071 1334 1344 1403 proprium
1397 1333 1844 1402 etiamjustorum

253 1418 395 1477 opus
420 1413 524 1468 est,
555 1404 822 1474 largitioni
855 1421 1154 1477 munerum
1189 1407 1346 1477 longe
1385 1404 1844 1477 anteponendum.

323 1473 659 1540 Pupillorutn
689 1485 742 1529 et
783 1475 1061 1532 viduarum
1103 1473 1345 1533 defensio
1389 1476 1568 1531 divina
1586 1476 1702 1546 lege
1727 1477 1846 1530 uni-

249 1546 428 1601 versis
453 1546 769 1600 demandata
811 1559 914 1602 est.

322 1615 526 1685 Egros
564 1619 653 1686 qui
703 1626 875 1681 curat,
922 1619 1192 1689 fovetque,
1247 1618 1334 1674 hic
1386 1619 1562 1672 vivam
1618 1617 1846 1672 hostiam

254 1688 367 1744 Deo
397 1689 649 1756 acquirit,
697 1689 916 1759 etquod
964 1688 1118 1745 alteri
1152 1691 1244 1746 dat
1289 1689 1358 1744 ad
1405 1699 1634 1759 tempus,
1684 1690 1846 1760 ipsea

251 1761 367 1814 Deo
397 1759 626 1830 accipiet
671 1762 722 1814 in
749 1769 1031 1815 aeternum.

321 1830 613 1885 Maximum
637 1832 797 1885 etiam
855 1832 1076 1898 pietatis
1120 1830 1356 1886 ofﬁcium
1400 1840 1483 1887 est
1533 1832 1848 1902 peregrino-

248 1917 372 1956 rum
402 1911 456 1956 et
477 1917 769 1972 pauperum
796 1903 1087 1973 sepultura.
1107 1902 1260 1972 Quod
1280 1903 1589 1974 PbiIOSOphi
1624 1917 1845 1974 prorsus

248 1989 358 2028 non
388 1975 702 2040 attigerunt.

321 2044 700 2117 Quaeriturhic
725 2087 738 2109 ,
766 2062 834 2099 an
863 2047 1036 2100 omnia
1059 2047 1112 2100 in
1137 2063 1319 2117 egenos
1347 2046 1657 2116 conferenda
1679 2046 1705 2099 ?

323 2119 564 2188 Respon.
595 2115 801 2188 Bonum
829 2132 938 2172 non
995 2115 1183 2172 timere
1241 2115 1626 2187 paupertatem,
1658 2126 1711 2171 et
1757 2117 1846 2188 qui

244 2186 391 2258 apud
411 2186 589 2258 Deum
608 2187 757 2242 dives
784 2198 888 2253 est,
920 2203 1210 2258 pauperem
1227 2186 1354 2244 esse
1374 2203 1642 2257 nunquam
1667 2186 1842 2257 posse.

247 2256 460 2312 Deinde
488 2273 586 2328 pro
615 2258 750 2313 virili
778 2256 929 2329 parte
959 2256 1229 2330 quemque
1256 2260 1470 2327 Operari
1499 2256 1702 2315 debere
1730 2260 1846 2330 jus-

245 2331 449 2392 titiam,
481 2339 541 2384 ut
588 2341 844 2396 quantum
898 2331 1097 2386 divitiis
1147 2333 1288 2386 inter
1339 2340 1588 2400 caeteros,
1645 2340 1849 2387 tantum

251 2415 429 2474 0p_er_e
457 2402 728 2474 praecellat
759 2401 921 2474 (Cap.
957 2402 1082 2474 12).

318 2471 646 2543 Liberalitas
671 2471 830 2541 igitur
868 2471 1168 2530 exercenda
1216 2483 1323 2540 est,
1351 2473 1474 2543 quia
1502 2483 1718 2543 peccata
1743 2475 1851 2528 lar-

243 2542 452 2615 gitione
485 2543 765 2605 tolluntur,
799 2560 1065 2615 nemoque
1120 2546 1237 2600 sine
1262 2542 1460 2600 deliCto
1502 2542 1620 2599 esse
1650 2555 1846 2614 potest,

243 2613 506 2688 quamdiu
534 2615 850 2688 indumento
875 2613 1052 2688 carnis
1097 2627 1346 2688 oneratus
1371 2627 1455 2672 est
1485 2615 1651 2687 (Cap.
1687 2616 1808 2688 15).

320 2684 519 2750 Liquet
547 2685 693 2752 hinc,
724 2689 881 2755 longe
907 2687 1144 2742 abfuisse
1183 2687 1250 2742 ab
1294 2684 1529 2741 humano
1562 2684 1702 2742 bono
1736 2684 1851 2755 phi-

244 2755 510 2825 losophos
544 2757 745 2812 stoicos
780 2801 794 2823 ,
823 2759 913 2828 qui
948 2759 1085 2814 hanc
1124 2759 1402 2825 virtutem,
1429 2759 1854 2814 misericordiam

243 2828 395 2890 dico,
429 2843 526 2896 pro
556 2830 687 2883 vitio
714 2844 930 2897 semper
984 2829 1286 2884 habuerunt
1323 2849 1334 2882 :
1366 2829 1673 2884 ettollendo
1705 2832 1852 2896 vitia,

242 2900 481 2953 virtutes
515 2901 656 2968 ipsas
691 2901 1045 2965 sustulerunt,
1085 2910 1139 2953 et
1163 2901 1353 2956 eodem
1380 2900 1592 2954 tandem
1649 2902 1856 2957 recide-

243 2977 379 3024 runt
407 2985 501 3037 per
527 2971 937 3039 imprudentiam
966 3011 981 3035 ,
1015 2987 1120 3041 quo
1171 2971 1505 3041 peripatetici
1535 2975 1855 3040 perveniunt

243 3041 467 3113 ratione
487 3042 693 3113 ;7vitia,
746 3043 1012 3113 quiatolli
1075 3058 1180 3096 non
1206 3055 1451 3113 possunt,
1496 3058 1618 3097 esse
1668 3044 1854 3099 mode-

243 3111 416 3166 randa
443 3110 608 3184 (Cap.
645 3114 713 3168 M
755 3110 801 3168 et
840 3111 968 3184 15).

275 3242 282 3248 _
319 3184 643 3253 Quanquam
693 3193 750 3240 et
787 3185 1115 3253 peripatetici
1176 3185 1274 3253 ipsi
1321 3185 1577 3249 errarint,
1607 3185 1698 3254 qui
1731 3186 1855 3239 vitia

243 3268 376 3309 esse
406 3265 829 3310 concesserunt:
854 3256 947 3310 sed
985 3272 1048 3311 ea
1082 3257 1424 3311 mediocriter
1447 3267 1851 3324 temperarunt;

283 3325 377 3378 uia
402 3335 453 3379 et
481 3327 840 3381 mediocribus
866 3327 1009 3380 vitiis
1025 3328 1319 3382 carendum
1345 3338 1448 3392 est,
1476 3337 1529 3381 et
1550 3337 1854 3381 monstran-

282 3412 381 3449 um
409 3405 515 3461 est,
545 3414 648 3451 non
697 3399 842 3466 ipsos
863 3397 1109 3465 affectus,
1140 3399 1234 3454 sed
1275 3415 1462 3456 eorum
1491 3413 1681 3454 causns
1728 3414 1852 3454 esse

243 3466 611 3523 moderandas
634 3468 798 3541 (Cap.
831 3469 947 3540 16).

1877 1802 1924 1862 Β

1951 476 2121 543 ﬁunt;
2164 475 2391 532 virtutes
2421 485 2621 544 autem,
2651 475 2726 532 ‘si
2747 475 2818 532 ad
2842 476 3021 532 divina
3068 475 3395 532 referantur.
3422 477 3541 534 Non

1945 547 2106 620 igitur
2127 548 2393 604 evellendi
2431 547 2751 614 biaﬁ‘ectus,
2775 558 2835 620 ut
2885 547 3064 613 stoici,
3108 563 3288 620 neque
3341 557 3554 620 tempe-

1944 619 2097 702 randi
2127 629 2287 707 sunt,
2341 619 2787 707 utlperipa-tet‘ici
2832 621 3058 687 volunt;
3117 618 3214 676 sed
3262 618 3316 676 in
3367 618 3553 707 veram

1948 692 2097 745 viam
2128 691 2393 761 dirigendi
2424 691 2590 761 (Cap.
2627 693 2690 746 l7
2710 691 2751 762 ).

2016 762 2344 818 Serundaria
2378 763 2509 834 legis
2549 763 2726 830 capita
2778 772 2924 830 sunt,
2978 773 3038 818 ut
3084 763 3260 819 cultor
3284 764 3379 820 Dei
3437 779 3546 821 non

1947 833 2262 907 mentiatur
2294 833 2526 904 unquam
2559 853 2572 886 :
2605 835 2868 904 pecuniae,
2913 835 2958 890 si
3015 850 3172 907 quam
3227 835 3550 906 crediderit,

1947 920 2053 960 non
2098 906 2323 978 accipiat
2371 919 2622 978 usuram;
2690 921 2884 978 munus
2935 906 3041 961 non
3070 907 3311 978 accipiat
3361 924 3389 961 a
3421 923 3556 978 pau-

1946 991 2104 1046 pere:
2131 979 2270 1032 male
2296 977 2491 1032 dicenti
2520 977 2656 1032 bene
2681 977 2825 1032 dicto
2851 977 3209 1046 respondeat;
3269 977 3553 1035 inimicum

1947 1062 2043 1174 qua
2075 1049 2230 1118 culpa
2258 1066 2364 1104 non
2392 1049 2587 1116 faciat;
2614 1049 2813 1102 illatam
2845 1048 2948 1103 sibi
2987 1049 3235 1120 injuriam
3261 1065 3370 1106 non
3426 1050 3552 1106 viu-

1994 1128 2121 1174 tcet.

1994 1128 2121 1174 tcet.

2018 1189 2154 1246 Male
2184 1189 2345 1262 igitur
2371 1189 2559 1244 definit
2596 1188 2787 1245 Cicero
2819 1191 2988 1245 virum
3020 1191 3242 1257 bonum,
3269 1194 3361 1262 qui
3410 1208 3543 1262 pro-

1948 1261 2306 1326 sitomnibns,
2359 1271 2550 1316 noceat
2604 1262 2954 1328 nemini,nisi
3007 1261 3295 1318 lacessitus
3324 1261 3546 1332 injuria.

1948 1333 2002 1388 Si
2033 1333 2174 1386 enim
2208 1342 2362 1387 nocet
2390 1333 2692 1395 lacessitus,
2727 1349 2791 1388 ex
2842 1333 2948 1389 hoc
3002 1335 3118 1402 ipso
3172 1334 3270 1388 viri
3297 1334 3424 1388 boni
3459 1350 3557 1390 no-

1952 1419 2074 1458 men
2106 1403 2321 1466 amittit,
2372 1419 2492 1459 cum
2519 1420 2712 1459 nocere
2742 1405 2897 1460 alteri
2975 1421 3081 1458 non
3109 1405 3180 1459 sit
3253 1406 3553 1462 secundum

1950 1473 2184 1529 hominis
2215 1485 2476 1529 naturam.
2539 1476 2593 1531 Si
2629 1485 2802 1536 nocet,
2838 1491 2942 1529 non
2971 1484 3056 1531 est
3103 1477 3393 1540 innocens,
3445 1492 3556 1533 non

1950 1555 2034 1601 est
2062 1548 2288 1615 patiens.
2327 1547 2390 1600 Et
2412 1546 2602 1601 Cicero
2626 1547 2764 1613 ipse,
2791 1557 2979 1600 contra
3003 1562 3158 1602 suum
3204 1556 3556 1617 praeceptum,

1951 1618 2274 1759 ξ)ιὲιὶνὶοέιὲῐῖ
2346 1617 2658 1688 injuriarum
2715 1618 2767 1672 in
2836 1619 3043 1688 magnis
3079 1617 3328 1673 laitdibus
3378 1621 3560 1689 posuit

2031 1706 2119 1756 ap.
2271 1729 2283 1743 .

2031 1706 2119 1756 ap.
2153 1706 2218 1742 ιδ
2244 1706 2283 1756 ).

2023 1759 2255 1814 Peccant
2285 1769 2336 1814 et
2373 1759 2724 1830 peripatetici,
2780 1761 2869 1830 qui
2907 1760 3042 1814 iram
3072 1761 3261 1815 dicunt
3309 1775 3431 1816 esse
3461 1775 3556 1817 co-

1953 1831 2136 1885 mitem
2183 1831 2414 1886 virtutis.
2452 1831 2632 1885 Poetzr
2664 1831 2789 1886 item
2823 1872 2836 1896 ,
2881 1831 2972 1898 qui
3029 1841 3140 1886 tres
3191 1831 3384 1890 Furias
3429 1841 3562 1890 esse

1951 1902 2222 1966 dixerunt,
2253 1903 2409 1969 lram,
2455 1902 2838 1971 Cupiditatem,
2881 1901 3206 1958 Libidinem.
3239 1903 3372 1956 Nam
3407 1903 3547 1958 Deus

1953 1983 2130 2028 certos
2164 1974 2362 2029 limites
2413 1976 2601 2029 statuit
2643 1973 2726 2028 his
2777 1973 3080 2038 affectibus,
3114 1989 3248 2044 quos
3277 1974 3320 2027 si
3373 1981 3555 2028 trans-

1952 2045 2289 2188 ῗεὲιάθιιὲὒίςι
2322 2049 2538 2102 morbos
2598 2054 2650 2101 et
2702 2045 2828 2100 vitia
2862 2055 2971 2100 tum
3018 2045 3236 2100 demum
3279 2054 3562 2100 vertuntur

2039 2134 2126 2186 ap.
2277 2158 2288 2170 .
2816 2187 2823 2188 7

1953 2115 2126 2187 (Cap.
2158 2117 2226 2172 19

2025 2187 2344 2242 Prostremo
2380 2188 2555 2244 cultor
2603 2187 2696 2242 Dei
2737 2187 2976 2256 quinque
3041 2201 3298 2242 sensuum
3368 2189 3560 2258 volup-

1957 2268 2096 2315 tates
2127 2261 2325 2314 virtute
2344 2275 2604 2326 superare
2632 2269 2792 2328 atque
2808 2259 3116 2328 opprimere
3130 2259 3294 2330 debet
3323 2281 3335 2315 :
3365 2275 3561 2330 nempe

1958 2332 2286 2399 voluptatem
2319 2332 2621 2397 oculorum,
2649 2339 2704 2383 ut
2750 2345 2858 2384 non
2904 2331 3118 2385 intersit
3151 2329 3377 2397 publicis
3404 2329 3562 2400 spec-

1959 2405 2170 2464 taculis,
2201 2411 2253 2457 et
2281 2401 2634 2471 scenis(Cap.
2683 2401 2800 2468 20);
2846 2403 3183 2470 voluptatem
3215 2403 3446 2471 aurium,
3501 2410 3560 2456 ut

1956 2489 2064 2528 non
2093 2485 2345 2528 cantuum
2369 2470 2635 2528 suavitate
2662 2489 2720 2528 se
2749 2473 2995 2528 oblectet
3046 2472 3196 2545 (Cap.
3222 2470 3337 2543 2|);
3357 2472 3561 2545 volup-

1958 2554 2118 2599 tatem
2167 2547 2377 2614 saporis
2430 2555 2482 2598 et
2505 2545 2710 2608 odoris,
2742 2555 2798 2597 ut
2851 2560 2958 2598 non
3004 2543 3182 2599 ventri
3204 2552 3258 2598 et
3281 2543 3419 2610 gula:
3446 2556 3564 2598 ser-

1956 2616 2064 2689 viat
2087 2617 2239 2689 (Cap.
2257 2616 2375 2687 ‘22);
2394 2617 2718 2689 voluptatem
2742 2624 2936 2689 tactus,
2962 2624 3018 2670 ut
3043 2616 3233 2670 fravnet
3257 2614 3559 2689 libidinem,

1959 2687 2046 2740 vel
2064 2685 2460 2743 cohibeateam
2492 2687 2859 2753 matrimonio,
2913 2702 3018 2742 non
3068 2685 3416 2746 scortatione,
3455 2701 3560 2739 non

1959 2759 2249 2901 :(igulterzio),
2343 2759 2458 2814 sive
2561 2758 2917 2828 Operationis,
3021 2758 3136 2813 sive
3219 2756 3565 2828 cogitationis

2028 2847 2112 2900 ap.
2187 2847 2266 2884 ο.
2578 2900 2586 2901 7
3010 2899 3022 2901 _

2028 2847 2112 2900 ap.
2149 2829 2266 2899 ‘25).

2031 2899 2183 2966 Quod
2206 2903 2248 2956 si
2273 2902 2394 2970 quis
2417 2901 2482 2955 ad
2516 2900 2789 2969 iniustitia:
2828 2901 2968 2954 viam
3002 2899 3166 2954 fuerit
3216 2901 3421 2970 lapsus,
3456 2913 3564 2954 non

1957 2972 2212 3042 desperet
2257 2973 2325 3026 de
2373 2987 2433 3027 se
2508 2973 2622 3041 ipse
2656 2971 2790 3026 :sed
2849 2971 2916 3026 ad
2963 2971 3185 3026 meliora
3239 2985 3558 3042 conversus,

1960 3040 2074 3098 Ded
2095 3042 2411 3102 satisfaciat.
2468 3040 2551 3097 cui
2605 3044 2896 3099 interiores
2949 3057 3162 3113 quoque
3213 3040 3568 3113 cogitationes

1888 3123 1932 3187 ρ
1966 3126 2168 3169 nostra:
2208 3125 2392 3180 patent
2424 3114 2588 3184 (Cap.
2623 3115 2692 3169 24
2715 3117 2753 3187 ).

2036 3187 2354 3240 Sacrilicare
2378 3183 2558 3239 antem
2588 3187 2630 3238 si
2673 3186 2846 3239 cultor
2886 3183 2978 3238 Dei
3023 3184 3275 3247 voluerit,
3309 3184 3414 3238 duo
3433 3183 3566 3239 offe-

1964 3267 2046 3310 ret
2076 3258 2184 3310 Deo
2210 3257 2601 3326 incorporalia:
2626 3255 2988 3326 integritatem
3018 3256 3204 3316 animi.
3227 3266 3283 3310 et
3325 3255 3564 3308 nominis

1957 3327 2122 3381 divini
2166 3329 2400 3382 laudem.
2436 3327 2518 3382 Ad
2564 3326 2681 3381 hiBC
2708 3328 2850 3381 enim
2886 3326 3147 3394 capienda
3192 3342 3294 3381 nos
3316 3326 3455 3380 Dens
3475 3341 3565 3395 ge-

1958 3399 2202 3461 neravit;
2235 3399 2348 3453 hac
2377 3413 2600 3452 munera
2640 3398 3028 3466 Trismegistus
3059 3397 3285 3452 Hermes
3340 3396 3452 3452 Deo
3481 3395 3564 3450 0f-

1955 3469 2175 3525 fercnda
2201 3470 2382 3524 docuit
2421 3469 2580 3540 (Cap.
2620 3467 2750 3540 25).
2807 3471 3146 3523 Ecetranis.

250 3669 3509 3693 Μ

1272 3793 1756 3900 LIBER
1875 3791 2516 3902 SEXTUS.

1465 4019 1628 4115 DE.
1661 4043 1962 4116 VERO
2018 4041 2390 4117 CULTU.

1599 4260 2250 4292 ...θ-

776 4428 1002 4484 CAPUT
1042 4425 1330 4482 PRIMUM.

373 4571 453 4625 Dc
487 4570 577 4625 Dei
607 4571 711 4624 reri
738 4572 878 4624 cultu
909 4579 954 4623 ct
985 4570 1297 4632 innocentia,
1331 4578 1482 4638 atque
1510 4567 1573 4622 de
1600 4567 1737 4620 cultu

804 4658 1052 4726 fulserunt
1084 4657 1315 4710 deorum.

320 4795 488 4862 Quod
521 4807 634 4850 erat
666 4795 898 4850 ofﬁcium
931 4795 1163 4864 suscepti
1207 4792 1444 4847 muneris
1466 4834 1481 4859 ,
1515 4792 1696 4847 divino
1735 4792 1857 4862 Spi-

241 4887 353 4943 ritu
387 4887 720 4952 instrnente,
751 4902 811 4941 ac
837 4887 1161 4956 suffragante
1194 4887 1304 4956 ipsa
1338 4886 1595 4950 veritate,
1626 4885 1860 4954 comple-

240 4981 463 5035 vimus:
513 4981 666 5049 cujus
713 4980 1019 5034 asserenda:
1063 4990 1224 5049 atque
1268 4961 1600 5034 illustrandae
1643 4995 1857 5034 causam

1879 4425 1934 4484 1)
1962 4422 2090 4475 mihi
2118 4429 2170 4475 et
2196 4421 2554 4488 conscientia,
2583 4430 2639 4476 et
2669 4419 2831 4487 ﬁdes,
2864 4429 2917 4474 et
2944 4420 3056 4489 ipse
3087 4419 3349 4474 Dominus
3377 4429 3568 4476 noster

1962 4513 2250 4583 imposuit;
2293 4513 2408 4566 sine
2451 4528 2557 4582 quo
2603 4527 2702 4568 nec
2741 4512 2866 4566 sciri
2905 4511 3196 4583 quidquam
3229 4521 3436 4582 potest,
3470 4527 3570 4568 nec

1964 4607 2238 4676 explicari.
2273 4605 2442 4661 Venio
2470 4621 2612 4662 nunc
2636 4607 2702 4661 ad
2732 4606 2782 4662 id
2809 4606 2951 4677 quod
2981 4615 3065 4661 est
3091 4621 3360 4662 summum
3388 4606 3568 4674 operis

1966 4699 2126 4766 hujus
2153 4708 2208 4753 et
2235 4701 2560 4764 maximum,
2607 4709 2663 4754 ut
2701 4699 2924 4755 doceam
2965 4714 3074 4769 quo
3107 4699 3244 4764 ritu,
3278 4713 3454 4768 quove
3484 4713 3569 4752 sa-

1965 4793 2166 4848 criﬁcio
2212 4793 2377 4848 Deum
2428 4794 2533 4848 coli
2569 4803 2834 4866 oporteat.
2888 4792 2944 4847 ld
2997 4794 3140 4848 enim
3201 4801 3283 4846 est
3335 4792 3569 4848 hominis

1965 4886 2223 4952 officium,
2280 4889 2332 4943 in
2388 4904 2560 4960 eoque
2616 4890 2732 4944 solo
2789 4903 2996 4942 summa
3055 4896 3342 4952 rcrum,et
3391 4886 3568 4940 omnis

1966 4983 2136 5039 beatre
2165 4985 2286 5040 vita:
2319 4985 2456 5039 ratio
2485 4984 2732 5040 consistit
2759 5002 2769 5035 :
2801 4979 3231 5054 quandoquidem
3283 4987 3567 5050 propterea

1599 5095 1959 5154 VARIORUM
1996 5099 2225 5156 ΝΟΤίΕ.

316 5213 487 5283 Cujus
525 5212 811 5267 asserenda;
852 5223 1000 5278 atque
1040 5209 1364 5283 illustrandae
1406 5227 1614 5264 causam
1655 5212 1780 5265 mihi
1810 5222 1853 5265 et

240 5282 591 5349 conscientia,
624 5293 670 5337 et
709 5283 835 5349 ﬁdes
854 5326 868 5346 ,
901 5293 947 5336 et
976 5283 1085 5350 ipse
1120 5282 1366 5335 Dominus
1396 5295 1563 5335 noster
1590 5283 1851 5351 imposuit.

241 5356 340 5411 Sic
366 5355 577 5410 restitui
605 5368 669 5408 ex
705 5355 723 5406 1
761 5353 895 5423 Reg.
927 5353 1320 5424 antiquissimo,
1357 5355 1375 5405 1
1414 5354 1484 5406 al.
1524 5354 1686 5424 Regio
1717 5356 1856 5423 opti-

240 5443 352 5482 mze
384 5435 555 5490 notae,
581 5437 634 5478 et
655 5425 690 5477 9.
717 5424 904 5487 Brun.,
939 5424 1150 5478 favente
1179 5428 1199 5476 1
1236 5423 1362 5492 Lips
1417 5426 1466 5477 in
1498 5441 1602 5493 quo
1629 5433 1706 5477 est
1736 5441 1857 5478 con—

238 5498 556 5561 scientiam;
589 5497 715 5550 item
751 5512 878 5550 mss.
924 5497 958 5550 2
991 5496 1122 5560 Reg.
1147 5537 1162 5559 ,
1209 5494 1245 5548 ἓ
1272 5496 1603 5548 Claromont.
1627 5537 1640 5558 ,
1674 5495 1851 5560 Bodl.,

239 5568 506 5631 Cotton.,
541 5569 563 5623 1
601 5567 833 5623 Sorbon.
857 5611 871 5632 ,
917 5568 941 5621 1
972 5566 1208 5621 Colbert.
1251 5578 1301 5619 et
1343 5566 1472 5620 edit.
1509 5567 1721 5620 Walclt.
1756 5568 1854 5621 nisi

239 5639 402 5711 quod
435 5639 631 5694 habent
662 5639 892 5711 scientia.
923 5639 958 5692 ἓ
985 5639 1116 5707 Reg.
1141 5680 1156 5706 ,
1191 5639 1224 5692 5
1253 5638 1454 5711 Giton,
1495 5639 1512 5690 1
1553 5638 1713 5711 (2011)ἑ
1741 5649 1794 5711 et
1822 5638 1854 5692 8

239 5708 466 5773 excusi,
489 5727 696 5765 causam
713 5709 860 5770 milii.
878 5719 925 5763 et
946 5711 1209 5764 scientiam
1232 5719 1276 5762 et
1297 5709 1467 5776 ﬁdem,
1497 5718 1599 5763 etc.
1622 5709 1656 5762 4
1676 5708 1852 5777 Colb.,

239 5783 410 5843 Em.,
440 5782 617 5847 Cant.,
652 5781 801 5845 Got.,
831 5781 1049 5846 Marm.,
1082 5790 1136 5835 et
1164 5781 1290 5834 edit.
1323 5779 1478 5834 Rom.
1512 5779 1671 5834 1471.
1701 5781 1851 5836 Parr.

153 5923 173 5932 _
244 5869 314 5911 ac
347 5851 572 5920 Cellar.,
605 5869 813 5910 causam
845 5854 1003 5918 mihi,
1036 5861 1085 5909 et
1115 5852 1424 5921 scientiam,‘
1459 5861 1504 5908 et
1549 5853 1702 5921 ﬁdem
1747 5855 1858 5924 ipse

1960 5213 2238 5279 Dominus,
2277 5226 2378 5270 etc.
2415 5215 2472 5270 In
2500 5214 2627 5270 Jun.
2662 5223 2716 5269 et
2746 5216 2767 5269 l
2802 5212 3040 5283 Clarom.
3073 5226 3172 5283 pro
3206 5209 3456 5266 Dominus
3487 5221 3570 5266 est

1960 5284 2132 5352 Dens,
2188 5287 2238 5339 in
2275 5287 2437 5349 priori
2467 5301 2599 5341 voce
2629 5286 2739 5354 ipse
2767 5286 2960 5340 deleta.
3007 5282 3281 5336 Veritatem
3310 5283 3570 5338 illustrare

1959 5355 2237 5411 Lactantio
2265 5357 2545 5421 familiare.
2578 5357 2747 5411 Divin.
2776 5357 3008 5410 lnstitut.
3036 5355 3129 5409 lib.
3176 5370 3213 5414 ι.
3240 5370 3359 5424 cap.
3397 5356 3420 5408 1
3453 5355 3566 5418 bis,

1961 5444 2081 5497 cap.
2111 5429 2179 5488 2;
2213 5429 2306 5482 lib.
2341 5445 2408 5490 tv,
2439 5444 2556 5498 cap.
2589 5431 2652 5488 5:
2693 5428 2784 5482 lib.
2819 5444 2890 5489 vt,
2920 5443 3039 5498 cap.
3073 5427 3094 5479 1
3125 5443 3138 5487 ;
3193 5426 3282 5498 lib.
3320 5442 3411 5482 \‘tt.
3444 5441 3565 5494 cap.

1965 5501 2027 5563 7,
2058 5509 2112 5552 ct
2162 5500 2252 5552 lib.
2286 5499 2352 5553 de
2383 5497 2610 5567 Opifieio
2645 5499 2734 5553 Dei
2764 5545 2774 5564 ,
2808 5515 2924 5566 cap.
2955 5497 3046 5550 20.
3083 5497 3233 5566 Apud
3265 5497 3565 5550 Buta-man.

1965 5571 2158 5638 legitur
2190 5589 2200 5623 :
2231 5570 2298 5623 Et
2325 5574 2583 5625 scientiam
2613 5581 2656 5625 et
2685 5573 2836 5639 [idem
2866 5573 2974 5640 ipse
3000 5567 3563 5640 Duritiittts.—-\Valclt.

1963 5642 2191 5697 Causam
2233 5643 2358 5696 mihi
2391 5655 2436 5696 et
2468 5644 2682 5697 scientia
2711 5655 2754 5696 et
2784 5645 2910 5710 ﬁdes
2940 5651 2983 5694 et
3015 5643 3123 5708 ipse
3151 5639 3419 5693 Dominus.
3447 5639 3562 5694 Lib.

1963 5729 2050 5778 tu,
2081 5729 2196 5783 cap.
2230 5715 2329 5770 13:
2367 5715 2444 5768 Ad
2473 5732 2623 5784 quant
2656 5715 2858 5782 (causae
2885 5711 3566 5784 bonitatem)...defenden-

1962 5786 2079 5841 dant
2107 5782 2316 5842 scientia
2343 5782 2618 5842 divinitatis
2645 5795 2690 5841 et
2717 5786 2828 5855 ipsa
2854 5785 3035 5841 veritas
3060 5783 3265 5854 stt/ﬁcit.
3297 5782 3432 5839 Bon.
