4090 6354
208 342 309 404 637

1376 344 1585 410 LIBER
1619 344 1712 412 Vl.
1743 351 1835 413 ΒΕ
1871 348 2061 414 VERO
2094 353 2345 417 CULTU.

3396 358 3503 419 658

210 458 404 517 addicti
438 467 492 516 et
528 460 829 518 servientes
863 460 1266 534 voluptatibus,
1306 465 1416 521 vim
1455 467 1801 540 vigoremque

1908 482 2045 546 bona
2082 488 2174 546 illa
2212 490 2449 548 ctelestia
2476 534 2491 560 ,
2533 507 2762 565 quorum
2792 493 3249 570 magnitudinem,
3286 505 3502 557 terreno

209 555 403 611 mentis
425 554 783 626 extinguunt;
813 565 869 612 et
888 572 1009 613 cum
1033 556 1218 615 vivere
1238 575 1298 615 se
1318 559 1553 617 maxime
1584 571 1799 633 putant,

207 648 273 705 ad
308 659 541 707 mortem
580 652 1000 709 concitatissime
1036 663 1348 725 properant.
1392 654 1547 724 Nam,
1581 656 1717 712 sicut
1744 656 1801 713 in

206 743 444 800 secundo
472 744 609 799 libro
636 745 920 802 docuimus
941 792 955 815 ,
989 747 1111 803 coeli
1140 748 1279 803 ratio
1309 749 1361 803 iu
1392 749 1572 805 animo
1593 792 1608 816 ,
1642 758 1801 807 terra

207 843 381 890 autem
418 834 473 890 in
500 849 733 905 corpore
768 848 868 892 est.
901 837 1001 906 Qui
1041 838 1180 893 bona
1214 840 1488 911 negligunt
1515 824 1676 895 animi
1700 884 1713 903 .
1746 849 1801 897 et

206 927 449 999 corporis
491 939 786 999 appetunt,
822 929 874 985 in
916 930 1153 988 tenebris
1190 946 1252 987 ac
1283 942 1457 988 morte
1491 942 1796 1003 versantur,

207 1034 328 1090 quae
348 1029 475 1075 sunt
502 1031 661 1093 terra:
693 1029 855 1094 atque
882 1024 1157 1095 corporis;
1182 1027 1307 1096 quia
1335 1028 1440 1082 vita
1466 1036 1518 1083 et
1543 1027 1739 1083 .lumen
1768 1041 1799 1084 a

204 1112 344 1168 rato
372 1120 457 1167 est
485 1128 500 1165 :
531 1112 685 1184 cujus
706 1115 960 1183 quoniam
981 1126 1229 1187 expertes
1258 1127 1418 1186 sunt,
1451 1119 1663 1191 corpori
1684 1135 1800 1175 ser-

205 1202 433 1271 viendo,
457 1204 617 1276 louge
641 1205 837 1263 absunt
866 1208 934 1265 ab
960 1209 1237 1266 intellectu
1268 1227 1448 1269 rerum
1471 1213 1793 1271 divinarum.

206 1293 415 1350 Eadem
447 1298 679 1352 miseros
709 1298 908 1370 ubique
945 1301 1160 1358 caecitas
1201 1303 1396 1374 premit
1427 1321 1441 1359 :
1485 1303 1625 1360 sicut
1653 1304 1800 1362 enim

203 1387 295 1457 qui
323 1387 398 1444 sit
423 1403 584 1445 verus
615 1390 777 1462 Deus,
814 1393 886 1451 ita
911 1395 1002 1466 qui
1028 1396 1100 1452 sit
1120 1411 1281 1454 verus
1298 1397 1500 1469 cultus,
1529 1399 1799 1472 ignorant.

831 1506 1062 1566 CAPUT
1100 1509 1162 1566 11.

427 1596 507 1654 De
533 1600 784 1671 falsorum
817 1601 1028 1658 deorum
1055 1611 1102 1658 et
1130 1603 1236 1660 veri
1272 1602 1364 1660 Dei
1398 1604 1560 1662 cultu.

267 1714 511 1771 Mactaut
558 1700 718 1788 igitur
768 1717 977 1791 opimas
1016 1733 1080 1776 ac
1125 1719 1350 1793 pingues
1406 1716 1609 1780 hostias
1655 1724 1801 1793 Deo,

198 1807 359 1878 quasi
383 1806 679 1877 esurienti;
715 1808 1045 1881 profundunt
1084 1811 1242 1882 vina,
1285 1822 1537 1886 tanquam
1565 1815 1800 1887 sitienti;

195 1898 505 1957 accendunt
534 1899 759 1970 lumina,
788 1902 936 1958 velut
965 1902 1019 1958 in
1067 1904 1300 1962 tenebris
1328 1905 1528 1979 agenti.
1566 1906 1718 1979 Quod
1758 1908 1805 1966 si

196 1995 498 2066 suspicari,
546 2003 638 2051 aut
705 1995 987 2070 percipere
1031 1997 1214 2054 animo
1252 2010 1475 2072 possent
1524 2016 1645 2074 quae
1693 2002 1800 2059 sint

1906 582 2082 641 adhuc
2105 598 2335 656 corpore
2359 581 2597 643 obvoluti
2618 631 2632 655 ,
2661 603 2822 646 sensu
2844 606 3038 661 capere
3059 608 3163 647 non
3186 607 3501 667 possumus,

1901 674 2011 750 jam
2043 690 2103 732 se
2122 690 2242 731 cum
2277 676 2361 733 his
2389 677 2584 734 oliiciis
2609 679 2859 737 inanibus
2890 682 3238 740 stultissimos
3261 700 3381 741 esse
3407 674 3502 742 co;

1904 759 2185 842 gnoscaut.
2210 768 2307 825 Vel
2339 769 2384 825 si
2406 772 2627 829 cmleste
2651 772 2830 831 lumen
2848 816 2863 842 ,
2888 776 3030 847 quod
3056 775 3283 833 dicimus
3305 778 3499 849 solem,

1904 860 2258 935 contemplari
2284 864 2489 931 velint,
2510 863 2621 935 jam
2649 866 2883 922 sentient
2916 883 3075 940 quam
3104 883 3209 924 non
3266 869 3503 943 indigeat

1905 959 2139 1015 lucernis
2168 975 2356 1015 eorum
2385 960 2525 1015 Deus
2545 1003 2560 1028 ,
2588 959 2677 1033 qui
2704 961 2818 1032 ipse
2846 964 2898 1017 in
2937 979 3090 1018 usum
3131 960 3365 1021 hominis
3389 974 3499 1021 tam

1903 1053 2137 1120 claram,
2181 1062 2287 1107 tam
2320 1052 2601 1109 candidam
2643 1053 2815 1110 lucem
2848 1053 3016 1110 dedit.
3052 1055 3120 1111 Et
3162 1065 3342 1112 tamen
3373 1073 3494 1113 cum

1903 1148 1957 1206 in
1985 1161 2094 1205 tam
2119 1164 2281 1220 parvo
2309 1148 2511 1205 circulo
2529 1192 2543 1217 ,
2567 1148 2658 1221 qui
2684 1158 2902 1219 propter
2923 1148 3365 1222 longinquitatem
3393 1164 3498 1206 non

1904 1242 2131 1315 amplius
2157 1256 2317 1313 quam
2340 1240 2557 1296 humani
2582 1240 2774 1312 capitis
2808 1240 3024 1296 videtur
3054 1240 3255 1297 habere
3285 1258 3502 1298 mensu—

1906 1352 2062 1404 ram,
2108 1344 2311 1391 tantum
2348 1335 2417 1390 sit
2460 1334 2715 1406 fulgoris,
2749 1343 2805 1390 ut
2836 1352 2957 1391 eum
2990 1336 3296 1391 mortalium
3339 1335 3500 1391 lumi-

1907 1446 2034 1488 num
2063 1430 2206 1487 acies
2234 1445 2341 1486 non
2369 1439 2529 1504 queat
2555 1423 2797 1485 contueri
2821 1452 2835 1495 ;
2869 1440 2924 1486 et
2948 1430 2991 1485 si
3021 1431 3290 1502 paulisper
3320 1431 3499 1487 inten-

1907 1524 2051 1583 deris
2070 1569 2083 1594 ,
2107 1524 2391 1582 hebetatos
2417 1522 2606 1581 oculos
2629 1524 2799 1596 caligo
2821 1540 2883 1579 ac
2907 1523 3143 1580 tenebrae
3170 1539 3505 1593 consequan-

1910 1631 1996 1677 tur
2023 1636 2037 1677 :
2068 1616 2194 1695 quid
2226 1616 2440 1675 tandem
2472 1617 2689 1673 luminis
2714 1660 2727 1685 ,
2774 1616 2901 1688 quid
2938 1618 3202 1673 claritatis
3246 1616 3387 1688 apud
3426 1616 3507 1688 ip-

1910 1732 2028 1772 sum
2062 1714 2266 1785 Deum,
2309 1729 2473 1787 penes
2515 1728 2675 1784 quem
2719 1712 2863 1767 nulla
2907 1728 3013 1767 nox
3040 1720 3167 1780 est,
3196 1728 3319 1767 esse
3365 1711 3508 1767 arbi-

1914 1811 2161 1869 tremur?
2186 1809 2278 1884 qui
2317 1808 2456 1865 hanc
2501 1808 2673 1880 ipsam
2715 1806 2891 1863 lucem
2935 1806 3013 1863 sic
3045 1805 3354 1862 moderatus
3382 1815 3503 1876 est,

1912 1914 1971 1963 ut
1998 1919 2171 1976 neque
2195 1902 2361 1959 nimio
2389 1898 2596 1975 fulgore
2616 1943 2631 1968 ,
2659 1915 2836 1972 neque
2865 1900 3048 1956 calore
3073 1897 3381 1956 vehementi
3410 1912 3507 1953 no—

1910 2007 2060 2057 ceret
2085 1994 2485 2065 animantibus;
2516 2002 2837 2072 tantumque
2878 1992 3102 2052 istarum
3140 2006 3318 2053 rerum
3362 1989 3510 2055 dedit

1551 2091 1913 2151 VAltIORUM
1952 2088 2185 2150 ΝΟΤᾸῦ.

194 2192 521 2254 veteresque
547 2192 669 2257 octo
707 2182 873 2257 editi,
905 2185 1189 2252 domitum,
1213 2194 1563 2257 corrupte.—
1587 2186 1691 2241 Per
1715 2188 1797 2241 di-

194 2266 395 2312 matant
421 2255 689 2327 populum.
716 2254 1011 2312 lllustravit
1033 2257 1254 2313 uberius
1285 2254 1590 2313 Gronovius
1616 2257 1683 2313 ad
1709 2259 1797 2314 Li-

124 2376 127 2379 ,
194 2330 293 2391 vii,
328 2329 657 2391 t.xxvui,e.
677 2327 733 2382 τὶ.
760 2328 1122 2399 Frequentius
1148 2329 1314 2384 hacin
1336 2344 1397 2383 re
1422 2329 1642 2385 verbum
1675 2331 1797 2385 sub-

195 2415 435 2464 movere;
468 2399 592 2454 hinc
608 2399 643 2454 Ι.
673 2415 732 2457 ut
753 2399 871 2455 Liv.
897 2416 947 2455 c.
970 2402 1040 2457 48
1067 2399 1294 2469 :Ltctor,
1318 2400 1574 2461 submovet
1594 2402 1794 2471 urbani,

195 2481 240 2525 et
269 2472 347 2524 da
371 2474 504 2524 viam
531 2470 755 2525 domino.
780 2471 913 2527 BUN.

268 2540 367 2598 Sic
384 2541 585 2615 addicti
614 2552 662 2596 et
678 2540 1329 2615 servientes.Metaphora
1374 2557 1441 2599 ex
1472 2542 1592 2615 jure
1628 2542 1792 2601 civili.

194 2613 337 2668 Nam
374 2614 764 2682 jureconsultis
807 2614 1007 2669 addicti
1041 2624 1205 2682 sunt,
1245 2613 1488 2671 homines
1537 2615 1796 2684 obserati;

194 2687 287 2757 qui
322 2692 382 2740 et
408 2684 536 2757 nexi
570 2685 845 2757 dicuntur,
881 2685 972 2755 qui
1014 2686 1132 2755 lege
1156 2701 1231 2742 xu
1259 2686 1429 2742 Tabb.
1455 2688 1529 2743 ob
1554 2704 1631 2743 tes
1658 2688 1797 2743 alie-

197 2755 333 2811 num
370 2755 733 2811 creditoribus
767 2758 819 2811 in
866 2759 1245 2826 temporariam
1287 2761 1604 2814 servitutem
1645 2758 1798 2815 addi-

195 2828 485 2883 cebantur.
512 2826 581 2882 Et
602 2828 738 2882 bene
764 2828 1001 2898 quidem.
1033 2826 1165 2883 Nam
1196 2837 1534 2898 peccatorum
1562 2831 1796 2885 servitus

195 2898 641 2971 veriusiiudiem
685 2898 921 2954 addictio
953 2909 1071 2963 est,
1104 2916 1265 2971 quam
1288 2902 1519 2955 servitus
1546 2901 1648 2955 alia
1682 2914 1695 2954 :
1726 2911 1795 2956 ex

193 2987 301 3038 qua
334 2970 404 3043 ad
434 2970 741 3043 libertatem
767 2986 863 3043 per
884 2971 1250 3043 paenitentiam
1278 2971 1441 3041 janua
1471 2973 1796 3043 resipiscen-

196 3043 348 3113 tihus
380 3041 642 3096 beneficio
671 3040 870 3113 Christi
900 3051 1062 3113 patet.
1096 3040 1420 3100 Beruestus.

272 3112 409 3179 Qua:
442 3121 568 3185 sunt
616 3122 782 3168 ιρι-ηε.
836 3112 910 3167 na
942 3128 1072 3167 mss.
1107 3124 1161 3168 et
1211 3114 1556 3185 quamplures
1584 3113 1711 3170 edit.
1740 3114 1797 3170 In

195 3184 483 3239 nonnullis
506 3185 779 3253 impressis
806 3185 998 3254 legitur
1027 3186 1132 3253 qui,
1165 3184 1441 3241 mendose.

267 3256 317 3310 Α
339 3255 488 3310 creto.
521 3255 649 3309 Mss.
682 3256 748 3310 15
775 3271 885 3310 rec.
916 3267 970 3310 et
993 3257 1021 3310 7
1052 3259 1180 3312 edit.
1211 3259 1273 3310 de
1294 3257 1441 3311 creto.

270 3326 480 3380 Eadem
525 3327 735 3381 miseros
782 3328 963 3396 ubique
995 3330 1199 3383 caecitas
1236 3329 1438 3398 premit.
1475 3327 1805 3398 Conspiraut

193 3398 533 3467 omneslibri
560 3399 612 3451 in
637 3399 777 3453 edita
806 3398 1031 3455 lectione
1055 3416 1068 3451 :
1091 3409 1217 3453 suiit
1245 3402 1359 3454 tunc
1384 3399 1547 3465 dicta,
1571 3409 1627 3453 ut
1649 3401 1686 3453 ι.
1718 3415 1798 3467 ιιι,

193 3485 244 3525 c.
272 3468 352 3524 24
386 3487 399 3523 :
434 3466 574 3522 Nam
596 3486 796 3541 semper
816 3470 992 3527 eodem
1023 3472 1175 3524 modo
1203 3471 1476 3541 falluntur.
1511 3471 1641 3525 Buu.

272 3541 443 3608 Quasi
463 3542 722 3597 esurienti.
742 3540 817 3595 ιω
832 3541 1090 3611 Apuleius
1113 3542 1150 3595 l.
1166 3558 1258 3595 vui
1277 3541 1488 3596 Metam.
1512 3557 1567 3611 p.
1586 3540 1693 3595 ‘2l5
1719 3559 1731 3596 :
1760 3542 1804 3596 Α

191 3612 497 3679 quodam...
534 3613 920 3682 pinguissimmn
948 3612 1225 3682 deposcunt
1260 3617 1503 3675 arietem,
1536 3614 1628 3677 qui
1655 3614 1805 3667 deant

196 3685 417 3754 Syriam
444 3683 775 3738 esurientem
800 3700 892 3738 suo
918 3686 1126 3738 satiaret
1151 3685 1431 3751 sacriﬁcio.
1469 3683 1709 3739 Observa
1751 3684 1803 3740 in

203 3754 497 3826 Lactantio
522 3757 732 3825 copiam
755 3795 768 3816 ,
802 3755 979 3826 quasi.
998 3766 1254 3826 tanquam
1273 3796 1289 3822 ,
1316 3758 1469 3809 velut.
1504 3754 1636 3809 Bon.

272 3825 574 3880 Accenditnt
602 3824 821 3879 lumina.
852 3824 1269 3896 Omnium'pene
1297 3826 1534 3896 gentium
1562 3841 1806 3880 commu-

194 3900 285 3953 nis
314 3896 420 3952 fuit
447 3898 582 3951 ritus
611 3897 675 3951 ad
703 3896 883 3966 gaudii
907 3896 1355 3966 significationem
1386 3897 1563 3967 ignem
1605 3913 1803 3953 accen-

195 3969 334 4024 dere
358 3985 373 4032 ;
406 3983 582 4035 neque
603 3970 838 4022 occurrit
858 3969 1148 4037 quidquam
1176 3969 1508 4038 frequentius
1535 3969 1673 4038 apud
1707 3984 1802 4023 ve-

197 4052 350 4095 teres
369 4048 617 4111 auctores
629 4080 643 4103 ,
656 4055 816 4109 quam
832 4040 1142 4111 luzvoaai'ag
1155 4081 1168 4104 ,
1187 4051 1238 4094 et
1264 4054 1614 4095 accensarum
1631 4040 1804 4095 factum

198 4062 350 4095 ICI'US
369 4062 643 4103 ᾶιιιυιυϊυε,
656 4062 816 4109 quum
834 4062 1142 4111 Αυχνοκαιας
1155 4081 1168 4104 ν
1187 4062 1238 4094 81
1264 4062 1614 4095 accensurum
1632 4062 1804 4095 18011111

198 4110 441 4175 mentio,
467 4109 537 4164 ob
564 4126 651 4164 res
677 4112 791 4164 sive
815 4062 1049 4181 pumice,
1080 4112 1195 4165 sive
1212 4112 1459 4178 privatim
1490 4112 1659 4166 laetas.
1694 4110 1806 4166 Neo

196 4182 387 4237 solum
413 4183 468 4236 in
485 4181 699 4252 templis
726 4182 926 4236 lumina
946 4182 1335 4249 accendebant,
1350 4183 1444 4237 sed
1466 4182 1628 4237 etiam
1658 4181 1806 4237 domi

239 4256 440 4321 nisque
462 4268 605 4319 sum,
634 4268 804 4319 eaque
830 4253 1011 4321 januis
1040 4263 1093 4308 et
1121 4253 1368 4308 fenestris
1404 4252 1801 4322 appendebant.

239 4269 440 4321 nisque
462 4269 605 4319 sum,
634 4269 804 4319 eaque
830 4269 1011 4321 januis
1040 4269 1093 4308 et
1121 4269 1368 4308 tenestris
1404 4269 1801 4322 appenaenant.

193 4269 489 4379 guvenalis
512 4325 563 4381 in
594 4322 662 4378 12
681 4333 999 4393 apparatum
1028 4324 1137 4380 diei
1164 4324 1284 4378 festi
1314 4324 1652 4389 describens,
1696 4338 1805 4379 non

194 4396 427 4466 quidem
455 4410 524 4451 ex
558 4394 774 4466 judaica
830 4394 1146 4466 disciplina,
1172 4394 1269 4451 sed
1304 4412 1373 4452 ex
1393 4396 1498 4451 ritu
1535 4410 1801 4452 romano:

360 4538 545 4602 Cuncta
565 4542 742 4598 nitent,
768 4538 938 4602 longos
962 4541 1129 4602 erexit
1149 4538 1306 4589 Janua
1324 4550 1486 4588 ramos
1502 4574 1519 4598 ,

360 4600 428 4654 Et
448 4604 702 4655 matutinis
723 4600 945 4667 Operi’tur
961 4600 1085 4654 festa
1105 4602 1344 4653 lucernis.

287 4740 443 4796 Velut
467 4739 522 4795 in
546 4738 763 4795 tenebris
777 4738 975 4811 agenti.
1008 4737 1321 4811 Lactantius
1334 4735 1587 4811 Ethnicis
1615 4749 1812 4807 expro-

198 4815 370 4869 brare
411 4812 618 4883 patuit,
650 4806 891 4883 quodue
935 4810 1022 4865 die
1062 4809 1120 4883 in,
1163 4808 1377 4883 templis
1415 4806 1643 4883 deorqu
1684 4821 1813 4883 suo-

196 4890 324 4939 rum
346 4925 362 4950 ,
397 4878 540 4937 velut
584 4881 636 4936 in
670 4878 905 4936 tenebris
948 4881 1217 4952 agentium
1241 4878 1509 4946 {lumina
1549 4878 1811 4952 accentui.

197 4964 330 5012 rent
360 4956 480 5010 sine
509 4954 613 5007 ulla
644 4950 1001 5019 necessitate,
1030 4954 1279 5019 siquidem
1308 4953 1359 5005 in
1405 4959 1583 5022 aperto
1610 4950 1813 5022 sacri/i-

195 5026 395 5083 cabant
414 5068 426 5090 ,
452 5035 509 5081 ut
538 5026 651 5093 ipse
676 5023 751 5081 ait
783 5025 901 5080 Div.
922 5023 1159 5080 Institut.
1192 5024 1287 5080 lib.
1318 5038 1378 5085 It,
1402 5037 1521 5087 cap.
1544 5021 1598 5093 2.
1624 5021 1810 5091 Neque

193 5115 271 5154 ex
316 5092 919 5167 supradicrtisgauctoris
950 5097 1119 5151 nostri
1151 5095 1331 5167 verbis
1357 5092 1684 5167 concludere
1709 5093 1809 5148 de-

194 5170 321 5227 buit
352 5164 590 5222 Galla-us
612 5208 626 5232 ,
660 5165 923 5222 Lactantii
953 5183 1091 5231 aavo.
1124 5167 1176 5221 in
1205 5164 1640 5220 Christianorum
1671 5179 1808 5221 con-

193 5240 492 5297 venticulis
533 5248 638 5293 non
673 5237 972 5293 obtinuisse
1003 5244 1207 5294 morem
1241 5238 1394 5290 illum
1436 5235 1692 5292 candelas
1719 5251 1811 5293 ao-

192 5310 508 5373 eendendi;
538 5308 802 5380 siquidem
848 5309 1042 5379 priscis
1069 5306 1390 5365 Christianis
1430 5323 1656 5380 necesse
1692 5317 1811 5364 erat

192 5384 281 5439 uti
321 5380 561 5437 lucernis
591 5379 646 5435 et
687 5380 1055 5449 lampadibus,
1088 5394 1209 5433 cuin
1240 5379 1632 5448 persecutionis
1662 5388 1809 5437 metu

192 5465 334 5510 ante
366 5453 544 5506 lucem
587 5462 886 5507 conventus
921 5460 1184 5520 agerent,
1210 5459 1265 5505 et
1294 5452 1579 5521 inicryptis
1602 5450 1810 5505 sacriﬁ-

191 5531 419 5580 carent.
462 5521 646 5592 Itaque
692 5522 891 5576 lumina
921 5524 990 5575 ibi
1028 5531 1182 5577 erant
1219 5520 1448 5577 Omnino
1474 5523 1803 5592 Antecessaria.

191 5590 831 5652 Celeberrimasﬂallize
863 5592 1025 5648 urbes
1068 5594 1196 5648 olim
1246 5590 1560 5654 Instrando,
1596 5590 1703 5646 vidi
1754 5592 1805 5646 in

193 5666 445 5724 ecclesia
492 5662 548 5718 S.
583 5664 724 5718 Petri
756 5663 903 5719 urbis
946 5662 1356 5731 Andecavorum
1382 5704 1396 5727 ,
1434 5677 1529 5717 seu
1558 5662 1809 5731 Andcga-

194 5752 402 5793 verum
434 5735 662 5803 (Gallice
704 5732 942 5806 Angers),
978 5735 1378 5806 antiquissimas
1405 5740 1622 5806 cryptae
1650 5733 1806 5806 duas,

195 5813 263 5866 in
287 5822 516 5879 quarunt
545 5822 686 5879 una,
718 5804 923 5861 scilicet
964 5806 1158 5879 subtus
1177 5804 1400 5879 chorum
1422 5842 1438 5869 ,
1482 5804 1679 5879 fornici
1706 5805 1804 5879 _in-

197 5874 509 5938 fixi'adhuc
528 5877 889 5947 suspiciuntur
913 5877 1035 5935 unci
1050 5876 1204 5935 multi
1224 5918 1237 5947 ,
1255 5878 1523 5947 etiamque
1550 5874 1804 5955 trochlete

1905 2187 2119 2261 plures,
2159 2185 2354 2261 quibus
2397 2184 2675 2261 lampades
2705 2186 2815 2261 δεδι
2859 2187 3006 2261 cerei
3049 2187 3506 2261 appendebantur.

1904 2255 2043 2331 Huic
2061 2255 2412 2331 usui—assueta
2441 2255 2681 2331 Ecclesia
2704 2256 2946 2331 illumieo
2974 2255 3226 2315 llbeiiilus
3254 2262 3472 2317 retinuit
3493 2303 3514 2331 ,,

1905 2329 2048 2404 quod
2066 2330 2259 2404 lumen
2289 2328 2653 2404 necessarium
2681 2339 2830 2404 esset
2858 2330 2911 2384 in
2941 2333 3108 2385 sacris
3127 2333 3362 2397 aedibus,
3385 2328 3509 2404 quae

1905 2399 2108 2459 sedatis
2172 2399 2640 2470 persecutionihus
2698 2399 2914 2456 fuerunt
2976 2413 3297 2459 constructae
3354 2399 3510 2463 valde

1908 2473 2154 2543 obscurae
2175 2488 2188 2537 ;
2211 2484 2264 2527 et
2289 2472 2582 2543 etiamnum
2610 2470 2744 2526 tales
2771 2482 2955 2528 extant
2981 2474 3160 2541 plures
3179 2517 3193 2543 ,
3219 2476 3357 2529 inter
3377 2492 3510 2543 quas

1908 2550 2037 2599 sunt
2080 2540 2479 2615 Bituriceusis,
2513 2540 2895 2611 Carnutensis,
2940 2552 2997 2598 et
3039 2540 3233 2600 Sancta
3292 2540 3509 2615 Capella

1907 2614 2264 2682 Parisieusls,
2293 2608 2346 2668 in
2377 2614 2570 2684 quibus
2601 2628 2860 2670 accensos
2882 2608 3004 2670 'vidi
3038 2629 3227 2671 cereos
3256 2608 3509 2674 necessa-

1905 2688 2017 2743 rios
2046 2688 2111 2742 nil
2138 2685 2460 2743 contundam
2496 2686 2546 2740 in
2579 2686 2729 2741 libris
2750 2686 3049 2742 solemnem
3081 2687 3299 2743 missam
3323 2698 3378 2744 et
3396 2705 3510 2746 sex-

1906 2767 2014 2817 tam
2032 2758 2227 2817 hyeme
2245 2757 2375 2813 hora
2395 2757 2601 2812 decima
2625 2758 2907 2815 matutina:
2924 2773 3139 2815 necnon
3157 2760 3399 2815 ecclesiae
3416 2777 3510 2817 or-

1904 2828 2044 2885 dinis
2065 2827 2460 2902 Cistercieusis,
2481 2827 2746 2902 inquibus
2761 2830 2978 2902 ponitur
2994 2846 3059 2902 ex
3076 2830 3192 2902 ejus
3214 2830 3509 2899 ordinario,

1903 2914 2000 2957 seu
2013 2899 2375 2957 caeremoniall
2391 2898 2551 2954 ms.in
2569 2898 3246 2957 abbatiaVallium-Sa'rnaii
3260 2898 3515 2960 dimcesis

1907 2973 2225 3029 Parisieusis
2250 2981 2554 3032 asset-vate.
2588 2971 2766 3027 lumen
2808 2973 2860 3027 in
2889 2973 3154 3028 absdonsa
3184 2988 3473 3029 accensum
3496 3015 3511 3041 ,

1906 3043 2172 3105 sacerdoti
2215 3045 2434 3100 missam
2497 3052 2618 3113 post
2662 3044 2873 3099 tertiam
2916 3045 3209 3099 celebranti
3263 3062 3513 3102 necessa-

1908 3116 2047 3172 rium
2083 3116 2151 3171 ad
2191 3113 2496 3182 legendum.
2534 3113 2600 3167 Et
2628 3114 2768 3182 quod
2816 3116 2943 3170 olim
2993 3114 3087 3169 fuit
3117 3115 3380 3170 absoluta:
3412 3136 3508 3172 uo-

1908 3131 2047 3172 rtum
2083 3131 2151 3171 au
2192 3131 2239 3170 te
2279 3131 2496 3169 enuum.
2534 3131 2600 3167 bl
2628 3131 2768 3182 qttou
2816 3131 2943 3170 eum
2993 3131 3087 3169 iuit
3117 3131 3380 3170 absoluta:
3412 3136 3508 3172 uo-

1906 3188 2210 3253 cessltatis,
2242 3131 2510 3254 iiodieqne
2530 3192 2613 3239 est
2639 3184 2689 3239 iu
2721 3184 2992 3240 nonnullis
3028 3186 3308 3249 ecclesiis,
3363 3190 3419 3242 fit
3457 3188 3510 3243 in

1907 3258 2029 3315 aliis
2067 3258 2364 3328 majestatis
2390 3271 2550 3328 causa
2579 3297 2590 3316 .
2621 3256 2688 3310 ad
2724 3257 2903 3328 gaudii
2941 3257 3388 3328 significationem
3414 3300 3428 3325 ,
3456 3270 3513 3315 et

1907 3329 1974 3385 ad
2008 3327 2253 3402 lzetitiain
2287 3327 2726 3402 testatitlatii,__u_t
2771 3327 3109 3402 demonstrat
3145 3327 3510 3402 Hieronymus

1908 3403 2165 3457 adversus
2202 3399 2562 3470 Vigilantiuttt.
2606 3396 2739 3452 Vide
2776 3398 3128 3452 Athanasium
3163 3399 3212 3451 iu
3246 3396 3403 3468 epist.
3442 3400 3511 3456 ad

1908 3469 2287 3543 Orthodoxqs;
2317 3470 2513 3543 Euseb.
2543 3469 2635 3543 lib.
2669 3484 2719 3522 rt
2760 3470 2963 3525 Ilistor.
2999 3484 3121 3543 cap:
3163 3470 3254 3543 53;
3288 3473 3344 3525 S.
3378 3470 3511 3543 Ειιίο

1913 3544 2073 3613 phan.
2108 3543 2173 3597 ad
2198 3541 2361 3613 Joan.
2393 3540 2974 3613 llierusolymaepisca
3006 3540 3061 3593 Ξ.
3092 3540 3303 3595 Paulin.
3336 3540 3504 3598 carm.

1909 3611 1963 3668 in
1995 3614 2167 3668 Natali
2198 3616 2232 3669 ὅ
2260 3623 2315 3667 et
2339 3612 2372 3666 6
2401 3612 2455 3666 S.
2490 3611 2721 3674 Felicis;
2751 3612 2808 3667 ὃ.
2842 3613 3196 3681 Augustinum
3223 3614 3274 3666 in
3303 3614 3507 3677 Serm.,

1908 3685 1978 3741 de
1998 3685 2264 3756 Tempore
2284 3722 2298 3750 ,
2330 3682 2437 3756 2Ιὸ
2456 3700 2483 3756 ;A
2501 3682 2837 3756 'l‘beodoret.
2860 3685 2910 3736 in
2935 3682 3167 3737 Historia
3196 3694 3509 3739 sanctorum

1909 3753 2162 3823 Patrum,
2185 3771 2306 3824 cap.
2330 3755 2395 3810 21
2427 3796 2440 3818 ,
2473 3754 2523 3808 in
2548 3753 2785 3818 Jucobo;
2821 3755 3230 3820 Bellnrminum,
3266 3756 3357 3809 lib.
3383 3756 3512 3811 It'tle

1910 3827 2170 3898 Reliquiis
2196 3837 2507 3881 sanctorum
2534 3862 2548 3892 ,
2572 3837 2630 3898 'e.
2656 3826 2770 3898 fret
2790 3824 2867 3898 47;,
2892 3840 2956 3880 ac
2984 3825 3297 3898 Ba_ronium,
3332 3836 3461 3898 tum.
3498 3844 3511 3881 ι

1910 3894 2106 3955 Annal.
2136 3899 2203 3953 ad
2233 3912 2432 3952 annum
2461 3896 2669 3969 Domini
2703 3894 2792 3951 58.
2832 3897 2908 3951 Ex
2945 3898 3002 3950 S.
3040 3895 3257 3951 Iustino
3299 3894 3506 3969 Dialog.

1910 3984 2033 4025 cum
2065 3969 2356 4041 Tryphone
2376 3969 2585 4041 Juduio,
2610 3968 2846 4041 lucorum
2864 3970 2912 4023 in
2928 3969 3145 4041 liturgia
3160 3966 3477 4041 _apudgchri
3491 3996 3513 4011 -

1909 4042 2116 4097 stiauos
2140 4038 2380 4096 aecensae
2408 4040 2573 4095 fuisse
2610 4040 2878 4094 videntur.
2918 4038 3045 4092 Ηιεσ
3078 4038 3314 4097 ,1.-Β.ι.ε
3340 4039 3507 4096 Βιιυιι.

1991 4113 2331 4187 Cognoscant.
2370 4113 2560 4187 lleum:
2584 4111 2734 4187 degit.
2761 4121 3149 4187 faguascerent.

1980 4169 2103 4240 1am
2121 4187 2353 4239 sentient.
2379 4184 2499 4239 Mss.
2526 4183 2561 4238 ὅ
2584 4169 2737 4251 Reg”
2758 4180 2794 4236 2
2812 4169 2967 4237 Coll).
2986 4191 3041 4235 et
3059 4184 3118 4236 11
3144 4180 3253 4243 ed..
3271 4183 3509 4236 sentiant.

1987 4258 2150 4322 Quam
2169 4270 2271 4312 non
2295 4257 2540 4327 indigeat.
2563 4253 2641 4308 Ita
2653 4268 2848 4327 omnes
2862 4256 3359 4327 proneqnssuiiiter
3379 4268 3514 4327 quos

1911 4320 2038 4383 sunt
2062 4330 2265 4384 Bonon.
2289 4343 2353 4383 ac
2376 4320 2506 4397 [ἷξε.
2533 4334 2587 4380 et
2603 4324 2689 4397 ed.
2719 4336 2827 4397 vel.
2860 4324 3044 4397 Horn,
3063 4320 3463 4397 ls_.,_Cellar.vln
3486 4324 3509 4378 1

1913 4401 2046 4469 Reg.
2080 4415 2191 4455 rec.
2237 4400 2426 4467 legitur
2448 4390 2604 4468 quia;
2627 4395 2679 4449 in
2707 4394 2897 4460 ϐίαια,
2942 4390 3069 4448 Jun.
3108 4395 3133 4446 1
3160 4393 3293 4467 Reg.
3319 4411 3429 4450 rec.
3461 4404 3516 4451 et

1837 4493 1892 4553 Ι)
1921 4472 2207 4553 13_editis,
2240 4471 2393 4540 quod.

1998 4542 2125 4596 Tam
2151 4531 2368 4618 claram,
2393 4551 2496 4618 tam
2514 4537 2787 4618 candidam
2805 4531 2994 4593 lucem.
3020 4535 3328 4618 Simplicius
3349 4537 3399 4591 in
3418 4536 3509 4592 cit.

1921 4615 2043 4670 loco
2068 4612 2345 4683 Epitomes
2375 4609 2532 4665 solent
2564 4606 2720 4683 dixit.
2751 4608 2924 4683 Docte
2944 4624 3069 4662 vero
3097 4606 3185 4683 hic
3214 4620 3369 4683 Vocat
3389 4625 3512 4660 ran-

1914 4686 2092 4740 didam
2118 4678 2318 4747 'tucem,
2364 4680 2614 4749 exemplo
2656 4678 2856 4747 Ennii,
2885 4678 3203 4748 Ciceronis,
3256 4679 3508 4734 aliorum.

1915 4759 2122 4815 Ennius
2151 4756 2203 4811 in
2233 4753 2347 4810 Cic.
2384 4754 2477 4808 lib.
2508 4769 2545 4820 ι,
2576 4751 2774 4817 Divin.,
2802 4766 2851 4808 c.
2882 4752 2952 4806 48
2986 4768 2999 4807 :

2037 4852 2166 4905 Exin
2189 4847 2406 4903 candida
2428 4861 2485 4899 se
2511 4847 2660 4898 radiis
2682 4846 2820 4897 dedit
2848 4846 2945 4896 icta
2966 4844 3099 4897 foras
3123 4842 3228 4899 lux.
3312 4900 3317 4904 ,

1912 4938 2028 4997 Cic.
2056 4940 2094 4995 l.
2122 4954 2183 5006 ιι,
2225 4937 2293 4993 de
2321 4935 2442 4993 Nat.
2472 4934 2625 4995 deor.
2658 4949 2710 4991 e.
2744 4933 2813 4990 15
2848 4950 2860 4987 :
2893 4932 3016 4987 solis
3041 4930 3244 5056 cauda:J
3249 4929 3506 5055 1illustrat.

3214 5017 3301 5057 UN.

1988 5083 2157 5151 Quam
2196 5079 2412 5137 [mutaui
2450 5077 2657 5151 capitis.
2691 5074 2994 5131 Heraclitus
3018 5070 3187 5129 solem
3225 5071 3510 5131 latitudine

1914 5150 2090 5225 pedali
2110 5168 2236 5225 esse
2266 5150 2758 5225 dixitiEpicurus‘
2794 5156 2999 5225 tantum
3020 5186 3035 5211 ,
3078 5154 3311 5225 quantus
3338 5159 3505 5225 appa-

1911 5216 1991 5281 ret
2016 5267 2030 5290 ,
2063 5236 2119 5281 ut
2152 5224 2291 5279 Plut.
2329 5224 2381 5279 in
2412 5216 2643 5290 Placitis
2673 5220 2860 5290 refert.
2891 5216 3210 5290 Lacruhoc
3237 5216 3506 5290 posterius

1910 5287 2072 5352 etiam
2105 5295 2171 5349 ad
2198 5293 2531 5349 Heraclitum
2560 5289 2746 5346 refert.
2781 5287 2978 5344 Contra
3004 5287 3290 5357 Epicurum
3318 5287 3505 5353 diSpn-

1912 5377 1988 5423 tat
2014 5365 2333 5422 Cleomedes
2363 5364 2454 5420 lib.
2487 5379 2544 5421 tt.
2576 5361 2843 5417 Caeterum
2874 5359 2941 5414 de
2971 5360 3102 5413 auiis
3135 5358 3503 5428 nraguitudinc

1912 5440 2031 5511 lege
2056 5438 2195 5511 Plin.
2227 5437 2320 5491 lib.
2352 5450 2576 5511 ltihcap.
2625 5432 2687 5488 11
2712 5430 2996 5511 temerati.
3026 5428 3119 5484 lib.
3152 5445 3201 5495 ι,
3230 5427 3500 5511 de_§oni-

1910 5499 2001 5566 nio
2029 5509 2202 5577 δαίμ..
2250 5522 2372 5575 cap.
2398 5506 2500 5572 ‘20;
2529 5499 2709 5577 ipsum
2742 5502 2882 5577 Ptgl.
2916 5500 3009 5556 lib.
3039 5515 3107 5564 ν,
3152 5515 3270 5571 cap.
3301 5499 3404 5564 16,
3433 5501 3503 5556 de

1910 5581 2096 5652 Magna
2122 5572 2457 5652 Censtruct.;
2490 5584 2544 5633 et
2559 5572 2769 5631 ibidem
2801 5572 3113 5641 Theoncm,
3144 5582 3306 5643 atque
3344 5587 3498 5627 eum-

1910 5651 2032 5709 dent
2068 5665 2253 5706 rursus
2284 5651 2337 5704 in
2368 5651 2553 5703 Arato.

1985 5722 2109 5779 Non
2138 5730 2284 5791 queat
2315 5719 2564 5776 contueri.
2596 5718 2693 5775 Ms.
2724 5716 2890 5773 Toru.
2926 5715 3206 5771 nouvaleat
3231 5717 3496 5780 contueri;

1909 5796 1946 5853 2
1972 5790 2234 5857 Οιειιοιιι..
2260 5809 2365 5859 non,
2385 5800 2534 5861 queat
2556 5790 2762 5845 intueri.

1986 5868 2302 5936 Tantumque
2351 5858 2562 5920 istarum
2609 5877 2799 5919 rerum.
2831 5858 2892 5923 Id
2918 5869 3023 5932 est,
3051 5870 3249 5921 tantum
3270 5863 3495 5937 fulgoris
