4090 6354
179 266 274 322 Ml

1345 243 1548 304 LIBER
1586 240 1675 299 Vl.
1721 234 1811 297 DE
1850 229 2038 295 VERO
2075 230 2324 293 CULTU.

3374 217 3482 276 642

177 382 349 438 solent
376 377 443 433 ad
475 373 794 448 probitatem
825 376 973 427 recte
1002 367 1155 430 dare,
1200 364 1376 436 ignota
1421 361 1528 417 illis
1567 372 1759 430 super-
1788 357 1837 417 Α
1867 347 2188 448 quibusdam
2233 341 2603 448 delinimentis
2646 334 2982 448 naturalibus
3021 333 3228 439 illicere
3267 333 3477 448 animos

178 486 464 538 strucmus,
511 468 577 524 ad
609 465 989 540 perficiendam
1021 455 1608 526 consummandamque
1653 453 1774 524 jus-

178 568 368 630 titiam,
390 579 549 637 quam
597 576 704 618 non
737 566 941 616 tenent.
973 555 1052 611 Ea
1079 569 1228 617 vero,
1253 567 1372 621 quae
1398 557 1624 620 possunt
1650 561 1772 601 cum

179 661 287 720 illis
311 673 429 716 esse
459 655 764 714 communia
790 696 805 720 ,
837 649 1246 723 prtetermittam
1271 661 1284 711 ;
1336 659 1402 698 ne
1451 641 1581 715 quid
1613 640 1682 694 ab
1711 639 1776 693 iis

181 754 360 812 videar
409 751 681 817 mutuari,
733 762 964 819 quorum
1010 757 1224 801 errores
1271 752 1568 810 coarguere
1612 743 1777 805 atque

182 849 388 921 aperire
416 843 777 903 decreverim.

814 953 1044 1010 CAPUT
1083 950 1174 1007 lll.

187 1077 263 1132 De
287 1076 406 1144 uiis,
441 1082 485 1130 et
511 1073 574 1129 de
601 1070 732 1127 vitiis
759 1079 807 1124 et
837 1067 1138 1131 virtutibus;
1159 1079 1220 1118 ac
1250 1065 1313 1118 de
1348 1062 1456 1116 coeli
1486 1058 1710 1130 ρι’ωηιὲἱε
1731 1064 1780 1111 et

711 1166 1030 1236 infernarum
1061 1161 1242 1232 poenis.

260 1306 384 1361 Diue
428 1311 554 1360 sunt
597 1301 696 1358 vite
727 1300 1099 1371 (Constantine
1145 1294 1458 1367 imperator)
1511 1308 1604 1364 per
1647 1306 1780 1364 quas

192 1400 475 1454 humanam
521 1397 684 1450 vitam
731 1391 976 1463 progredi
1012 1405 1234 1445 necesse
1259 1397 1343 1443 est
1373 1406 1384 1442 :
1415 1402 1542 1450 una,
1576 1400 1697 1456 quae
1727 1385 1780 1439 in

187 1491 380 1548 caelum
413 1488 580 1552 ferat;
611 1487 810 1550 altera,
835 1498 954 1554 quae
980 1482 1047 1537 ad
1090 1481 1292 1536 inferos
1321 1478 1619 1550 deprimat;
1650 1490 1783 1546 quas

189 1593 435 1654 etpoettc
474 1582 525 1635 in
557 1576 908 1640 carminibus,
938 1584 993 1630 et
1025 1571 1328 1645 philosophi
1373 1572 1424 1626 in
1465 1568 1784 1641 disputatio-

190 1676 346 1732 nibus
371 1673 484 1728 suis
514 1671 862 1727 induxerunt.
894 1668 959 1722 Et
979 1665 1194 1737 quidem
1223 1663 1527 1736 phi1050pbi
1558 1665 1782 1718 alteram

188 1769 440 1823 virtutum
468 1779 590 1821 esse
621 1762 926 1827 voluerunt,
957 1759 1183 1815 alteram
1214 1758 1468 1813 vitiorum
1510 1774 1525 1812 :
1558 1771 1785 1828 eamque
1813 1757 1862 1818 B

187 1877 308 1933 quae
353 1861 423 1914 sit
464 1857 735 1928 assignata
792 1852 1100 1919 virtutibus,
1143 1852 1318 1922 primo
1370 1849 1515 1906 aditu
1565 1865 1684 1906 esse
1735 1860 1788 1906 et

190 1955 434 2016 arduam,
467 1961 523 2009 et
549 1949 962 2020 confragosam;
995 1947 1046 2001 in
1088 1961 1190 2018 qua
1222 1945 1267 2000 si
1301 1944 1445 2016 quis,
1475 1943 1788 2002 difficultate

192 2056 456 2119 superata,
491 2046 545 2101 in
571 2057 842 2100 summum
871 2040 990 2111 ejus
1035 2041 1289 2109 evaserit,
1318 2039 1517 2096 habere
1556 2056 1678 2096 eum
1720 2040 1789 2096 de

192 2151 388 2199 cetero
415 2140 631 2211 planum
675 2138 798 2204 iter,
827 2137 1062 2195 lucidum
1110 2149 1489 2206 amtenumque
1514 2150 1786 2206 campum,

197 2243 252 2292 et
276 2248 469 2291 omnes
502 2231 746 2288 laborum
776 2245 994 2287 suorum
1021 2245 1216 2300 capere
1255 2229 1457 2284 fructus
1488 2228 1679 2285 uberes
1706 2238 1788 2284 at-

193 2344 296 2401 que
332 2326 620 2398 iucundos.
651 2325 801 2393 Quos
846 2333 1024 2380 autem
1067 2322 1225 2394 primi
1276 2321 1454 2378 aditus
1498 2321 1789 2378 difficultas

194 2422 536 2487 deterruerit,
588 2434 682 2477 eos
730 2420 784 2476 in
827 2435 946 2476 eam
995 2417 1248 2473 vitiorum
1297 2418 1436 2473 viam
1487 2418 1591 2473 labi
1629 2427 1789 2489 atque

196 2516 502 2585 deﬂectere,
547 2531 667 2587 qute
714 2515 890 2586 primo
935 2513 1178 2583 ingressu
1234 2511 1305 2567 sit
1347 2511 1501 2584 quasi
1541 2527 1787 2591 amunia,

197 2612 475 2683 multoque
503 2610 698 2677 tritior,
729 2607 925 2666 deinde
957 2623 1080 2670 cum
1125 2619 1176 2668 in
1209 2623 1325 2664 eam
1368 2607 1527 2678 paulo
1567 2607 1792 2664 ulterius

196 2703 578 2776 processerint,
607 2703 935 2762 ammnitatis
961 2705 1097 2778 [ejus
1137 2705 1384 2776 speciem
1412 2713 1636 2776 repente
1669 2703 1796 2759 sub-

197 2796 318 2853 duci
353 2816 365 2850 :
399 2795 597 2851 exoriri
627 2804 804 2852 autem
837 2796 978 2852 viam
1004 2798 1356 2870 praecipitem,
1375 2813 1518 2854 nunc
1543 2798 1688 2854 saxis
1710 2813 1796 2853 as-

200 2903 406 2959 peram,
446 2902 588 2944 nunc
645 2887 934 2944 obductam
984 2891 1244 2956 sentibus,
1294 2905 1438 2946 nunc
1489 2891 1792 2961 gurgitibus

202 2981 533 3046 intercisum,
594 2980 680 3036 vel
725 2981 1056 3038 torrentibus
1092 2980 1370 3052 rapidam,
1421 2991 1481 3036 ιη
1525 2982 1792 3046 laborare,

202 3075 433 3139 Interere,
467 3073 599 3139 labi,
625 3073 820 3130 cadere
850 3074 923 3130 sit
950 3089 1188 3131 necesse.
1222 3074 1354 3142 Qua:
1375 3075 1554 3130 omnia
1581 3089 1647 3131 eo
1675 3090 1799 3145 pro-

1878 442 2178 506 hominum,
2209 448 2262 494 et
2288 437 2524 493 inanium
2552 431 2944 506 iucunditatem
2991 426 3171 503 specie
3196 435 3382 498 captos
3410 423 3480 480 ad

1877 534 2100 590 acerbas
2125 530 2514 588 amaritudines
2541 526 2896 597 miseriasque
2921 519 3480 595 perducere.Sapiens

1880 639 2102 697 prorsus
2127 622 2443 695 disputatio,
2468 621 2512 676 si
2544 620 2802 675 virtutum
2825 619 3059 688 ipsarum
3092 615 3294 672 formas
3320 621 3481 684 atque

1880 720 2142 777 terminos
2163 719 2388 774 scirent.
2414 716 2528 771 Non
2557 715 2702 771 enim
2729 712 3053 777 didicerant,
3086 711 3174 766 vel
3202 723 3322 780 quae
3349 708 3480 773 sint,

1881 814 1964 868 vel
1989 810 2116 883 quid
2145 826 2238 868 eas
2269 807 2538 865 mercedis
2570 822 2600 862 a
2641 807 2752 863 Deo
2781 815 3040 871 maneat;
3083 803 3226 875 quod
3261 815 3362 858 nos
3399 800 3482 858 his

1882 904 2093 960 duobus
2121 902 2274 958 libris
2299 900 2638 957 docebimus.

1956 997 2018 1052 lii
2064 1010 2218 1062 vero,
2249 994 2374 1066 quia
2399 992 2720 1065 ignorabant
2773 999 2868 1046 aut
2907 990 3227 1046 dubitabant
3272 988 3483 1044 animas

1884 1088 2162 1144 hominum
2190 1083 2528 1141 immortales
2548 1097 2702 1149 esse,
2732 1093 2785 1136 et
2812 1083 3067 1147 virtutes,
3098 1090 3154 1136 et
3176 1080 3334 1147 vitia,
3368 1087 3478 1135 ter-

1884 1181 2030 1238 renis
2053 1180 2354 1236 honoribus
2379 1186 2471 1234 aut
2499 1176 2674 1248 pinnis
2700 1177 3120 1233 aestimaverunt.
3145 1173 3334 1231 Omnis
3354 1188 3485 1246 ergo

1886 1273 2001 1331 lucc
2027 1274 2094 1330 de
2124 1273 2330 1328 duabus
2352 1270 2452 1326 viis
2472 1270 2788 1341 disputatio,
2813 1269 2880 1324 ad
2910 1268 3273 1341 frugalitatem
3305 1281 3368 1322 ac
3398 1266 3482 1321 lu-

1886 1368 2091 1423 xuriam
2117 1373 2344 1437 spectat.
2377 1364 2572 1419 Dicunt
2598 1366 2741 1418 enim
2771 1363 3021 1417 humanae
3041 1362 3168 1416 vitae
3198 1373 3417 1415 cursum
3440 1357 3484 1412 Y

1888 1461 2082 1517 littera:
2110 1475 2230 1515 esse
2275 1457 2531 1521 similem,
2580 1455 2722 1527 quod
2774 1454 3143 1525 unusquisque
3179 1452 3480 1519 hominum,

1887 1570 2009 1610 cum
2039 1554 2226 1623 primae
2264 1551 2648 1608 adolescentiae
2674 1550 2839 1606 limen
2883 1547 3144 1619 attigerit,
3178 1555 3234 1603 et
3262 1545 3317 1602 in
3360 1559 3484 1604 eum

1889 1648 2066 1703 locum
2104 1647 2334 1711 venerit,
2382 1700 2393 1711 ,

1984 1745 1994 1756 ’
2075 1761 2250 1812 Partes
2272 1760 2354 1810 ubi
2377 1772 2434 1810 se
2454 1760 2532 1808 via
2555 1757 2693 1808 findit
2712 1759 2760 1808 in
2781 1757 2976 1815 ambas,

1891 1869 2091 1924 luerent
2141 1866 2517 1931 nutabundus,
2545 1880 2609 1922 ac
2635 1865 2842 1920 nesciat
2869 1864 2921 1918 in
2971 1876 3132 1933 quam
3179 1875 3240 1917 se
3282 1867 3490 1931 partem

1893 1964 2070 2034 potius
2108 1962 2359 2018 inclinet.
2410 1959 2468 2017 Si
2510 1959 2701 2016 ducem
2747 1969 2935 2014 nactus
2958 1957 3140 2022 fuerit,
3170 1957 3260 2026 qui
3300 1955 3495 2027 dirigat

1892 2057 1960 2111 ad
1992 2055 2214 2112 meliora
2246 2055 2597 2121 titubantem,
2624 2054 2726 2110 hoc
2753 2064 2870 2121 est,
2903 2055 2945 2108 si
2978 2061 3068 2108 aut
3100 2050 3493 2123 philosophiam

1893 2150 2178 2215 didicerit,
2246 2157 2338 2204 aut
2390 2148 2792 2220 eloquentiam,
2853 2155 2946 2202 aut
3001 2145 3203 2217 aliquid
3254 2145 3498 2201 honestat

1895 2246 2064 2313 artis,
2093 2259 2201 2315 quo
2232 2243 2426 2300 evadat
2461 2243 2527 2297 ad
2562 2241 2761 2298 bonam
2792 2241 3033 2312 frugem,
3060 2239 3208 2312 quod
3237 2240 3350 2296 fieri
3380 2238 3500 2295 sine

1895 2336 2082 2392 labore
2132 2336 2368 2390 maximo
2416 2351 2521 2389 non
2567 2342 2764 2405 potest,
2796 2333 3078 2389 honestam
3125 2346 3188 2388 ac
3217 2332 3498 2402 copiosam

1897 2431 2058 2485 vitam
2088 2429 2362 2500 disputant
2385 2437 2747 2499 peraeturum.
2774 2427 2830 2483 Si
2859 2442 2988 2484 vero
3015 2425 3291 2482 doctorem
3320 2425 3501 2496 fruga-

1896 2521 2062 2577 litatis
2089 2537 2195 2592 non
2219 2521 2507 2588 invenerit,
2537 2523 2590 2576 in
2619 2521 2887 2575 sinistram
2917 2519 3078 2584 viam,
3110 2533 3231 2590 qua:
3261 2517 3501 2574 melioris

1899 2613 2134 2684 speciem
2164 2614 2478 2679 mentiatur,
2510 2613 2771 2678 incidere,
2793 2612 2843 2667 id
2865 2623 2972 2678 est,
2997 2610 3240 2678 desidiae,
3269 2610 3499 2678 inertiae,

1899 2709 2124 2764 luxuriae
2175 2724 2234 2764 se
2293 2707 2540 2773 tradere;
2587 2723 2708 2778 quae
2759 2707 2941 2762 suavia
2987 2704 3204 2777 quidem
3252 2705 3504 2760 videntur

1898 2801 1965 2857 ad
1994 2809 2205 2872 tempus
2236 2815 2362 2855 vera
2395 2799 2532 2855 bona
2581 2799 2869 2868 ignoranti,
2899 2805 3022 2869 post
3047 2805 3252 2864 autem,
3302 2795 3503 2852 amissa

1901 2894 2046 2948 omni
2085 2892 2344 2964 dignitate
2375 2907 2437 2947 ac
2479 2907 2538 2947 re
2567 2890 2849 2956 familiari,
2881 2891 2933 2946 itt
2973 2889 3225 2946 omnibus
3270 2887 3505 2944 miseriis

1901 2984 2299 3058 ignominiaque
2339 2984 2629 3039 victurum.
2665 2983 2747 3039 Ad
2777 2998 2976 3054 corpus
3003 2997 3153 3053 ergo,
3187 2991 3241 3037 et
3266 2979 3333 3036 ad
3363 2979 3502 3035 hanc

1901 3079 2066 3133 vitam
2089 3120 2103 3144 ,
2138 3091 2298 3147 quam
2331 3077 2384 3131 in
2416 3085 2557 3132 terra
2587 3075 2866 3142 ducimus,
2906 3077 3042 3130 lines
3068 3089 3252 3130 earum
3286 3073 3499 3128 viarum

203 3169 470 3234 feruntur,
495 3176 554 3222 ut
574 3178 831 3239 appareat
872 3167 926 3222 in
955 3167 1242 3224 virtutibus
1270 3167 1545 3238 capiendis
1583 3143 1798 3224 labores
1825 3143 1870 3208 (ἶ
1905 3143 2224 3229 retulerunt.
2258 3171 2437 3228 Poeta:
2479 3172 2709 3226 fortasse
2760 3169 2973 3237 melius,
3027 3169 3117 3240 qui
3163 3167 3267 3224 hoc
3309 3167 3510 3224 bivium

203 3278 322 3320 esse
353 3259 640 3326 maximos,
687 3260 741 3316 in
771 3261 1045 3332 perceptis
1069 3272 1246 3319 autem
1274 3262 1539 3319 maximos
1566 3261 1794 3330 fructus,

203 3366 259 3413 et
296 3355 500 3413 solidas
526 3364 688 3427 atque
729 3357 1070 3426 ineorruptas
1123 3356 1465 3428 voluptates:
1496 3357 1620 3412 vitia
1671 3372 1799 3414 vero

1902 3265 2041 3337 apud
2088 3265 2290 3320 inferos
2333 3279 2455 3320 esse
2487 3264 2793 3319 voluerunt.
2841 3261 2950 3318 Sed
2991 3262 3043 3316 in
3099 3276 3167 3316 eo
3224 3259 3508 3326 falluntttr,

1903 3358 2046 3429 quod
2088 3373 2181 3414 eas
2211 3357 2326 3413 vias
2379 3357 2608 3412 mortuis
2651 3365 3074 3427 proposuerunt.
3105 3353 3336 3426 Utrique
3382 3367 3512 3425 ergo

1573 3492 1938 3554 VARIORUM
1975 3490 2208 3550 NOTAE.

274 3640 436 3696 Recte
462 3639 602 3693 dare.
638 3638 727 3696 Sic
755 3637 1040 3696 emendavi
1064 3651 1129 3692 ex
1162 3634 1414 3692 omnibus
1441 3650 1572 3690 mss.
1604 3650 1666 3691 ac
1692 3647 1800 3692 vet.

206 3712 333 3764 edit.
371 3710 529 3765 Rom.
559 3720 613 3765 et
638 3711 816 3766 Betui.
852 3711 917 3766 Et
947 3711 1025 3765 sic
1054 3706 1358 3779 legendum,
1390 3723 1501 3777 qua:
1531 3706 1628 3779 [illi
1661 3709 1808 3763 scili-

205 3782 328 3908 cetb
345 3783 511 3837 solent
540 3782 608 3835 ad
639 3785 936 3849 probitatem
966 3789 1095 3836 recte
1125 3781 1268 3833 dare.
1298 3779 1446 3835 Edit.
1479 3780 1567 3846 15,
1593 3780 1728 3832 dari.

334 3869 416 3908 uae
450 3863 568 3908 sunt
595 3855 703 3908 vice.
735 3854 859 3908 Post
891 3853 1005 3908 lucc
1034 3851 1192 3905 verba
1225 3850 1278 3904 in
1310 3851 1490 3905 multis
1514 3865 1643 3904 mss.
1670 3849 1728 3904 Cc

334 3869 416 3908 uae
450 3863 568 3908 sunt
595 3855 703 3908 vice.
735 3854 859 3908 Post
891 3853 1005 3908 lucc
1034 3851 1192 3905 verba
1225 3850 1278 3904 in
1310 3851 1490 3905 multis
1514 3865 1643 3904 mss.
1670 3849 1809 3904 Cou-

205 3928 434 3981 stuntine
481 3926 758 3995 imperator
808 3925 928 3979 addi
977 3922 1169 3978 asserit
1220 3922 1469 3995 Gallwus,
1523 3921 1811 3995 additaque

207 3998 372 4052 etiam
430 3992 603 4063 reperi
648 3997 699 4050 in
751 4013 856 4051 uno
907 3996 1036 4064 Reg.
1073 3995 1394 4057 veterrima,
1426 3994 1478 4047 in
1531 3992 1637 4046 alio
1681 3994 1808 4047 item

208 4069 400 4139 Regio,
449 4068 636 4139 Marm_.
686 4077 739 4123 ct
785 4068 836 4121 in
893 4066 1049 4139 editis
1087 4081 1202 4139 sex.
1249 4064 1454 4139 Desunt
1494 4065 1543 4118 in
1572 4064 1810 4139 2__Bon.,

209 4141 242 4192 7
273 4136 477 4208 Regiis,
507 4140 540 4193 6
585 4137 735 4194 Coll).
761 4182 774 4204 ,
804 4140 835 4194 5
867 4137 1292 4203 Oxoniensibus,
1334 4136 1561 4206 aliisque
1595 4136 1659 4190 18
1702 4151 1812 4191 rec.

210 4211 264 4266 in
294 4209 458 4265 editis
488 4210 522 4263 5
554 4221 658 4265 vet.
686 4210 844 4264 Rom.
871 4218 924 4264 et
951 4209 983 4264 9
1008 4208 1147 4262 aliis.

288 4281 432 4346 Quas
463 4291 506 4334 et
532 4291 712 4351 poetae.
745 4281 1031 4336 Hesiodus.
1063 4280 1113 4334 itt
1141 4277 1315 4350 Ergis.

285 4351 356 4406 Et
385 4349 697 4421 philosophi.
733 4351 1066 4419 chOphon,
1102 4351 1186 4404 vel
1222 4349 1360 4419 apud
1394 4349 1814 4420 Xenophontem

213 4426 267 4496 in
316 4424 458 4496 libro
487 4423 1027 4496 Ἀπομνημονευμάτων
1076 4437 1146 4486 il;
1179 4421 1430 4496 Socrates
1477 4437 1542 4476 ex
1592 4421 1818 4496 Prodico

215 4495 471 4550 Herculis
503 4473 1053 4550 tiarrr'atu'insotrnnium
1073 4473 1237 4563 quo
1263 4473 1438 4563 virtus
1469 4473 1542 4547 eti
1571 4473 1818 4563 voluptas
1844 4473 1896 4532 D

215 4567 292 4621 illi
322 4567 473 4632 visae,
531 4581 754 4637 quarum
790 4576 1014 4636 tttraque
1058 4561 1311 4637 juvenem
1337 4562 1403 4618 ad
1453 4564 1533 4637 sui
1579 4561 1817 4637 studium

215 4638 476 4708 pellicere
525 4632 716 4708 satagit
755 4657 766 4690 :
799 4632 1072 4707 quo’loco
1113 4636 1272 4708 citati
1298 4651 1339 4708 _a
1393 4635 1546 4708 nobis
1601 4632 1820 4708 ljcsiodi

219 4704 418 4764 versus
469 4704 954 4775 referuhturﬁQna
995 4709 1062 4763 de
1111 4723 1170 4762 re
1226 4705 1347 4760 vide
1402 4704 1560 4759 etiam
1611 4704 1822 4760 Philos-

217 4789 426 4835 tratum
464 4780 514 4832 in
559 4781 807 4845 Prodico,
843 4789 897 4835 et
922 4779 1236 4834 Ciceronem
1265 4777 1576 4832 Officiorum
1609 4776 1822 4847 primo;

217 4862 273 4908 et
302 4851 445 4922 apud
488 4851 764 4907 Platonem
792 4854 842 4905 in
886 4851 1176 4917 Protagora
1209 4851 1322 4922 ipse
1371 4846 1628 4922 Prodicus
1667 4846 1826 4922 indu-

217 4919 386 4984 citur,
445 4922 513 4977 de
564 4922 666 4977 hoc
713 4922 920 4977 virtutis
966 4921 1103 4976 colle
1151 4920 1317 4973 verba
1367 4919 1590 4973 faciens.
1648 4920 1829 4987 Atque

221 4994 391 5064 hujus
448 5009 636 5048 rursus
689 4995 934 5050 meminit
990 4993 1130 5047 idem
1185 4991 1337 5045 Plato
1368 4991 1484 5064 ΔΙί-Ιι.
1528 4989 1593 5044 de
1635 4989 1825 5064 Legib.

219 5061 444 5136 quarto.
476 5065 586 5121 Nec
633 5064 913 5120 dissimilia
970 5074 1122 5131 sunt,
1177 5078 1293 5132 qua:
1345 5061 1517 5117 Cebes
1563 5061 1739 5126 nobis,
1774 5061 1828 5116 in

220 5152 324 5190 sua
347 5136 594 5201 depinxit
616 5137 816 5191 tabula.

257 5207 452 5336 d_Esse,
493 5217 539 5262 et
579 5208 806 5262 uirtutes.
842 5207 1001 5264 Deest
1026 5215 1074 5262 et
1114 5205 1165 5260 iu
1198 5206 1219 5258 l
1253 5204 1459 5260 Bonon.
1493 5203 1660 5276 antiq.
1710 5218 1772 5259 ac
1798 5204 1832 5261 5

302 5290 417 5333 ius.

221 5281 417 5337 editis.

305 5349 570 5406 Humana:
611 5351 724 5405 vita:
763 5367 965 5405 cursum
1011 5347 1054 5403 Υ
1087 5349 1266 5403 littera:
1306 5365 1414 5403 esse
1457 5349 1694 5403 similent.
1725 5347 1836 5403 Lit-

224 5433 365 5478 terae
389 5423 762 5494 Pythagorica:
812 5423 1054 5476 meminit
1082 5437 1147 5494 ex
1183 5420 1562 5494 ecclesiasticis
1609 5420 1840 5494 scripto-

227 5495 387 5549 ribus
436 5490 823 5565 llierbnymus,
858 5495 908 5546 in
958 5492 1180 5565 epistola
1214 5491 1444 5565 quadam
1493 5490 1560 5544 ad
1608 5491 1838 5565 Laetam,

227 5566 366 5620 item
395 5567 461 5620 ad
499 5561 922 5630 Pammachium,
955 5561 1020 5618 de
1047 5563 1190 5618 obitu
1223 5562 1490 5625 Paulinae;
1522 5570 1577 5616 et
1607 5561 1658 5616 in
1691 5578 1739 5616 c.
1774 5561 1842 5616 10

231 5637 611 5700 Ecclesiastis,
661 5637 803 5692 hunc
830 5636 1006 5690 locum
1060 5634 1260 5704 liquido
1287 5650 1409 5689 cum
1463 5634 1642 5703 elogio
1688 5636 1839 5688 citat.

231 5707 581 5765 Describitur
617 5709 686 5763 ab
719 5708 960 5764 Ausonio
993 5707 1075 5761 Itis
1102 5706 1383 5761 versiculis
1419 5723 1433 5759 :

374 5802 566 5854 Littera
591 5801 882 5865 Pythagorae
913 5800 1196 5853 discrimine
1221 5803 1360 5852 secta
1378 5798 1567 5852 bicorni

2033 3631 2272 3682 Humanze
2304 3631 2419 3681 vitae
2443 3632 2665 3694 Speciem
2690 3628 2929 3694 prtcferre
2955 3630 3169 3694 videtur.

2038 3695 2162 3744 Nam
2187 3695 2263 3743 via
2288 3693 2484 3743 virtutis
2502 3693 2733 3744 dextrum
2754 3694 2881 3756 petit
2900 3693 3049 3742 ardua
3071 3693 3266 3751 collem,

2038 3756 2399 3820 Difﬁcilemque
2413 3757 2595 3820 aditum
2612 3757 2818 3820 primum
2830 3756 3168 3820 spectantibus
3187 3756 3358 3805 oilert:

2039 3819 2150 3882 Sed,
2167 3821 2398 3882 requiem
2427 3818 2622 3882 praebet
2640 3818 2785 3882 fessis
2809 3818 2869 3867 in‘
2883 3818 3069 3882 vertice
3095 3831 3306 3867 summo.

2042 3881 2188 3932 Molle
2211 3878 2439 3931 ostentat
2465 3884 2559 3931 iter
2585 3884 2656 3930 via
2683 3881 2808 3931 lata:
2831 3881 2923 3930 sed
2946 3878 3116 3929 ultima
3139 3886 3270 3930 meta

2040 3945 2322 4007 Praecipitat
2343 3953 2527 4006 captos,
2550 3943 2799 4007 volvitque
2829 3957 2919 4006 per
2943 3942 3101 4007 ardua
3127 3956 3267 3994 saxa.

2043 4006 2274 4068 Quisquis
2299 4009 2427 4055 enim
2451 4007 2600 4068 duros
2621 4006 2764 4055 casus
2784 4006 2982 4055 virtutis
3005 4017 3192 4064 amore,

2043 4067 2261 4131 Vicerit,
2289 4067 2375 4131 ille
2394 4069 2490 4118 sibi
2513 4067 2808 4131 laudemque
2830 4069 3083 4130 decusque
3109 4068 3330 4131 parabit:

2043 4131 2107 4195 ᾼι
2131 4131 2221 4195 qui
2234 4130 2489 4187 desidiam,
2509 4129 2780 4195 lusumque
2806 4129 3049 4195 sequetur
3086 4129 3318 4195 inertem,

2045 4191 2175 4256 Dum
2198 4191 2323 4254 fugit
2347 4194 2600 4256 Opposltos
2627 4191 2816 4256 incauta
2842 4191 3011 4243 tuente
3037 4191 3254 4250 labores,

1988 4276 1993 4280 -
2045 4255 2241 4318 Turpis,
2257 4253 2529 4318 inopsque,
2551 4253 2695 4303 simul
2721 4256 3002 4305 miserabile
3027 4256 3273 4316 transiget
3287 4268 3463 4306 aevum.

1921 4363 2152 4434 Attingit
2198 4370 2259 4434 e_t_
2298 4360 2641 4434 Palingenius
2696 4361 2748 4414 in
2797 4359 3114 4434 Sagittario.
3163 4359 3526 4434 Ptyhagorica

1925 4430 2169 4489 fortassis
2210 4431 2428 4504 dicitur,
2471 4431 2594 4501 quia
2639 4448 2672 4503 υ
2702 4441 2756 4504 et
2781 4447 2810 4484 κ
2844 4430 3137 4486 creduntur
3163 4448 3194 4488 a
3228 4430 3531 4504 Pythagora

1923 4504 2178 4560 iuventte.
2215 4501 2294 4556 Ea:
2319 4503 2612 4568 Βετυιειο,
2642 4501 2748 4571 qui
2778 4517 3063 4572 perperam
3092 4505 3191 4560 hos
3219 4501 3533 4560 versus'sub

1923 4575 2156 4631 Maronis
2180 4574 2399 4628 nomine
2424 4575 2710 4636 citaverat,
2746 4587 2868 4628 cum
2908 4575 3020 4631 sint
3049 4577 3306 4642 Ausonii,
3343 4584 3399 4630 ut
3439 4576 3538 4631 ob-

1923 4647 2161 4775 sérvaaéit
2210 4643 2492 4700 Francius.
2525 4643 2663 4701 Vide
2715 4645 2960 4702 Servium
3014 4647 3067 4703 in
3113 4647 3209 4704 lib.
3260 4663 3312 4702 v1
3343 4646 3532 4718 Virgil.

2004 4734 2088 4772 net
2137 4757 2151 4772 .

2004 4734 2151 4772 netu.

1999 4788 2128 4845 Cum
2170 4789 2350 4859 prima:
2389 4787 2749 4860 adolescentiae
2789 4789 2944 4844 limen
2984 4789 3227 4860 attigerit.
3281 4789 3356 4844 Ita
3399 4805 3534 4848 mss.

1928 4875 2149 4921 omnes,
2171 4858 2381 4930 praeter
2407 4860 2442 4914 2
2480 4858 2613 4930 Reg.
2648 4874 2758 4916 rec.
2793 4862 2846 4915 in
2898 4858 3116 4931 quibus,
3144 4871 3204 4917 ut
3247 4870 3300 4917 et
3338 4862 3391 4917 in
3422 4862 3539 4918 vul-

1929 4933 2089 5006 gatis,
2118 4940 2204 4987 est
2230 4933 2477 5006 primum.

1983 5002 2208 5058 .Partes.
2240 5003 2366 5058 Hrec
2394 5019 2460 5058 ex
2490 5002 2681 5072 Virgil.
2713 5018 2767 5058 vr
2799 5001 3017 5059 Aineid.
3050 5020 3103 5058 vv.
3137 5004 3264 5062 540.

2006 5074 2055 5146 Ε
2057 5074 2211 5129 indit.
2247 5076 2273 5130 1
2307 5075 2465 5146 Reg.,
2496 5075 2522 5129 1
2560 5074 2725 5129 Brun.
2755 5083 2811 5130 et
2840 5075 2968 5130 edit.
3000 5075 3259 5132 Thomas.
3293 5076 3500 5133 scindit.

2006 5145 2074 5200 In
2099 5146 2358 5201 sinistram
2387 5145 2518 5200 uiam
2535 5185 2551 5212 ,
2579 5161 2694 5215 quo:
2729 5146 2957 5201 melioris
2985 5148 3207 5215 speciem
3245 5151 3544 5204 mentiatur.

1936 5218 2083 5293 Edit.
2117 5219 2174 5282 5,
2188 5217 2272 5293 _ad
2309 5218 2612 5293 sinistram.‘
2638 5216 2766 5293 Mss.
2811 5217 3002 5293 Cauc.,_
3043 5217 3194 5293 Jun.,
3241 5219 3330 5277 ed.
3377 5220 3544 5293 Gym-

1937 5291 2066 5345 mic.
2099 5297 2154 5345 et
2188 5289 2389 5354 Betul.,
2418 5302 2532 5360 quae
2563 5288 2764 5344 virtutis
2794 5304 2854 5342 ac
2885 5289 3109 5344 melioris
3147 5293 3367 5361 speciem
3405 5288 3546 5348 nien-

1939 5363 2118 5417 tiatur.
3533 5396 3542 5405 ,

2014 5431 2270 5486 Incidere.
2298 5430 2389 5487 Sic
2433 5431 2717 5488 emendavi
2748 5447 2813 5488 ex
2844 5432 3237 5503 antiquioribus
3264 5449 3327 5489 ac
3355 5435 3549 5491 melio-

1943 5504 2097 5560 ribus
2126 5517 2256 5558 mss.
2287 5504 2310 5559 1
2344 5503 2551 5559 Bonon.
2585 5515 2638 5559 et
2663 5505 2697 5557 2
2726 5504 2857 5573 Reg.
2893 5519 3104 5561 necnon
3133 5508 3261 5562 edit.
3288 5507 3357 5564 Is.
3385 5509 3450 5562 Et
3473 5509 3552 5562 sic

1944 5574 2232 5646 legendum
2285 5589 2408 5646 esse
2459 5574 2758 5631 censebant
2809 5577 2975 5632 lsaeus
3027 5587 3084 5633 et
3132 5577 3411 5636 Francius.
3450 5579 3554 5636 Alii

1946 5645 2164 5702 codices
2191 5645 2443 5701 incedere.

2035 5715 2302 5790 Videntur.
2339 5717 2538 5790 lleuﬁm.
2568 5718 2700 5790 legit
2726 5719 3012 5775 uideantur.

2027 5787 2181 5862 Apud
2205 5789 2417 5862 inferos.
2453 5789 2530 5846 De
2562 5787 2662 5848 hoc
2687 5793 2933 5864 sequenti
2959 5794 3135 5868 capite
3161 5793 3390 5854 dicetur.
