4090 6354
276 300 465 375 ολδ,

1444 290 1650 354 LIBER
1686 292 1776 354 Vl.
1817 288 1907 351 DE
1949 288 2133 352 VERO
2169 289 2422 352 CUL'l’U.

3486 290 3590 351 6l6

276 417 436 483 licet,
477 428 602 470 cum
629 412 773 469 omni
796 412 892 469 sua
917 408 1314 484 pulchritudine
1343 417 1451 466 tam
1476 411 1655 466 subito
1683 409 1874 482 przeci-
1904 415 1959 475 Α
1981 406 2123 475 bilis,
2152 406 2424 479 subjectus
2454 406 2683 478 injuriae;
2716 410 2770 465 et
2792 414 2966 463 tamen
2999 404 3199 475 omnia,
3249 422 3367 480 qum
3408 423 3591 468 amara

280 507 448 574 ditur,
481 518 535 561 ut
563 521 668 560 non
699 513 825 560 ante
863 505 984 576 quis
1016 503 1256 558 fraudem
1311 502 1619 573 prospicere
1670 501 1877 572 possit,

280 618 441 674 quam
487 601 855 673 prtccipitatus
887 599 941 654 in
980 598 1316 653 altitudinem
1351 597 1669 667 profundam
1700 596 1878 652 cadat.

277 696 538 768 Quisquis
551 694 693 750 enim
720 692 1069 765 praesentium
1093 690 1359 746 bonorum
1391 691 1572 760 specie
1597 698 1806 759 captus,
1831 694 1888 743 et

278 790 333 844 iu
367 788 450 841 his
470 784 868 857 consequendis
896 800 959 840 ac
987 782 1226 839 fruendis
1252 792 1566 852 occupatus,
1612 797 1718 837 non
1751 796 1890 852 prsc-

281 878 481 935 viderit
513 896 575 934 ca
596 894 716 950 quin
746 885 869 950 post
896 887 1125 932 mortem
1156 887 1405 932 secutura
1447 885 1603 941 sunt,
1650 890 1819 946 seque
1857 889 1889 928 a

280 974 395 1031 Deo
417 976 709 1028 averterit:
739 973 784 1026 is
804 986 935 1027 vero
955 970 1241 1027 adinferos
1270 968 1533 1041 dejectus,
1554 970 1607 1024 in
1632 978 1891 1025 aeternam

281 1065 631 1122 damnabitur
652 1080 891 1135 ptenam.

354 1159 455 1216 Via
480 1175 608 1215 vero
639 1159 728 1214 illa
749 1158 1009 1225 caelestis,
1038 1155 1275 1214 difficilis
1305 1165 1363 1214 et
1390 1156 1593 1212 clivosa
1623 1155 1894 1227 proposita

285 1259 391 1316 est,
409 1252 494 1307 vel
526 1250 696 1322 spinis
716 1249 1065 1306 horrentibus
1088 1264 1301 1321 aspera,
1320 1249 1407 1306 vel
1424 1249 1567 1305 saxis
1589 1250 1899 1306 extantibus

287 1339 582 1415 impedita;
632 1352 693 1399 ut
736 1359 858 1399 cum
885 1358 1098 1399 summo
1146 1343 1334 1400 labore
1371 1357 1435 1398 ac
1471 1343 1668 1413 pedum
1725 1343 1852 1398 tritu
1880 1382 1897 1410 ,

286 1452 521 1508 cumque
567 1453 760 1509 magna
804 1436 1031 1493 cadendi
1057 1436 1419 1493 sollicitudine
1438 1437 1505 1492 sit
1544 1436 1742 1507 cuique
1778 1449 1903 1507 gra-

296 1530 578 1587 diendum.
634 1531 693 1585 ln
737 1529 842 1586 hac
883 1530 1062 1600 posuit
1104 1529 1407 1599 justitiam,
1460 1528 1899 1598 temperantiam,

288 1623 607 1694 patientiam
626 1662 642 1689 ,
700 1622 863 1677 fidem
882 1663 896 1688 ,
930 1623 1236 1678 castitatem
1257 1662 1275 1690 ,
1303 1622 1682 1678 abstinentiam
1704 1663 1719 1689 ,
1772 1636 1904 1677 con-

290 1714 573 1782 cordiam,
627 1714 945 1781 scientiam,
1020 1714 1343 1782 veritatem,
1394 1714 1744 1785 sapientiam,
1799 1728 1906 1770 cm—

1981 511 2125 566 sunt,
2150 500 2448 571 perferens.
2508 501 2577 555 Et
2606 502 2648 555 si
2680 500 2989 572 patientiam
3018 498 3198 574 jugem
3227 500 3294 557 ad
3322 516 3591 560 summum

1985 596 2136 651 illum
2162 595 2387 668 gradum
2419 594 2689 668 fluctuque
2720 596 3052 667 perduxerit,
3078 583 3290 653 dabitur
3319 598 3367 653 ci
3393 612 3593 655 corona

1984 691 2232 758 virtutis;
2284 699 2339 746 et
2391 708 2419 745 ιι
2466 690 2575 746 Deo
2609 706 2705 761 pro
2726 689 3018 757 laboribus,
3050 706 3186 763 quos
3216 693 3269 747 in
3299 692 3405 748 vita
3434 708 3596 765 prop-

1989 793 2071 841 ter
2109 785 2370 856 justitiam
2418 784 2660 855 pertulit,
2710 784 3112 841 immortalitate
3163 785 3470 843 donabitur.
3502 786 3596 843 Hae

1990 887 2115 935 sunt
2166 881 2268 935 vite
2317 892 2452 950 quas
2500 878 2642 935 Deus
2707 878 2953 936 humana;
3009 876 3131 936 vita:
3183 880 3509 954 assignavit,
3542 880 3597 937 in

1992 972 2185 1044 quibus
2212 972 2455 1043 singulis,
2485 982 2537 1028 et
2567 971 2706 1028 bona
2733 972 2988 1041 ostendit,
3014 984 3062 1029 et
3089 974 3249 1041 mala,
3282 975 3377 1030 sed
3409 972 3599 1031 ordine

1997 1077 2329 1137 praepostero
2357 1073 2517 1137 atque
2555 1078 2842 1121 converso.
2874 1061 2931 1121 ιιι
2954 1080 3057 1121 una
3084 1061 3225 1122 enim
3277 1069 3604 1123 monstravit

1998 1158 2312 1229 temporalia
2358 1159 2506 1229 prius
2548 1156 2687 1213 mala
2734 1170 2856 1213 cum
2908 1156 3125 1213 aeternis
3177 1154 3355 1226 bonis,
3407 1158 3605 1230 quiest

1998 1250 2135 1306 ordo
2164 1250 2358 1307 melior
2388 1266 2402 1307 :
2431 1250 2484 1306 in
2518 1251 2707 1317 altera,
2758 1251 3074 1322 temperalia
3103 1248 3250 1323 prius
3299 1252 3437 1308 bona
3482 1268 3604 1308 cum

2001 1343 2220 1400 aeternis
2241 1342 2417 1419 malis,
2450 1344 2538 1415 qui
2566 1352 2649 1400 est
2669 1342 2803 1401 ordo
2847 1340 3120 1411 deterior;
3172 1352 3230 1399 ut
3283 1346 3607 1416 quicumque

2002 1438 2288 1508 praesentia
2316 1436 2455 1493 mala
2481 1436 2600 1492 cum
2624 1435 2831 1507 justitia
2861 1432 3144 1509 delegerit,
3170 1434 3370 1509 majora
3410 1441 3465 1492 et
3492 1453 3608 1493 cer-

2006 1532 2140 1587 tiora
2169 1540 2530 1602 consequatur
2558 1529 2717 1596 bona,
2740 1544 2898 1602 quam
2927 1526 3145 1586 fuerunt
3170 1526 3279 1594 illa,
3311 1546 3431 1602 qua:
3457 1542 3635 1601 spre~~

2006 1626 2082 1681 vit
2134 1641 2148 1679 :
2199 1622 2443 1696 quisquis
2494 1631 2673 1680 autem
2726 1621 3011 1694 przeseutia
3061 1620 3201 1679 bona
3254 1622 3614 1695 prmposuerit

2005 1717 2248 1789 iustitiae,
2269 1718 2325 1773 in
2370 1718 2573 1789 majora
2604 1726 2659 1774 et
2707 1716 2946 1790 longiora
3000 1716 3199 1774 incidat
3259 1717 3421 1782 mala,
3451 1733 3612 1789 quam

293 1818 547 1879 terasque
608 1807 893 1876 virtutes;
958 1807 1055 1864 sed
1105 1808 1266 1863 simul
1317 1822 1441 1864 cum
1493 1807 1577 1864 his
1622 1816 1909 1879 pauperta-
1939 1810 2228 1876 Bfucrunt
2273 1809 2383 1876 illa,
2437 1825 2556 1882 quce
2583 1808 2735 1882 fugit.
2796 1810 2920 1867 llaec
2948 1811 3093 1866 enim
3138 1811 3245 1866 vita
3292 1810 3611 1883 corporalis,

291 1911 428 1971 tem,
496 1903 876 1974 ignominiam,
934 1902 1207 1970 laborem,
1268 1902 1547 1970 dolorem,
1595 1902 1910 1967 arnaritudi-

291 2011 391 2051 nes
431 2010 641 2052 omnes.
697 1996 950 2067 Quisquis
999 1996 1144 2051 enim
1201 2011 1353 2067 spem
1406 2011 1560 2052 suam
1607 1997 1911 2067 porrexerit

290 2089 534 2160 longius,
586 2099 643 2146 et
709 2089 935 2146 meliora
987 2089 1287 2157 maluerit,
1355 2090 1567 2147 carebit
1618 2090 1703 2147 his
1754 2102 1911 2148 terra!

289 2178 488 2247 bonis,
519 2189 577 2234 ut
600 2181 890 2251 expeditus
912 2195 976 2235 ac
999 2181 1135 2236 levis
1173 2180 1551 2247 difficultatem
1606 2183 1710 2237 via:
1749 2196 1913 2254 supe-

292 2280 398 2326 ret.
433 2271 542 2326 Nec
565 2270 711 2327 enim
742 2280 953 2340 potest,
981 2271 1072 2342 qui
1103 2286 1164 2327 se
1202 2283 1464 2343 apparatu
1502 2274 1653 2344 regio
1681 2273 1912 2330 circum-

296 2361 540 2431 dederit,
593 2372 685 2418 aut
714 2363 918 2419 divitiis
960 2365 1309 2433 oneraverit,
1359 2371 1635 2437 angustias
1675 2367 1796 2423 illas
1825 2369 1910 2425 vel

295 2457 546 2528 ingredi,
575 2457 660 2511 vel
701 2467 903 2513 tenere.
950 2456 1105 2513 Unde
1152 2457 1487 2529 intelligitur,
1522 2460 1722 2517 idcirco
1753 2462 1911 2519 malis

295 2558 353 2605 et
380 2547 596 2619 iniustis
619 2547 831 2604 facilius
858 2550 1147 2619 provenire
1165 2565 1284 2620 quae
1310 2548 1529 2621 cupiant
1555 2594 1571 2621 ,
1595 2552 1718 2625 quia
1742 2567 1913 2623 prona

295 2652 353 2697 et
383 2641 611 2697 declivis
632 2651 716 2697 est
744 2656 933 2697 eorum
963 2643 1046 2696 via
1075 2660 1088 2696 :
1129 2642 1285 2698 bouis
1312 2653 1488 2699 autem
1508 2683 1527 2711 ,
1557 2661 1678 2716 quae
1701 2657 1909 2717 optent,

296 2733 522 2790 difﬁcile
552 2734 868 2805 procedere,
902 2734 1025 2806 quia
1052 2735 1256 2790 difficili
1286 2746 1341 2791 et
1374 2737 1545 2792 arduo
1576 2739 1768 2795 itinere
1797 2756 1914 2811 gra-

295 2827 540 2884 diuntur.
567 2827 753 2885 Justus
797 2843 946 2900 ergo,
1004 2828 1256 2900 quoniam
1303 2826 1497 2884 durum
1552 2836 1912 2904 asperumque

298 2922 409 2979 iter
436 2924 717 2995 ingressus
742 2933 841 2990 est,
877 2925 1210 2995 contemptui
1238 2966 1255 2993 ,
1305 2923 1530 2992 derisui,
1564 2924 1688 2981 odio
1715 2927 1785 2981 sit
1813 2944 1910 2985 ne-

300 3030 460 3072 cesse
502 3028 605 3072 est.
635 3018 838 3073 Omnes
865 3016 1011 3073 enim
1038 3032 1173 3088 quos
1195 3016 1492 3088 cupiditas,
1542 3028 1634 3073 aut
1664 3020 1912 3090 voluptas

300 3110 612 3183 pra-cipites
642 3110 839 3178 trahit,
874 3110 1121 3167 invident
1162 3111 1214 3167 ei
1260 3111 1352 3182 qui
1408 3113 1663 3169 virtutem
1713 3128 1911 3186 capere

2013 1903 2136 1975 quia
2159 1902 2337 1958 brevis
2367 1909 2469 1966 est,
2496 1900 2701 1958 idcirco
2726 1909 2780 1958 et
2806 1901 2943 1957 bona
2985 1904 3126 1969 ejus,
3163 1908 3216 1957 et
3241 1900 3400 1967 mala,
3433 1897 3614 1957 brevia

2012 1996 2120 2050 sint
2147 2008 2371 2050 necesse
2396 2001 2500 2050 est.
2553 1992 2645 2049 llla
2696 2009 2827 2050 vero
2877 1993 3155 2065 spiritalis,
3190 2010 3310 2066 quae
3336 1991 3461 2049 huic
3509 2002 3616 2049 ter-

2013 2103 2160 2143 rena:
2182 2088 2449 2145 contraria
2478 2096 2580 2155 est,
2613 2087 2869 2159 quoniam
2892 2088 3220 2158 sempiterna
3264 2095 3369 2156 est,
3415 2085 3618 2142 idcirco

2009 2189 2069 2236 et
2097 2180 2235 2236 bona
2265 2178 2405 2250 ejus,
2455 2189 2507 2236 et
2533 2180 2696 2248 mala,
2729 2180 3058 2251 sempiterna
3090 2188 3232 2235 sunt.
3267 2176 3337 2234 ita
3371 2178 3447 2245 fit,
3482 2188 3536 2234 ut
3565 2186 3620 2234 et
3656 2218 3663 2225 ι

2012 2273 2169 2331 bonis
2200 2273 2453 2330 brevibus
2480 2273 2623 2330 mala
2648 2281 2870 2343 actenus,
2904 2282 2959 2330 et
3000 2272 3157 2330 malis
3195 2270 3454 2329 brevibus
3479 2270 3619 2328 bona

1948 2434 1955 2443 τ
2014 2379 2215 2425 aeterna
2238 2368 2552 2425 succedant.

2086 2462 2270 2532 Itaque
2311 2477 2431 2517 cum
2477 2460 2636 2515 simul
2668 2459 2941 2531 proposita
2973 2458 3082 2515 sint
3108 2457 3311 2514 homini
3340 2457 3482 2514 bona
3505 2492 3521 2522 ,
3561 2464 3617 2513 et

2014 2553 2177 2621 mala,
2197 2552 2544 2609 considerare
2564 2567 3001 2624 unumquemque
3022 2566 3210 2613 secum
3224 2550 3398 2616 decet,
3413 2557 3619 2622 quanto

2014 2647 2183 2704 satius
2207 2649 2311 2712 sit,
2335 2645 2610 2717 perpetuis
2627 2647 2782 2701 bonis
2800 2646 2939 2700 mala
2966 2645 3148 2701 brevia
3174 2656 3429 2717 pensare,
3450 2654 3613 2713 quam

2015 2756 2114 2812 pro
2145 2739 2401 2795 brevibus
2454 2749 2509 2795 et
2562 2738 2779 2795 caducis
2810 2739 2963 2795 bonis
2993 2738 3133 2793 mala
3170 2745 3424 2809 perpetua
3454 2735 3618 2793 διιείί-

2015 2847 2165 2890 nere.
2200 2833 2333 2890 Nam
2364 2832 2503 2888 sicut
2543 2832 2596 2888 in
2646 2832 2749 2888 hoc
2772 2830 2993 2900 sacculo,
3020 2847 3145 2888 cum
3176 2841 3258 2888 est
3286 2833 3621 2903 propositum

2014 2942 2139 2983 cum
2185 2924 2343 2982 hoste
2390 2935 2699 2991 certamen,
2730 2926 2880 2995 prius
2920 2925 3275 2980 laborandum
3303 2933 3417 2992 est,
3450 2933 3508 2980 ut
3535 2924 3614 2980 sis
3690 2944 3695 2949 δ

2012 3018 2356 3093 postmodum
2394 3019 2447 3073 in
2477 3019 2619 3083 otio;
2647 3016 2993 3073 esurientium
3013 3060 3027 3081 ,
3057 3015 3381 3082 sitiendum,
3413 3024 3610 3084 aestus,

2014 3112 2211 3185 frigora
2240 3110 2555 3182 perferenda
2575 3152 2590 3177 ,
2623 3109 2768 3163 humi
2797 3104 3179 3180 quicsCeudum
3200 3149 3215 3173 ,
3260 3107 3623 3179 vigilandum,

304 3204 514 3272 patuit;
574 3214 630 3260 et
681 3204 863 3274 inique
901 3203 1080 3259 ferunt
1124 3203 1177 3259 ld
1203 3203 1404 3261 habere
1447 3206 1710 3276 aliquem,
1766 3207 1908 3279 qttod
1937 3215 1982 3279 ρ
2017 3204 2431 3280 periclitandum
2457 3213 2543 3260 est
2564 3212 2620 3257 ut
2644 3241 2661 3267 ,
2693 3201 2858 3258 salvis
2888 3202 3204 3272 pignoribus
3224 3240 3241 3263 ,
3271 3209 3327 3256 et
3351 3200 3539 3268 domo,
3571 3208 3632 3255 et

302 3293 408 3367 ipsi
434 3313 543 3354 non
575 3298 794 3355 habent.
829 3298 946 3354 Erit
970 3298 1152 3369 itaque
1197 3314 1422 3371 pauper,
1467 3298 1703 3370 humilis,
1759 3300 1917 3372 igno-

2023 3315 2084 3356 re
2132 3297 2424 3365 familiari,
2466 3306 2521 3352 et
2576 3294 2829 3351 omnibus
2874 3293 3027 3366 pacis
3078 3306 3143 3349 ac
3193 3291 3440 3351 victoriae
3467 3291 3628 3348 bonis

1661 3436 1752 3493 VA
1762 3435 2027 3496 RIORUM
2065 3431 2301 3491 ΝΟΤΔΕ.

307 3560 496 3625 Brem,
522 3570 574 3613 c.
604 3555 639 3612 3
672 3574 686 3611 :
716 3554 890 3612 Simul
914 3555 983 3609 ad
1004 3556 1245 3625 temporis
1275 3554 1541 3623 jacturam
1580 3565 1780 3612 sentum
1819 3568 1911 3613 est.

306 3632 458 3702 Virg.
486 3645 562 3684 vr.
600 3628 737 3702 En;
767 3626 841 3684 45
869 3644 883 3682 :
927 3626 1297 3702 Ventumerut
1343 3629 1412 3702 ad
1442 3627 1614 3684 limen.
1665 3626 1764 3686 Sil.
1796 3629 1911 3686 Ital.

306 3697 479 3760 xva.
514 3701 657 3756 5l0:
692 3697 759 3754 Ut
782 3710 982 3754 ventum
1005 3701 1057 3754 in
1087 3698 1308 3754 culmen.
1342 3698 1477 3754 Bun.

380 3813 448 3868 In
499 3813 822 3869 altitudinem
862 3812 1174 3883 profundam
1205 3812 1377 3866 cadat.
1407 3812 1496 3867 Sic
1541 3813 1819 3869 emendavi
1849 3830 1916 3870 ex

307 3885 563 3941 omnibus
578 3884 743 3939 ferme
768 3898 897 3938 mss.
913 3894 968 3938 et
989 3885 1166 3938 editis.
1186 3886 1356 3948 Quam
1382 3883 1663 3938 lectionem
1686 3902 1789 3940 non
1812 3886 1915 3939 itu-

308 3956 643 4028 probandatn
664 3956 945 4028 existimo,
978 3965 1036 4009 ut
1066 3954 1757 4028 improbavitThomasius;
1792 3972 1917 4028 cum

309 4025 455 4084 enim
488 4027 713 4081 altitudo
752 4041 783 4080 a
836 4025 1216 4097 profunditate,
1268 4036 1325 4080 ut
1366 4028 1439 4081 ita
1467 4028 1662 4094 dicam,
1701 4026 1917 4085 nonnisi

308 4105 525 4156 ratione
549 4098 780 4163 differat,
830 4112 975 4164 saepe
1002 4098 1226 4151 altitudo
1256 4112 1355 4168 pro
1399 4098 1783 4168 profunditate,
1820 4116 1916 4156 seu

381 4169 583 4225 ofuudo
608 4170 836 4238 ponitur.
882 4169 972 4224 Sic
1000 4170 1338 4224 Altitudinem
1391 4170 1571 4235 maris,
1612 4171 1700 4224 Ps.
1729 4187 1913 4238 uvm,

381 4187 583 4225 omnuo
608 4187 836 4238 putatur.
883 4187 972 4224 me
1000 4187 1338 4224 mutuantem
1391 4187 1571 4235 maris,
1612 4187 1700 4224 rs.
1729 4187 1913 4238 vam,

311 4187 385 4305 gl:-
428 4242 506 4295 Ab
552 4240 831 4294 altitudine
857 4242 1141 4309 inferorum
1168 4242 1345 4296 eduxit
1370 4241 1507 4306 illos,
1541 4246 1669 4311 Sap.
1724 4257 1779 4305 χ.
1818 4243 1914 4308 19;

318 4313 397 4367 De
420 4312 693 4366 altitudine
722 4313 905 4382 ventris
932 4313 1131 4382 inferis,
1188 4312 1354 4367 Eccli.
1385 4327 1457 4376 ι.ι,
1506 4312 1569 4378 7;
1604 4312 1719 4367 Duc
1746 4314 1800 4367 in
1831 4313 1914 4368 αι-

314 4392 445 4450 tum,
474 4384 604 4447 Luc,
626 4400 680 4437 v.
708 4381 743 4436 4
767 4400 781 4447 ;
811 4392 880 4449 ιι,
913 4382 1273 4437 Ριιιειιδ.αιωε
1300 4396 1393 4451 est,
1419 4383 1575 4439 .loan.
1630 4400 1681 4438 ιν
1701 4428 1715 4452 ,
1749 4385 1835 4451 ll,
1867 4384 1920 4440 id

2024 3554 2146 3611 bius
2175 3553 2212 3607 ι.
2235 3568 2291 3621 v,
2405 3547 2510 3632 17?;
2538 3564 2556 3603 :
2588 3544 2875 3673 Pl'glmdw
2899 3546 3188 3603 altitudinis
3229 3561 3440 3617 specum
3470 3545 3633 3605 dixit.

2104 3625 2303 3673 Posuit-
2361 3622 2628 3673 ntelltaas.
2718 3638 2824 3673 eus.

2099 3625 2303 3680 Posuit.
2324 3622 2628 3691 lntelligas,
2663 3622 2824 3675 Deus.

2096 3697 2497 3751 Amaritudines.
2514 3692 2643 3747 Mss.
2662 3691 2865 3747 Christ.
2884 3690 3112 3746 Mcrtou.
3145 3690 3262 3746 Em.
3287 3690 3623 3747 valetudines.

2096 3770 2372 3841 Angustias
2398 3765 2516 3819 illas
2539 3764 2756 3841 ingredi.
2797 3763 3054 3818 Paulinus
3084 3762 3324 3841 Nolanus
3338 3778 3430 3841 ep.
3455 3763 3552 3841 29_,
3573 3779 3627 3819 c.

2022 3840 2060 3895 2
2088 3859 2101 3893 :
2130 3834 2448 3895 Pltaristeus.
2489 3880 2501 3892 .
2530 3875 2546 3891 .
2577 3834 2780 3905 intrare
2821 3852 2925 3889 non
2954 3834 3137 3905 potuit,
3166 3835 3287 3905 quia
3307 3834 3634 3905 subfarcina-

2027 3922 2103 3967 tos
2142 3924 2284 3967 arcta
2312 3928 2413 3965 non
2439 3909 2667 3979 capiunt.
2732 3903 2842 3961 Nec
2868 3903 3064 3977 poterat
3114 3903 3186 3979 eo'
3203 3908 3361 3978 recipi
3388 3903 3495 3960 lata
3508 3909 3635 3977 jac.

2025 3987 2206 4045 tantia.
2235 4000 2336 4056 quo
2359 3998 2411 4037 se
2457 3977 2719 4056 humilitas
2769 3991 2991 4056 angusta
3040 3978 3269 4056 collegit2
3308 3977 3364 4032 et
3409 3987 3639 4056 angusto

2024 4049 2286 4127 angustidr
2313 4053 2517 4110 contriti
2548 4050 2719 4105 cordis
2747 4052 2979 4105 exilitate
3004 4049 3310 4120 penetravit.
3438 4052 3449 4057 “

2098 4146 2396 4202 Prouenire.
2432 4143 2738 4212 Eleganter.
2794 4140 2945 4195 Idem
2980 4155 3125 4203 mox,
3186 4138 3641 4212 procedere..lns-

2026 4218 2124 4274 tin.
2151 4219 2188 4273 l.
2224 4234 2319 4286 va,
2343 4233 2391 4272 c.
2426 4217 2460 4272 6
2493 4231 2507 4269 ε
2535 4209 2707 4286 Rebus
2734 4212 2951 4286 feliciter
2979 4209 3403 4286 prouenierrtibus.
3446 4210 3562 4286 Cic.
3597 4212 3633 4272 l,

2025 4291 2083 4357 1,
2103 4290 2170 4345 de
2190 4282 2398 4357 Ftn.,c.
2422 4289 2488 4343 H
2511 4305 2523 4339 :
2552 4284 2658 4340 Nec
2683 4282 2805 4353 quid
2858 4292 3223 4353 prouenturum
3247 4283 3337 4346 sit,
3382 4282 3640 4354 providet,

2096 4380 2350 4454 Difﬁcile.
2382 4378 2620 4454 Adverb.
2655 4375 2930 4454 Plinius}.
2953 4387 3007 4440 ιι,
3042 4370 3491 4454 cngapifﬁcile
3515 4391 3640 4454 se”:

317 4442 538 4545 est,'unlii
562 4442 824 4537 profunda
864 4442 960 4545 estt‘
974 4468 1140 4545 aqua,
1168 4454 1279 4510 Hac
1313 4442 1533 4545 ﬁuntque
1566 4442 1924 4545 floce'et‘idem
1957 4484 2011 4545 Β
2035 4442 2432 4545 επρίξέιιηιὶὸιιρ.
2465 4450 2695 4545 vavnl,
2727 4461 2789 4545 eL
2811 4444 2993 4545 2311ηέ
3019 4462 3033 4499 :
3064 4442 3643 4545 Difﬁclile.sanescurttf

317 4524 625 4597 significatu
666 4529 894 4597 usisqu
919 4524 1104 4581 Caisar
1130 4528 1164 4579 I.
1198 4541 1253 4581 iv
1272 4569 1286 4592 ,
1313 4524 1457 4581 Bell.
1487 4526 1712 4593 Gallic.;
1742 4526 1931 4583 Cicero

318 4595 390 4651 ad
415 4599 582 4652 Attic.
617 4613 669 4651 ix
704 4595 904 4651 :Terra
928 4597 1184 4651 descendit
1205 4599 1275 4651 ad
1297 4598 1552 4665 infinitam
1583 4599 1928 4653 altitudinem.

318 4670 416 4724 lib.
450 4684 470 4721 1
516 4669 583 4722 de
629 4669 997 4735 Divinatione;
1060 4678 1135 4733 et,
1172 4669 1390 4723 Sacrum
1429 4669 1727 4735 depressum
1784 4672 1933 4725 estin

320 4739 615 4793 mirandam
639 4739 980 4805 altitudinem,
1006 4754 1078 4793 vn
1104 4738 1260 4795 Verr.
1282 4740 1431 4803 Cels,
1454 4740 1551 4795 lib.
1577 4757 1673 4807 vir,
1707 4756 1827 4810 cap.
1862 4742 1892 4795 7
1915 4758 1931 4809 ;

321 4810 647 4866 Lactantius
683 4810 799 4879 ipse
830 4812 1001 4864 Divin.
1037 4810 1268 4864 lnstitut.
1325 4812 1417 4866 lib.
1447 4827 1523 4878 in,
1552 4828 1673 4881 cap.
1715 4812 1789 4867 28
1820 4830 1833 4866 :
1867 4811 1933 4867 In

326 4893 483 5007 galea
512 4884 586 4935 sic
613 4882 739 4963 alto.
772 4891 824 4935 ut
854 4882 1046 4963 fundus
1085 4884 1152 4964 sit
1176 4883 1367 4966 nullus.
1409 4882 1466 4936 lu
1524 4885 1930 4967 Epitomeﬁap.

362 4954 402 5007 2
432 4971 447 5007 :
476 4952 756 5007 Subsident
780 4954 939 5007 valles
981 4970 1034 5007 in
1060 4955 1386 5007 altitudinem
1413 4956 1749 5007 profundam.
1782 4966 1930 5007 iuxta

362 4954 402 5007 2
432 4971 447 5007 :
476 4952 756 5025 Subsident
780 4952 939 5007 valles
981 4955 1034 5025 in
1060 4955 1386 5014 altitudinem
1413 4952 1749 5025 profundunt,
1778 4952 1932 5025 juxta

328 5040 434 5097 ms.
460 5024 661 5080 Tauriu
679 5041 694 5090 ;
710 5036 762 5079 et
782 5036 947 5097 recte.
971 5024 1105 5080 Vide
1118 5042 1232 5094 seq.
1252 5024 1424 5081 Porro
1434 5024 1674 5096 quamvis
1689 5024 1935 5097 opposita

329 5096 617 5169 videantur
640 5096 855 5151 altitudo
881 5106 934 5151 et
962 5098 1295 5167 profundum,
1327 5107 1523 5164 tamen,
1554 5102 1703 5169 juxta
1726 5096 1939 5169 Augus—

331 5169 532 5242 tinum,
564 5167 792 5222 Altitudo
812 5169 866 5221 in
897 5169 1059 5222 latina
1085 5170 1271 5242 lingua
1288 5167 1865 5242 utrumque—signiﬁcat;
1890 5180 1940 5226 et

332 5240 472 5311 quod
497 5256 704 5293 sursum
730 5256 902 5294 versus
952 5251 1048 5304 est,
1080 5240 1376 5295 altitudinis
1419 5258 1603 5296 nomen
1629 5240 1836 5308 'Itabet;
1889 5252 1938 5297 et

334 5312 475 5381 quod
497 5312 552 5365 in
578 5313 894 5382 profundum
928 5313 1091 5365 altum
1115 5323 1206 5376 est,
1240 5313 1533 5368 altitudinis
1554 5330 1738 5369 nomen
1762 5314 1932 5369 habet.

338 5384 398 5440 S.
429 5385 761 5456 Augustinus
782 5383 964 5439 Serm.
997 5384 1123 5450 165,
1152 5385 1222 5439 de
1245 5384 1433 5439 Verbis
1461 5387 1705 5455 Apostoli
1731 5385 1935 5456 Ephes.

335 5470 418 5510 ιιι.
449 5453 526 5509 lta
543 5470 761 5525 quenon
776 5470 913 5524 Opus
941 5464 1024 5509 est
1046 5455 1426 5510 emendatione
1453 5453 1555 5512 ms.
1580 5453 1940 5513 Bononiensis

338 5527 512 5600 aptiq.
556 5541 715 5597 quam
770 5526 1033 5600 inducunt
1070 5527 1429 5600 Thomasius,
1463 5527 1645 5593 lsaeus,
1682 5528 1936 5600 Thysius,

342 5596 605 5661 Gallaeus,
647 5596 931 5669 Sparkius,
965 5596 1262 5669 Walchius,
1314 5599 1542 5662 scilicet,
1573 5616 1637 5654 ea:
1665 5596 1942 5654 altitudine

339 5669 397 5742 in
419 5669 683 5740 profunda
705 5668 1025 5742 cadica—lu
1047 5671 1369 5725 altitudinem
1410 5672 1723 5742 profundant
1765 5672 1936 5726 cadat.

344 5741 556 5814 Seneca
570 5757 667 5814 ,ep.
699 5742 771 5798 70
800 5759 813 5795 :
852 5740 896 5796 0
928 5743 1091 5797 uirum
1115 5742 1338 5814 fortem!
1368 5782 1381 5797 .
1418 5782 1431 5795 .
1461 5740 1614 5814 quam
1640 5745 1863 5799 animose
1888 5745 1940 5800 in

347 5813 677 5893 profundam
706 5828 762 5871 ss
789 5813 1127 5872 altitudinem
1146 5816 1375 5878 mai-is...
1418 5813 1745 5875 ivnmisisset!
1768 5816 1942 5873 Arno-

2037 4516 2245 4578 et'alibi
2272 4524 2488 4592 saepius.
2520 4518 2723 4575 Vocula
2758 4517 2928 4592 hodie
2968 4516 3082 4572 fere
3111 4516 3376 4592 neglecta,
3410 4520 3564 4592 cujus
3588 4520 3640 4572 in

2038 4594 2215 4650 Fabro
2255 4585 2365 4648 dmi
2394 4602 2598 4647 tantum
2629 4592 2745 4644 loca
2775 4604 2842 4644 ex
2888 4585 3004 4644 Cic.
3032 4599 3087 4644 et
3118 4585 3318 4645 Velleio
3359 4585 3643 4660 producta.

2111 4663 2402 4735 Cupiditas,
2423 4674 2509 4718 aut
2534 4665 2788 4734 voluptas.
2809 4661 2933 4735 mss.
2954 4660 2975 4715 1
3000 4661 3206 4716 Βοιιοιι.
3225 4658 3420 4733 antiq.,
3448 4658 3641 4730 Cauc.,

2037 4732 2199 4801 Jun;
2219 4738 2395 4807 Lips.,
2429 4732 2685 4808 cupiditas
2707 4751 2766 4788 ac
2794 4732 3053 4808 voluptas.

2111 4808 2177 4864 In
2202 4801 2307 4863 una
2331 4801 2505 4863 enimf
2530 4807 2739 4862 Bonan.
2768 4801 2963 4875 antiq.,
2988 4801 3058 4860 In
3081 4820 3176 4859 sua
3200 4804 3356 4859 enim.

2108 4908 2493 4964 Incidatmala.
2535 4907 2702 4974 Bene,
2742 4906 2812 4963 ob
2860 4904 3092 4975 praeced.
3125 4914 3465 4977 consequatur
3487 4903 3647 4962 bona.

2046 4979 2177 5038 Mss.
2200 4983 2269 5037 H
2308 4997 2419 5038 rec.
2446 4992 2499 5037 et
2519 4981 2554 5037 8
2580 4980 2734 5045 edit.,
2759 4979 2972 5033 incidet.

2120 5074 2238 5129 Vita
2268 5075 2571 5147 corporalis.
2609 5074 2686 5147 lta
2708 5073 3035 5147 mss._antiq.
3066 5080 3121 5124 et
3147 5070 3341 5147 optimi
3371 5070 3644 5147 permulti.

2038 5145 2207 5205 Cauc.
2237 5148 2270 5203 9
2317 5143 2428 5203 rec.
2454 5161 2578 5202 cum
2616 5145 2743 5201 edd.
2778 5144 2978 5199 habent
3023 5144 3341 5213 temporalis.
3393 5147 3463 5197 At
3494 5143 3566 5198 ibi
3592 5144 3651 5199 ﬁt

2039 5220 2328 5275 antithesis
2356 5219 2426 5274 de
2469 5218 2737 5287 corporali
2780 5216 2848 5272 ad
2897 5215 3219 5287 spiritalem.
3273 5214 3461 5283 isses,
3491 5223 3651 5286 atque

2040 5299 2167 5347 ante
2195 5292 2366 5362 ipsum
2394 5289 2721 5347 TIIOIASIUS.

2113 5352 2241 5439 Cum
2270 5382 2443 5437 simul.
2481 5381 2610 5438 Mss.
2653 5381 2721 5437 12
2766 5381 2939 5438 semel.
2995 5377 3196 5436 Videas
3241 5392 3386 5450 saepe
3421 5375 3476 5435 in
3517 5352 3681 5436 mssa

2040 5454 2297 5511 confundi
2321 5454 2475 5509 semel
2503 5467 2557 5510 et
2582 5455 2757 5510 simul.

2115 5501 3097 5617 ἱῖάὶιᾏὶῖἇξὲὲῖίἷέέὲίῇἱίίε...εαιυίε
3119 5542 3438 5615 pignoribus.
3462 5540 3519 5599 ιιι
3545 5501 3671 5610 est,

2042 5617 2249 5688 liberis.
2279 5619 2437 5677 (Ioni.
2460 5619 2498 5674 l.
2523 5635 2597 5684 vr,
2624 5635 2675 5675 c.
2708 5618 2798 5686 12,
2824 5628 2939 5673 not.
2971 5618 3130 5688 Saepe
3157 5618 3489 5688 Cyprianus,
3510 5629 3565 5671 e.
3594 5629 3648 5687 g.

2041 5690 2111 5747 de
2136 5686 2549 5762 Eleemosqied.
2568 5691 2800 5762 Gryph.,
2820 5706 2874 5762 p.
2903 5688 3032 5754 354;
3059 5686 3253 5746 Charis
3269 5686 3653 5762 pignoribus...

2044 5762 2377 5891 p{::idere...
2429 5761 2515 5819 Da
2563 5761 2714 5820 utilia
2758 5761 2834 5821 et’
2858 5763 3109 5820 salutaria
3163 5770 3421 5835 pracepta
3468 5761 3654 5832 pigw~

2044 5852 2072 5891 r
2163 5851 2208 5891 ε.

2043 5852 2208 5894 rwus.
