4090 6354
606 215 620 246 ι

549 314 657 373 6&7

1653 313 1842 372 FIRM.
1884 312 2252 373 LACTANTII
2289 312 2494 372 DIVIN.
2536 311 2783 372 INSTIT.

3747 316 3843 376 618

494 449 497 452 ·
551 435 752 508 perfrui
805 435 1016 508 possis:
1047 435 1131 492 sin
1158 441 1336 491 autem
1366 447 1606 506 praesens
1636 437 1804 492 otium
1857 437 2144 504 malueris,
2177 446 2231 508 Α
2256 436 2474 502 animis,
2503 436 2568 492 ad
2614 436 2773 492 unius
2799 433 2970 493 hostis
3016 433 3239 494 insidias
3261 435 3349 494 vel
3379 443 3598 508 apertos
3621 435 3848 508 impetus

551 545 708 600 quam
741 529 976 584 laborem
1000 571 1015 593 ,
1044 528 1242 583 malum
1273 528 1367 583 tibi
1398 529 1688 583 maximum
1731 528 1894 584 facias
1922 544 2148 585 necesse

549 631 660 684 est;
689 621 1087 692 praeoccupabit
1109 621 1252 677 enim
1278 620 1618 676 adversarius
1642 635 1748 676 non
1777 621 2149 684 resiStentem;

548 713 900 770 vastabantur
924 715 1069 786 agri,
1102 714 1384 784 diripietur
1410 713 1602 768 domus
1623 755 1638 780 ,
1665 713 1718 768 in
1746 713 1983 784 praedam
2011 728 2147 767 uxor

547 823 612 864 ac
642 804 797 864 liberi
819 809 1071 875 venient,
1092 817 1147 864 et
1177 817 1234 863 tu
1263 808 1378 879 ipse
1405 807 1752 874 interliciere,
1781 817 1873 862 aut
1898 807 2144 876 capiere:

549 917 670 972 quae
698 902 879 957 omnia
917 916 986 957 ne
1027 899 1308 966 accidant,
1342 913 1581 970 prteseus
1610 898 1952 954 commodum
1997 897 2151 952 diffe-

551 994 775 1050 rendum
824 1003 944 1062 est,
993 1003 1051 1048 ut
1103 993 1276 1062 majus
1322 991 1641 1062 longiusque
1679 991 1937 1060 pariatur.
1976 991 2066 1044 Sic
2098 987 2149 1042 in

551 1089 706 1144 omni
747 1087 848 1144 hac
888 1089 1030 1152 vita,
1064 1089 1186 1158 quia
1213 1087 1369 1142 nobis
1401 1085 1768 1141 adversarium
1799 1085 1942 1138 Deus
1974 1097 2152 1138 reser-

551 1181 697 1236 vavit
717 1222 732 1246 ,
778 1189 835 1235 ut
885 1193 1167 1249 possemus
1192 1193 1387 1248 capere
1416 1177 1666 1232 virtutem
1687 1218 1700 1239 ,
1729 1173 2024 1230 omittenda
2067 1183 2150 1228 est

555 1287 793 1342 praesens
826 1271 1103 1342 voluptas,
1130 1286 1198 1328 ne
1225 1270 1395 1326 hostis
1440 1269 1747 1340 opprimat:
1780 1267 2109 1338 vigilandum
2135 1308 2149 1333 ,

551 1365 816 1419 stationes
845 1363 1065 1434 agendae
1086 1403 1101 1429 ,
1159 1361 1420 1417 militares
1441 1359 1810 1430 expeditiones
1853 1360 2119 1413 obeundae
2139 1399 2153 1424 ,

552 1456 856 1514 fundendus
881 1457 948 1512 ad
981 1457 1228 1512 ultimum
1257 1472 1439 1522 cruor,
1487 1443 1666 1510 dtnttia
1699 1455 1938 1525 denique
1972 1469 2154 1509 amara

532 1561 603 1625 get
629 1555 812 1623 gravia
867 1551 1134 1621 patienter
1175 1549 1432 1613 ferenda;
1462 1562 1528 1603 eo
1558 1547 1774 1618 quidem
1833 1548 2154 1617 promptius,

552 1657 657 1714 quo
686 1643 841 1698 nobis
867 1642 1162 1712 imperator
1192 1649 1377 1696 noster
1415 1641 1554 1694 Deus
1583 1640 1802 1709 praemia
1839 1655 1933 1708 pro
1960 1639 2160 1694 labori-

558 1736 656 1792 bus
685 1745 883 1791 aeterna
914 1735 1209 1790 constituit.
1247 1734 1314 1788 Et
1345 1749 1466 1788 cum
1497 1734 1546 1786 in
1583 1734 1681 1788 hac
1713 1741 1928 1788 terrena
1958 1733 2150 1787 militia

2250 529 2513 600 vigilare;
2542 530 2630 599 qui
2663 544 2781 597 nos,
2809 529 2950 585 sicut
2974 530 3130 599 periti
3155 537 3212 584 et
3229 528 3509 585 exercitati
3551 528 3712 585 duces
3761 544 3848 584 so-

2251 621 2384 685 lent,
2419 621 2582 676 variis
2606 621 2812 677 artibus
2857 630 3058 693 captat,
3107 636 3206 692 pro
3256 621 3516 693 cujusque
3567 629 3752 676 natura
3800 630 3851 676 et

2251 714 2492 770 moribus
2513 714 2766 769 saeviens.
2787 713 2922 769 Aliis
2950 713 3093 769 enim
3123 713 3472 784 cupiditatem
3502 711 3850 768 insatiabilem

2254 809 2516 876 immittit,
2543 820 2601 865 ttt
2625 810 2819 880 opibus
2847 811 3228 882 suisjtanquam
3257 808 3608 880 compedibus
3635 807 3853 877 illigatos

2253 918 2282 958 a
2313 904 2399 958 via
2431 903 2676 957 veritatis
2703 903 2960 958 excutiat.
2982 902 3136 957 Alios
3168 901 3466 957 inﬂammat
3490 901 3584 956 ira:
3604 899 3850 966 stimulis,

2254 1005 2312 1051 ut
2339 995 2406 1051 ad
2439 996 2742 1051 nocendum
2778 996 2954 1066 potius
3000 995 3259 1062 intentos,
3314 1011 3343 1049 a
3392 994 3485 1049 Dei
3541 993 3856 1062 contempla-

2257 1087 2402 1142 tione
2432 1087 2770 1158 detorqueat.
2801 1086 2952 1141 Alios
2988 1085 3362 1142 immoderatis
3392 1083 3710 1140 libidinibus
3755 1084 3852 1139 im-

2257 1181 2474 1250 mergit,
2520 1190 2576 1233 ttt
2601 1181 2864 1250 voluptati
2894 1187 2950 1234 et
2985 1180 3199 1248 corpori
3229 1179 3552 1244 servientes,
3586 1177 3656 1231 ad
3691 1176 3854 1231 virtu-

2259 1279 2365 1327 tem
2405 1271 2678 1342 respicere
2711 1287 2818 1326 nou
2846 1271 3080 1342 possint.
3114 1271 3246 1326 Aliis
3285 1285 3412 1326 vero
3461 1269 3688 1339 inspirat
3730 1269 3857 1324 invi-

2257 1365 2423 1433 diam,
2457 1376 2514 1420 ttt
2549 1367 2660 1421 suis
2700 1367 2800 1436 ipsi
2843 1365 3130 1422 tormentis
3157 1365 3426 1434 occupati,
3463 1365 3596 1419 nihil
3625 1361 3854 1433 cogitent

2259 1456 2426 1525 aliud,
2451 1457 2552 1510 nisi
2585 1471 2796 1524 eorum,
2845 1473 2980 1527 quos
3025 1457 3269 1520 oderint,
3323 1455 3675 1511 felicitatem?
3717 1453 3856 1509 Alios

2261 1547 2414 1603 inﬂat
2447 1548 2851 1604 ambitionibus.
2887 1549 2927 1604 li
2958 1558 3116 1616 sunt,
3144 1549 3234 1620 qui
3265 1547 3330 1604 ad
3357 1548 3623 1619 gerendos
3664 1547 3856 1622 magis-

2263 1652 2429 1697 tratus
2458 1657 2676 1697 omnem
2717 1643 2842 1697 vita:
2870 1658 2983 1698 suae
3029 1657 3248 1713 operam
3298 1657 3595 1714 curamque
3634 1657 3852 1699 conver-

2263 1745 2398 1801 tunt,
2430 1747 2488 1790 ut
2537 1735 2706 1792 fastos
2749 1738 2994 1808 signent,
3026 1746 3081 1793 et
3123 1740 3282 1793 annis
3328 1753 3524 1794 nomen
3559 1739 3856 1809 imponant.

559 1838 762 1884 tantum
811 1827 1057 1883 homines
1099 1828 1298 1883 laboris
1325 1825 1664 1890 exhauriant,
1698 1836 1754 1881 ut
1801 1843 1861 1883 ea
1910 1828 2011 1883 sibi
2062 1843 2158 1897 pa-
2191 1852 2238 1911 Β
2264 1829 2628 1896 Quorumdam
2659 1831 2926 1901 cupiditas
2968 1831 3142 1887 tendit
3185 1832 3366 1897 altius,
3413 1848 3519 1888 non
3563 1843 3622 1888 ut
3648 1835 3861 1904 provin-

559 1920 731 1986 riant,
764 1937 883 1992 qua:
928 1930 1152 1990 possunt
1180 1920 1368 1976 eodem
1403 1919 1561 1975 modo
1613 1921 1824 1989 perire,
1854 1934 1960 1990 quo
2011 1930 2158 1989 parta

561 2024 688 2068 sunt
721 2032 734 2068 :
766 2023 913 2069 certe
949 2013 1106 2068 nobis
1149 2012 1325 2067 nullus
1367 2013 1517 2067 labor
1542 2021 1626 2066 est
1654 2012 2006 2079 recusandus,
2036 2013 2158 2084 qui-

556 2105 659 2160 bus
689 2104 739 2159 id
767 2103 1085 2175 acquiritur,
1113 2104 1256 2175 quod
1286 2103 1432 2158 nullo
1462 2103 1624 2159 modo
1655 2105 1826 2174 possit
1853 2105 2046 2158 amitti.

636 2197 816 2253 Voluit
843 2199 986 2254 enim
1017 2198 1159 2254 Deus
1179 2238 1194 2264 ,
1225 2198 1315 2271 qui
1360 2198 1605 2252 homines
1632 2198 1698 2253 ad
1745 2198 1883 2255 hanc
1910 2199 2152 2254 militiam

558 2292 764 2365 genuit,
808 2293 1090 2363 expeditos
1131 2291 1186 2346 in
1233 2291 1349 2348 acie
1399 2299 1566 2360 stare,
1599 2299 1655 2348 et
1697 2292 1918 2348 intentis
1957 2295 2155 2349 acriter

2269 1922 2380 1996 cias
2412 1923 2694 1993 temporali
2721 1923 2901 1994 gladio
2924 1936 3112 1995 regant
3146 1943 3160 1980 :
3194 1926 3289 1980 sed
3318 1938 3373 1980 ttt
3402 1925 3610 1981 infinita
3649 1937 3708 1982 et
3745 1943 3858 1998 per-

2268 2025 2424 2084 petua
2455 2025 2720 2086 potestate
2761 2017 3010 2072 dominos
3044 2033 3102 2074 se
3139 2018 3244 2074 dici
3283 2019 3452 2074 velint
3494 2021 3735 2077 universi
3770 2037 3859 2093 ge-

2265 2109 2410 2163 neris
2437 2109 2673 2164 humani.
2705 2110 2851 2178 Quos
2878 2121 3060 2166 autem
3086 2112 3206 2182 pios
3245 2111 3460 2177 viderit,
3492 2113 3655 2169 variis
3690 2115 3861 2185 impli-

2261 2211 2348 2254 cat
2371 2201 2754 2271 religionibus,
2784 2211 2842 2256 ut
2890 2203 3086 2273 impios
3113 2202 3296 2258 faciat.
3350 2203 3422 2259 lis
3459 2219 3624 2273 vero,
3653 2207 3746 2276 qui
3779 2221 3861 2261 sa-

2261 2295 2515 2364 pientiam
2543 2306 2810 2366 quarunt,
2845 2296 3238 2370 philosophiam
3291 2297 3347 2354 in
3376 2299 3563 2356 oculos
3593 2299 3859 2372 impingit;

1879 2429 1967 2485 VA
1980 2429 2242 2488 RIORUM
2282 2431 2512 2489 NOTAE.

633 2550 893 2609 Stationes
923 2549 1158 2622 agendaz.
1183 2547 1423 2622 Mimesis
1464 2563 1529 2603 ex
1566 2547 1885 2622 fragmento'
1905 2547 1973 2604 de
1996 2620 2002 2622 _
2023 2548 2159 2618 Rep.

561 2623 716 2682 Unde
742 2625 904 2678 etiam
931 2619 1036 2677 huc
1061 2632 1166 2686 est,
1198 2619 1341 2690 quod
1376 2620 1540 2675 Deum
1572 2621 1955 2692 imperatorem
1983 2620 2165 2692 (αὐτο-

561 2695 808 2774 κράτορα)
841 2695 1103 2748 nominat.
1152 2693 1228 2747 De
1272 2705 1380 2761 quo
1410 2706 1573 2762 supra
1607 2691 1751 2774 libro
1798 2707 1876 2756 ιιι,
1919 2691 2039 2759 cap.
2075 2693 2161 2748 18.

1711 2763 2041 2818 Βετυιι-ιιιιε.

638 2837 787 2894 Εο...
813 2834 1300 2908 promptius,quod.
1333 2835 1481 2891 Mttlti
1509 2833 1723 2908 quidem
1753 2835 1962 2908 scripti,
1995 2835 2047 2888 in
2082 2834 2166 2890 his

567 2909 747 2974 tht.,
799 2906 971 2977 Lips.,
1035 2907 1292 2972 Reimm.,
1336 2924 1460 2962 cum
1513 2906 1672 2962 editis
1701 2906 1984 2977 omnibus,
2033 2921 2162 2961 eo...

568 2975 879 3050 promptius,
894 2995 1026 3048 quo;
1053 2977 1148 3033 sed
1170 2978 1309 3033 edidi
1333 2996 1396 3033 ex
1429 2978 1702 3034 Guelferb.
1725 2987 1781 3033 et
1801 2975 1964 3032 Goth.
1995 2993 2167 3050 mem-

2269 2552 2524 2628 mendas,
2561 2569 2658 2624 pro
2688 2570 2860 2628 anno
2905 2555 3254 2613 effinxerunt.
3305 2556 3498 2612 lsidor.
3533 2557 3859 2628 Hispaletts..

2270 2625 2363 2698 lib.
2389 2640 2439 2698 γ.
2464 2697 2467 2698 ν
2491 2627 2794 2698 Etymolog.
2827 2643 2946 2698 cap.
2981 2630 3071 2696 36,
3111 2637 3166 2684 et
3191 2629 3301 2684 alii.
3343 2629 3492 2686 Idem
3525 2625 3749 2686 Servius
3799 2629 3861 2684 ad

2271 2695 2423 2763 illttd,
2459 2697 2493 2750 1.
2529 2695 2581 2750 vi.
2612 2695 2832 2754 )Ettéid.
2861 2717 2874 2754 :

2418 2815 2579 2865 Aditis
2597 2827 2705 2865 cum
2731 2815 2950 2868 lubricus
2971 2819 3148 2882 anguis
3173 2819 3234 2869 ab
3254 2819 3450 2871 imis....

2272 2923 2484 2975 Annum
2527 2931 2704 2977 autem
2750 2921 2909 2987 Jovi,
2957 2939 3172 2979 menses
3211 2923 3408 2980 Junoni
3455 2923 3861 2980 consecrabant.

2274 2992 2547 3066 Plutarch.
2577 2994 2892 3062 problemat.
2924 2994 3084 3050 Rom.
3115 3011 3237 3066 ca.p
3284 2997 3373 3059 77,
3413 3005 3734 3066 constatque
3773 2996 3864 3050 ini-

570 3049 753 3141 branis
785 3069 799 3104 :
832 3069 888 3105 eo
915 3050 1240 3141 'promptiu's,
1277 3051 1413 3141 qugd
1501 3052 1569 3141 ita
1609 3057 1884 3141 ttostech.
1920 3051 1953 3105 6
2000 3067 2013 3102 :
2059 3049 2168 3105 Fa-

2274 3064 2350 3118 tio
2388 3067 2544 3141 unius
2572 3049 2776 3141 {autum
2822 3067 3026 3122 mensis
3058 3049 3292 3141 spatium
3329 3049 3856 3131 ia'nnum'habuisse,

567 3125 774 3177 ciunt...
820 3119 981 3176 multa
1019 3119 1134 3191 quae
1185 3119 1304 3175 boni
1341 3121 1575 3190 faciunt,
1608 3137 1666 3174 eo
1702 3121 1906 3191 quidem
1955 3137 2166 3192 promp-

571 3195 691 3257 tius,
714 3193 858 3262 quod
891 3193 1105 3264 fallendi
1143 3192 1529 3263 gratiafaciunt.
1565 3193 1698 3248 BUN.

643 3266 840 3332 Quibus
866 3266 919 3318 id
939 3265 1238 3337 acquiritur.
1271 3264 1398 3320 Mss.
1423 3265 1458 3320 ὅ
1485 3281 1592 3321 rec.
1610 3307 1626 3333 ,
1657 3281 1757 3335 quo
1782 3264 1838 3318 id
1858 3265 2163 3336 acquiritur.

570 3337 710 3394 Editi
743 3346 887 3398 octo,
917 3353 1016 3407 quo
1051 3337 1106 3389 id
1131 3337 1444 3406 acquiratur.

642 3409 723 3462 Ad
762 3406 1102 3462 uniushostis
1136 3408 1376 3463 insidias.
1408 3406 1534 3463 Mss.
1570 3409 1596 3463 1
1625 3407 1753 3477 Reg.
1788 3417 1844 3463 et
1879 3407 2070 3473 Brttn.,
2101 3411 2169 3462 ad

571 3481 725 3549 hujus
751 3480 944 3543 hostis;
970 3478 1156 3543 Cauc.,
1192 3482 1216 3534 1
1256 3481 1410 3550 Reg.,
1438 3481 1479 3550 1
1521 3478 1760 3550 Colbert.
1784 3487 1839 3534 et
1864 3480 1894 3534 7
1921 3479 2072 3545 editi,
2102 3480 2171 3533 ad

571 3552 836 3606 invisibilis
890 3552 1082 3616 hostis;
1135 3551 1191 3622 ὅθ
1221 3549 1380 3622 Reg.,
1421 3549 1456 3603 4
1509 3549 1772 3614 Colbert.,
1824 3550 2168 3622 27Clarom.,

571 3624 728 3679 Cant.
759 3631 814 3678 et
837 3623 924 3679 ed.
952 3622 1111 3677 Rom.
1137 3621 1398 3688 M70,ad
1437 3623 1586 3676 unius
1613 3623 1689 3677 vel
1717 3621 1984 3676 invisibilis
2014 3621 2171 3677 hostis

575 3697 810 3750 insidias.

651 3765 716 3821 Ut
763 3764 1009 3835 voluptati
1051 3773 1106 3838 et
1154 3765 1377 3838 corpori.
1424 3765 1446 3820 1
1483 3765 1616 3836 Reg.
1657 3779 1769 3821 rec.
1807 3772 1861 3820 et
1890 3763 2086 3831 Brttn.,
2117 3775 2174 3820 ut

580 3838 830 3904 voluptati
857 3836 1087 3902 corporis
1128 3836 1416 3890 servientes.

612 3917 614 3920 ’
649 3909 812 3978 Inﬂat
851 3906 1230 3961 ambitionibus.
1258 3906 1334 3961 Ita
1363 3906 1670 3962 emendavi'
1691 3923 1754 3961 ex
1784 3906 2176 3978 antiquissimis

577 3989 631 4035 et
681 3975 898 4048 optimis
954 3992 1085 4032 mss.
1120 3979 1145 4032 1
1192 3978 1399 4032 Bonon.
1441 3979 1633 4047 antiq.,
1665 3978 1699 4032 5
1737 3978 1890 4044 Reg,
1924 3975 2115 4045 Cauc.,
2144 3981 2170 4034 1

580 4052 752 4120 Lips.,
785 4050 922 4114 Pal.,
953 4049 1116 4104 Brun.
1145 4059 1197 4103 et
1223 4049 1352 4104 edit.
1385 4049 1450 4120 Is.
1489 4052 1556 4104 At
1590 4051 1770 4118 scripti
1806 4051 1834 4102 7
1875 4049 2005 4120 Reg.
2040 4066 2174 4115 rec.,

581 4122 616 4178 6
647 4122 908 4180 Colbert..
934 4122 960 4176 1
992 4120 1229 4176 Clarom.
1257 4129 1312 4174 et
1351 4119 1418 4174 14
1455 4121 1593 4191 typis
1642 4121 1822 4174 excusi
1871 4123 2047 4175 ferunt
2098 4122 2179 4175 in-

579 4195 832 4264 ﬂammat,
861 4192 1005 4264 quod
1037 4207 1141 4246 non
1180 4195 1457 4264 convenit,
1503 4202 1559 4247 et
1584 4192 1694 4260 jam
1718 4206 1847 4264 mox
1902 4194 2180 4260 praecessit

581 4263 866 4336 inﬂammat
906 4268 996 4319 ira:
1025 4264 1320 4336 stimulisJ
1353 4263 1924 4336 Clarom.,inﬂuntntat
1948 4275 1993 4317 et
2018 4265 2178 4336 inﬂat

581 4335 959 4392 ambitionibus.
987 4365 1060 4376 —
1089 4336 1226 4389 Alios
1274 4335 1421 4404 inﬂat
1466 4335 1840 4388 ambitionibus.
1889 4335 1961 4388 Ita
2001 4335 2050 4403 _l.
2100 4350 2176 4402 Vl,

580 4423 632 4464 c.
661 4407 764 4463 24:
797 4407 1054 4475 Superbia
1086 4406 1310 4461 tumidus
1343 4407 1580 4466 infletur.
1616 4405 1729 4461 l.ib.
1761 4422 1851 4464 vn.
1883 4421 1932 4460 c.
1959 4406 1981 4460 1
2016 4447 2027 4458 .
2058 4408 2181 4460 Am-

581 4479 770 4535 bitione
795 4479 983 4547 inﬂati.
1015 4477 1172 4533 Conf.
1221 4489 1359 4544 not.,
1394 4480 1430 4533 l.
1465 4495 1517 4542 v,
1547 4493 1596 4533 c.
1624 4477 1716 4530 22.
1741 4477 2017 4548 Cyprium,
2050 4477 2086 4531 l.
2118 4493 2177 4539 tt,
2206 4478 2260 4538 D

583 4567 672 4621 ep.
712 4551 748 4605 2
779 4569 791 4605 :
836 4549 990 4604 lttllet
1014 4549 1281 4620 superbia,
1330 4550 1946 4621 iracundiaAinﬂammet.
1978 4549 2178 4621 Florali

586 4618 810 4678 numero
861 4618 1159 4674 ambitiones
1214 4622 1266 4675 in
1313 4620 1554 4676 Verrinis
1600 4618 1788 4677 Cicero
1827 4621 1986 4676 dixit.
2017 4619 2175 4676 Conf.

584 4693 759 4758 Lact.,
788 4693 822 4747 l.
848 4708 922 4757 tv,
945 4706 995 4747 c.
1021 4691 1111 4756 16,
1143 4691 1442 4758 injustilias.
1475 4692 1606 4746 Bon.

657 4765 727 4820 Et
764 4765 933 4820 annis.
979 4762 1287 4833 Legendutn
1322 4762 1458 4817 forte
1509 4779 1664 4817 anno.
1705 4763 1775 4816 Et
1811 4764 1960 4817 annis
1997 4779 2182 4817 nomen

587 4839 870 4905 imponant.
901 4835 1072 4902 Quam
1117 4835 1260 4888 varia
1306 4844 1361 4889 et
1407 4834 1685 4905 multiplex
1735 4835 1787 4887 in
1836 4834 2183 4888 numerandis

587 4904 700 4965 suis
724 4912 880 4964 annis
905 4907 1158 4963 Vetustas
1187 4905 1366 4971 fuerit,
1389 4920 1643 4960 enarrare
1667 4904 1752 4958 hic
1779 4905 1994 4974 longum
2023 4906 2178 4959 foret.

587 4981 950 5037 Consulantur
1011 4979 1072 5034 D.
1134 4978 1440 5048 Augustin.,
1484 4977 1571 5031 lib.
1622 4991 1694 5030 xu
1737 4975 1806 5030 de
1848 4975 2008 5048 Civit.
2045 4977 2180 5048 "Dei,

587 5068 707 5123 cap.
738 5053 825 5118 10;
855 5063 907 5107 et
939 5051 1131 5123 lib.ng
1177 5045 1422 5123 ejusdem
1452 5049 1651 5123 operis,
1681 5062 1799 5123 cap.
1833 5045 1922 5102 M.
1950 5047 2013 5123 AC.
2041 5047 2180 5102 Plin.

591 5118 682 5178 lib.
721 5139 814 5187 vn,
854 5140 974 5192 cap.
1032 5121 1124 5177 48.
1172 5123 1237 5175 Α.
1290 5119 1457 5185 Gel|.,
1505 5120 1593 5175 lib.
1647 5135 1703 5173 ιιι
1749 5119 1902 5192 Noct.
1933 5118 2181 5192 Attica_r.,

592 5211 712 5265 cap.
739 5195 829 5250 48.
861 5190 1186 5251 Censorinus
1210 5193 1278 5247 de
1302 5192 1396 5247 Die
1419 5191 1591 5265 Natali
1617 5232 1633 5257 ,
1663 5207 1782 5265 cap.
1814 5190 1882 5265 15
1909 5200 1962 5244 et
1979 5190 2184 5265 _(_:_0pio_-

589 5260 721 5321 sitis.
761 5265 878 5322 Jan.
910 5266 1194 5331 Parrhas.,
1240 5265 1396 5335 epist.
1427 5264 1515 5319 6'5.
1553 5262 1671 5319 Pet.
1713 5262 1954 5335 Nannius
1979 5260 2188 5335 Miscel-

591 5336 819 5404 laneor.,
849 5338 941 5393 lib.
970 5353 1022 5400 v,
1065 5351 1183 5405 cap.
1213 5331 1482 5390 7.'Carol.
1516 5335 1700 5404 Sigon.
1721 5375 1736 5398 ,
1767 5333 1878 5405 lib.
1900 5348 1958 5405 tt.
1989 5331 2189 5405 Emen-

591 5407 920 5535 (Elqump.
966 5409 1055 5464 16.
1096 5403 1317 5462 Servius
1363 5403 1668 5462 Honoratus
1714 5404 1780 5458 ad
1829 5403 1982 5470 illud,
2031 5403 2126 5458 lib.
2170 5417 2189 5459 ι

670 5496 755 5535 net
799 5520 812 5534 .
1547 5509 1554 5516 -

670 5496 812 5535 netu.
1547 5509 1554 5516 -

719 5569 938 5634 Triginta
961 5574 1147 5636 magnis
1170 5571 1422 5624 volvendis
1445 5571 1700 5622 mensibus
1717 5570 1880 5620 orbes.

593 5678 662 5733 Et
700 5675 860 5748 primi
900 5677 1204 5750 mortalium
1243 5677 1481 5750 Egyptii
1523 5686 1648 5733 ante
1694 5692 1847 5732 usum
1891 5675 2190 5750 litterarum

596 5751 916 5810 inventum,
969 5747 1256 5805 draconem
1308 5747 1404 5805 ore
1455 5749 1687 5806 caudam’
1724 5752 2080 5812 retinentem,
2125 5747 2193 5802 ad

607 5829 787 5886 motus
831 5821 1136 5894 reciprocos
1177 5831 1446 5879 astrorum
1484 5831 1538 5879 et
1579 5821 1982 5878 vicissitudines
2015 5818 2196 5892 expri-

2271 3151 2427 3206 quem
2451 3135 2574 3206 quia
2602 3136 2668 3190 ad
2693 3138 2832 3192 lunae
2875 3135 3103 3192 cursum
3118 3139 3496 3201 metiebantur,
3525 3141 3866 3207 tunanmap-

2272 3207 2564 3334 Rﬂlahant.
2597 3207 2752 3264 Joan.
2792 3207 3011 3264 Jovian.
3062 3209 3291 3266 Pontan.
3330 3211 3422 3266 lib.
3455 3225 3491 3264 ιι
3518 3209 3776 3276 Uraniae,
3806 3209 3867 3265 de

2357 3295 2422 3334 na
2455 3296 2468 3333 :

2357 3295 2468 3334 na:

3145 3397 3362 3449 Orbibus
3382 3397 3532 3448 orbes

2398 3457 2568 3521 Mutat,
2595 3471 2752 3523 agens
2780 3462 2980 3522 circum,
3007 3468 3059 3511 et
3099 3473 3299 3523 parvum
3333 3461 3640 3511 convertitur
3673 3470 3860 3510 annum.

2276 3564 2684 3636 Aliiﬁbimestris
2710 3565 2883 3636 spatio
2909 3581 3109 3620 annum
3143 3565 3498 3620 terminabant
3519 3605 3536 3630 ,
3567 3565 3713 3620 inter
3731 3576 3856 3636 quos

2275 3649 2329 3691 et
2352 3635 2611 3708 Egyptii.
2639 3635 2782 3692 Idem
2815 3637 3093 3693 Pontanus
3120 3637 3312 3693 eodem
3342 3635 3463 3692 loco
3499 3653 3512 3689 :

2401 3751 2596 3816 [Egypti
2622 3753 2830 3816 primum
2851 3759 3054 3803 veteres
3077 3751 3247 3804 fecere
3270 3753 3582 3804 bimestrem.

2279 3880 2443 3937 Iidem
2477 3880 2551 3934 illi
2581 3878 2818 3952 Egyptii
2849 3879 3114 3935 interdum
3148 3879 3200 3935 in
3226 3889 3334 3936 tres
3363 3895 3600 3952 menses,
3629 3881 3864 3952 aliquan-

2279 3955 2348 4007 do
2379 3953 2434 4006 in
2467 3951 2702 4021 quatuor
2731 3967 2929 4006 annum
2972 3966 3130 4006 suum
3176 3953 3449 4008 secabant.
3494 3951 3771 4010 Plutarch.
3815 3955 3864 4008 in

2280 4024 2470 4080 Numa.
2507 4023 2670 4078 Cares
2697 4031 2752 4078 et
2787 4022 3100 4094 Acarnanes
3131 4039 3229 4094 sex
3255 4023 3518 4078 mensium
3561 4026 3739 4094 spatio
3775 4041 3864 4079 an-

2282 4111 2408 4149 num
2427 4094 2769 4149 claudebant.
2785 4093 3070 4148 Censorio.
3104 4093 3272 4149 lib.de
3299 4094 3385 4149 die
3411 4093 3618 4159 Natali,
3644 4095 3862 4164 cap.i9,

2282 4178 2338 4220 ttt
2373 4173 2428 4220 et
2463 4164 2672 4220 Hebraei
2714 4165 2780 4220 ad
2819 4166 2960 4219 luna:
2997 4173 3201 4221 motum
3241 4181 3442 4221 annum
3483 4181 3578 4221 sex
3607 4168 3866 4223 mensium

2283 4237 2532 4302 effecere,
2579 4235 2732 4292 Sttid.
2768 4237 2819 4290 in
2863 4251 2994 4308 voce
3047 4238 3309 4304 ἐνιαυτὸς,
3355 4253 3542 4291 annus.
3592 4236 3865 4308 Atqueihi

2283 4309 2500 4378 quidem
2534 4323 2630 4376 pro
2667 4323 2880 4363 summo
2909 4307 3019 4362 Deo
3057 4309 3235 4362 lunam
3287 4307 3718 4373 venerabantur;
3757 4307 3868 4363 ideo

2284 4380 2350 4434 ad
2396 4379 2639 4448 ejusdem
2683 4394 2897 4434 cursum
2937 4393 3108 4434 annos
3149 4394 3276 4434 suos
3311 4380 3864 4436 circutnscribebant:

2285 4451 2402 4505 aliis
2423 4451 2580 4505 aliter
2606 4453 2811 4516 visum,
2839 4453 2930 4520 qui
2957 4451 3256 4506 caelestium
3285 4449 3518 4506 siderum
3553 4451 3747 4507 ducem
3778 4450 3869 4506 So-

2283 4524 2390 4578 lem
2431 4532 2767 4592 agnoveruut
2787 4521 3092 4593 ,uejusque,
3121 4524 3408 4577 metientes
3449 4536 3638 4578 cursus
3663 4565 3678 4588 ,
3708 4535 3870 4593 annos

2283 4608 2412 4722 figis
2439 4591 2505 4648 ad
2519 4602 2743 4719 ἒοιιιᾶη
2785 4591 2928 4647 illius
2967 4591 3394 4649 conformabunt.
3428 4593 3583 4649 Serv.
3632 4593 3704 4650 ad
3747 4591 3865 4650 illud

2309 4683 2318 4720 I
2367 4705 2380 4720 .
2410 4681 2486 4720 ιιι.
2593 4680 2674 4719 net
2722 4705 2734 4718 .
2781 4681 2794 4718 :

2309 4680 2380 4720 ID.
2410 4681 2486 4720 111.
2519 4680 2734 4719 [13118111.
2781 4681 2794 4718 Ζ

2413 4781 2611 4831 Interea
2633 4790 2864 4842 magnum
2885 4779 2959 4831 sol
2981 4781 3371 4832 circumvertitur
3404 4795 3599 4832 annum.

2287 4921 2357 4931 ——
2394 4889 2460 4944 Ut
2493 4893 2654 4960 fastos
2678 4888 2912 4960 signent,
2963 4898 3011 4943 et
3039 4889 3188 4960 annis
3217 4905 3400 4944 nomen
3439 4890 3728 4959 imponant.
3762 4887 3873 4960 Agit

2290 4957 2705 5032 Lactantiusde
2727 4957 2803 5016 iis
2835 4975 2970 5032 quos
2999 4959 3206 5015 inﬂavit
3235 4960 3308 5016 ita
3345 4957 3568 5016 ambitio
3588 5001 3604 5023 ,
3661 4969 3720 5015 ut
3747 4957 3872 5032 nihil

2289 5034 2524 5102 cogitent
2567 5031 2711 5087 aliud
2757 5030 2918 5103 quam
2960 5043 3020 5087 ut
3080 5043 3272 5104 gerant
3323 5033 3706 5103 magistratus,
3751 5030 3874 5084 tales

2291 5104 2546 5166 maxime,
2577 5105 2772 5174 quibus
2803 5103 3361 5175 Fastorutusignandi
3406 5115 3461 5160 et
3489 5104 3645 5159 anuis
3688 5115 3874 5158 nomen

2291 5173 2609 5244 imponendi
2628 5177 2762 5230 ralio
2787 5175 3040 5243 adjuncta
3071 5173 3205 5240 fuit';
3240 5176 3290 5230 id
3321 5184 3422 5240 est,
3456 5176 3565 5245 agit
3594 5175 3660 5229 de
3689 5187 3872 5228 consu-

2293 5246 2461 5312 libus,
2511 5245 2580 5302 de
2625 5246 2820 5316 quibus
2862 5245 3007 5301 Fasti
3051 5248 3363 5302 consulares
3403 5247 3571 5314 dicti,
3617 5245 3874 5316 iidemque

2292 5318 2547 5373 consules
2568 5314 2723 5372 anuis
2765 5333 2960 5373 nomen
3003 5317 3371 5388 imponebant.
3419 5321 3556 5386 Apte
3585 5318 3786 5373 Seneca
3812 5314 3876 5368 de

2293 5388 2375 5444 Ira
2417 5389 2554 5444 libro
2594 5389 2766 5458 primo
2808 5399 3040 5445 exeunte
3077 5408 3090 5443 :
3137 5388 3357 5444 Ambitio
3402 5407 3502 5444 non
3539 5400 3610 5444 est
3648 5395 3875 5443 contenta

2295 5460 2572 5515 honoribus
2623 5462 2843 5526 annuis;
2887 5462 2933 5515 si
2979 5461 3090 5530 ﬁeri
3120 5471 3309 5532 potest,
3347 5477 3453 5516 uno
3485 5460 3699 5532 nomine
3728 5474 3873 5512 occu-

2295 5548 2420 5601 pare
2447 5534 2613 5588 fastos
2645 5531 2772 5598 vult,
2814 5549 2904 5602 per
2933 5531 3132 5588 omnem
3172 5535 3342 5587 orbem
3384 5533 3562 5586 titulos
3592 5531 3871 5601 disponere.

2295 5604 2598 5670 Salvianus,
2631 5603 2722 5658 lib.
2754 5620 2824 5666 νι.
2858 5603 2924 5659 ed
2954 5604 3157 5669 Brem.,
3183 5619 3237 5675 p.
3272 5603 3410 5660 106:
3441 5602 3611 5670 Quum
3631 5607 3737 5675 hinc
3764 5614 3872 5654 om-

2297 5676 2384 5729 nia
2410 5676 2510 5745 ipsi
2543 5675 2837 5748 (consules)
2864 5687 3051 5747 agant,
3081 5676 3166 5742 qui
3185 5671 3352 5731 ’annis
3381 5676 3587 5731 nomina
3625 5671 3872 5736 tribuunt,

2299 5757 2345 5802 et
2375 5748 2611 5818 aquibus
2636 5749 2759 5802 anni
2785 5748 2884 5818 ipsi
2913 5748 3174 5802 exordium
3200 5757 3422 5802 sumant.
3450 5754 3454 5758 '

2380 5810 2550 5875 Variis
2578 5810 2826 5893 implicat.
2866 5820 2956 5882 Sic
2996 5819 3116 5893 lego
3159 5834 3283 5877 cum
3327 5834 3458 5880 mss.
3499 5810 3874 5894 antiquissimis
