4090 6354
465 304 570 368 651

1571 298 1759 361 FIRM.
1802 292 2173 357 LACTANTII
2213 293 2419 357 DIVIN.
2449 294 2695 357 lNSTlT.

3675 300 3786 364 652

464 428 590 501 quia
619 426 791 499 posita
824 430 906 482 est
946 422 1001 480 in
1026 420 1312 480 audiendo.
1354 419 1539 481 Virtus
1581 430 1690 479 tota
1726 429 1909 479 nostra
1952 429 2070 489 est,
2099 421 2152 482 A
2177 418 2314 474 iram
2336 418 2612 489 cohibere,
2641 415 2990 492 cupiditatem
3012 430 3380 493 compescere,
3398 418 3670 482 libidinem
3690 440 3787 482 re-

465 523 587 594 quia
615 521 785 595 posita
817 527 899 581 est
928 517 980 574 in
1012 518 1287 583 voluntate
1312 515 1542 574 faciendi
1573 515 1718 573 boni.
1753 515 1905 572 Sicut
1939 528 2070 585 ergo

465 613 518 668 in
553 612 746 669 itinere
771 608 1098 667 celebrando
1142 608 1275 666 nihil
1306 608 1527 689 prodest
1564 607 1705 664 viam
1735 622 1898 675 nosse
1917 648 1933 681 ,
1964 606 2070 669 nisi

464 717 688 763 conatus
747 721 811 763 ac
874 705 1017 767 vires
1065 713 1354 778 suppetant
1400 704 1712 764 ambulandi
1755 721 1769 759 :
1819 702 1890 759 ita
1937 715 2069 758 vero

462 801 687 858 scientia
736 799 873 855 nihil
921 799 1177 873 prodest,
1239 800 1286 857 si
1330 799 1502 855 virtus
1561 797 1778 871 propria
1831 794 2064 853 deficiat.

461 896 599 959 Nam
636 894 750 955 fere
784 896 949 953 etiam
977 896 1013 952 ii
1060 896 1151 969 qui
1191 904 1449 968 peccant,
1478 903 1533 951 et
1574 894 1623 949 si
1651 909 1758 950 non
1788 892 2063 965 perfecte,

462 1002 645 1051 tamen
671 989 800 1063 quid
844 990 915 1047 sit
940 991 1142 1048 bonum
1190 998 1246 1048 et
1287 989 1487 1045 malum
1531 987 1799 1055 sentiunt;
1832 994 1887 1041 et
1933 997 2068 1056 quo-

460 1086 567 1147 ties
607 1085 809 1158 aliquid
859 1085 1107 1157 improbe
1154 1083 1387 1153 faciunt,
1430 1096 1660 1156 peccare
1701 1096 1760 1136 se
1787 1079 1966 1136 sciunt
2011 1084 2067 1132 et

460 1180 588 1243 ideo
641 1180 824 1237 celare
868 1180 1132 1236 nituntur.
1193 1177 1301 1235 Sed
1348 1192 1471 1234 cum
1530 1190 1626 1232 eos
1674 1172 1801 1231 boni
1842 1181 1897 1228 et
1939 1169 2067 1225 mali

459 1279 653 1330 natura
680 1288 790 1330 non
819 1270 1002 1339 fallat,
1034 1270 1327 1343 cupiditate
1366 1269 1505 1325 mala
1531 1269 1820 1324 vincuntur
1848 1272 1909 1320 ut
1940 1277 2068 1336 pec-

459 1374 616 1435 cent,
649 1366 772 1438 quia
810 1365 966 1423 deest
990 1366 1096 1421 illis
1126 1366 1329 1433 virtus,
1361 1364 1412 1421 id
1443 1372 1527 1421 est
1550 1361 1814 1435 cupiditas
1839 1368 1985 1417 recta
2011 1366 2068 1414 et

459 1462 688 1522 honesta
714 1461 977 1535 {faciendL
1010 1461 1093 1518 Ex
1131 1461 1235 1518 hoc
1274 1460 1434 1532 igitur
1474 1466 1733 1530 apparet,
1771 1453 1917 1511 aliud
1943 1466 2067 1510 esse

458 1556 742 1614 scientiam
772 1555 900 1611 boni
946 1555 1200 1627 malique,
1230 1551 1374 1609 aliud
1402 1552 1679 1617 virtutem,
1722 1547 1864 1620 quod
1889 1552 2068 1618 potest

461 1665 586 1709 esse
614 1650 838 1706 scientia
865 1650 982 1705 sine
1019 1648 1248 1716 virtute,
1292 1646 1431 1703 sicut
1458 1645 1514 1701 in
1549 1642 1800 1716 plurimis
1828 1639 2067 1712 philoso-

458 1744 692 1816 phorum
722 1744 838 1801 fuit.
862 1744 920 1800 in
947 1758 1083 1816 quo,
1115 1744 1367 1815 quoniam
1396 1749 1542 1797 recte
1566 1739 1633 1795 ad
1659 1738 1872 1810 culpam
1899 1735 2068 1808 perti-

2173 512 2420 582 frenare;
2451 514 2504 572 id
2525 523 2608 572 est
2648 515 2814 583 enim,
2839 514 3026 577 vitium
3051 515 3253 590 fugere.
3278 518 3412 576 Nam
3440 518 3553 579 fere
3572 521 3784 594 omnia,

2173 622 2292 678 quae
2309 606 2441 664 ﬁunt
2458 608 2655 681 injuste
2677 617 2838 681 atque
2860 609 3127 682 improbe,
3148 611 3217 668 ab
3244 610 3328 667 his
3347 611 3594 670 oriuntur
3613 613 3783 673 aﬂ'ec-

2176 698 2340 757 tibus.
2390 702 2446 758 Si
2473 702 2618 758 enim
2646 703 3024 760 commotionis
3053 703 3245 777 hujus,
3275 721 3395 779 qua:
3420 706 3500 767 ira
3547 706 3785 781 dicitur,

2172 796 2405 867 impetus
2450 796 2801 867 retundatur,
2847 813 3037 856 omnes
3080 798 3362 865 hominum
3401 803 3787 861 contentiones

2172 892 2329 949 maiae
2368 893 2681 965 sopientur;
2718 909 2876 953 nemo
2917 894 3295 966 insidiabitur,
3340 912 3501 953 nemo
3542 897 3791 967 prosiliet

2170 986 2239 1042 ad
2267 986 2589 1044 nocendum.
2641 988 2773 1045 item
2818 989 2865 1045 sl
2911 987 3179 1061 cupiditas
3226 998 3574 1061 temperetur,
3618 1004 3789 1048 nemo

2172 1087 2315 1135 terra
2344 1079 2589 1151 marique
2618 1080 2972 1151 grassabitur,
2999 1096 3163 1143 nemo
3184 1083 3485 1143 exercitum
3511 1082 3696 1152 ducet,
3730 1092 3793 1141 ut

2170 1175 2344 1245 rapiat
2366 1184 2421 1231 et
2448 1184 2624 1235 vastat.
2650 1176 2847 1237 aliena.
2890 1175 3025 1235 ltem
3053 1176 3101 1235 si
3124 1176 3291 1239 ardor
3317 1178 3603 1243 libidinum
3630 1194 3790 1237 com-

2170 1266 2453 1339 primatur,
2480 1269 2655 1326 omnis
2680 1278 2812 1327 aetas
2838 1277 2895 1327 et
2924 1285 3089 1329 sexus
3118 1271 3375 1328 retinebit
3398 1287 3550 1330 suam
3576 1273 3789 1337 sancti-

2170 1370 2372 1432 tatem;
2414 1378 2575 1425 nemo
2602 1365 2892 1437 quidquam
2932 1364 3241 1438 pudendum
3268 1374 3362 1425 aut
3388 1368 3628 1440 patietur
3646 1408 3663 1437 ,
3690 1375 3791 1426 aut

2173 1456 2356 1515 faciet.
2401 1458 2546 1533 Ergo
2586 1460 2835 1517 universa
2872 1460 3080 1518 scelera
3104 1470 3159 1519 et
3185 1460 3407 1535 ﬂagitia,
3434 1461 3522 1519 his
3544 1476 3793 1519 commo-

2173 1549 2407 1607 tionibus
2434 1553 2632 1610 virtute
2654 1552 2878 1620 sedatis,
2904 1568 2974 1611 ex
2997 1552 3272 1611 hominum
3297 1554 3406 1611 vita
3433 1554 3793 1629 moribusque

2173 1643 2448 1703 tollentur.
2493 1644 2625 1717 Quae
2668 1646 2879 1705 sedatio
2915 1647 3341 1705 commotionum
3390 1656 3449 1706 et
3487 1647 3788 1707 affectuum

2172 1736 2313 1794 hanc
2341 1738 2505 1797 habet
2527 1740 2816 1810 rationem,
2844 1749 2903 1798 ut
2922 1746 3101 1801 omnia
3129 1751 3277 1801 recta
3304 1741 3586 1803 faciamus.
3609 1742 3792 1802 Omne

459 1847 575 1906 net,
602 1853 712 1896 non
744 1837 935 1894 fecisse
960 1853 1080 1909 qua:
1108 1836 1313 1902 scieris,
1343 1844 1491 1892 recte
1519 1832 1769 1889 voluntas
1795 1846 1982 1902 prava,
2011 1838 2067 1887 et
2093 1840 2143 1903 Β
2172 1832 2331 1904 igitur
2355 1833 2569 1891 virtutis
2588 1834 2828 1893 officium
2848 1847 2951 1905 est,
2981 1852 3088 1895 non
3118 1851 3368 1909 peccare.
3390 1837 3508 1908 Quo
3535 1836 3790 1910 profecto

460 1931 690 1991 vitiosus
715 1932 948 2002 animus,
977 1947 1137 2004 quem
1158 1943 1420 1986 excusare
1442 1928 1706 2000 ignoratio
1728 1941 1836 1982 non
1864 1933 2061 1997 potest,

462 2025 735 2098 punietur.
763 2024 908 2097 Ergo
931 2024 1071 2081 sicut
1093 2023 1267 2080 virtus
1295 2038 1402 2078 non
1424 2031 1509 2078 est
1539 2020 1738 2077 bonum
1769 2035 1833 2077 ac
1860 2019 2062 2074 malum

459 2120 602 2178 scire
628 2136 642 2172 :
666 2118 739 2175 ita
756 2118 927 2174 virtus
948 2125 1032 2173 est
1057 2117 1261 2174 bonum
1282 2115 1481 2182 facere,
1504 2113 1704 2169 malum
1728 2127 1834 2169 non
1860 2110 2059 2168 facere.

460 2209 531 2271 Et
569 2219 751 2269 tamen
792 2209 1016 2267 scientia
1045 2211 1125 2267 sic
1165 2224 1290 2265 cum
1315 2209 1514 2265 virtute
1542 2205 1828 2277 conjuncta
1856 2212 1974 2273 est,
2005 2212 2065 2261 ut

461 2307 688 2367 scientia
736 2306 1005 2378 praecedat
1047 2306 1325 2374 virtutem,
1372 2304 1542 2361 virtus
1581 2310 1839 2375 sequatur
1882 2300 2063 2357 scien-

460 2402 592 2465 tiam
618 2416 637 2469 ι
665 2400 791 2473 quia
819 2399 951 2457 nihil
972 2401 1193 2472 prodest
1219 2400 1478 2473 cognitio,
1502 2398 1607 2455 nisi
1633 2404 1690 2455 et
1715 2397 1856 2454 actio
1874 2394 2065 2453 subse-

461 2504 676 2568 quatur.
704 2494 957 2553 Horatius
981 2496 1144 2568 igitur
1164 2497 1325 2568 paulo
1352 2496 1578 2563 melius;

580 2624 754 2690 Yirtus
777 2632 873 2688 est,
895 2625 1071 2690 vitium
1085 2622 1300 2689 fugere;
1328 2632 1383 2681 et
1404 2624 1651 2690 sapientia
1670 2625 1843 2688 prima,

585 2684 804 2740 Stultitia
820 2684 1063 2740 caruisse.

459 2791 569 2850 Sed
597 2793 803 2865 inepte,
833 2792 978 2866 quod
1007 2807 1128 2850 eam
1154 2793 1429 2850 contrario
1459 2793 1795 2864 terminavit;
1825 2802 1883 2851 ut
1903 2794 1948 2852 si
1975 2794 2062 2856 di.-

459 2895 612 2944 ceret
640 2905 653 2941 :
686 2887 898 2945 Bonum
925 2895 1008 2947 est
1026 2931 1042 2959 ,
1071 2887 1219 2961 quod
1247 2887 1450 2947 malum
1485 2904 1595 2947 non
1622 2897 1723 2949 est.
1752 2887 1890 2948 Cum
1918 2892 2064 2950 enim

455 2978 589 3053 quid
631 2982 703 3038 sit
750 2983 942 3052 virtus,
985 2983 1192 3051 nescio,
1237 2998 1308 3041 ne
1346 2983 1537 3040 vitium
1567 2983 1784 3057 quidem
1813 2984 1942 3057 quid
1971 2986 2061 3054 sit,

460 3074 594 3130 scio.
627 3072 931 3149 Utrumque
957 3077 1119 3149 igitur
1140 3077 1343 3150 indiget
1364 3077 1698 3145 definitione,
1725 3079 1847 3152 quia
1871 3088 2064 3138 natura

2167 1924 2316 1997 fungi
2345 1941 2452 1982 non
2478 1936 2676 1999 potest,
2706 1930 2798 2000 qui
2840 1928 3011 1984 Deum
3044 1930 3216 1991 nescit
3242 1947 3255 1982 :
3283 1930 3538 2001 quoniam
3566 1930 3791 2002 ignora-

2169 2020 2244 2077 tio
2269 2021 2407 2093 ejus,
2438 2037 2466 2076 a
2494 2038 2604 2093 quo
2630 2022 2770 2079 bona
2793 2024 3065 2091 oriuntur,
3089 2024 3487 2096 imprudentem
3515 2024 3790 2099 impingat

2166 2115 2221 2170 in
2243 2117 2370 2172 vitia
2397 2132 2623 2176 necesse
2648 2126 2751 2177 est.
2776 2118 2959 2192 Itaque
2982 2129 3044 2183 ut
3065 2119 3283 2181 brevius
3305 2128 3360 2178 et
3384 2120 3786 2192 significantius

2168 2211 2446 2283 utriusque
2471 2214 2551 2270 rei
2574 2229 2786 2275 summa
2811 2213 2988 2271 ofﬁcia
3015 2213 3401 2282 determinem,
3428 2216 3657 2272 scientia
3678 2224 3790 2286 est,

2166 2305 2335 2365 Deum
2364 2322 2549 2375 nosse,
2574 2309 2766 2379 virtus,
2798 2309 3021 2369 colere:
3054 2309 3109 2369 in
3143 2309 3239 2375 illo
3275 2310 3567 2383 sapientia,
3594 2309 3651 2373 in
3676 2309 3791 2371 hoc

2160 2401 2368 2473 justitia
2410 2403 2741 2467 continetur.

2782 2561 3011 2622 CAPUT
3051 2563 3141 2621 VI.

2289 2717 2370 2775 De
2408 2735 2609 2778 summa
2649 2721 2779 2779 bona
2823 2732 2873 2781 et
2908 2722 3130 2792 virtute;
3159 2722 3321 2797 deque
3347 2723 3563 2791 scientia
3604 2741 3668 2787 ac

2858 2818 3088 2888 justitia.

2240 2994 2392 3064 Dixi,
2415 2993 2560 3067 quod
2596 3003 2716 3053 erat
2743 2995 2978 3069 primum
2997 3038 3012 3066 ,
3045 2997 3329 3059 scientiam
3359 2997 3488 3056 boni
3524 3013 3638 3057 non
3664 3012 3791 3058 esse

2167 3088 2457 3158 virtutem;
2490 3090 2687 3150 deinde
2710 3092 2838 3165 quid
2860 3093 2932 3149 sit
2957 3092 3151 3162 virtus,
3175 3104 3230 3153 et
3253 3094 3309 3151 in
3331 3109 3440 3169 quo
3468 3094 3557 3151 sit.
3591 3092 3787 3159 Sequi-

456 3168 538 3225 rei
567 3167 687 3227 talis
715 3177 820 3239 est,
853 3181 911 3231 ut
934 3179 1223 3242 utrumque
1252 3179 1347 3228 aut
1375 3171 1622 3243 intelligi,
1644 3180 1735 3229 aut
1760 3188 1868 3231 non
1903 3174 2064 3235 intel-
2098 3249 2132 3258 -
2169 3190 2276 3250 tur,
2310 3194 2368 3238 ut
2393 3180 2445 3238 id
2475 3199 2691 3257 quoque
2733 3183 2932 3256 ipsum,
2963 3185 3097 3258 quid
3140 3187 3211 3243 si;
3251 3187 3455 3245 bonum
3484 3195 3541 3244 et
3579 3185 3787 3243 malum

458 3261 549 3336 iigi
577 3264 649 3321 sit
676 3282 918 3324 necesse.

534 3357 734 3418 Verum
762 3376 863 3420 nos
889 3361 1170 3431 faciamus,
1198 3359 1342 3434 quod
1381 3360 1473 3418 ille
1511 3360 1713 3419 debuit.
1747 3362 1929 3421 Virtus
1955 3374 2059 3436 est,

2088 3249 2133 3315 Ο
2168 3249 2404 3332 nescisse
2431 3249 2812 3348 philosophos,
2844 3249 3083 3335 brtaviter
3119 3278 3433 3348 ostendam,
3464 3279 3590 3351 quia
3638 3293 3783 3352 pene

2168 3368 2500 3427 declaratum
2525 3380 2609 3429 est
2625 3371 2763 3429 libro
2793 3373 2974 3444 tertio,
3001 3388 3125 3439 cum
3146 3372 3215 3432 de
3242 3372 3467 3442 Summo
3492 3372 3648 3439 Bono
3675 3371 3787 3435 dis-

1794 3502 2161 3565 VARIORUM
2198 3507 2429 3566 NO'UE.

538 3650 712 3706 Virtus
744 3655 850 3704 tota
876 3653 1049 3702 nostra
1076 3652 1171 3700 est.
1199 3644 1335 3701 Rem
1364 3641 1566 3714 alioqui
1591 3658 1777 3700 veram
1806 3643 1965 3702 docet
1995 3661 2063 3703 ex

459 3721 821 3780 fundamentis
847 3733 1036 3791 parum
1067 3717 1274 3791 solidis.
1308 3715 1438 3791 Nam
1474 3715 1670 3791 Paulus
1703 3716 1917 3791 volebat
1939 3720 2063 3789 qui-

458 3796 583 3852 dem
626 3806 771 3848 recte
815 3787 1025 3856 facere,
1070 3789 1310 3846 dictante
1356 3787 1460 3843 hoc
1503 3789 1698 3858 spiritu
1733 3805 1746 3842 :
1793 3788 1890 3844 sed
1927 3787 2066 3859 prae-

461 3866 636 3923 standi
667 3864 969 3919 facultatem
1012 3862 1065 3916 in
1105 3876 1166 3916 se
1205 3877 1310 3915 non
1342 3860 1677 3926 inveniebat;
1719 3862 1857 3922 sicut
1899 3864 2063 3917 etiam

458 3938 623 3995 Petro
643 3952 770 3992 caro
788 3945 842 3991 et
865 3934 1082 4005 sanguis
1102 3948 1288 4005 veram
1305 3933 1623 4003 sapientiam
1647 3948 1753 3989 non
1782 3934 2062 4005 revelave-

460 4021 604 4066 rant.
627 4008 807 4078 Quare
827 4007 896 4078 ita
920 4004 1264 4078 statuendum
1275 4013 1396 4078 est;
1419 4006 1673 4060 virtutem
1698 4016 1753 4060 et
1781 4004 2060 4078 scientiam

458 4081 612 4153 juxta
631 4075 682 4135 in
698 4077 920 4153 homine
940 4076 1023 4131 vel
1049 4092 1190 4153 esse,
1206 4075 1425 4153 ve|__non
1440 4090 1589 4153 esse.
1608 4078 1701 4131 Est
1723 4076 1865 4132 enim
1888 4080 1942 4133 in
1960 4078 2060 4153 lin-

464 4147 612 4209 inine
632 4152 872 4208 scientiae
902 4150 1108 4215 lumen,
1136 4149 1179 4202 si
1201 4148 1415 4204 emlitus
1434 4147 1594 4202 fuerit
1619 4163 1905 4204 accensum
1945 4169 1958 4205 :
1988 4150 2061 4205 ita

462 4226 634 4280 virtus
660 4238 789 4280 vera
821 4222 874 4277 in
914 4221 1068 4276 nobis
1103 4235 1210 4276 non
1254 4228 1371 4284 est,
1413 4220 1513 4275 nisi
1546 4220 1728 4275 divino
1758 4222 1979 4277 numine
2008 4223 2061 4276 in

463 4297 622 4353 nobis
649 4296 880 4351 excitata
912 4311 926 4346 :
958 4307 1080 4362 qua
1121 4303 1299 4347 tamen
1323 4333 1338 4358 ,
1367 4290 1495 4346 dum
1532 4292 1585 4346 in
1614 4291 1714 4347 bac
1740 4307 1903 4351 carne
1931 4293 2066 4348 vivi—

466 4382 607 4436 mus,
639 4368 712 4423 ita
740 4364 1027 4423 imbecillis
1051 4372 1154 4432 est,
1183 4374 1243 4420 ut
1268 4366 1325 4436 in
1360 4362 1611 4436 conﬂictu
1647 4379 1793 4434 saepe
1817 4379 2067 4422 succum-

464 4439 588 4520 bat;
614 4454 789 4510 neque
813 4438 1103 4520 quidquam
1143 4435 1357 4493 roboris
1385 4435 1569 4505 habet,
1599 4436 1701 4492 nisi
1732 4437 1891 4494 fuerit
1929 4438 2068 4493 divi—

465 4513 612 4567 nitus
631 4509 1047 4580 suppeditatum.

546 4603 789 4660 Faciendi
815 4602 951 4656 boni.
984 4601 1076 4673 Sic
1103 4602 1313 4661 restitui
1340 4617 1410 4657 ex
1437 4611 1667 4673 quatuor
1693 4603 2074 4665 vetustissimis

467 4676 792 4747 optimisque
822 4690 952 4747 mss.
986 4673 1010 4727 1
1040 4672 1274 4747 Bo_uou.,
1301 4673 1337 4727 2
1362 4672 1519 4747 Reg.,
1550 4674 1718 4747 Cane.
1737 4673 1841 4731 Alii
1868 4677 1934 4730 l5
1957 4693 2069 4735 rec.

466 4742 645 4822 ferunt
670 4742 833 4809 bena;
858 4745 1075 4822 υἷες.²
1098 4742 1264 4822 Cant;
1282 4754 1336 4799 et
1356 4742 1628 4822 ed.’lt_om.
1658 4744 1821 4822 146§,
1850 4748 2074 4822 faciendi

466 4820 670 4887 bonum,
708 4833 837 4874 mss.
870 4815 1191 4890 Turne-snt
1230 4815 1362 4889 Reg.
1410 4825 1465 4872 et
1508 4818 1536 4871 1
1580 4818 1718 4874 alter
1759 4815 1892 4890 Reg.
1925 4836 1956 4877 a
1987 4836 2075 4881 se-

465 4892 638 4953 cunda
666 4906 848 4955 manu,
882 4889 1113 4961 faciendi
1135 4889 1275 4942 bene.

539 4963 606 5018 ιη
642 4964 820 5016 itinere
847 4957 1168 5015 celebrando.
1204 4957 1544 5030 Antiquinres
1573 4966 1630 5016 et
1657 4959 1910 5018 meliores
1940 4978 2069 5025 mss.

462 5033 535 5092 28
562 5051 683 5090 cum
713 5035 799 5089 ed.
826 5032 980 5087 Rom.
1006 5032 1167 5097 1470,
1198 5030 1500 5086 celebrando
1518 5048 1539 5097 ;
1568 5032 1698 5086 edit.
1735 5032 1820 5098 18,
1845 5036 2073 5092 celeran-

465 5108 553 5164 (ιο.
578 5110 646 5163 At
669 5102 921 5161 celebrare
941 5106 1073 5159 viam
1102 5103 1240 5173 apud
1269 5104 1441 5159 Cicer.
1473 5119 1572 5176 pro
1597 5101 1768 5176 {Idalio
1791 5103 1848 5170 4,
1874 5107 1967 5160 via:
1991 5126 2074 5163 ce-

464 5179 669 5250 lebritas
714 5188 760 5232 et
810 5179 890 5231 uia
938 5177 1219 5250 celebrata,
1269 5176 1320 5229 in
1364 5174 1553 5231 eodem
1573 5174 1869 5250 _Cicer0tte.
1911 5180 2072 5250 Apud

464 5249 800 5305 Lactantium
830 5265 1041 5319 campus
1089 5247 1388 5319 celebratus,
1421 5263 1518 5319 pro
1558 5247 1906 5319 frequentatae
1927 5293 1940 5315 ,
1963 5247 2069 5307 'lib.

464 5320 533 5375 dc
562 5322 817 5375 Mortibus
844 5318 1054 5376 PerSec.
1072 5349 1143 5360 --
1165 5318 1230 5373 1η
1260 5318 1437 5374 itinere
1461 5319 1782 5375 celebrando.
1807 5318 2073 5381 Celebrare

468 5405 851 5466 nonnunquam
874 5404 956 5446 est
982 5397 1301 5466 frequentare
1327 5393 1648 5466 etkvelocit‘er
1674 5394 1748 5447 ire
1770 5406 1789 5451 ς
1821 5394 1961 5449 unde
1985 5395 2072 5451 Ci-

467 5479 596 5527 cero
618 5465 899 5533 aliquoties
925 5463 1178 5518 celebrare
1202 5465 1337 5535 uiam
1358 5463 1516 5535 dixit.
1538 5463 1858 5521 Ciceronem
1887 5467 2070 5535 sequi-

468 5545 556 5590 tur
598 5534 955 5605 iliertmymus
982 5536 1140 5603 epist.
1175 5534 1265 5603 14,
1309 5535 1376 5593 ad
1402 5534 1704 5593 Celantium
1752 5536 1787 5589 f.
1833 5552 1904 5590 m.
1938 5534 2064 5594 109.

464 5607 558 5659 illa
587 5604 715 5679 (via)
746 5604 1025 5679 celebratur
1055 5614 1101 5667 et
1132 5608 1311 5663 teritur
1336 5625 1369 5663 α
1393 5607 1590 5675 multis,
1625 5608 1733 5663 haec
1762 5609 1849 5663 vix
1874 5610 2070 5665 inveni-

466 5687 549 5732 tur
568 5676 607 5731 α’
623 5676 816 5745 paucis.
859 5676 990 5731 BDN.

551 5745 693 5802 Vires
731 5755 1023 5818 suppetant.
1061 5747 1137 5804 ita
1181 5750 1395 5807 restitui
1442 5765 1511 5807 ex
1537 5750 1572 5808 5
1598 5750 1722 5807 edd.
1753 5753 2068 5818 cunctisque

465 5834 597 5876 mss.
622 5817 878 5899 μεθίει-⁷2
894 5817 1033 5899 Reg.
1058 5833 1168 5875 rec.
1193 5818 1246 5875 in
1272 5821 1487 5892 quibus,
1511 5830 1571 5876 ut
1593 5821 1646 5878 in
1673 5822 1952 5893 impressis
1972 5817 2063 5890 11,

463 5900 548 5951 est
576 5888 921 5963 suppeditent.

2097 4545 2153 4606 D
2254 4535 2521 4591 Horatius.

2241 3649 2509 3733 Cupiditas
2528 3658 2686 3733 recta.
2713 3649 2814 3733 Vel
2836 3648 2960 3729 quia
2985 3646 3174 3721 gratiae
3201 3645 3414 3705 obicem
3439 3652 3673 3719 ponunt,
3697 3646 3792 3705 vel

2170 3724 2293 3793 quia
2325 3724 2512 3793 gratim
2538 3724 2816 3780 resistunt.

2245 3788 2395 3861 (2qu
2426 3804 2609 3865 potest.
2645 3796 2773 3850 Mss.
2804 3794 2869 3850 15
2899 3802 2953 3851 et
2981 3791 3069 3860 f2,
3098 3791 3226 3849 edit.
3255 3791 3380 3869 quia
3408 3806 3430 3847 :
3455 3788 3600 3863 quod
3638 3789 3790 3847 idem

2171 3875 2273 3921 est.

2241 3935 2307 3992 In
2333 3953 2452 4009 quo,
2480 3939 2722 4009 quoniam
2748 3946 2879 3992 recte
2911 3937 2981 3991 ad
3007 3938 3213 4008 culpam
3238 3935 3469 4009 pertinet.
3500 3932 3663 4009 Baete
3683 3932 3785 4009 d_e_-

2168 4005 2435 4065 sideratur
2464 4005 2515 4065 in
2547 4014 2583 4069 5
2608 4010 2767 4066 editis
2791 4028 2805 4066 :
2834 4005 3104 4080 reperitur
3128 4005 3307 4073 autem
3338 4008 3392 4064 in
3420 4005 3636 4064 caeteris
3660 4005 3782 4063 edi-

2169 4084 2238 4136 tis
2264 4090 2320 4137 et
2346 4082 2596 4137 omnibus
2623 4098 2754 4137 mss.

2246 4174 2617 4247 Subsequatur.
2650 4177 2677 4232 1
2710 4176 2915 4233 Βοιιοη.
2958 4175 3124 4247 antiq.
3163 4171 3793 4247 consequatur.A-_e-Actio

2173 4244 2524 4317 subsequatur.
2556 4249 2690 4304 Bon.
2718 4258 3055 4319 Consequatur
3074 4244 3103 4314 ,⁷
3127 4244 3404 4317 eleganter
3440 4244 3661 4317 quidem
3690 4260 3795 4316 pro

2175 4330 2433 4386 sequatur.
2463 4319 2572 4376 Sed
2604 4319 2819 4388 plurimi
2850 4322 2936 4375 hic
2965 4319 3317 4387 subsequatur,
3348 4332 3450 4388 pro
3478 4332 3631 4375 more
3656 4330 3793 4388 nos-

2179 4392 2269 4463 t_ri,
2297 4393 2389 4446 lib.
2414 4408 2475 4459 ιι,
2502 4408 2551 4446 c.
2577 4386 2650 4448 8V:
2680 4391 3032 4463 Intelligentiu
3057 4386 3310 4463 subsequi.
3346 4386 3467 4463 Lib.
3507 4403 3605 4457 vn,
3629 4402 3682 4445 c.
3709 4386 3749 4440 2
3774 4403 3792 4443 :

2178 4461 2475 4537 Intelligere
2501 4475 2574 4521 est
2599 4465 2744 4535 quasi
2774 4481 2801 4537 e
2828 4461 3039 4537 uestigia
3065 4461 3319 4537 subsequi.
3360 4461 3499 4523 Bon.

2552 4534 2724 4605 quem
2752 4534 2893 4600 vide,
2928 4534 3022 4591 lib.
3055 4551 3097 4601 ι,
3129 4535 3229 4606 Ep.
3262 4536 3313 4591 1.

2254 4607 2489 4686 Stultitia
2519 4599 2760 4686 caruisse.
2787 4599 2914 4663 Haec
2936 4607 3042 4686 du-o
3068 4599 3228 4660 verba
3254 4618 3376 4686 qua}
3399 4599 3607 4686 Horatii
3636 4610 3791 4670 sunt,

2179 4678 2556 4736 desiderantur
2581 4682 2632 4734 in
2662 4679 2736 4737 23
2763 4693 2893 4735 mss.
2923 4685 2977 4733 et
3002 4677 3207 4732 inocto
3235 4674 3415 4742 editis,
3445 4682 3503 4730 et
3531 4688 3794 4729 necessa-

2179 4752 2259 4809 ria
2288 4751 2552 4817 videntur,
2569 4755 2707 4829 _qu_i_a
2729 4750 2999 4829 pertinent
3027 4747 3101 4829 ad
3141 4750 3256 4803 tunc
3275 4745 3597 4829 asapientia
3619 4746 3797 4829 prima

2181 4838 2286 4879 non
2313 4835 2490 4881 autem
2519 4816 2962 4895 ad'illa'priora,
2990 4820 3151 4877 virtus
3187 4829 3261 4877 est
3284 4818 3463 4874 sitiunt
3489 4822 3686 4890 fugere.
3720 4816 3796 4873 Et

2180 4895 2251 4949 ita
2280 4897 2487 4952 videtur
2515 4896 2670 4951 iss-0.

2252 4967 2608 5025 Sanctitatem.
2659 4966 2713 5023 Id
2757 4974 2870 5031 est,
2919 4963 3246 5021 casﬁtatem.
3292 4960 3491 5027 Tacit.,
3538 4959 3637 5015 lib.
3688 4971 3792 5013 xrv

2178 5039 2397 5112 Annal.,
2441 5040 2511 5097 60
2558 5057 2573 5094 :
2623 5037 3148 5112 Pluresqperstiterg
3168 5034 3535 5112 sanctitatem“
3554 5031 3791 5112 ricini-na:

2177 5100 2454 5182 (Octaviae)
2484 5100 2679 5166 tueri...
2710 5100 2958 5170 castiora.
2991 5119 3096 5182 etc.
3125 5105 3275 5165 Lact.
3316 5121 3391 5172 vi,
3429 5119 3480 5160 c.
3504 5100 3578 5161 24
3602 5120 3616 5159 :
3641 5102 3790 5159 Alic-

2176 5198 2296 5236 nam
2326 5186 2589 5241 mulierem
2617 5191 2803 5239 sancte
2827 5182 3011 5235 videat.
3052 5181 3186 5237 Bun.

2250 5252 2408 5327 [tecm
2435 5257 2704 5327 faciamus.
2735 5252 2860 5309 Mss.
2894 5251 3062 5327 Tum.
3093 5261 3148 5308 et
3175 5252 3201 5307 1
3235 5250 3473 5327 Colbert.
3502 5255 3658 5303 recte.

2254 5324 2416 5382 Omne
2435 5316 2597 5397 igitur
2637 5327 2836 5383 virtutis
2861 5325 3090 5397 oﬁicitmt
3110 5324 3263 5397 est}
3309 5323 3446 5397 Reg.
3473 5337 3503 5375 a
3545 5316 3789 5375 secunda

2175 5412 2359 5465 manu,
2393 5393 2508 5453 et'7
2537 5399 2665 5454 edit.
2698 5393 2916 5463 Omnis,"
2940 5395 3038 5452 Ed.
3069 5394 3164 5461 Is.,
3200 5393 3357 5450 Nunc
3376 5395 3553 5466 igitur.

2248 5468 2613 5533 Determinem.
2645 5470 2720 5526 Ita
2751 5470 2962 5525 restitui
3006 5484 3072 5525 ex
3104 5476 3211 5523 vet.
3244 5466 3375 5525 edit.
3410 5466 3570 5521 Rom.
3617 5474 3783 5533 cunc-

2149 5540 2349 5612 -tisque
2380 5559 2509 5598 mss.
2542 5552 2737 5613 praeter
2766 5544 2790 5598 1
2820 5540 3055 5599 Clarum.
3089 5542 3142 5597 in
3167 5554 3275 5610 quo
3319 5545 3407 5595 est.
3440 5532 3783 5588 detesminetso

2176 5621 2291 5679 tur;
2324 5614 2377 5668 in
2409 5615 2475 5670 15
2502 5615 2754 5681 excusis,
2787 5613 3198 5671 determinetis”-

2247 5675 2381 5759 Quig
2410 5703 2558 5757 pene,
2590 5688 2681 5759 βία
2728 5675 2945 5759 ξθροβυὶ
2987 5692 3054 5735 ex
3095 5675 3348 5759 omnibus
3398 5676 3784 5759 ferinus...“

2171 5746 2302 5812 edit.
2351 5746 2517 5820 Rom,
2544 5757 2703 5811 1470.
2744 5746 2808 5808 ln'
2834 5765 2927 5807 sex
2957 5764 3067 5805 rec.
3113 5749 3335 5820 scriptis
3379 5757 3437 5813 et
3480 5746 3563 5820 5'5,

2168 5799 2609 5961 Ξᾶίὶῗ
2618 5799 2817 5891 res:
2834 5799 3335 5897 amaras}?
3349 5799 3789 5893 emtas:
