4090 6354
462 311 573 371 655
1546 298 1730 361 FIRM.
1770 294 2144 359 LACTAN'I‘II
2184 297 2386 359 DIVIN.
2420 294 2672 358 lNSTl'l'.
3669 300 3774 361 656

459 429 657 487 derunt
696 429 993 496 amputant,
1036 434 1105 478 ne
1143 418 1265 492 quis
1308 417 1431 475 illos
1473 427 1660 475 contra
1705 418 1852 490 ipsos
1890 417 2062 490 possit
2086 418 2142 478 A
2165 431 2285 487 quae
2311 414 2592 472 dissidium
2616 412 2831 486 generis
2858 411 3080 472 humani
3117 412 3259 472 ferre
3300 428 3409 471 non
3454 421 3671 487 potest,
3713 426 3773 473 et

459 523 682 582 imitari.
718 520 1103 577 Verumtamen
1132 524 1403 588 putemus,
1435 515 1538 573 hoc
1563 514 1802 571 ofﬁcium
1829 529 1935 570 non
1959 513 2061 569 nisi
2167 509 2493 580 ubicumque
2522 524 2671 564 arma
2701 507 2967 573 fulserint,
3000 508 3125 565 hinc
3145 523 3264 565 eam
3296 509 3466 581 fugari
3494 517 3551 566 et
3593 518 3780 569 exter-

453 618 585 676 boni
612 631 754 684 esse,
786 624 845 671 ut
873 614 1044 670 bonos
1072 610 1349 668 defendat.
1382 611 1454 667 At
1482 609 1536 666 id
1566 610 1867 679 suscipere,
1901 607 2061 664 facile
2166 602 2361 657 minari
2391 615 2615 657 necesse
2639 608 2738 657 est.
2770 599 2969 657 Verum
2997 609 3085 658 est
3121 601 3263 658 enim
3286 601 3562 658 Ciceronis
3603 602 3768 658 illud:

456 719 563 777 est,
592 708 836 779 implere,
884 705 1138 770 difﬁcile;
1186 704 1309 775 quia
1351 717 1473 759 cum
1520 712 1573 759 te
1609 701 1890 758 certamini
1932 714 2061 756 con-

455 799 830 873 gressionique
853 797 1215 862 commiseris,
1259 796 1313 850 in
1360 794 1583 851 arbitrio
1615 794 1742 859 Dei,
1791 799 1898 849 non
1941 801 2056 859 tuo,

456 893 631 966 posita
675 890 896 948 victoria
942 898 1046 947 est.
1096 888 1163 944 Et
1201 887 1517 959 plerumque
1559 886 1813 957 improbi,
1855 893 1912 942 et
1954 900 2057 940 nu-

453 1004 629 1054 mero,
670 998 724 1043 et
749 985 1148 1057 conspiratione
1173 991 1298 1038 sunt
1322 982 1669 1053 potentiores,
1704 995 1864 1052 quam
1892 978 2052 1045 boni;

454 1093 515 1140 ut
539 1083 606 1139 ad
633 1095 729 1139 eos
753 1079 1109 1152 superandos,
1138 1091 1244 1133 non
1273 1086 1380 1132 tam
1411 1076 1580 1131 virtus
1608 1076 1700 1140 sit,
1729 1090 1887 1147 quam
1932 1073 2054 1130 feli-

453 1176 588 1233 citas
614 1173 939 1231 necessaria.
973 1173 1055 1226 An
1096 1169 1291 1240 aliquis
1335 1169 1563 1240 ignorat,
1610 1167 1821 1239 quoties
1862 1166 2054 1223 melior

446 1268 751 1340 iustiorque
780 1280 905 1337 pars
931 1264 1075 1320 vieta
1106 1262 1216 1318 sit?
1249 1261 1385 1317 Hinc
1412 1275 1625 1332 semper
1653 1258 2053 1315 dominationes

449 1362 659 1439 acerbae
689 1362 744 1416 in
769 1360 916 1416 cives
943 1358 1256 1416 extiterunt.
1290 1355 1453 1413 Plena
1476 1364 1559 1413 est
1589 1355 1852 1427 exemplis
1873 1354 2051 1411 omnis

447 1438 673 1512 historia
700 1474 714 1511 :
737 1453 835 1511 sed
863 1468 963 1510 nos
992 1452 1229 1509 contenti
1263 1451 1465 1507 erimus
1494 1464 1619 1505 uno.
1653 1448 1849 1505 Cneius
1880 1438 2049 1504 Pom-

446 1549 602 1622 peius
643 1548 906 1603 bonorum
948 1544 1119 1600 voluit
1160 1557 1283 1600 esse
1326 1540 1609 1609 defensor;
1652 1541 1915 1613 siquidem
1951 1556 2049 1613 pro

445 1640 749 1712 republica,
779 1653 876 1710 pro
901 1637 1137 1704 Senatu,
1177 1651 1276 1707 pro
1315 1634 1565 1691 libertate
1593 1649 1741 1689 arma
1786 1634 2041 1706 suscepit.

444 1735 593 1793 Idem
623 1744 799 1790 tamen
830 1732 1004 1790 victus
1045 1746 1167 1788 cum
1198 1730 1311 1802 ipsa
1342 1729 1591 1787 libertate
1632 1728 1866 1797 occidit,
1913 1738 1968 1785 et
2013 1729 2045 1784 a

2168 697 2272 766 Qui
2298 706 2473 752 autem
2496 697 2686 752 civium
2710 697 2961 753 rationem
2987 698 3162 752 dicunt
3192 697 3500 766 habendam,
3530 707 3775 754 externo-

2162 807 2278 845 rum
2307 798 2514 862 negant,
2542 790 2789 846 dirimunt
2814 791 2867 846 hi
2886 807 3201 847 communem
3225 792 3425 865 generis
3445 792 3661 847 humani
3683 810 3773 849 so-

2160 884 2390 940 cietatem
2412 902 2432 940 :
2460 901 2562 956 qua
2580 885 2800 952 sublata,
2826 886 3182 955 beneﬁcentia,
3208 886 3509 955 liberalitas,
3542 887 3768 957 bonitas,

2150 979 2354 1052 justitia
2380 978 2613 1051 funditus
2640 980 2855 1035 tollitur.
2893 978 3027 1036 Nam
3071 980 3344 1053 quomodo
3384 990 3562 1053 potest
3582 982 3765 1053 justus

2159 1086 2300 1142 esse,
2341 1074 2431 1146 qui
2474 1082 2657 1140 nocet,
2700 1073 2793 1146 qui
2820 1073 2958 1143 odit,
3004 1075 3095 1146 qui
3129 1076 3346 1145 spoliat,
3396 1078 3484 1148 qui
3516 1077 3764 1133 occidit?

2156 1166 2290 1235 Quae
2308 1168 2486 1223 omnia
2512 1166 2746 1236 faciunt,
2786 1168 2876 1240 qui
2906 1169 3091 1239 patriae
3119 1169 3379 1241 prodesse
3405 1172 3668 1229 nituntur.
3700 1172 3763 1229 ld

2155 1259 2299 1316 enim
2326 1260 2499 1331 ipsum
2525 1259 2804 1331 prodesse,
2841 1261 2971 1333 quid
3012 1263 3114 1332 sit,
3160 1262 3441 1335 ignorant,
3489 1266 3582 1337 qui
3622 1265 3762 1324 nihil

2153 1363 2344 1426 putant
2369 1355 2520 1420 utile,
2554 1354 2688 1411 nihil
2713 1355 3081 1424 commodum,
3104 1356 3208 1412 nisi
3236 1357 3381 1430 quod
3405 1359 3573 1415 teneri
3595 1374 3760 1416 manu

2153 1457 2349 1521 potest,
2376 1448 2519 1521 quod
2543 1448 2719 1506 solum
2745 1450 2917 1507 teneri
2946 1464 3053 1507 non
3084 1458 3282 1521 potest,
3329 1450 3450 1524 quia
3482 1451 3619 1524 eripi
3661 1468 3762 1526 po-

2149 1552 2275 1603 test.

2220 1640 2349 1698 Haec
2375 1640 2681 1714 itaque(ut
2707 1639 2808 1711 ipsi
2834 1638 3144 1712 appellant)
3175 1639 3314 1696 bona
3355 1640 3599 1713 quisquis
3641 1656 3744 1713 pa-

2149 1735 2267 1792 triae
2292 1734 2620 1806 acquisierit,
2646 1734 2749 1790 hoc
2766 1742 2871 1800 est,
2901 1733 2992 1805 qui
3022 1732 3226 1789 eversis
3254 1732 3582 1798 civitatibus,
3609 1748 3747 1805 gen-

442 1828 775 1901 spadonibus
797 1824 1068 1899 Egyptiis
1087 1824 1457 1890 detruncatus,
1485 1823 1787 1895 insepultus
1805 1824 2047 1895 abiectus
2076 1825 2125 1887 B
2153 1827 2402 1899 tibusque
2441 1825 2634 1883 deletis
2652 1866 2669 1892 ,
2710 1825 2960 1881 aerarium
2985 1824 3213 1897 pecunia
3253 1823 3554 1893 referserit,
3592 1840 3753 1895 agros

439 1931 544 1982 est.

510 2015 630 2073 Non
661 2023 744 2072 est
771 2014 931 2085 igitur
965 2013 1173 2079 virtus,
1223 2020 1314 2067 aut
1355 2011 1564 2067 hostem
1606 2009 1870 2065 malorum
1903 2024 2045 2079 esse,

440 2116 534 2165 aut
558 2107 901 2165 defensorem
927 2105 1214 2173 bonorum,
1241 2102 1366 2177 quia
1387 2104 1561 2161 virtus
1589 2103 1811 2161 incertis
1831 2103 2048 2161 casibus

441 2218 551 2259 non
582 2209 760 2273 potest
782 2215 906 2258 esse
930 2199 1191 2270 subjecta.

562 2294 819 2347 Commoda
842 2300 1088 2358 praeterea
1109 2293 1279 2357 patriae
1302 2292 1397 2343 sibi
1416 2294 1573 2356 prima
1595 2299 1790 2356 putare.

437 2399 660 2458 Sublata
706 2398 983 2455 hominum
1030 2396 1354 2464 concordia,
1398 2397 1569 2453 virtus
1610 2398 1754 2453 nulla
1800 2404 1885 2453 est
1923 2412 2040 2453 om-

434 2493 584 2548 nino.
617 2492 748 2559 Qu:e
773 2499 899 2547 sunt
929 2490 1074 2546 enim
1103 2490 1288 2559 patriae
1326 2487 1636 2554 commoda,
1668 2488 1772 2544 nisi
1815 2486 2039 2544 alterius

434 2586 688 2653 civitatis,
715 2593 809 2641 aut
830 2588 1005 2657 gentis
1032 2583 1412 2640 incommoda?
1439 2581 1497 2637 Id
1538 2591 1642 2651 est,
1674 2583 1809 2639 ﬁnes
1838 2598 2040 2655 propa-

432 2693 565 2749 gare
594 2678 711 2733 aliis
736 2678 1004 2733 violenter
1037 2684 1276 2746 ereptos,
1306 2691 1504 2747 augere
1533 2675 1840 2747 imperium,
1867 2676 2040 2732 vecti-

431 2770 573 2842 galia
601 2767 780 2825 facere
807 2767 1033 2839 majora.
1064 2766 1197 2835 Qum
1225 2767 1402 2823 omnia
1434 2783 1541 2823 non
1580 2769 1765 2839 utique
1792 2767 2036 2836 virtutes,

434 2862 531 2918 sed
555 2861 812 2917 virtutum
842 2871 963 2916 sunt
998 2860 1328 2917 eversiones.
1359 2860 1415 2915 In
1446 2862 1635 2932 primis
1663 2862 1805 2917 enim
1837 2863 2040 2919 tollitur

434 2948 685 3010 humanm
710 2953 985 3011 societatis
1006 2954 1336 3025 conjunctio,
1365 2956 1567 3011 tollitur
1587 2956 1914 3027 innocentia,
1938 2958 2038 3015 tol-

2151 1922 2377 1992 ceperit,
2405 1920 2554 1978 cives
2577 1934 2709 1976 suos
2738 1918 3118 1990 locupletiores
3147 1917 3363 1986 fecerit;
3390 1918 3479 1975 hic
3506 1918 3754 1976 laudibus

2150 2015 2325 2074 fertur
2350 2016 2403 2072 in
2429 2015 2647 2084 caelum,
2679 2013 2736 2070 in
2777 2012 2884 2071 hoc
2924 2021 3143 2085 putatur
3178 2027 3389 2070 summa
3418 2020 3474 2068 et
3517 2011 3758 2084 perfecta

2151 2126 2275 2171 esse
2300 2110 2492 2168 virtus.
2519 2109 2622 2180 Qui
2660 2124 2815 2167 error
2838 2122 2945 2164 non
2973 2107 3136 2164 modo
3164 2106 3348 2180 populi
3388 2115 3445 2163 et
3471 2106 3755 2178 imperito-

2150 2221 2293 2274 rum,
2338 2204 2433 2261 sed
2480 2204 2642 2259 etiam
2687 2199 3133 2274 philosophorum
3177 2208 3295 2268 est;
3344 2199 3435 2271 qui
3483 2208 3753 2270 praecepta

2150 2312 2368 2372 quoque
2407 2296 2537 2353 dant
2563 2294 2631 2351 ad
2670 2292 3009 2367 injustitiam,
3040 2307 3112 2350 ne
3147 2290 3390 2347 stultitia:
3430 2305 3495 2346 ac
3535 2290 3758 2346 malitiae

2144 2390 2443 2463 disciplinae
2470 2388 2765 2446 auctoritas
2809 2385 2965 2443 desit.
2996 2384 3180 2457 Itaque
3206 2399 3329 2441 cum
3358 2382 3428 2441 de
3454 2381 3648 2439 ofﬁciis
3688 2381 3759 2439 ad

2145 2488 2263 2544 r'em
2291 2485 2580 2541 militarem
2607 2481 3005 2555 pertinentibus
3025 2478 3324 2551 disputant,
3346 2492 3525 2549 neque
3550 2476 3618 2532 ad
3637 2476 3759 2547 jus-

2144 2581 2339 2650 titiam,
2371 2594 2548 2650 neque
2585 2576 2653 2633 ad
2680 2590 2867 2633 veram
2893 2575 3147 2631 virtutem
3176 2570 3621 2629 accommodatur
3664 2570 3757 2627 illa

2144 2674 2323 2732 omnis
2348 2671 2543 2740 oratio,
2568 2669 2664 2728 sed
2690 2670 2758 2726 ad
2792 2669 2929 2725 hanc
2970 2666 3137 2723 vitam
3169 2679 3486 2736 moremque
3514 2664 3754 2731 civilem,

2145 2782 2308 2840 quem
2338 2781 2443 2822 non
2462 2779 2585 2822 esse
2600 2761 2886 2835 justitiam,
2908 2770 2965 2817 et
2986 2774 3078 2816 res
3099 2758 3322 2826 indicat,
3349 2767 3404 2814 et
3423 2757 3539 2829 ipse
3559 2756 3755 2813 Cicero

2149 2869 2376 2919 testatus
2402 2868 2504 2916 est.
2536 2877 2557 2911 ι
2594 2856 2699 2915 Sed
2726 2870 2847 2922 nos,
2878 2854 3073 2927 inquit,
3102 2851 3217 2908 veri
3240 2851 3403 2923 juris,
3448 2864 3756 2923 germana:-

2147 2973 2271 3031 quae
2290 2955 2539 3029 iustitiae,
2579 2952 2806 3010 solidam
2836 2958 2893 3007 et
2931 2962 3245 3021 expressam
3272 2945 3502 3018 efﬁgiem
3548 2944 3755 3001 nullam

431 3045 564 3103 litur
588 3046 748 3102 alieni
773 3046 1120 3116 abstinentia,
1149 3046 1356 3103 tollitur
1376 3045 1608 3119 denique
1651 3048 1765 3121 ipsa
1801 3050 2032 3121 justitia,
2063 3043 2112 3111 C
2143 3062 2408 3110 tenemus.
2439 3047 2641 3106 Umbra
2669 3056 2723 3105 et
2743 3044 3068 3115 imaginibus
3096 3041 3327 3109 utimur;
3374 3054 3577 3113 easque
3604 3040 3756 3112 ipsas

1838 3188 2200 3250 VARIORUM
2228 3187 2464 3249 NOTIE.

429 3328 777 3404 conveniunt.
808 3326 1169 3404 Yidenlibrum
1190 3327 1258 3385 de
1289 3326 1549 3385 Mortibus
1594 3328 2035 3404 Persecutorum,

432 3416 555 3473 cap.
581 3401 672 3473 '56,
699 3398 793 3464 48,
821 3397 912 3465 50,
940 3397 1029 3454 5-1.

504 3471 585 3528 Ἀη
612 3471 798 3541 aliquis
824 3472 1046 3541 ignorat,
1087 3471 1282 3540 quoties
1322 3472 1521 3540 melior,
1554 3481 1661 3530 etc.
1706 3474 1798 3531 Sic
1822 3477 2037 3534 restitui

433 3561 501 3602 ex
528 3543 563 3599 5
593 3553 712 3618 vet._
730 3543 971 3618 editiset
992 3543 1063 3598 20
1092 3559 1252 3618 manu
1274 3545 1529 3614 exaratis,
1574 3548 1717 3603 inter
1744 3563 1881 3618 quos
1908 3560 2036 3605 sunt

432 3614 791 3686 antiquissimi
823 3615 849 3668 1
877 3614 1011 3670 Βοη.
1042 3615 1158 3686 ett!
1184 3615 1316 3686 Reg.

508 3684 690 3743 Gneius
738 3685 1033 3753 Pompeius.
1084 3684 1119 3739 4
1150 3684 1309 3757 Regi,
1357 3689 1391 3744 5
1427 3685 1686 3752 Colbert.,
1716 3690 1752 3744 2
1795 3690 2031 3749 Claram.

436 3759 639 3833 habent
665 3757 1081 3833 Gneius;_.lun_.,
1129 3756 1452 3833 l_Colbert.,
1491 3760 1622 3833 edit.
1651 3760 1800 3828 Ald.,
1837 3764 2033 3833 Paris.,

436 3828 869 3904 lnotar.,_Crat.,
884 3829 1113 3904 Graph”
1139 3828 1326 3904 Circius
1357 3832 1503 3904 enim
1519 3831 1803 3904 Pompeius
1822 3852 1840 3898 ;
1868 3828 2033 3904 Ultr.,

437 3899 775 3975 Brun.,Cum
792 3902 924 3953 enim
953 3898 1250 3975 Pompeius.
1280 3902 1528 3975 DeCneii
1558 3898 1776 3975 Pompei
1810 3907 1861 3960 in
1889 3898 2035 3962 rem;

440 3972 707 4046 publicam
752 3985 936 4026 amore
978 3971 1496 4046 videljlutarchum,
1526 3971 1756 4046 Appian.
1801 3978 2036 4035 Alexan-

440 4043 680 4120 drinum,
712 4056 780 4120 ac
802 4043 1101 4120 praesertim
1130 4043 1442 4120 Ciceronem
1470 4046 1522 4100 in
1546 4043 1789 4115 epistolis
1812 4051 2034 4120 passim.

514 4112 683 4168 Idem.
727 4113 818 4168 Sic
856 4113 1073 4180 reposui
1112 4129 1178 4169 ex
1216 4116 1468 4171 omnibus
1511 4112 1641 4172 mss.
1691 4127 1745 4174 et
1792 4112 1878 4175 e'o.
1925 4131 2036 4177 vct.

440 4184 602 4258 Rom.
632 4196 686 4258 et
715 4184 885 4258 Betui.
916 4185 972 4240 lo
1004 4186 1214 4241 caeteris
1241 4186 1455 4258 legitur,
1482 4187 1539 4242 Is
1568 4198 1734 4245 tamen
1755 4193 1930 4246 victus.

521 4256 741 4336 Qccidit.
760 4255 853 4336 .Ita
881 4272 1067 4336 omnes
1096 4255 1425 4336 prooe__t'nss.
1445 4268 1531 4336 get_
1537 4261 1806 4336 impressi.
1846 4265 1880 4319 5
1905 4264 2039 4336 Reg.

442 4337 498 4385 et
526 4328 651 4402 Jun.
675 4326 793 4402 etB
814 4338 919 4402 vet.
947 4326 1107 4402 edit.,
1125 4330 1409 4398 occiditur;
1436 4334 1459 4387 1
1491 4326 1754 4402 Οοιιῐρτι.,
1786 4326 2041 4391 occubuit.

482 4471 495 4484 .
518 4401 563 4454 Α
596 4399 927 4484 spadonibus
951 4398 1236 4484 Alfgyptiis.
1276 4403 1567 4484 _Photi_nnm
1610 4398 1913 4484 eunuchum
1956 4424 2047 4484 re—

444 4471 593 4554 gium
618 4471 890 4554 intelligit,
914 4472 1003 4541 qui
1029 4471 1148 4528 loco
1174 4474 1449 4531 Ptolomaei
1468 4475 1680 4547 juvenis
1702 4493 1926 4548 regnum
1949 4480 2041 4536 ad-

447 4542 806 4598 ministrabat.
838 4542 1159 4600 Be'wuzws.

522 4614 742 4669 Sublata
771 4614 1031 4668 hominum
1061 4619 1354 4682 concordia,
1382 4619 1540 4673 virtus
1559 4620 1703 4676 nulla
1722 4631 1793 4677 est
1814 4624 2042 4680 omnino.

449 4685 791 4769 licem-virttis
822 4686 873 4739 in
890 4688 957 4769 .8_
970 4685 1125 4769 Beg.,
1156 4687 1189 4742 6
1230 4687 1492 4769 (ῖρΙϋεξμ-ῐ.2
1520 4690 1706 4769 Cane,
1726 4693 1862 4769 _.lun.
1894 4706 1947 4752 et
1979 4696 2046 4753 10

448 4756 590 4838 aliis.
618 4757 676 4838 In
707 4753 774 4810 M
800 4757 1035 4838 scriptis,
1056 4753 1159 4838 pro
1193 4759 1359 4838 nulla,
1394 4753 1583 4838 legitur
1606 4753 1754 4838 nihil.

522 4826 1027 4908 Patritercommoda.
1062 4829 1277 4908 [flaturae
1300 4832 1414 4888 sive
1437 4826 1784 4908 humanitatis
1808 4840 1897 4908 jus
1916 4853 2045 4895 con-

449 4900 741 4983 stringitet
765 4898 980 4983 cOpAulat
1008 4901 1315 4982 universum
1353 4920 1523 4983 genus
1552 4898 1863 4975 humanum,
1899 4912 2043 4980 quod

448 4972 541 5040 qui
562 4970 1032 5053 iviolatniiatnram
1062 4972 1228 5053 ipsam
1265 4970 1460 5030 evertit
1486 4993 1499 5029 :
1530 4987 1715 5053 contra
1742 4970 1887 5050 quod
1919 4970 2044 5052 pec-

450 5043 656 5121 canlii,
691 5042 781 5121 qui
804 5042 1180 5121 stti_t_:ommodi
1217 5047 1589 5121 causauqttod
1617 5049 1737 5106 aliis
1761 5042 2041 5121 proprium

449 5121 534 5169 est
555 5111 859 5195 detrahunt.
892 5111 1004 5194 [Ioc
1029 5115 1191 5179 enim,
1222 5114 1369 5184 juxta
1394 5111 1731 5195 Ciceronem,
1758 5111 1930 5195 inagis
1959 5134 2043 5182 est

448 5193 636 5266 contra
664 5194 910 5266 naturam
924 5184 1113 5266 ipsam,
1134 5201 1290 5266 quam
1311 5203 1479 5266 mors,
1502 5207 1659 5266 quam
1673 5184 2041 5266 βῶσι-,νηπίη

447 5254 551 5309 alia
578 5256 966 5338 quaevisrnala.
1002 5255 1411 5338 Hinc_col_ligere
1438 5254 1637 5330 licebit,
1652 5262 1753 5338 jus
1775 5254 1915 5338 istud
1944 5269 2042 5324 liu-

450 5340 666 5409 mannm
691 5327 830 5409 nihil
863 5341 1083 5409 prorsus
1110 5328 1256 5383 aliud
1286 5327 1430 5409 esse,
1461 5327 1730 5406 quam—jus
1758 5336 2036 5409 Gentium,

445 5396 589 5478 quod
614 5398 702 5464 qni
732 5396 954 5479 dirimit,
982 5398 1237 5455 dirimere
1263 5396 1425 5479 etiam
1455 5396 1669 5479 omnem
1700 5411 1912 5479 generis
1942 5396 2039 5466 Ιηιί

446 5473 590 5521 mani
610 5473 1061 5550 consociationem
1086 5473 1351 5550 putandus
1374 5484 1474 5550 est.
1491 5475 1642 5550 Nulla
1663 5473 1927 5550 siquidem
1952 5482 2037 5539 lex

442 5552 594 5619 aequa
617 5538 881 5619 Censenda
909 5549 1012 5604 est,
1040 5538 1159 5610 qua:
1198 5544 1282 5600 vel
1326 5545 1376 5619 in
1406 5545 1646 5619 fraudem
1673 5538 1877 5607 natura:
1901 5538 2035 5610 con?

440 5610 702 5691 stituitur,
745 5610 832 5664 vel
875 5626 983 5691 non
1022 5627 1085 5667 ex
1133 5625 1338 5691 interna
1363 5617 1479 5691 lege
1522 5618 1656 5675 ﬂuit.
1691 5620 1841 5679 Unde
1871 5626 2033 5681 etiam

442 5680 728 5762 privilegia.
745 5681 923 5762 omnia
951 5692 1139 5740 contra
1169 5680 1586 5762 aequabilitatem
1616 5680 2035 5753 consociationis

443 5753 690 5837 humana:
716 5753 944 5837 invecta,
993 5768 1114 5837 cum
1143 5753 1406 5837 aequitate
1431 5764 1716 5837 conjuncta
1749 5780 1854 5837 non
1883 5775 2027 5823 sunt.

440 5823 522 5882 Ex
563 5823 663 5880 ltac
703 5831 830 5881 nota
871 5824 1099 5884 emenda
1140 5823 1307 5886 totum
1351 5830 1494 5889 hunc
1522 5823 1783 5892 Lactantii
1828 5837 2029 5909 locum,

2187 3332 2240 3389 oi
2274 3332 2474 3404 justam
2499 3329 2874 3390 defensionem
2899 3342 3023 3386 cum
3049 3325 3233 3400 iniqua
3257 3322 3606 3399 aggressione
3625 3339 3759 3382 con-

2171 3405 2457 3549 "alios.
2490 3477 2581 3535 Sic
2605 3474 2821 3549 restitui
2846 3488 2919 3549 ex
2945 3470 3352 3549 8_vet.__editis,
3394 3420 3760 3549 omnibusque

2144 3564 2278 3606 mss.
2303 3543 2497 3620 praeter
2520 3549 2635 3605 Pal.
2664 3557 2719 3605 et
2740 3550 2766 3602 1
2798 3544 2947 3615 Lips.
2971 3543 3240 3620 inquibus
3262 3551 3349 3620 est
3372 3543 3576 3615 ereptis,
3605 3555 3763 3598 men-

2143 3616 2317 3682 dosef
2342 3622 2395 3676 in
2424 3619 2589 3677 Cauc.
2615 3631 2671 3677 et
2698 3619 2767 3675 15
2797 3616 3095 3687 impressis,
3127 3616 3319 3687 ejectis.

2225 3692 2509 3765 Vectigalia
2535 3695 2703 3765 {aegere
2726 3682 2970 3765 _majo_ra._
2983 3687 3111 3743 Mss.
3143 3682 3388 3765 Q‘Colbn
3416 3682 3606 3765 Gothq
3637 3692 3695 3739 et
3725 3682 3762 3738 7

2142 3764 2297 3834 edit.,
2346 3755 2578 3821 meliora.
2604 3755 2912 3834 Plinius'in
2939 3760 3279 3834 Panegyric_.,
3311 3755 3452 3812 Fisci
3471 3771 3761 3834 nunquam

2140 3825 2301 3891 causa
2325 3837 2457 3892 bona
2497 3846 2593 3904 est,
2632 3835 2731 3890 nisi
2767 3833 2858 3888 sub
2893 3830 3025 3888 bono
3048 3825 3328 3904 Principia.
3358 3856 3430 3869 --
3471 3825 3763 3904 ἴςριὶαᾳιξα

2146 3911 2314 3980 facere
2334 3896 2770 3964 meliora.'Caasar
2800 3906 2939 3960 libro
2972 3905 2996 3959 1
3029 3901 3190 3980 de_B.
3226 3896 3763 3980 _Civ.,_c.§5,ndi_§it

2142 3968 2411 4069 uectigalia
2448 3994 2673 4069 augere;
2716 3986 2883 4061 et.ex
2910 3975 3172 4069 ’opposiltno
3300 3987 3318 4027 ι
3362 3971 3431 4055 de
3581 3968 3759 4069 (ξιιμ,

2142 4065 2193 4107 c.
2218 4045 2307 4117 56,
2334 4045 2611 4122 vectigalia
2634 4049 2887 4105 deteriora
2904 4045 3091 4120 facere.
3108 4045 3272 4122 Forte
3288 4045 3506 4122 scripsit
3524 4050 3717 4097 noster
3738 4057 3758 4102 :

2144 4115 2424 4194 vectigalia
2452 4115 2620 4194 facere
2652 4115 3028 4194 majoraAa'tque
3056 4117 3290 4194 meliora.

2217 4183 2494 4251 Ciceronis.
2526 4194 2644 4249 Lib.
2677 4183 2746 4249 ιη’
2769 4183 3092 4262 Οΐίὶο.ὀθρ.
3129 4189 3185 4257 2,
3227 4187 3371 4244 unde
3415 4187 3531 4241 haec
3571 4183 3765 4242 omnia

2146 4265 2426 4336 desumpta
2457 4275 2601 4321 sunt.

2215 4327 2430 4393 Iustitia
2456 4337 2692 4408 funditus
2734 4335 2949 4392 tollitur.
2980 4332 3032 4389 F
3032 4332 3277 4408 auditus,
3319 4329 3463 4402 quod
3492 4327 3659 4408 _dee3t
3697 4327 3766 4408 i_n

2149 4411 2423 4466 nonnullis
2447 4400 2631 4475 editis,
2659 4408 2868 4464 restitui
2913 4423 2981 4463 ex
3019 4406 3232 4463 caeteris
3259 4400 3539 4475 impressis
3575 4400 3765 4475 omni-

2069 4505 2125 4568 ι)
2153 4481 2358 4568 bneque
2380 4496 2510 4538 ηυδε·
2538 4490 2595 4537 ει
2617 4467 2686 4568 ὲκ
2704 4467 3759 4568 irisuﬁicsraestlisﬁlEafa-.3;

2221 4539 2404 4609 Justus
2444 4569 2572 4607 esse.
2617 4539 2748 4607 Post
2776 4552 2914 4617 hmo,
2959 4565 3026 4606 ex
3056 4548 3307 4605 omnibus
3332 4558 3462 4599 mss.
3491 4551 3549 4617 et
3590 4539 3766 4597 editis

2150 4624 2564 4752 ggrlmpéurimtis
2587 4622 2790 4691 addidi,
2816 4613 2911 4693 qui
2922 4631 3089 4687 nocet,
3109 4621 3198 4692 qui
3216 4617 3347 4684 odit,
3370 4613 3512 4687 quod
3533 4614 3588 4669 in
3611 4626 3758 4667 non-

2271 4713 2312 4751 IS
2375 4712 2496 4752 eera
2531 4736 2542 4749 .

2150 4698 2312 4751 nullis
2337 4698 2542 4752 deerat.

2223 4767 2526 4838 Disciplina:
2553 4765 2849 4838 auctoritas.
2883 4762 2974 4822 Sic
2994 4761 3214 4838 reposui
3239 4775 3314 4838 ex
3342 4759 3406 4817 11
3458 4756 3585 4814 Mss.
3616 4769 3761 4838 qua:

2146 4854 2268 4894 rum
2297 4827 2436 4895 unus
2476 4847 2559 4895 est
2602 4838 2770 4908 antiq.
2802 4827 3112 4908 RegiofPu't.
3150 4832 3460 4908 adduntque
3502 4827 3760 4908 nonnulli

2146 4928 2360 4982 quoque.
2400 4911 2460 4967 In
2498 4909 2712 4981 scriptis
2734 4900 2773 4964 '8
2810 4917 2867 4964 et
2882 4900 3127 4978 'vulgatis
3160 4906 3224 4961 17
3267 4900 3673 4971 θεῐάὶεεὶριὶηα
3701 4906 3757 4952 et

2145 4984 2442 5038 auctoritas.

2219 5052 2520 5117 Disputant.
2554 5052 2680 5108 Mss.
2704 5050 2828 5107 Jun.
2854 5059 2909 5107 et
2930 5050 2965 5106 5
2991 5048 3149 5118 edit.,
3176 5047 3455 5118 disputent.

2220 5115 2420 5181 Oratio.
2451 5126 2573 5180 Mss.
2606 5125 2859 5189 'l‘ornes.,
2885 5122 2922 5176 2
2957 5120 3115 5177 Colb.
3133 5115 3202 5176 et
3221 5115 3345 5189 edd.
3369 5115 3436 5189 4,
3459 5115 3613 5189 ratio.

2215 5195 2411 5324 Gisgo.
2440 5197 2599 5254 Ofﬁc.
2628 5196 2724 5250 lib.
2755 5182 2983 5266 nt,'cap.
3012 5194 3068 5262 5,
3093 5193 3181 5249 vel
3210 5207 3266 5247 ιι.
3291 5188 3384 5256 69.
3408 5187 3477 5245 de
3500 5187 3585 5243 his
3608 5182 3755 5242 infra

2215 5284 2261 5324 ο.
2367 5311 2379 5324 .
2723 5284 2727 5290 ·

2142 5283 2261 5339 cap.
2294 5272 2379 5324 l2.
2723 5284 2727 5290 ·

2218 5329 2414 5397 Umbra
2440 5351 2485 5397 et
2504 5339 2809 5413 imaginibus
2833 5339 3042 5413 utimur.
3086 5337 3111 5392 1
3141 5335 3404 5413 Claram”
3431 5329 3625 5413 umbris
3644 5336 3757 5413 {et

2140 5413 2222 5485 sic
2251 5414 2535 5485 legendum
2563 5400 2684 5485 esse
2707 5409 3275 5485 censebat_Fran_citis.
3306 5405 3545 5475 Utraque
3582 5400 3755 5485 lectio

2139 5477 2551 5556 bona.'l.egitur
2574 5482 2757 5556 umbra
2782 5482 2870 5556 hic
2889 5477 3478 5556 lociapudCicergnern
3503 5490 3517 5537 ;
3544 5480 3601 5554 et
3619 5485 3755 5552 mox

2145 5554 2339 5611 Umbra
2367 5543 2613 5627 etvimago
2629 5554 2866 5627 justitiaa,
2908 5564 2962 5609 et
2987 5543 3127 5627 infra
3158 5565 3280 5621 cap.
3312 5549 3344 5596 '7
3369 5544 3614 5627 {Specie
3644 5543 3758 5627 vir?

2140 5629 2261 5683 tutis
2305 5615 2802 5691 inductifuinbras
2851 5615 2897 5679 et
2941 5622 3184 5691 imagines
3227 5615 3651 5691 apprehendunt;
3693 5623 3755 5669 et

2136 5713 2257 5768 cap.
2290 5699 2380 5766 l2,
2410 5685 2642 5753 umbram
2668 5685 3365 5768 imaginemque'virtutis','et
3400 5686 3469 5741 ad
3506 5685 3751 5768 umbram

2136 5757 2506 5839 imaginemquo
2523 5757 2793 5839 justititef
2815 5757 2992 5839 capite
3030 5774 3160 5839 vero
3202 5760 3263 5839 11
3292 5758 3438 5815 circa
3476 5757 3745 5831 medium,

2136 5829 2311 5907 Abji'ce
2338 5829 2543 5893 umbras
2568 5834 2689 5891 illas
2714 5829 3062 5908 imaginesque
3081 5829 3320 5906 justitite.
