4090 6354
395 318 499 376 657

1567 321 1770 378 LIBER
1806 320 1896 378 Vl.
1939 318 2026 376 DE
2065 317 2252 376 VERO
2288 318 2536 380 CULTU.

3591 318 3698 384 058

390 439 594 495 utinam
622 442 1006 512 sequeremur!
1036 441 1306 498 Feruntur
1350 439 1493 498 enim
1525 440 1592 496 ab
1635 439 1853 512 Optimis
1899 453 1994 494 na-
2019 441 2075 501 Α
2101 438 2271 494 titiam
2303 441 2582 512 sapientes
2608 443 3009 511 existimantur,
3047 446 3229 516 specie
3259 445 3466 502 virtutis
3493 445 3697 503 inducti

389 540 525 588 tura:
574 548 640 589 ac
687 535 926 590 veritatis
971 533 1254 606 exemplis.
1295 553 1314 586 ι
1349 533 1546 590 Umbra
1595 543 1677 589 est
1727 532 1888 604 igitur
1936 539 1992 586 et

389 625 568 698 imago
593 627 841 698 justitiae,
871 645 1031 700 quam
1073 629 1149 684 illi
1175 629 1437 700 justitiam
1472 636 1808 699 putaverunt.
1851 625 1991 695 Quid

386 720 746 790 sapientiam?
765 738 946 777 nonne
963 721 1104 778 idem
1123 723 1409 778 conﬁtetur
1425 722 1477 776 in
1502 720 1845 792 phisosophis
1869 733 1990 776 esse

385 812 626 869 nullam?
660 832 679 866 ‹
715 816 822 870 Aut
860 830 981 871 cum
1015 814 1319 882 Fabricius,
1359 814 1552 886 inquit,
1592 823 1684 869 aut
1725 812 1988 870 Aristides

377 905 558 976 justus
587 908 919 977 nominatur,
952 918 1044 964 ant
1072 909 1142 964 ab
1168 909 1274 964 illis
1303 907 1647 976 fortitudinis,
1679 918 1771 962 aut
1809 908 1877 962 ab
1903 905 1987 962 his

375 1000 602 1072 justitim
633 1002 835 1074 petitur
859 1013 1114 1074 tanquam
1139 1020 1166 1057 a
1195 1004 1437 1075 sapiente
1461 1003 1788 1074 exemplum.
1816 1001 1986 1057 Nemo

379 1097 524 1152 enim
559 1096 751 1153 horum
778 1098 858 1154 sic
883 1099 1136 1170 sapiens,
1176 1107 1234 1154 ut
1280 1099 1576 1168 sapientem
1619 1098 1865 1153 volumus
1903 1097 1984 1151 in-

378 1191 565 1263 telligi.
591 1192 702 1249 Nec
726 1194 760 1249 ii
784 1194 875 1265 qui
900 1193 1171 1264 sapientes
1194 1192 1362 1249 habiti
1379 1203 1432 1249 et
1457 1192 1738 1256 nominati,
1762 1192 1831 1248 M.
1849 1189 1984 1247 Cato

376 1292 431 1340 et
459 1281 519 1339 C.
554 1283 772 1352 Lelius,
819 1286 1094 1356 sapientes
1139 1284 1375 1351 fuerunt,
1406 1300 1473 1341 ne
1503 1285 1576 1340 illi
1607 1283 1823 1356 quidem
1853 1297 1980 1354 sep-

375 1384 484 1432 tem
516 1397 528 1431 :
562 1377 658 1434 sed
685 1393 753 1433 ex
781 1377 1082 1434 mediorum
1117 1378 1417 1435 officiorum
1460 1377 1758 1450 frequentia
1790 1377 1981 1434 simili-

375 1467 613 1524 tudinem
631 1469 917 1540 quamdam
939 1471 1198 1542 gerebant
1226 1471 1569 1543 speciemque
1595 1471 1936 1542 sapientium.
1953 1491 1972 1525 ι

371 1560 429 1618 Si
458 1578 590 1634 ergo
629 1572 686 1619 et
712 1563 1050 1636 philosophis
1080 1566 1321 1638 ipsorum
1354 1566 1699 1623 confessione
1727 1567 1977 1637 adempta

367 1657 630 1727 sapientia
672 1666 777 1724 est,
825 1666 879 1714 et
911 1658 976 1715 iis
1021 1659 1112 1730 qui
1157 1659 1290 1730 justi
1335 1660 1499 1715 habiti
1532 1671 1676 1726 sunt,
1724 1660 1976 1731 adempta

359 1751 571 1822 justitia
600 1761 706 1820 est,
739 1767 928 1808 omnes
971 1753 1135 1824 igitur
1182 1753 1288 1808 illa:
1328 1754 1544 1810 virtutis
1581 1754 1974 1825 descriptiones

2097 532 2313 588 umbras
2333 543 2388 589 et
2407 534 2665 606 imagines
2694 536 3126 607 apprehendunt,
3149 537 3280 593 nihil
3306 554 3518 598 verum.
3539 538 3696 608 Quod

2095 639 2157 678 ea
2181 624 2239 678 lit
2267 627 2470 682 ratione
2491 669 2504 691 ,
2539 629 2788 698 quoniam
2815 632 2898 685 via
2927 631 3017 685 illa
3042 632 3272 687 mendax
3297 673 3312 698 ,
3341 649 3461 703 qua:
3491 631 3595 688 fert
3624 631 3694 689 ad

2093 730 2378 784 occasum,
2408 719 2607 775 multos
2640 722 2880 777 tramites
2912 722 3108 791 habet,
3140 734 3363 796 propter
3390 725 3693 781 studiorum

2091 820 2146 865 et
2170 810 2569 882 disciplinarum
2600 816 2912 872 varietatem
2938 859 2952 884 ,
2984 833 3103 888 quae
3125 827 3252 874 sunt
3281 819 3335 874 in
3364 819 3470 875 vita
3509 818 3695 874 homi-

2091 919 2218 959 num
2248 906 2538 963 dissimiles
2568 918 2729 979 atque
2756 909 2998 964 diversae.
3037 911 3168 965 Nam
3195 911 3333 968 sicut
3361 911 3448 967 via
3489 912 3578 967 illa
3605 926 3696 967 sa-

2089 997 2304 1066 pientia:
2353 999 2513 1056 habet
2562 1000 2760 1072 aliquid
2811 1003 2991 1059 simile
3038 1004 3311 1072 stultitiae,
3361 1005 3504 1076 quod
3551 1005 3694 1062 libro

2089 1091 2428 1160 praecedente
2476 1095 2891 1151 monstravimus
2925 1114 2937 1150 :
2970 1097 3040 1151 ita
3090 1097 3234 1164 hinc,
3284 1113 3407 1154 cum
3461 1100 3531 1154 sit
3575 1107 3688 1155 tota

2086 1185 2355 1251 stultitiae,
2389 1185 2551 1244 habet
2589 1188 2790 1259 aliquid
2829 1189 3007 1244 simile
3036 1190 3348 1260 sapientiae,
3377 1191 3520 1262 quod
3548 1191 3689 1246 arri-

2085 1279 2233 1349 piant
2279 1281 2344 1346 ii,
2394 1283 2482 1354 qui
2526 1282 2809 1338 stultitiam
2856 1283 3125 1353 publicam
3176 1285 3512 1355 intelligunt;
3547 1295 3602 1340 et
3632 1292 3692 1340 ut

2083 1371 2246 1429 habet
2268 1375 2392 1430 vitia
2425 1375 2706 1433 manifesta
2738 1396 2752 1432 :
2781 1378 2860 1432 sic
2887 1377 3047 1434 habet
3075 1377 3277 1448 aliquid
3300 1419 3315 1445 ,
3341 1378 3484 1449 quod
3508 1377 3691 1435 simile

2083 1481 2204 1523 esse
2234 1468 2478 1524 videatur
2508 1470 2724 1536 virtuti;
2755 1481 2814 1526 ut
2859 1470 3020 1526 habet
3065 1480 3310 1540 apertum
3356 1473 3532 1526 scelus
3564 1490 3576 1526 :
3607 1471 3689 1527 sic

2082 1564 2370 1636 imaginem
2399 1565 2687 1635 quamdam
2736 1565 3081 1636 speciemque
3122 1565 3368 1635 justitite.
3402 1564 3689 1630 Quomodo

2080 1658 2222 1712 enim
2253 1672 2558 1728 praecursor
2582 1657 2700 1728 ejus
2729 1659 2860 1725 vim,
2889 1657 3041 1728 cujus
3063 1657 3144 1713 vis
3169 1667 3221 1713 et
3242 1665 3483 1727 potestas
3510 1657 3691 1714 omnis

2079 1750 2132 1805 in
2159 1749 2394 1806 fallendo
2416 1761 2517 1816 est,
2547 1750 2828 1806 universos
2850 1751 2903 1805 in
2929 1749 3169 1806 fraudem
3191 1760 3380 1821 posset
3406 1750 3688 1816 inducere,

363 1843 513 1900 falsae
541 1844 650 1900 sint
679 1860 900 1902 necesse
927 1855 1040 1914 est;
1073 1847 1196 1918 quia
1220 1862 1344 1919 quae
1369 1847 1440 1904 sit
1465 1848 1634 1904 virtus
1654 1862 1803 1917 vera,
1829 1848 1971 1904 scire
1999 1852 2048 1912 B
2077 1844 2181 1900 nisi
2208 1845 2520 1900 verisimilia
2555 1845 2860 1900 hominibus
2881 1845 3218 1900 ostentaret?
3254 1845 3396 1900 Deus
3423 1844 3592 1911 enim,
3624 1854 3688 1900 ut

361 1951 470 1992 non
501 1946 706 2008 potest,
735 1939 837 1994 nisi
863 1938 1042 2010 justus
1077 1954 1142 1996 ac
1178 1941 1419 2011 sapiens.
1463 1939 1648 1996 Justus
1681 1950 1861 1997 autem
1901 1955 1966 1998 ac

357 2033 576 2103 sapiens
600 2049 760 2089 nemo
787 2042 889 2100 est,
920 2034 1023 2090 nisi
1053 2049 1211 2106 quem
1244 2035 1386 2091 Deus
1431 2035 1719 2105 praeceptis
1762 2034 1964 2091 coeles-

360 2125 503 2182 tibus
529 2125 782 2182 erudivit.

968 2240 1197 2298 CAPUT
1235 2240 1352 2299 VII.

356 2354 435 2412 De
460 2355 542 2412 via
563 2357 749 2412 erroris
777 2373 837 2411 ac
858 2357 1117 2425 veritatis;
1141 2359 1277 2427 quod
1298 2375 1358 2415 ea
1384 2359 1602 2431 simplex
1623 2359 1709 2427 sit,
1742 2371 1960 2432 angusta

617 2462 666 2509 et
691 2453 875 2523 ardua,
908 2463 1055 2524 atque
1083 2453 1252 2511 Deum
1277 2456 1461 2511 habeat
1491 2457 1690 2513 ducem.

419 2585 555 2644 Nam
597 2587 672 2645 illi
716 2602 927 2660 omnes,
955 2589 1046 2663 qui
1075 2605 1176 2664 per
1211 2590 1442 2648 aliorum
1471 2591 1776 2650 confessam
1820 2593 1955 2649 stul-

2070 1941 2377 1997 immortale
2406 1940 2540 1996 illud
2564 1955 2823 1996 arcanum
2851 1940 2966 2010 ejus
2989 1939 3043 1994 in
3071 1949 3264 2010 operto
3286 1947 3466 2007 esset,
3501 1939 3685 2009 posuit

2069 2034 2123 2089 in
2151 2035 2236 2090 via
2263 2049 2360 2089 sua
2381 2075 2398 2102 ,
2420 2049 2540 2104 quae
2565 2034 2814 2090 homines
2847 2049 2946 2104 pro
2974 2033 3132 2088 malis
3153 2042 3206 2088 et
3229 2032 3472 2103 turpibus
3494 2046 3685 2103 asper-

2070 2135 2350 2192 narentur,
2381 2137 2438 2181 ut
2463 2127 2638 2183 aversi
2666 2141 2696 2180 a
2723 2126 2985 2196 sapientia
3009 2135 3063 2180 et
3085 2127 3344 2192 veritate,
3373 2141 3532 2196 quam
3560 2125 3682 2181 sine

2067 2219 2179 2274 ullo
2210 2219 2346 2275 duce
2374 2219 2757 2289 requirebant,
2792 2219 2846 2272 in
2879 2218 2932 2272 id
2961 2217 3136 2288 ipsum
3169 2217 3500 2281 inciderent,
3533 2216 3678 2288 quod

2070 2311 2238 2367 vitare
2281 2327 2344 2368 ac
2391 2311 2578 2384 fugere
2607 2311 2916 2382 cupiebant.
2948 2311 3136 2382 Itaque
3168 2311 3316 2366 illam
3347 2309 3670 2381 perditionis

2065 2420 2129 2462 ac
2155 2406 2346 2462 mortis
2367 2407 2508 2461 viam
2539 2405 2893 2475 multiplicem
2923 2404 3193 2470 ostendit,
3221 2404 3308 2459 vel
3331 2402 3474 2475 quod
3505 2403 3682 2460 multa

2065 2509 2190 2555 sunt
2213 2513 2414 2570 genera
2441 2499 2566 2553 vita:
2586 2540 2600 2562 ,
2628 2497 2714 2554 vel
2741 2496 2885 2569 quod
2910 2495 2984 2552 dii
3013 2497 3167 2552 multi
3194 2497 3282 2566 qui
3312 2496 3587 2552 coluntur.

2136 2593 2307 2665 Hujus
2332 2592 2442 2650 dux
2469 2594 2852 2665 praevaricator
2896 2607 2961 2648 ac
3011 2591 3269 2650 subdolus
3288 2633 3305 2661 ,
3335 2600 3396 2648 ut
3423 2591 3674 2649 videatur

1616 2776 1625 2791 ι
1669 2727 2034 2788 VARIORUM
2074 2728 2306 2788 ΝΟΤᾹΞ.

425 2865 498 2922 Ab
539 2866 970 2938 optimisnatura:
993 2883 1055 2921 ac
1093 2867 1320 2922 veritatis
1349 2867 1612 2937 exemplis.
1659 2865 1734 2922 Ita
1766 2881 1956 2922 omnes

352 2937 775 3010 (quodsciam)
815 2954 946 2994 mss.
996 2947 1050 2994 et
1091 2940 1220 2994 editi
1265 2940 1543 2995 Lactantii.
1588 2939 1644 2995 In
1679 2940 1955 2994 nonnullis

350 3011 508 3067 editis
533 3009 810 3066 Ciceronis
839 3011 1086 3075 habetur,
1111 3027 1174 3065 ea;
1199 3012 1404 3082 optimis
1430 3021 1626 3066 natura?
1665 3012 1950 3080 principiis,

352 3093 400 3137 et
421 3084 643 3139 veritatis
672 3083 936 3154 exemplis,
964 3083 1104 3154 quod
1131 3087 1329 3138 rectius
1349 3092 1450 3138 est.
1477 3083 1733 3151 Quaedam
1775 3094 1952 3138 tamen

353 3155 618 3244 editiones
651 3169 755 3244 nota
782 3156 977 3244 habent
996 3156 1059 3244 7t
1081 3156 1374 3244 principiis;
1420 3229 1429 3239 ε
1485 3227 1531 3244 ,Ι
1615 3226 1626 3238 .
1695 3234 1707 3244 Α
1918 3225 1929 3236 ο
1979 3181 2026 3244 C

427 3227 529 3282 Aut
554 3243 669 3310 cum
700 3225 968 3310 ali-rici‘us
993 3225 1202 3310 (inquit)
1231 3238 1317 3280 aut
1340 3227 1594 3310 Aristides.
1597 3226 1771 3310 justus
1790 3225 1952 3310 nomi-

356 3311 527 3367 natur,
559 3309 647 3353 aut
671 3299 735 3352 ab
760 3298 864 3353 illis
892 3298 1231 3369 fortitudinis,
1262 3309 1349 3353 aut
1376 3301 1439 3352 ab
1471 3299 1548 3352 Itis
1566 3299 1783 3369 justitia:
1821 3299 1955 3367 peti-

358 3383 442 3426 tur
469 3382 727 3439 tamquam
756 3387 789 3424 a
833 3371 1062 3442 sapiente
1105 3371 1413 3438 exemplum.
1460 3369 1612 3442 Ruiic
1655 3369 1830 3442 locum
1879 3369 1958 3442 sic

356 3442 639 3499 emendavi
666 3452 720 3498 et
763 3442 987 3505 restitui,
1037 3456 1143 3512 non
1175 3443 1349 3498 solum
1375 3458 1441 3498 ex
1485 3441 1520 3496 8
1559 3455 1690 3497 mss.
1721 3441 1879 3512 Reg.,
1923 3441 1958 3496 4

357 3515 514 3570 Colb.
543 3515 790 3584 aliisque.
819 3513 912 3568 sed
940 3523 994 3569 et
1018 3530 1084 3570 ex
1115 3511 1398 3578 Cicerone,
1444 3521 1715 3584 expuncto
1739 3511 1957 3584 nomine

359 3588 549 3660 fortis,
572 3583 695 3660 post
732 3584 1031 3660 Fabricius;
1073 3587 1161 3660 ita,
1188 3593 1246 3660 ut
1289 3602 1390 3640 vox
1429 3583 1533 3640 illis
1579 3584 1858 3660 referatur
1887 3583 1955 3640 ad

357 3657 495 3714 duos
525 3659 715 3714 Decios
740 3667 792 3712 et
818 3657 884 3711 ad
913 3657 1047 3712 duos
1076 3657 1381 3726 Scipiones,
1420 3672 1555 3726 quos
1583 3657 1771 3712 Cicero
1811 3657 1956 3710 viros

357 3730 528 3785 fortes
549 3744 673 3784 mox
693 3729 1157 3784 commemoravit.
1182 3729 1271 3784 Sic
1296 3731 1523 3784 habetur
1545 3727 1631 3783 hic
1649 3729 1798 3782 locus
1816 3727 1957 3797 apud

354 3803 673 3857 Ciceronem
720 3801 812 3855 lib.
844 3816 900 3854 ιιι
935 3799 1262 3864 Officiorum,
1296 3817 1416 3870 cap.
1444 3803 1476 3855 4
1505 3819 1517 3853 :
1546 3799 1654 3854 Nec
1683 3815 1798 3854 vero
1841 3815 1958 3853 cum

355 3875 460 3928 duo
492 3873 656 3939 Decii,
687 3883 773 3927 aut
804 3877 907 3926 duo
937 3872 1204 3944 Scipiones
1231 3875 1381 3928 etiam
1411 3875 1566 3944 fortes
1607 3873 1701 3926 viri
1737 3887 1959 3925 comme-

354 3955 641 4012 morantur,
674 3956 760 3998 aut
790 3961 904 3998 cum
934 3943 1220 4008 Fabricius,
1256 3955 1342 3999 aut
1377 3943 1626 3998 Aristides
1657 3947 1828 4014 justus
1865 3960 1960 3996 no-

354 4019 600 4083 minatur,
644 4027 732 4072 aut
767 4016 828 4070 ab
865 4017 967 4070 illis
1005 4018 1341 4088 fortitudinis,
1391 4026 1482 4070 aut
1524 4017 1587 4070 ab
1625 4015 1709 4088 Itis
1746 4015 1960 4088 iustitiae

353 4103 613 4161 tamquam
643 4107 673 4143 a
707 4090 939 4161 sapiente
970 4085 1154 4161 petitur
1181 4089 1490 4158 exemplum,
1516 4098 1620 4161 etc.
1651 4085 1960 4161 Hincvides

353 4157 661 4216 Fabi-icium
699 4176 727 4214 a
769 4159 1030 4216 Cicerone
1058 4160 1246 4215 adduci
1297 4157 1402 4214 non
1447 4161 1512 4214 ad
1566 4157 1956 4225 Fortitudinis,

352 4233 451 4288 sed
473 4231 540 4286 ad
565 4232 793 4288 iustitiae
816 4232 1144 4301 exemplum.
1183 4232 1334 4289 Unde
1375 4233 1461 4287 hic
1485 4247 1589 4286 vox
1614 4231 1760 4300 fortis
1791 4231 1962 4284 abun-

353 4305 487 4359 dare
513 4305 754 4362 videtur:
785 4314 838 4358 et
861 4305 1010 4359 locus
1031 4320 1094 4359 ex
1125 4303 1239 4359 Cie.
1272 4303 1656 4359 restituendus.
1688 4301 1770 4356 Ea:
1801 4303 1954 4358 Isaeo.

352 4377 565 4501 FbAut
590 4393 706 4430 cum
732 4375 1023 4430 Fabricius.
1079 4375 1424 4432 Heumannus
1455 4373 1562 4446 legi
1587 4376 1697 4430 vult
1719 4391 1808 4429 nec
1845 4391 1961 4430 cum

409 4465 438 4501 α
473 4465 644 4501 rtcrus.
1514 4455 1532 4473 ⁶

409 4449 644 4503 abricius.
1514 4455 1532 4473 ⁶

431 4518 555 4574 Cato
575 4530 624 4575 et
649 4519 861 4575 Lazlius.
894 4520 970 4575 De
1013 4520 1114 4575 hoc
1153 4521 1294 4590 apud
1337 4520 1509 4590 ipsum
1539 4517 1858 4574 Ciceronem
1903 4519 1956 4572 in

2057 2883 2233 2923 νει-δίε.
2261 2868 2315 2926 Si
2343 2868 2649 2926 Lactantius
2681 2870 3052 2938 discipulorum
3098 2871 3441 2941 scripsisset,
3474 2871 3660 2928 fcemi-

2059 2942 2188 2995 nino
2199 2956 2398 3011 genere
2415 2943 2692 3011 sequentia
2713 2959 2818 2998 non
2838 2943 3137 3011 potuissent
3154 2943 3420 2997 enuntiari
3440 2960 3454 2998 :
3472 2943 3672 2998 deinde

2058 3027 2125 3068 ex
2155 3027 2318 3081 scopo
2343 3012 2593 3068 Auctoris
2619 3015 2696 3067 sic
2723 3015 2884 3068 etiam
2901 3015 3182 3084 legendum
3210 3029 3331 3069 esse
3357 3023 3520 3082 patet,
3541 3015 3669 3084 quia

2058 3100 2165 3138 non
2198 3093 2413 3154 propter
2440 3085 2810 3155 discipulorum
2837 3129 2850 3150 ,
2885 3087 2978 3140 sed
3015 3095 3235 3156 propter
3266 3087 3667 3156 disciplinarum

2059 3156 2372 3211 varietatem
2403 3157 2503 3227 ipsi
2548 3157 2798 3228 discipuli
2831 3156 3074 3212 feruntur
3118 3155 3186 3212 ad
3218 3155 3490 3212 occasum.
3520 3155 3668 3214 GAL-

2060 3243 2329 3384 ὐὶια
2369 3299 2630 3354 hominum
2667 3299 2958 3356 dissimiles.
2993 3301 3017 3354 1
3054 3298 3207 3355 Colb.
3239 3309 3294 3354 et
3321 3299 3352 3352 7
3378 3299 3538 3368 edit.,
3569 3299 3667 3356 Ito-

2062 3388 2215 3426 minis

2136 3407 2286 3511 Quiut
2314 3443 2588 3512 arripiant.
2620 3442 2708 3498 Sic
2738 3443 2953 3510 reposui
2983 3458 3052 3499 ex
3086 3457 3215 3497 mss.
3266 3441 3662 3512 antiquissimis

2059 3515 2292 3578 Bonon..
2317 3514 2352 3568 2
2383 3515 2536 3587 Reg.,
2569 3514 2760 3587 Gauc.,
2789 3516 2825 3570 4
2861 3516 2992 3586 Reg.
3019 3529 3154 3580 rec.,
3173 3513 3208 3567 4
3231 3513 3472 3587 Colbert.
3499 3514 3663 3587 aliis-

2059 3603 2164 3670 que
2192 3595 2246 3642 et
2270 3588 2304 3642 5
2325 3595 2430 3642 vet.
2463 3584 2591 3642 edit.
2625 3586 2820 3657 Scripti
2838 3587 2868 3640 7
2893 3584 3170 3656 et'vulgati
3199 3584 3266 3640 i4
3299 3585 3497 3640 habent
3523 3586 3663 3639 arri-

2060 3669 2434 3785 pugrfizcursor
2459 3731 2568 3800 ejus
2585 3730 2698 3784 vite.
2734 3729 2805 3783 Ita
2837 3729 3016 3785 ferunt
3036 3742 3225 3783 omnes
3249 3743 3415 3800 prope
3443 3726 3573 3784 editi
3601 3740 3662 3786 et

2061 3816 2191 3856 mss.
2227 3802 2365 3856 inter
2405 3816 2541 3870 quos
2579 3813 2706 3856 sunt
2733 3802 3007 3857 veterrimi
3037 3809 3093 3854 ct
3135 3801 3344 3868 Optimi.
3379 3799 3446 3854 Et
3472 3801 3549 3853 sic
3579 3801 3662 3855 le-

2061 3874 2332 3940 gendum,
2361 3873 2484 3941 quia
2533 3872 2843 3928 Lactantius
2891 3873 3128 3942 loquitur
3168 3872 3237 3926 de
3265 3871 3573 3926 inductione
3600 3871 3655 3927 in

2061 3946 2329 4011 fraudem,
2361 3945 2505 4015 quod
2533 3945 2600 4000 de
2628 3960 2943 4015 prtecursore
2987 3943 3322 4015 commodius
3344 3983 3358 4004 .
3403 3958 3562 4015 quam
3591 3943 3664 3999 de

2064 4014 2464 4086 percursore,’ut
2493 4014 2692 4072 habent
2719 4017 2960 4072 nonnulli
3001 4030 3132 4071 mss.
3157 4025 3212 4070 et
3235 4014 3386 4083 editi,
3416 4014 3521 4072 dici
3555 4031 3659 4086 po-

2065 4099 2186 4144 lCSI.

2138 4182 2448 4238 Ostentat-et.
2480 4199 2494 4236 ι
2527 4182 2734 4236 Bonan.
2767 4183 2935 4249 antiq.
2969 4181 3140 4248 solus,
3169 4179 3475 4234 ostenderet.

2136 4255 2437 4308 lmmortale
2487 4254 2619 4309 illud
2666 4270 2911 4307 arcanum
2963 4255 3095 4321 ejus.
3145 4253 3166 4304 1
3207 4252 3412 4306 Bonon.
3464 4249 3658 4319 antiq.,

2063 4327 2628 4394 immortalitatemﬁita
2657 4341 2924 4378 arcanum.
2953 4323 3089 4376 Deus
3111 4324 3263 4394 enim,
3293 4332 3348 4373 ut
3376 4321 3665 4394 immortale

2063 4401 2194 4453 illud
2222 4415 2466 4452 arcanum
2489 4389 2619 4465 ejus,
2651 4407 2755 4450 etc.
2786 4395 2961 4448 Locus
2993 4393 3379 4465 perobscurus,
3409 4389 3659 4465 aitg'l‘ho—

2067 4470 2288 4534 masius,
2319 4485 2382 4524 ac
2412 4462 2586 4538 primo
2631 4477 2880 4536 aspectus
2911 4466 3120 4538 videtur
3147 4464 3456 4538 Lactantius
3491 4462 3659 4538 Deum

2063 4533 2338 4597 auctorem
2381 4533 2555 4594 facere
2581 4533 2761 4593 rerum
2796 4537 3029 4606 turpium
3055 4546 3110 4591 et
3137 4536 3440 4602 malarum}:
3470 4533 3564 4606 sed
3591 4548 3662 4586 ex

355 4591 687 4681 Laeliohsive
711 4593 780 4647 de
803 4592 1072 4681 Amicitia,
1099 4602 1154 4648 et
1175 4586 1476 4681 iii-Catone,
1522 4591 1636 4645 sive
1661 4590 1728 4646 de
1755 4590 1959 4646 Senec-

2069 4586 2468 4681 l-iis-Tquiizante
2494 4612 2545 4665 in
2576 4609 2766 4664 eodem
2790 4586 2968 4681 capite
2998 4609 3153 4681 dixit,
3185 4615 3236 4662 et
3264 4588 3660 4681 przesertimex

358 4672 490 4718 tute.
522 4664 652 4719 Vide
673 4680 829 4734 supra
864 4666 955 4720 lib.
985 4679 1041 4730 v,
1071 4679 1188 4734 cap.
1218 4665 1303 4719 18.

351 4737 380 4786 ti
433 4731 772 4806 Sapientiam.
820 4735 893 4791 ιω
927 4731 1272 4807 manuscripti
1295 4777 1310 4799 ,
1341 4745 1536 4805 praeter
1559 4733 1594 4787 ἓ
1621 4734 1880 4807 Bru_n._et
1921 4731 1956 4786 4

356 4807 481 4861 edd.
510 4805 568 4862 in
599 4809 791 4877 quibus
816 4819 896 4863 est
917 4805 1258 4874 δαρὶεηιὶωΛ
1293 4808 1426 4877 Reg.
1455 4821 1565 4862 rec.
1595 4816 1652 4861 et
1679 4805 1766 4860 ed.
1792 4805 1951 4861 Rom.

357 4877 518 4944 i470,
550 4880 870 4950 sapientiam,
902 4881 1197 4943 mendose;
1229 4881 1262 4935 5
1287 4880 1435 4946 edd.,
1463 4881 1801 4950 sapientum:

432 4952 492 5006 Si
518 4949 636 5024 ergo
656 4962 702 5005 et
728 4953 1065 5024 pltilosOphis.
1092 4951 1284 5008 Addidi
1307 4968 1428 5022 ergo
1451 4967 1515 5007 ex
1543 4949 1798 5007 omnibus
1820 4962 1952 5003 mss.

354 5031 411 5077 et
437 5024 505 5078 12
533 5026 776 5095 vulgatis.

432 5115 550 5170 Nisi
580 5118 744 5182 iustus
768 5133 829 5170 ac
855 5117 1080 5184 sapiens.
1110 5116 1239 5172 Post
1267 5116 1382 5172 haec
1407 5117 1569 5175 verba
1593 5113 1769 5169 addidi
1793 5128 1858 5168 ex
1888 5112 1957 5167 12

355 5185 515 5241 editis
543 5189 859 5257 cunctisque
887 5204 1016 5244 mss.
1068 5198 1261 5256 printer
1292 5199 1421 5255 tres,
1453 5189 1637 5242 Justus
1683 5196 1853 5240 autem
1894 5201 1956 5238 ac

355 5261 582 5328 sapiens,
612 5276 730 5329 qua:
757 5259 1131 5315 desiderantur
1159 5261 1212 5314 in
1243 5262 1265 5313 1
1304 5261 1462 5330 Reg.,
1492 5261 1518 5314 1
1550 5261 1756 5314 Βοιιοιι.
1781 5258 1949 5330 antiq.

354 5327 486 5403 etin
515 5331 539 5384 1
577 5327 804 5387 δὸτιιοιι.
834 5332 885 5385 in
924 5348 1148 5400 quorum
1178 5327 1464 5403 postremis
1489 5331 1699 5386 duobus
1733 5337 1788 5384 et
1825 5330 1877 5383 in
1918 5327 1953 5384 4

354 5402 513 5474 editis
539 5413 640 5464 est,
669 5405 804 5474 quod
829 5419 973 5474 nemo
1001 5413 1091 5458 est.
1125 5402 1230 5459 lui
1265 5403 1421 5474 Reg.,
1459 5405 1632 5457 nullus
1673 5410 1764 5456 est.

431 5471 569 5545 Nam
590 5475 667 5528 illi
681 5471 887 5529 'omnes.
924 5473 1062 5528 Nam
1093 5476 1304 5545 reposui
1337 5471 1404 5530 ex
1433 5474 1563 5530 edit.
1590 5475 1625 5527 2
1654 5482 1760 5526 vet.
1790 5471 1948 5526 Rom.

354 5551 410 5597 et
441 5543 509 5598 ls.
538 5559 601 5600 ac
629 5545 828 5600 Cellar.
859 5561 956 5601 nec
988 5562 1091 5602 non
1124 5543 1187 5602 ex
1234 5547 1487 5601 omnibus
1533 5561 1665 5600 mss.
1699 5555 1894 5614 pra-ter
1923 5546 1948 5598 1

354 5614 488 5740 Reg.
523 5631 632 5670 rec.
658 5617 741 5670 cui
774 5626 858 5670 est
881 5618 1002 5670 lam
1023 5661 1037 5682 ,
1069 5627 1126 5672 ut
1152 5628 1205 5673 et
1235 5617 1299 5672 15
1330 5617 1628 5688 impressis.

479 5688 851 5740 iscinlinarum.
901 5686 976 5740 Ita
1025 5689 1305 5740 legendum
1350 5705 1415 5740 ex
1459 5689 1628 5740 omnii.

479 5688 851 5756 isciplinarum.
901 5686 976 5740 Ita
1025 5689 1305 5755 legendum
1350 5686 1420 5745 ett
1459 5689 1708 5742 omnibus
1739 5703 1868 5743 mss.
1902 5693 1957 5742 et

355 5757 424 5811 12
452 5759 633 5813 editis.
666 5759 856 5814 Plures
882 5757 1080 5828 vulgati
1111 5759 1304 5814 vitiose
1337 5761 1518 5829 legunt
1547 5757 1920 5828 discipulorum
1939 5800 1952 5821 ,

352 5830 497 5896 quod
529 5831 659 5886 vitio
689 5831 1144 5904 ty'pographorum
1190 5840 1282 5885 aut
1325 5831 1666 5904 lilnjariorum
1695 5831 1956 5904 accidisse

354 5912 568 5960 constat
594 5918 661 5960 ex
689 5902 1040 5977 sequentibus
1059 5944 1074 5973 ,
1100 5918 1214 5974 qua:
1249 5912 1364 5959 sunt
1389 5902 1660 5960 dissimiles
1686 5913 1838 5974 atque
1879 5902 1958 5958 tli-

2063 4675 2239 4752 capite
2272 4683 2458 4738 ultimo
2511 4675 2871 4751 pratccdentis‘
2896 4681 3038 4745 libri,
3075 4680 3160 4734 hic
3185 4675 3333 4752 locus
3362 4676 3526 4732 debet
3569 4675 3657 4728 in-

2067 4750 2251 4825 telligi.
2287 4755 2373 4810 Ait
2414 4750 2544 4826 ergo
2576 4754 2743 4808 Deum
2796 4754 2846 4806 in
2895 4754 2978 4806 via
3008 4767 3104 4806 sua
3153 4750 3397 4820 posuisse
3423 4763 3507 4815 ea,
3536 4760 3660 4817 qua:

2067 4830 2236 4897 turpia
2271 4827 2350 4881 vel
2383 4828 2553 4892 mala,
2585 4826 2744 4894 vulgo
2767 4833 3048 4897 putantur;
3074 4831 3284 4897 ut_sunt
3314 4832 3660 4897 crucestop-

2067 4889 2300 4969 prdhria,
2337 4889 2562 4954 verbera
2587 4908 2641 4951 et
2665 4889 2829 4951 mors.
2855 4896 3058 4969 Quare?
3081 4895 3311 4969 primum
3341 4901 3396 4945 ut
3423 4889 3661 4969 proben-

2067 4961 2153 5025 iur
2175 4961 2363 5033 electi,
2392 4971 2514 5025 dein
2549 4979 2604 5022 ut
2626 4969 2800 5033 multi,
2828 4961 2916 5037 qui
2945 4961 3270 5037 sapientiam
3291 4961 3658 5037 inquirebant,

2066 5043 2314 5098 videntes
2335 5041 2671 5096 Christianos
2718 5055 2812 5109 pro
2845 5035 3105 5108 religione
3134 5045 3190 5091 ct
3222 5035 3503 5109 disciplina
3533 5045 3662 5088 sus-

2059 5125 2214 5185 cepta
2243 5123 2554 5170 constanter
2597 5103 2780 5165 omnia
2808 5103 3182 5185 tonui-mmet
3209 5115 3436 5185 mortem
3484 5103 3658 5184 ipsam

2060 5173 2260 5248 subire,
2297 5185 2569 5255 inquirant
2611 5197 2861 5255 qutenam
2904 5182 2975 5255 sit
3001 5196 3063 5234 ea
3095 5177 3374 5255 disciplina
3400 5215 3416 5241 ,
3465 5173 3552 5255 cui
3596 5187 3658 5228 se

2054 5245 2296 5312 addictos
2322 5245 2658 5328 profitentur:
2690 5255 2763 5308 lta
2792 5253 2866 5307 illi
2891 5254 2980 5328 qui
3007 5249 3182 5328 aversi
3209 5245 3363 5328 erant
3388 5262 3418 5328 a
3439 5245 3660 5314 sapien-

2058 5330 2126 5382 tia
2157 5339 2211 5384 et
2241 5319 2485 5393 veritate,
2517 5326 2566 5379 id
2593 5335 2676 5381 est
2696 5367 2708 5388 ,
2737 5341 2766 5378 a
2788 5319 3179 5393 vera'doctrina
3216 5319 3657 5380 christianorum,

2057 5416 2176 5455 cum
2233 5409 2410 5453 tamen
2467 5391 2784 5469 Sapientiam
2838 5396 2954 5450 sine
3012 5394 3123 5448 ullo
3152 5391 3288 5469 duce
3326 5397 3657 5469 quaererent,

2057 5487 2216 5541 quam
2273 5481 2448 5525 tamen
2481 5457 3102 5541 quomodoqutererent
3140 5457 3556 5541 _nesciebant,in
3603 5457 3658 5512 id

2060 5529 2232 5612 ipsum
2277 5529 2608 5604 incidebant,
2649 5539 2790 5612 quod
2813 5529 3008 5591 'vitare
3036 5551 3098 5591 ac
3135 5533 3317 5612 fugere
3347 5529 3656 5612 cupiebant,

2059 5601 2108 5669 id
2139 5622 2242 5678 est,
2293 5615 2344 5668 in
2394 5617 2561 5682 ipsam
2596 5601 2910 5680 religionem
2959 5619 3012 5662 ct
3057 5601 3374 5674 sapientiam
3406 5601 3658 5655 christia-

2061 5702 2206 5749 ιιςιιιι,
2236 5686 2318 5738 vel
2351 5686 2403 5738 in
2437 5684 2521 5737 illa
2553 5683 2740 5736 eadem
2777 5690 3042 5734 tormenta
3069 5689 3125 5732 et
3147 5689 3358 5749 cruces,
3389 5687 3522 5749 quas
3551 5686 3652 5724 an-

2061 5766 2142 5810 tea
2177 5742 2346 5808 vitare
2393 5753 2806 5808 constituerant.
2853 5749 3005 5818 Quod
3035 5748 3251 5819 quidem
3280 5742 3528 5823 exemplo
3555 5755 3656 5823 suo

2061 5828 2244 5882 docuit
2291 5827 2536 5882 Justinus
2570 5811 2922 5894 philosophus
2953 5831 3004 5877 et
3037 5811 3385 5894 titartyr;_si_c
3415 5815 3560 5894 enim
3587 5811 3658 5867 de

2059 5916 2121 5960 se
2147 5900 2220 5958 ait
2252 5919 2264 5955 :
2297 5899 2440 5973 quod
2467 5889 2588 5954 cum
2629 5889 2867 5954 Platonis
2894 5889 3233 5966 philosophia
3271 5889 3659 5950 delectaretur,
