4090 6354
395 311 502 372 089

1514 303 1696 362 FIRM.
1741 298 2106 361 LACTANTH
2150 299 2354 358 DIVIN.
2395 299 2639 357 INS'I‘IT.

3596 303 3706 361 660

397 445 521 490 esse
549 428 840 487 discrimen
867 426 1084 501 aliquod
1115 425 1234 485 falsi
1283 432 1338 482 et
1370 425 1480 481 veri
1503 465 1518 490 ,
1571 423 1700 480 mali
1741 438 1804 479 ac
1831 422 1956 480 boni
1976 460 1992 489 ,
2021 420 2076 480 Α
2101 433 2206 476 non
2228 418 2524 486 inveniunt,
2557 418 2677 490 quia
2700 419 2754 475 in
2777 427 2918 476 terra
2947 421 3142 492 potius,
3177 421 3266 478 ubi
3294 435 3568 492 apparere
3591 435 3702 476 non

397 524 504 580 alia
529 523 674 581 ducit
703 523 1006 578 luxuriosos
1029 561 1043 586 ,
1072 520 1176 576 alia
1203 534 1300 576 eos
1329 518 1418 591 qui
1450 517 1588 591 frugi
1619 516 1960 588 appellantur
1984 532 1999 582 ;

401 617 505 674 alia
581 616 904 687 imperitos,
960 613 1062 668 alia
1117 613 1345 678 doctos;
1410 611 1515 668 alia
1591 610 1838 677 inertes,
1894 608 2002 664 alia

400 721 685 772 strenuos;
735 707 839 763 alia
893 707 1126 772 stultos,
1175 707 1278 762 alia
1341 703 1731 774 philosophos;
1794 710 1850 758 et
1909 717 2004 756 cos

403 801 626 873 quidem
654 816 760 856 nou
795 817 901 855 uno
932 799 1167 855 tramite.
1196 799 1321 854 lllos
1343 797 1509 862 enim,
1536 799 1625 868 qui
1651 806 1744 853 aut
1763 796 2005 866 volupta-

400 906 487 954 tes
507 939 522 964 ,
555 905 648 951 aut
670 895 890 952 divitias
921 911 1028 950 non
1056 894 1326 967 refugiunt
1346 937 1358 960 ,
1381 895 1450 950 ab
1478 893 1579 951 hac
1606 893 1814 964 publica
1841 901 1898 948 et
1919 906 2007 946 ce-

401 992 541 1050 lebri
573 993 656 1047 via
682 991 892 1047 modice
922 999 1171 1062 segregat
1203 1007 1216 1044 :
1247 1004 1345 1047 eos
1372 998 1551 1052 autem
1571 1031 1586 1054 ,
1615 989 1704 1058 qui
1726 997 1819 1043 aut
1840 987 2008 1042 virtu-

398 1093 509 1141 tem
535 1085 688 1153 sequi
715 1084 923 1150 volunt,
948 1093 1041 1138 aut
1060 1094 1431 1153 contemptum
1453 1098 1634 1140 rerum
1661 1081 2001 1153 profitentur,

402 1199 501 1256 per
524 1184 732 1254 fragosa
763 1181 1009 1254 quaedam
1039 1180 1333 1251 praecipitia
1362 1179 1548 1237 trahit.
1577 1178 1684 1236 Sed
1712 1187 1888 1232 tamen
1918 1175 2007 1230 illa

401 1275 583 1334 omnia
613 1277 800 1331 itinera
823 1315 840 1341 ,
870 1291 990 1346 quae
1018 1275 1254 1342 speciem
1285 1273 1548 1329 bonorum
1572 1285 1796 1342 operum
1825 1277 2010 1324 osten-

403 1381 522 1428 tant
542 1411 558 1437 ,
590 1386 696 1426 nnn
731 1381 854 1426 sunt
881 1369 1002 1423 alite
1032 1368 1167 1433 viae,
1198 1365 1292 1422 sed
1323 1365 1637 1424 diverticula
1666 1372 1722 1420 et
1766 1362 2005 1428 semitm;

403 1479 524 1535 qua:
553 1463 804 1520 videntur
825 1461 1044 1532 quidem
1073 1461 1142 1519 ab
1168 1461 1258 1517 illa
1285 1459 1560 1518 communi
1599 1457 2011 1514 dextrovorsum

406 1557 686 1627 separari,
719 1556 784 1610 ad
816 1554 1062 1610 eamdem
1087 1563 1265 1610 tamen
1282 1594 1298 1619 ,
1325 1562 1382 1610 et
1401 1552 1466 1608 ad
1491 1567 1655 1608 unum
1679 1566 1868 1607 omnes
1893 1551 2013 1608 exi-

405 1659 522 1706 tum
551 1649 652 1704 sub
681 1649 799 1720 ipso
832 1651 938 1704 line
966 1648 1294 1704 referuntur.
1324 1647 1402 1702 lbi
1431 1647 1576 1706 enim
1605 1646 1736 1716 dux,
1760 1646 1852 1702 ille
1876 1661 2012 1702 cono

399 1742 580 1814 jungit
609 1758 800 1798 omnes
819 1782 835 1811 ,
871 1742 958 1798 ubi
991 1755 1128 1812 opus
1158 1740 1351 1804 fuerat.
1381 1739 1555 1797 bonos
1579 1755 1608 1794 a
1638 1740 1816 1807 malis,
1844 1738 2013 1796 fortes

2106 521 2304 584 potest,
2327 521 2594 584 quaerunt.
2627 514 2821 572 Errant
2869 530 3000 588 ergo
3027 517 3173 574 velut
3205 518 3259 572 in
3301 516 3442 573 mari
3487 529 3702 586 magno,

2109 621 2210 661 nec
2238 621 2347 675 quo
2389 607 2631 662 ferantur
2657 608 2977 680 intelligunt,
3009 610 3132 678 quia
3156 625 3255 665 nec
3279 611 3418 665 viam
3448 618 3704 673 cernunt,

2108 715 2210 757 nec
2239 701 2431 757 ducem
2465 713 2763 773 sequuntur
2794 703 2982 760 ullum.
3009 704 3208 760 Eadem
3237 720 3467 774 namque
3492 705 3710 760 ratione

2108 792 2246 850 hanc
2271 794 2392 848 vita:
2421 793 2558 849 viam
2609 795 2777 864 quaeri
2811 806 3047 866 oportet,
3078 811 3182 867 qua
3211 797 3262 851 in
3284 796 3397 852 alto
3419 796 3523 853 iter
3551 797 3708 852 navi-

2108 887 2210 944 bus
2254 887 2550 958 quaeritur;
2582 903 2704 958 quae
2750 889 2852 944 nisi
2895 889 3109 960 aliquod
3147 889 3268 945 cmli
3312 889 3492 945 lumen
3523 889 3713 944 obser-

2109 991 2258 1049 vent,
2279 981 2495 1037 incertis
2520 982 2767 1039 cursibus
2788 992 3068 1054 vagantur.
3102 982 3358 1054 Quisquis
3383 994 3562 1039 autem
3588 999 3714 1038 rec-

2110 1082 2222 1128 tum
2255 1073 2357 1128 iter
2383 1073 2482 1129 via:
2512 1083 2693 1130 tenere
2742 1075 2946 1142 nititur,
2980 1092 3087 1132 non
3131 1086 3328 1132 terram
3372 1075 3538 1133 debet
3558 1076 3712 1146 aspi-

2109 1182 2260 1233 cere,
2294 1166 2391 1223 sed
2416 1167 2609 1223 caelum
2636 1186 2650 1222 :
2679 1179 2732 1224 et
2760 1169 2838 1240 (ut
2879 1169 3118 1238 apertius
3150 1168 3361 1242 loquar)
3388 1185 3495 1225 non
3534 1168 3714 1224 homi—

2109 1275 2233 1318 nem
2257 1261 2406 1334 sequi
2438 1261 2621 1328 debet,
2649 1260 2746 1316 sed
2779 1261 2978 1327 Deum;
3009 1277 3117 1318 non
3146 1262 3227 1316 his
3255 1261 3602 1318 terrestribus
3626 1263 3711 1316 si-

2110 1352 2389 1422 mulacris,
2436 1354 2532 1410 sed
2573 1356 2682 1411 Deo
2725 1355 2934 1412 servire
2976 1357 3220 1422 cmlesti;
3262 1355 3466 1410 nonad
3511 1369 3716 1425 corpus

2111 1447 2316 1504 referre
2347 1448 2548 1514 omnia,
2577 1448 2671 1505 sed
2711 1449 2780 1506 ad
2820 1459 3092 1516 mentem;
3133 1465 3240 1505 non
3270 1448 3396 1504 huic
3425 1449 3550 1504 vitae
3578 1448 3714 1502 dare

2111 1554 2355 1610 cperam,
2378 1540 2470 1597 sed
2494 1552 2732 1598 mternm.
2765 1543 2946 1613 itaque
2971 1542 3017 1598 si
3040 1542 3224 1600 oculos
3266 1543 3318 1596 in
3349 1541 3542 1598 (mlum
3567 1556 3717 1596 sem-

2112 1650 2209 1706 per
2227 1634 2495 1701 intendas,
2520 1646 2575 1692 et
2601 1635 2794 1702 solem,
2817 1652 2926 1708 quo
2950 1635 3140 1701 oritur,
3177 1637 3452 1698 observes.
3480 1651 3714 1706 eumque

2114 1727 2312 1785 habeas
2335 1730 2454 1786 vice
2487 1730 2640 1803 quasi
2667 1730 2859 1802 navigii
2887 1731 3104 1799 ducem,
3142 1745 3238 1786 sua
3265 1740 3459 1801 sponte
3487 1730 3539 1786 in
3567 1730 3712 1784 viam

405 1839 478 1896 ab
506 1835 788 1903 inertibus,
822 1836 1097 1906 sapientes
1125 1849 1155 1890 a
1187 1835 1365 1891 stultis
1391 1833 1665 1905 separari;
1703 1835 1755 1889 in
1781 1833 2007 1890 deorum
2039 1839 2086 1902 ις
2115 1821 2280 1893 pedes
2305 1821 2632 1895 dirigentur;
2663 1832 2718 1880 et
2748 1823 2876 1880 illud
2897 1825 3120 1882 cmleSte
3145 1824 3349 1892 lumen,
3378 1822 3521 1894 quod
3559 1825 3714 1878 sanis

402 1931 613 1989 scilicet
654 1930 836 1996 cultu,
871 1930 923 1984 in
953 1946 1062 2002 quo
1107 1929 1198 1986 ille
1229 1929 1543 1994 universos,
1568 1929 1692 2000 quia
1736 1929 1856 1986 sine
1901 1929 2010 1986 ullo

409 2023 723 2082 discrimine
768 2021 917 2077 stulti
946 2022 1194 2087 fuerunt,
1228 2037 1338 2078 uno
1366 2036 1625 2080 mucrone
1659 2021 1906 2094 jugulat,
1958 2030 2012 2079 et

406 2114 717 2188 praecipitat
746 2114 797 2168 in
827 2122 1077 2170 mortem.
1104 2113 1234 2169 Hzec
1262 2125 1442 2170 autem
1475 2114 1584 2180 via,
1614 2128 1737 2186 quae
1764 2124 1848 2172 est
1871 2113 2014 2170 veri-

403 2210 568 2276 tatis,
599 2219 654 2265 et
684 2208 994 2279 sapientiae,
1022 2217 1078 2266 et
1106 2208 1317 2264 virtutis
1340 2251 1356 2276 ,
1387 2219 1442 2266 et
1482 2207 1739 2278 ju5titize,
1782 2221 2011 2280 quomm

411 2302 658 2358 omnium
687 2300 807 2355 fons
837 2317 976 2356 unus
1001 2310 1119 2370 est,
1151 2317 1254 2357 una
1284 2301 1396 2368 vis,
1441 2316 1546 2358 una
1577 2301 1766 2367 sedes;
1798 2312 1851 2360 et
1878 2302 2014 2360 sim-

411 2397 536 2468 plex
563 2403 647 2454 est
665 2433 679 2461 .
706 2395 850 2466 quod
884 2395 1102 2466 paribus
1129 2396 1348 2460 animis,
1377 2410 1700 2467 summaque
1728 2396 2017 2452 concordia

411 2507 581 2547 unum
609 2504 916 2560 sequamur,
949 2500 1003 2547 et
1028 2490 1270 2546 colamus
1297 2489 1498 2555 Deum;
1531 2498 1587 2547 et
1611 2498 1857 2561 angusta,
1884 2505 2020 2560 quo-

417 2583 562 2639 niam
591 2584 936 2653 paucioribus
967 2585 1137 2638 virtns
1161 2583 1283 2639 data
1305 2592 1420 2648 est;
1451 2593 1506 2638 et
1532 2583 1734 2652 ardua,
1767 2585 2018 2655 quoniam

415 2679 482 2734 ad
509 2678 747 2745 bonum,
792 2676 936 2748 quod
982 2693 1252 2732 summum
1301 2686 1464 2748 atque
1493 2677 1723 2733 sublime
1767 2686 1879 2744 est,
1920 2677 2022 2733 nisi

416 2787 540 2827 cum
583 2786 793 2828 summa
839 2769 1131 2827 difticulate
1157 2786 1221 2826 ac
1253 2770 1436 2827 labore
1480 2785 1587 2826 non
1623 2780 1799 2842 potest
1839 2780 2026 2842 perve-

414 2866 540 2922 niri.

1028 2935 1257 2995 CAPUT
1312 2935 1448 2993 Vlll.

486 3029 569 3084 De
605 3031 863 3086 erroribus
887 3029 1343 3104 Philosophorum,
1386 3045 1447 3086 ac
1475 3030 1719 3088 varietate
1749 3031 1960 3105 Legum.

2115 1917 2386 1973 mentibus
2415 1917 2585 1973 multo
2613 1917 2812 1976 clarior
2839 1918 2919 1974 sol
2946 1927 3048 1984 est,
3068 1933 3228 1990 quam
3260 1916 3346 1972 hic
3367 1932 3525 1987 quem
3543 1930 3716 1972 carne

2115 2011 2324 2068 mortali
2363 2011 2626 2080 videmus,
2681 2011 2759 2067 sic
2809 2020 2977 2082 reget.
3029 2011 3108 2066 sic
3149 2009 3490 2082 gubernabit,
3545 2019 3602 2064 ut
3638 2007 3712 2065 ad

2117 2122 2383 2162 summum
2411 2107 2708 2178 sapientiai,
2744 2105 3062 2177 virtutisque
3086 2114 3297 2177 portum
3327 2105 3445 2161 sine
3471 2102 3581 2160 ullo
3609 2118 3702 2160 er~

2118 2215 2242 2257 rore
2272 2199 2547 2271 perducat.

2197 2377 2548 2452 Suscipienda
2582 2378 2744 2451 igitur
2767 2377 2860 2434 Del
2889 2377 2970 2435 lex
2995 2381 3098 2446 est,
3123 2385 3243 2450 Quae
3272 2388 3371 2432 nos
3397 2373 3463 2432 ad
3491 2373 3596 2433 hoc
3619 2370 3727 2431 iter

2124 2475 2314 2545 dirigat
2341 2491 2355 2530 :
2393 2474 2477 2528 illa
2505 2481 2711 2537 sancta,
2744 2471 2833 2526 illa
2858 2470 3118 2538 cmlesds,
3157 2483 3317 2542 quam
3346 2468 3553 2526 Marcus
3584 2469 3719 2524 Tul-

2130 2569 2232 2624 lius
2258 2569 2310 2624 in
2345 2568 2484 2624 libro
2505 2567 2572 2622 de
2594 2565 2888 2640 Republica
2918 2566 3074 2621 tertio
3100 2580 3237 2635 pene
3266 2565 3446 2619 divina
3478 2578 3612 2619 voce
3632 2561 3729 2618 de-

2128 2661 2332 2733 pinxit;
2359 2660 2515 2730 cujus
2545 2675 2668 2730 ego,
2701 2675 2768 2714 ne
2796 2659 2946 2730 plura
2986 2653 3255 2725 dicerem,
3287 2657 3449 2714 verba
3479 2657 3683 2726 subieci
3714 2675 3728 2713 :

2138 2767 2157 2807 ι
2185 2750 2277 2810 Est
2297 2747 2513 2826 quidem
2533 2748 2786 2821 veralex,
2814 2762 2958 2808 recta
2980 2753 3137 2820 ratio,
3174 2763 3376 2808 naturae
3401 2767 3730 2824 congruens,

2131 2849 2329 2906 diffusa
2359 2850 2411 2904 in
2455 2864 2669 2913 omnes,
2696 2858 2974 2916 constans,
3007 2848 3369 2918 sempiterna;
3402 2863 3523 2918 qua:
3573 2860 3735 2903 vocet

2131 2942 2196 3000 ad
2221 2943 2484 3010 officium,
2529 2943 2798 3014 iubendo;
2842 2941 3093 3008 vetando,
3132 2957 3161 2996 a
3204 2941 3392 2998 fraude
3415 2941 3734 2998 deterreat:

2137 3045 2260 3109 qua:
2290 3046 2468 3092 tamen
2512 3047 2687 3108 neque
2746 3032 2942 3105 probos
2986 3035 3181 3090 fru5tra
3207 3033 3378 3104 jubet,
3411 3041 3505 3088 aut
3549 3039 3737 3100 vetat;

494 3121 622 3184 llaec
664 3131 747 3184 est
776 3123 878 3194 via,
913 3137 1073 3199 quam
1113 3121 1419 3198 philosophi
1457 3137 1705 3200 quierunt
1737 3145 1748 3182 :
1783 3123 1878 3184 sed
1908 3123 2030 3185 ideo
2057 3118 2101 3182 C
2135 3145 2236 3186 nec
2267 3125 2822 3200 improbosjubendo,
2857 3135 2948 3183 aut
2970 3125 3202 3184 vetando
3227 3135 3428 3184 movet.
3463 3119 3600 3184 lluic
3631 3123 3737 3200 legi

1689 3240 2054 3300 VARIORUM
2083 3237 2315 3300 NOTE.

418 3365 645 3421 audiens
691 3364 886 3420 multos
928 3379 994 3419 ex
1027 3363 1228 3419 nostris
1280 3362 1608 3435 martyribus
1629 3377 1725 3431 pro
1757 3362 2017 3432 religione

418 3438 713 3494 cltri8tiana
764 3437 1202 3492 constantissime
1251 3445 1482 3491 mortem
1520 3444 1778 3504 cppetere
1802 3477 1814 3498 ,
1845 3435 2016 3490 voluit

418 3524 538 3565 eam
572 3509 904 3578 Religionem
936 3524 1120 3571 nosse,
1151 3521 1248 3577 pro
1295 3522 1399 3577 qua
1424 3506 1495 3562 illi
1526 3503 1633 3578 tam
1667 3503 1894 3562 libenter
1921 3522 2015 3560 oc-

419 3575 744 3636 cumbebant
769 3599 783 3644 ;
811 3595 972 3649 quam
1001 3575 1215 3645 quidem
1244 3575 1332 3634 lllé
1363 3592 1482 3633 cum
1514 3575 1906 3647 perfectissime
1939 3579 2016 3635 in-

421 3653 741 3716 tellexisset,
766 3668 862 3722 pro
885 3651 1073 3706 eadem
1105 3660 1286 3721 postea
1331 3665 1435 3705 non
1468 3649 1731 3704 dubitavit
1765 3655 1927 3704 vitam
1954 3651 2017 3704 li-

420 3725 740 3780 bentissime
789 3724 1134 3792 profundere,
1161 3723 1214 3778 in
1241 3735 1300 3779 se
1325 3733 1600 3786 exnet'tus,
1645 3722 1784 3789 quod
1817 3722 1868 3776 in
1899 3722 2018 3776 aliis

422 3807 582 3849 antea
625 3794 800 3850 fuerat
847 3795 1162 3850 admiratus.
1195 3793 1321 3849 Ιιιυο
1355 3808 1422 3847 eo
1468 3792 1574 3847 line
1621 3794 1932 3854 scribimus.
1965 3803 2022 3848 nt

425 3867 765 3922 Lactantinm
814 3867 883 3920 ab
925 3867 1074 3920 omni
1126 3879 1311 3920 errore
1363 3865 1688 3929 liberemus,
1723 3881 1790 3919 ne
1819 3865 2025 3919 dicatur

422 3937 801 4008 gravissimum
827 3947 1105 4008 auctorem
1121 3978 1133 3995 .
1163 3937 1332 3991 Deum
1360 3944 1636 3991 auctorem
1659 3931 1785 3992 mali
1811 3935 2023 4001 fecisse,

425 4007 456 4062 ἐι
485 4024 593 4078 quo
623 4022 810 4063 errore
836 4025 899 4063 ex
940 4009 1062 4062 aliis
1091 4007 1385 4076 Scriptoris
1411 4007 1570 4076 hujus
1598 4008 1732 4062 locis
1759 4009 1914 4062 nobis
1945 4011 2028 4062 vi-

425 4077 587 4134 detur
617 4080 890 4134 immunis.
922 4109 994 4120 —
1020 4077 1279 4132 Arcanum
1303 4081 1411 4150 ejus
1445 4080 1498 4132 in
1541 4091 1716 4148 operto
1749 4089 1894 4133 esset.
1927 4079 2032 4135 Re-

426 4151 592 4206 mittit
620 4166 719 4205 nos
745 4150 1057 4220 Lactantius
1085 4151 1151 4220 ad
1183 4151 1375 4203 librum
1395 4151 1814 4220 prmcedentem,
1844 4151 1894 4204 id
1925 4161 2029 4215 est,

427 4223 698 4293 quintum,
735 4223 820 4294 ubi
854 4239 903 4278 c.
938 4219 1004 4278 18
1036 4217 1286 4294 :_ldcirco
1312 4217 1550 4294 uirtutem
1575 4223 1740 4294 ipsam
1772 4220 1912 4276 Deus
1941 4225 2031 4277 sub

430 4291 654 4363 persona
679 4291 915 4349 stultitia:
941 4291 1222 4350 voluitessc
1242 4293 1492 4360 Celatam,
1510 4291 1874 4365 utmysterium
1902 4295 2033 4348 veri-

427 4366 549 4420 tatis
577 4381 637 4420 ac
657 4365 919 4438 religionis
942 4382 1056 4422 sua:
1076 4375 1221 4422 esset
1243 4382 1510 4420 arcanum.
1534 4363 1688 4438 Quod
1709 4377 1896 4422 nostro
1913 4365 2034 4421 loco

429 4437 630 4493 dicitur
651 4437 898 4509 arcanum
912 4438 1022 4508 ejus
1043 4445 1094 4492 in
1117 4443 1290 4509 operto
1311 4445 1459 4509 esset,
1483 4439 1535 4492 in
1557 4437 1696 4509 llhro
1717 4439 1905 4508 quinto
1928 4447 2029 4509 est,

427 4518 484 4581 ut
522 4507 888 4581 mysterium...
918 4505 1043 4581 esset
1073 4505 1338 4565 arcanum.
1360 4507 1503 4566 ldetn
1535 4505 1665 4565 dicit
1690 4505 1838 4578 lftv,
1869 4526 1917 4564 c.
1951 4507 1986 4563 2
2017 4530 2029 4565 :

432 4573 678 4636 Stultitia:
704 4581 985 4635 velamento
1017 4579 1248 4652 Deus,ne
1275 4598 1534 4637 arcanum
1564 4583 1644 4634 sui
1671 4573 1834 4636 divini
1861 4582 2030 4652 aperis

429 4653 484 4706 in
515 4653 794 4722 propatulo
809 4663 974 4722 esset,
996 4648 1287 4722 thesaurum
1304 4655 1566 4722 sapientia:
1584 4655 1805 4708 veritatis
1823 4648 2034 4708 abscon-

431 4719 526 4778 dit.
556 4719 713 4791 lbid.,
733 4742 781 4779 c.
813 4719 846 4778 5
878 4744 889 4778 :
922 4719 1072 4779 Multi
1107 4719 1384 4779 veritatem
1414 4725 1505 4791 sub
1533 4723 1780 4780 velamine
1806 4727 2035 4782 stultitia:

431 4797 670 4850 latentem
691 4789 1033 4862 aspernantur
1054 4813 1114 4850 ac
1140 4807 1408 4865 respuunt.
1435 4789 1569 4851 BUN.

503 4867 622 4921 Alia
649 4867 855 4937 inertes,
891 4869 1004 4937 alia
1022 4863 1268 4921 strenuos.
1305 4863 1468 4924 Guth.
1518 4869 1623 4922 alia
1668 4868 1887 4937 ineptos,
1929 4866 2035 4923 alia

427 4948 682 4994 strenuos.
737 4935 941 5010 Inepte.
989 4933 1225 5010 Reliqui
1255 4941 1462 5004 inertes,
1519 4949 1690 5010 recte;
1721 4933 2036 5010 repetuntur

433 5011 579 5065 enim
608 5011 765 5080 fortes
804 5007 866 5080 ult
897 5007 1160 5066 inertibus.
1204 5007 1402 5066 lnertcs
1438 5007 1666 5065 fortibus
1693 5025 1756 5064 ac
1789 5007 2034 5067 istreuuis

431 5077 800 5152 opponuntur.
827 5077 977 5138 Conf.
1003 5092 1116 5138 not.
1144 5081 1179 5137 1.
1205 5099 1278 5152 v1,
1302 5099 1351 5138 c.
1373 5081 1444 5152 ¹14
1475 5101 1486 5136 :
1515 5081 1834 5152 Quietumab
1861 5083 2034 5147 inerti;

583 5150 682 5210 18:
710 5147 992 5227 llabebitur
1016 5172 1109 5225 pro
1130 5147 1273 5227 segni
1288 5147 1642 5227 et_in_erti,:cni
1669 5149 1866 5227 ibidem
1885 5155 2035 5227 [ortis

434 5239 497 5298 ac
521 5234 759 5280 strenuus
808 5223 1111 5298 oppositus.
1150 5223 1225 5282 [ta
1250 5227 1303 5298 in
1335 5223 1511 5283 Valer.
1540 5223 1687 5298 Max.
1711 5226 1748 5280 l.
1775 5223 2032 5291 Vlll,c.8,

433 5294 621 5348 inertes
693 5307 748 5352 et
809 5294 1004 5355 strenui
1067 5300 1168 5356 sibi
1227 5297 1602 5356 adversmitur.
1676 5297 1932 5354 Boethius
1983 5314 2034 5353 tv

434 5360 704 5442 hlet_r._Z:
729 5366 810 5424 Ite
833 5387 968 5426 nunc
991 5373 1171 5441 fortes.
1217 5413 1230 5426 .
1278 5413 1293 5428 .
1337 5410 1353 5426 .
1398 5412 1412 5428 .
1441 5388 1536 5427 cur
1558 5371 1742 5426 inertes
1770 5379 1911 5442 terga
1934 5388 2036 5428 non

437 5434 572 5489 datis
589 5436 614 5488 ?
641 5433 772 5493 Buu.

513 5505 615 5560 Per
622 5511 864 5587 [Μαρια.
893 5509 982 5587 ita
999 5513 1178 5571 scribo
1203 5532 1268 5573 ex
1292 5514 1680 5587 antiquissimis
1708 5531 1837 5571 mss.
1869 5515 1904 5570 ‘2
1934 5513 2036 5571 Bo-

434 5581 791 5659 non.,.lietnl.
818 5592 869 5635 et
886 5582 918 5660 _l
948 5581 1271 5660 Regio-Pot.
1301 5605 1330 5642 a
1361 5581 1526 5660 prima
1547 5603 1712 5660 manu
1741 5605 1754 5642 :
1782 5605 1901 5660 quge
1931 5603 2034 5642 vox

437 5652 734 5729 ξεριίεινίιμι·⁸
759 5655 896 5722 apud
951 5652 1230 5725 Virgilium
1262 5671 1316 5714 et
1356 5652 1766 5728 Quintilianum.
1801 5652 2034 5715 'Noslrte

439 5719 657 5801 l‘ectiOui
712 5719 855 5801 favet
904 5733 1016 5801 vet.‘
1043 5719 1222 5801 ‘Editio
1251 5719 1492 5801 ﬂuuiana
1538 5729 1698 5795 1468,
1726 5747 1845 5801 quae
1877 5732 2036 5785 habet

436 5790 939 5882 [raqrosa,i‘vitiose.
989 5791 1093 5854 Alit
1140 5815 1271 5858 mss.
1315 5790 1766 5882 rec.'cotnplure's
1807 5814 1865 5859 et
1903 5803 2033 5859 editi

430 5865 786 5938 confragrosa.

2196 3361 2319 3416 Non
2347 3370 2464 3418 sunt
2499 3361 2619 3417 alia
2662 3361 2776 3418 via.
2827 3359 3036 3416 Bonon.
3061 3360 3235 3432 antiq.
3272 3360 3420 3416 solus
3473 3375 3576 3416 non
3615 3373 3739 3417 sunt

2119 3436 2186 3490 cli
2195 3451 2335 3490 vasa.

2194 3505 2531 3576 Ileferuntur.
2567 3505 2620 3561 Id
2651 3514 2754 3571 est,
2794 3518 3008 3561 rursum
3035 3503 3299 3560 ferttntttr.
3335 3503 3616 3559 Francius.

2199 3577 2316 3632 Una
2336 3579 2499 3633 sedes.
2530 3576 2627 3632 Ms.
2654 3578 2800 3632 solus
2847 3580 2862 3631 l
2911 3577 3118 3632 Bonon.
3173 3576 3341 3643 anth.
3393 3587 3449 3632 et
3488 3593 3613 3631 cum
3665 3589 3734 3633 eo

2121 3649 2252 3704 edit.
2284 3651 2316 3704 4
2349 3666 2459 3704 rec.
2495 3649 2699 3703 addunt
2725 3650 2914 3710 suavis.
2949 3664 3070 3718 qua:
3099 3663 3201 3703 vox
3233 3647 3621 3717 proscribenda
3656 3649 3737 3704 vi-

2128 3721 2304 3776 detur.
2339 3749 2411 3762 --
2444 3719 2561 3775 Una
2591 3721 2757 3785 sedes,
2785 3732 2830 3776 et
2862 3720 3081 3788 simplex
3108 3732 3199 3774 est.
3235 3720 3338 3775 Sed
3368 3719 3601 3788 simplex
3652 3721 3742 3776 tuo

2125 3793 2324 3849 dicitur
2351 3795 2401 3847 in
2433 3793 2771 3862 oppositione
2796 3793 2893 3847 vim
2917 3792 3217 3857 mendacis,
3247 3807 3365 3862 qua:
3391 3807 3577 3862 supra,
3606 3794 3743 3847 mul-

2129 3875 2208 3920 tos
2237 3866 2461 3919 tramites
2489 3864 2648 3918 habet
2677 3880 2690 3919 :
2722 3863 2846 3918 inde
2877 3873 3035 3918 vocat
3059 3863 3192 3917 viam
3223 3863 3578 3932 multiplicem.
3603 3864 3738 3920 Bon.

2207 3937 2380 4002 Quod.
2407 3935 2710 3992 Heumann.
2735 3936 2860 4006 legit
2881 3952 3002 4006 quo.

2206 4008 2318 4063 Nec
2335 4008 2516 4062 ducem
2544 4005 2821 4078 sequuntur
2847 4005 3029 4062 ullum.
3058 4005 3315 4063 Ultimam
3347 4021 3534 4062 vocem
3564 4008 3733 4062 ullum

2135 4081 2170 4136 5
2197 4093 2310 4136 rec.
2344 4079 2504 4135 editis
2530 4081 2827 4149 neglectam
2863 4080 3072 4135 restitui
3097 4095 3161 4133 ex
3190 4081 3402 4134 creteris
3437 4089 3491 4134 et
3525 4081 3743 4135 cunctis

2137 4167 2269 4209 mss.
2316 4162 2514 4222 praeter
2557 4156 2578 4206 1
2620 4151 2828 4206 Bonon.
2868 4153 3036 4221 antiq.
3067 4151 3288 4222 cuiest,
3319 4149 3431 4204 Nec
3451 4150 3635 4205 ducem
3662 4167 3743 4205 se-

2135 4221 2378 4296 quuntur.
2437 4225 2706 4279 Rationem
2750 4223 2913 4296 hanc.
2945 4222 3052 4278 Pro
3095 4221 3277 4289 ullum,
3310 4225 3333 4278 1
3370 4223 3502 4293 Reg.
3534 4236 3677 4287 rec.,
3705 4225 3731 4279 1

2136 4295 2318 4364 Coll»,
2350 4299 2376 4352 1
2405 4297 2568 4352 Brnn.
2607 4297 2827 4357 habent,
2856 4295 3024 4349 illum.

2210 4367 2334 4424 Non
2363 4370 2618 4424 hominem
2644 4369 2784 4439 sequi
2803 4368 2968 4422 debet.
2998 4367 3163 4423 Abest
3201 4365 3344 4422 debet
3369 4366 3485 4422 abl
3521 4366 3734 4423 Bonon.

2137 4441 2307 4508 antiq.
2575 4455 2592 4470 ⁸

2059 4541 2111 4601 D
2211 4512 2377 4601 Multo
2404 4514 2592 4568 clarior
2621 4514 2699 4570 sol
2723 4520 2818 4601 est,
2858 4527 3009 4601 quam
3041 4511 3142 4601 hic,
3169 4518 3276 4593 etc.
3309 4508 3399 4601 §i£
3425 4509 3732 4601 restitui-Lex

2140 4601 2272 4641 tuas.
2289 4585 2322 4639 5
2336 4584 2466 4655 Reg.
2489 4602 2715 4655 quorum
2740 4584 2846 4638 duo
2858 4592 2981 4638 sunt
2998 4583 3294 4655 veterrimi.
3313 4580 3514 4655 actui).
3525 4581 3734 4655 ,Gotb._,

2138 4657 2355 4723 Marm.,
2393 4653 2708 4721 l'tllarom.,
2739 4655 3037 4710 faventibus
3095 4654 3311 4724 scriptis
3345 4654 3380 4708 2
3416 4653 3550 4722 Reg.
3605 4663 3661 4708 ct
3704 4653 3738 4707 2

2139 4729 2290 4785 Colb.
2310 4731 2361 4784 in
2375 4728 2566 4796 quibus
2580 4739 2680 4790 est,
2704 4728 2860 4782 multo
2871 4726 3060 4780 clarior
3073 4727 3178 4780 sole
3189 4734 3284 4791 est;
3302 4726 3352 4780 in
3371 4726 3532 4780 Bruti.
3546 4763 3561 4791 ,
3576 4727 3737 4796 utulto

2137 4801 2347 4866 clarior,
2395 4795 2546 4868 quam
2596 4802 2672 4856 sol
2700 4810 2790 4856 est.
2820 4799 2874 4853 ln
2907 4812 3033 4854 mss.
3067 4797 3102 4852 4
3136 4797 3410 4868 Reg.rcc.,
3441 4795 3671 4860 QColb.,
3703 4795 3738 4848 2

2137 4871 2309 4944 Lips.,
2346 4873 2370 4927 1
2414 4872 2645 4927 Clarum.
2693 4881 2747 4927 et
2792 4871 2970 4944 editis,
3014 4870 3173 4944 multo
3217 4870 3406 4944 clarius
3434 4869 3542 4944 sole
3567 4879 3662 4944 est.

2214 4939 2374 5011 Quem
2427 4960 2578 4998 carne
2618 4943 2823 4998 mortali
2867 4942 3112 4998 videmus.
3156 4940 3230 4996 lta
3264 4941 3450 5009 scripti
3477 4951 3532 4994 et
3579 4939 3730 5004 editi,

2137 5031 2335 5085 praster
2391 5030 2494 5069 ms.
2528 5016 2640 5070 Pal.
2697 5026 2752 5068 et
2797 5029 2894 5069 sex
2948 5012 3078 5069 edit.
3128 5012 3323 5084 quibus
3367 5021 3470 5080 est,
3505 5028 3656 5082 quem
3685 5012 3735 5064 in

2138 5102 2292 5142 carne
2317 5087 2521 5140 mortali
2544 5089 2789 5143 videmus.

2211 5155 2302 5214 Sic
2331 5170 2485 5228 reget.
2507 5157 2647 5228 _ll:ec
2674 5175 2737 5212 ex
2769 5171 2897 5210 mss.
2917 5157 2995 5228 Aet
3023 5151 3294 5227 plerisque
3329 5151 3494 5211 editis
3523 5149 3734 5222 addidi,

2140 5246 2262 5303 quae
2295 5223 2570 5303 nonnullis
2592 5231 2870 5301 impressis
2897 5223 3109 5303 desunt.

2215 5298 2282 5357 Ut
2306 5301 2373 5356 ad
2397 5297 2978 5370 Suuuuuin'sapientiw.
3017 5298 3088 5354 Ita
3109 5315 3177 5356 ex
3207 5313 3339 5370 mss.
3365 5308 3419 5354 et
3447 5297 3734 5368 quamplu-

2137 5365 2288 5444 rimis
2309 5369 2600 5444 editisvet.
2620 5365 2862 5444 reposui.
2894 5367 2955 5444 In,
2970 5387 3060 5444 sex
3079 5367 3307 5444 vulgatis
3323 5365 3733 5444 esttsumm’au‘t.

2210 5443 2436 5514 Dirigat.
2457 5442 2574 5500 Jatn
2597 5437 2806 5501 dixerat
2834 5441 2997 5499 David
3029 5461 3040 5498 :
3078 5437 3316 5499 Lucerna
3342 5437 3570 5513 pedibus
3598 5440 3731 5496 meis

2138 5517 2364 5572 verbum
2397 5529 2566 5571 tuum.

2208 5583 2334 5642 Lex.
2380 5588 2468 5643 Sic
2525 5581 2664 5644 idem
2709 5583 2898 5643 Cicero
2937 5579 3032 5643 lib.
3067 5585 3174 5642 ide
3227 5583 3458 5654 Legibus
3485 5581 3596 5638 ait:
3631 5581 3738 5639 Lex

2136 5671 2209 5714 est
2239 5663 2371 5714 ratio
2401 5677 2619 5727 summa,
2649 5659 2804 5714 insita
2834 5658 2886 5713 in
2932 5669 3140 5724 natura,
3169 5673 3282 5727 qua:
3319 5655 3468 5727 jubet
3510 5673 3571 5712 ea
3623 5671 3737 5727 qua:

2135 5731 2376 5803 facienda
2389 5743 2534 5803 sunt.
2691 5801 2697 5803 Α
2873 5799 2882 5803 _
2931 5801 2936 5803 Α
3169 5793 3190 5803 _.

2214 5799 2348 5856 lluic
2377 5801 2475 5872 legi
2506 5818 2597 5873 nec
2647 5799 2883 5873 obrogari
2910 5801 2996 5873 fas
3026 5810 3120 5857 est.
3166 5793 3255 5873 Sic
3303 5790 3488 5873 legtmt
3521 5814 3651 5856 mss.

2133 5871 2270 5948 Reg.
2303 5865 2730 5951 antiQuissimus,
2763 5865 2929 5944 Ultr.',
2984 5871 3121 5944 PaL,
3167 5865 3576 5952 Lips.,'Brnn.,
3609 5881 3662 5926 et
3691 5865 3722 5938 li
