4090 6354
313 302 414 361 661

1480 297 1683 356 LIBER
1722 297 1809 356 Vl.
1851 297 1941 355 DE
1976 298 2161 358 VERO
2196 301 2447 363 CULTU.

3524 317 3632 376 663

312 435 412 479 nec
439 418 693 494 obrogari
734 418 815 476 fas
855 426 959 488 est,
990 432 1163 491 neque
1190 416 1437 489 derogari
1479 430 1545 474 ex
1577 415 1679 472 hac
1717 414 1918 488 aliquid
1945 425 2000 483 Α

310 517 460 582 licet,
504 530 685 588 neque
724 523 837 571 tota
863 513 1114 586 abrogari
1148 521 1345 585 potest.
1375 509 1488 568 Nec
1530 525 1659 566 vero
1689 517 1781 565 aut
1822 524 1919 581 per

313 614 594 680 Senatum,
620 618 714 666 aut
734 624 831 681 per
859 607 1113 680 populum
1147 606 1283 662 solvi
1324 604 1426 661 bac
1457 604 1576 675 lege
1607 617 1913 675 possumus.

309 704 498 777 Neque
522 713 607 761 est
630 701 956 776 qua-rendus
986 700 1326 773 explanator,
1366 707 1460 754 aut
1491 698 1761 771 interpres
1800 696 1916 769 ejus

311 799 471 855 alius.
527 795 640 854 Nec
688 795 791 854 erit
833 796 937 852 alia
985 795 1075 851 lex
1115 794 1325 860 Romae,
1383 792 1488 849 alia
1535 791 1785 859 Athenis,
1810 790 1916 848 alia

308 906 481 958 nunc,
525 889 629 945 alia
675 890 943 959 posthac:
975 886 1073 944 sed
1102 895 1157 942 et
1199 899 1389 941 omnes
1434 892 1645 956 gentes,
1678 892 1733 938 et
1764 881 1914 937 omni

306 994 554 1056 tempore
600 998 708 1040 una
749 983 859 1051 lex,
926 990 982 1039 et
1032 980 1389 1053 sempiterna,
1454 987 1510 1034 et
1565 976 1914 1033 immutabilis

305 1076 642 1144 continebit;
686 1090 932 1147 unusque
972 1076 1076 1132 erit
1123 1074 1425 1131 communis
1452 1072 1604 1143 quasi
1634 1071 1909 1141 magister,

305 1180 363 1231 et
389 1171 688 1241 imperator
717 1170 956 1226 omnium
989 1169 1153 1237 Deus,
1184 1168 1275 1223 ille
1294 1167 1424 1239 legis
1456 1165 1614 1237 hujus
1635 1165 1910 1231 inventor,

305 1263 659 1335 disceptator,
687 1262 853 1328 lator;
878 1263 964 1318 cui
987 1264 1078 1334 qui
1100 1277 1209 1316 non
1238 1259 1467 1331 parebit,
1498 1260 1612 1329 ipse
1637 1271 1697 1312 se
1718 1254 1908 1327 fugiet,

303 1371 371 1414 ac
391 1366 640 1412 naturam
672 1354 908 1412 hominis
933 1364 1277 1426 aspernatus,
1302 1355 1405 1411 hoc
1432 1355 1549 1426 ipso
1577 1354 1687 1408 luet
1733 1351 1909 1406 maxi-

301 1466 423 1507 mas
452 1465 662 1521 ptenas,
708 1450 922 1507 etiamsi
961 1458 1158 1508 caetera
1197 1449 1458 1521 supplicia
1505 1463 1625 1519 qua:
1654 1453 1913 1519 putantur

300 1544 575 1616 ell‘ugerit.
609 1563 630 1598 ι
666 1544 798 1614 Quis
845 1552 1244 1600 sacramentum
1294 1543 1392 1599 Dei
1432 1540 1630 1609 sciens,
1685 1548 1795 1596 tam
1835 1538 1909 1594 si-

303 1640 651 1715 gnificanter
678 1654 934 1696 enarrare
985 1639 1160 1711 legem
1188 1638 1284 1694 Dei
1329 1645 1533 1709 posset,
1562 1650 1725 1708 quam
1757 1633 1908 1690 illam

299 1736 470 1792 homo
514 1733 676 1807 longe
716 1748 748 1789 a
791 1732 1034 1789 veritatis
1084 1732 1275 1789 notitia
1316 1739 1557 1787 remotus
1599 1728 1907 1800 expressit?

2642 518 2869 579 CAPUT
2909 522 3001 579 IX.

2018 689 2101 747 De
2117 691 2252 767 Lege
2272 703 2319 750 et
2338 695 2607 772 Praecepto
2627 699 2751 764 Dei;
2772 702 2836 757 de
2856 702 3232 777 Misericordia,
3265 716 3419 781 atque
3441 724 3618 768 errore

2596 813 3050 889 Philosophorum.

2088 971 2258 1042 Hujus
2285 972 2418 1046 legis
2446 984 2608 1046 caput
2633 977 2864 1048 primum
2892 987 2995 1045 est,
3028 980 3206 1052 ipsum
3234 982 3402 1041 Deum
3430 1001 3615 1059 nosse,

2015 1065 2113 1121 soli
2170 1065 2567 1138 obtemperare,
2604 1070 2779 1126 solum
2835 1072 3037 1129 colere.
3089 1074 3206 1130 Non
3241 1086 3419 1147 potest
3469 1080 3616 1137 enim

2014 1162 2278 1217 rationem
2321 1164 2551 1219 hominis
2572 1164 2838 1231 obtinere,
2866 1167 2955 1238 qui
2986 1178 3259 1238 parentem
3285 1173 3480 1231 animae
3502 1190 3617 1232 sua:

2015 1252 2182 1308 Deum
2208 1255 2412 1322 nescit;
2443 1256 2584 1326 qttod
2626 1267 2707 1313 est
2737 1274 3008 1314 summum
3036 1261 3209 1319 nefas.
3241 1263 3377 1333 Quae
3403 1268 3617 1338 ignora-

2013 1348 2089 1404 tio
2117 1348 2265 1416 facit,
2291 1359 2350 1405 ut
2379 1350 2483 1407 diis
2509 1351 2705 1408 alienis
2740 1355 2965 1421 serviat,
2997 1372 3105 1427 quo
3140 1358 3274 1414 nihil
3304 1361 3617 1419 sceleratius

2012 1444 2278 1500 committi
2306 1453 2498 1515 potest.
2547 1445 2685 1501 Hinc
2708 1446 2819 1517 jam
2851 1449 3102 1518 proclivis
3146 1459 3229 1506 est
3257 1452 3324 1508 ad
3352 1455 3613 1512 malitiam

2010 1537 2212 1610 gradus
2232 1553 2329 1610 per
2351 1539 2715 1610 ignorantiam
2740 1540 2853 1597 veri
2882 1556 2947 1597 ac
2975 1543 3266 1614 singularis
3295 1543 3460 1613 boni;
3489 1549 3614 1619 quia

2012 1631 2176 1699 Deus,
2209 1647 2369 1703 quem
2398 1648 2561 1690 nosse
2587 1632 2803 1705 refugit,
2834 1634 2956 1691 fons
2982 1635 3197 1708 estipse
3213 1637 3490 1696 bonitatis.
3516 1640 3616 1698 Vel

2009 1726 2056 1783 si
2082 1726 2338 1799 justitiam
2371 1726 2524 1797 sequi
2566 1729 2712 1784 volet
2739 1730 2855 1798 Dei,
2885 1729 3052 1787 divini
3088 1740 3267 1789 tamen
3294 1735 3436 1805 juris
3457 1736 3611 1808 igna-

298 1826 419 1899 Ego
448 1842 580 1884 vero
605 1840 725 1894 eos,
771 1825 864 1898 qui
914 1840 1041 1881 vera
1086 1824 1457 1897 imprudentes
1479 1823 1794 1894 loquuntur,
1821 1821 1901 1878 sic
1930 1825 1979 1887 B
2007 1836 2119 1888 rus,
2147 1822 2324 1892 gentis
2340 1835 2453 1877 suae
2498 1820 2646 1892 leges
2689 1830 2940 1894 tanquam
2989 1839 3177 1880 verum
3202 1825 3291 1896 jus
3326 1828 3613 1899 amplecti-

295 1918 584 1978 habendos
621 1929 774 1991 puto,
823 1928 1077 1991 tanquam
1117 1918 1361 1975 divinent
1386 1917 1579 1989 spiritu
1608 1916 1791 1987 aliquo
1817 1916 1901 1972 in-

294 2013 504 2072 stincti.
538 2012 692 2083 Quod
736 2013 803 2082 si,
855 2021 914 2069 ut
961 2013 1098 2085 legis
1127 2020 1331 2069 sanctae
1373 2011 1483 2068 vim
1524 2011 1899 2082 rationemque

289 2106 553 2180 pervidit,
582 2107 656 2163 ita
681 2105 810 2162 illud
859 2121 1072 2178 quoque
1099 2107 1292 2163 scisset
1326 2115 1419 2161 aut
1463 2106 1804 2177 explicasset,
1839 2103 1897 2160 in

290 2200 491 2274 quibus
516 2199 806 2272 praeceptis
856 2198 943 2255 lex
973 2200 1084 2271 ipsa
1114 2199 1436 2255 consisteret
1465 2217 1478 2252 :
1510 2213 1616 2254 non
1649 2197 1894 2269 philoso-

287 2293 388 2366 phi
428 2292 641 2349 functus
667 2290 857 2348 fuisset
892 2291 1093 2360 officio,
1131 2291 1226 2349 sed
1263 2290 1561 2363 prophetae.
1590 2290 1743 2359 Quod
1773 2291 1898 2363 quia

284 2389 468 2446 facere
495 2388 586 2444 ille
618 2402 723 2444 non
760 2397 992 2459 poterat,
1033 2387 1189 2444 nobis
1218 2386 1521 2442 faciendum
1561 2395 1664 2453 est,
1695 2385 1891 2454 quibus

282 2481 405 2553 ipsa
431 2482 517 2538 lex
545 2481 738 2538 tradita
767 2491 854 2538 est
870 2481 939 2538 ab
956 2481 1050 2538 illo
1068 2496 1176 2537 uno
1192 2479 1451 2553 magistro
1478 2488 1534 2536 et
1563 2479 1889 2550 imperatore

283 2575 532 2633 omnium
562 2574 698 2632 Deo.

2005 1923 2130 1982 tur;
2160 1930 2295 1987 quas
2337 1930 2448 1972 non
2493 1916 2680 1987 utique
2724 1915 2954 1988 justitia,
3001 1917 3099 1976 sed
3136 1918 3341 1976 utilitas
3384 1924 3606 1993 reperit.

2002 2010 2113 2068 Cur
2174 2010 2321 2067 enim
2384 2025 2483 2082 per
2541 2025 2732 2068 omnes
2786 2010 3016 2084 populos
3071 2011 3290 2069 diversa
3356 2022 3413 2071 et
3463 2017 3611 2074 varia

1998 2103 2120 2175 jura
2184 2114 2309 2160 sunt
2377 2104 2632 2175 condita,
2692 2104 2797 2163 nisi
2861 2105 3008 2178 quod
3078 2122 3414 2180 unaquaque
3474 2124 3609 2182 gens

2002 2198 2056 2254 id
2113 2198 2217 2255 sibi
2266 2200 2486 2268 sanxit,
2550 2200 2693 2272 quod
2752 2201 2955 2271 putavit
3011 2201 3175 2257 rebus
3236 2204 3351 2258 suis
3424 2204 3610 2261 utile?

2001 2289 2273 2359 Quantum
2307 2301 2487 2347 autem
2516 2306 2544 2345 a
2575 2291 2782 2362 justitia
2832 2292 3052 2349 recedat
3106 2292 3331 2361 utilitas,
3372 2295 3605 2365 populus

2001 2385 2116 2458 ipse
2153 2386 2431 2444 Romanus
2488 2388 2667 2456 docet,
2714 2390 2806 2460 qui
2857 2403 2953 2459 per
3001 2388 3243 2445 Feciales
3288 2389 3426 2445 bella
3457 2390 3600 2447 indi~

1998 2479 2194 2550 cendo,
2227 2491 2282 2538 et
2330 2482 2567 2552 legitime
2605 2482 2829 2553 injurias
2872 2482 3144 2549 faciendo,
3177 2497 3394 2554 semper
3421 2483 3600 2541 aliena

1997 2573 2286 2645 cupiendo,
2317 2585 2479 2647 atque
2533 2574 2812 2647 rapiendo,
2841 2584 2898 2631 et
2942 2576 3339 2645 possessionem
3380 2575 3485 2634 sibi
3518 2585 3600 2633 to-

1644 2675 2012 2744 VARIORUM
2049 2688 2284 2746 NOTIE.

280 2786 418 2843 edit.
460 2784 531 2841 Et
580 2784 654 2841 ita
698 2783 1096 2841 emendandum
1142 2797 1264 2840 esse
1318 2791 1541 2839 censent
1598 2780 1881 2847 Latinius,

276 2859 470 2924 Joan.,
512 2855 697 2919 Cauci.
726 2856 1022 2921 Betuleius,
1052 2855 1338 2911 Francius.
1370 2856 1475 2910 Alii
1508 2856 1696 2924 legunt
1724 2852 1882 2908 abro-

276 2931 434 3002 gari;
482 2929 825 3002 promulgari,
852 2929 1184 3002 propagari,
1240 2927 1544 2997 prorogari,
1602 2936 1879 3002 corrupte.

278 2998 585 3072 'Obrogari.
613 2998 706 3057 Ex'
739 2998 1089 3070 Ulpianole’x
1135 2999 1432 3072 abrogatur,
1460 3014 1585 3072 eum
1625 2998 1883 3072 prior‘lex

278 3062 492 3129 tollitur
552 3062 848 3152 derogatur;
880 3085 1167 3152 compara
1208 3062 1662 3152 primm'tollitur':
1705 3067 1886 3152 subro:
1916 3087 1962 3152 ρ

278 3155 456 3217 gatur,
489 3158 611 3217 cum
633 3136 1158 3217 aliquidadjicilur;
1190 3136 1490 3217 abrogatur,
1519 3136 1887 3217 Clltnhttlitjtlid

270 3210 534 3274 ﬁrmatur.
562 3210 1352 3287 Suam—Quéinterpretatio
1364 3226 1445 3269 est
1464 3214 1629 3287 ipsius
1646 3210 1885 3283 Ulpiani.

355 3288 468 3345 Nec
508 3290 604 3344 erit
634 3290 739 3343 alia
762 3289 846 3345 lea:
890 3286 1091 3355 Romae,
1126 3285 1244 3341 alia
1274 3287 1508 3341 Athenis.
1554 3285 1772 3341 Notatio
1800 3294 1885 3341 est

266 3361 415 3433 juris
437 3360 693 3433 nimirum
726 3361 921 3426 civilis,
970 3375 1078 3433 non
1108 3360 1290 3433 unius,
1324 3358 1422 3433 sed
1453 3358 1687 3433 alterius
1716 3358 1881 3433 etiam

270 3429 616 3505 reipublicae.
650 3432 727 3488 De
766 3448 873 3503 quo
906 3431 1086 3505 vide§
1118 3430 1225 3505 Sed
1249 3432 1362 3501 jus.
1397 3429 1725 3505 lns}itut.__de
1757 3430 1882 3500 jure

269 3498 532 3576 naturali,
562 3513 709 3576 gent.
742 3498 799 3573 ei
823 3500 994 3559 civili.
1027 3498 1084 3560 ei
1113 3505 1165 3559 iu
1199 3498 1443 3560 Decretis
1472 3499 1723 3558 Pontillc.
1752 3498 1875 3575 cap.

271 3576 335 3647 2,
372 3575 718 3631 distinctione
749 3576 801 3631 1.

348 3647 456 3720 Sed
474 3655 524 3720 et
554 3664 726 3720 omnes
752 3648 944 3720 gentes.
977 3649 1001 3704 1
1031 3642 1239 3720 Bonon.
1268 3646 1465 3720 antiq.,
1498 3646 1639 3701 omni
1668 3647 1823 3720 genti.

347 3717 655 3787 Conlinebit;
681 3717 913 3791 unusque
931 3721 1045 3775 erit.
1079 3718 1222 3775 ldem
1269 3718 1477 3774 Bouon.
1507 3734 1660 3788 quam
1688 3718 1878 3791 sican-

268 3790 469 3857 tinebit,
499 3790 861 3862 unusquisque,
886 3793 1000 3848 crit.
1060 3791 1252 3847 Cicero
1280 3791 1519 3862 igiturtin
1543 3790 1783 3846 secundo
1804 3791 1874 3847 de

268 3805 469 3857 nnetnt,
499 3807 861 3862 unusquisque,
886 3805 1000 3848 (’fll.
1060 3805 1252 3847 lacero
1280 3805 1441 3917 Igitur
1464 3805 1519 3845 In
1543 3805 1783 3846 secuuuo
1804 3805 1870 3847 ue

265 3863 509 3935 Legibus
537 3865 612 3918 ait
632 3865 699 3919 de
725 3863 846 3935 lege
874 3865 1082 3919 scilicet
1109 3872 1294 3919 natura
1324 3865 1335 3917 i
1368 3881 1381 3917 :
1412 3860 1567 3935 Hanc
1596 3863 1757 3933 igitur
1792 3864 1870 3917 vi-

267 3932 391 4001 αρᾱ,
420 3932 916 4003 sapientissimorum
964 3936 1122 4004 fuisse
1150 3935 1471 4000 sententiam,
1502 3932 1662 4005 legem
1707 3951 1871 4005 neque

269 4007 546 4063 hominum
566 4009 785 4079 ingeniis
813 4009 1172 4078 excogitatam,
1202 4023 1292 4062 nec
1318 4007 1502 4062 scitum
1527 4005 1740 4074 aliquod
1762 4023 1871 4061 esse

269 4080 608 4151 populorum,
646 4079 734 4133 sed
792 4091 1033 4135 aeternum
1088 4080 1354 4151 quiddam,
1410 4079 1547 4150 quod
1575 4079 1867 4133 universum

265 4152 539 4225 mundum
571 4161 784 4225 regeret,
828 4151 1116 4225 impcgandi
1143 4151 1542 4225 pro/tibendique
1580 4151 1860 4225 sapientia.

265 4221 499 4289 Verum,
524 4219 675 4295 juxta
703 4219 936 4295 mentem
961 4219 1259 4295 Thomasii,
1292 4219 1543 4295 nolumus
1578 4219 1861 4277 Lectorcm

266 4295 486 4365 privare
528 4293 748 4365 antiqua
777 4294 980 4350 codicis
1021 4294 1382 4351 Bononiensis
1411 4293 1646 4349 lectione
1672 4295 1723 4349 in
1757 4308 1862 4364 qua

265 4364 352 4421 Sic
372 4365 600 4437 legitur:
624 4364 713 4421 sed
738 4374 782 4420 et
810 4368 949 4420 omni
969 4368 1107 4437 genti
1134 4377 1178 4422 et
1204 4368 1341 4421 omni
1380 4375 1619 4437 tempore
1641 4381 1744 4420 una
1776 4366 1860 4420 lea:

266 4444 345 4491 est
373 4436 681 4508 sempiterna
702 4446 747 4491 et
769 4436 1123 4503 immutabilis,
1152 4455 1305 4508 quant
1327 4439 1369 4491 si
1400 4436 1674 4491 continebit
1700 4453 1861 4508 unus-

264 4508 501 4579 quisque,
557 4511 650 4564 erit
688 4510 967 4563 communis
1014 4510 1162 4580 quasi
1208 4510 1465 4581 magister.
1512 4509 1642 4575 Qua:
1691 4507 1863 4564 Verba

265 4558 546 4652 aggesti...
558 4558 739 4636 31's.};
751 4558 978 4636 signa.
1005 4558 1431 4652 notassent
1522 4558 1640 4652 ῨΜ
1674 4650 1686 4652 _
1709 4558 1717 4564 ’
1798 4558 1862 4563 “
1892 4558 1948 4619 Ι)

342 4650 611 4707 Inventor.
644 4652 789 4723 Ergo
815 4653 1205 4708 Demosthenes
1246 4653 1315 4707 de
1353 4650 1493 4706 civili
1524 4650 1641 4722 lege
1663 4650 1869 4723 faciens

263 4725 610 4801 verbazcum
642 4722 958 4801 ἕλξις-πάντα
1010 4726 1095 4781 τὸν
1147 4725 1293 4798 νόμον
1322 4724 1523 4801 suprmo:
1572 4728 1658 4779 καὶ
1707 4722 1867 4801 δῷρργ

264 4798 390 4851 θεῶν
426 4790 583 4852 sim:
613 4795 899 4867 significat,
928 4812 1021 4852 eas
1044 4812 1110 4851 ex
1141 4790 1597 4867 naturali'iluere,
1628 4805 1683 4867 et
1711 4790 1791 4850 oh'
1812 4796 1866 4851 id

264 4882 429 4922 veras
454 4883 598 4935 esse,
654 4860 909 4938 nulloque
959 4876 1200 4938 tempore
1249 4860 1859 4932 abolendas.'C:eterae,

264 4954 389 5010 qua:
419 4956 486 4995 ex
519 4941 747 5010 naturali
776 4939 1040 5010 originem
1074 4937 1193 4994 non
1225 4937 1445 5005 habent,
1501 4940 1619 4994 sine
1653 4939 1863 5010 piaculo

262 5008 352 5083 vel
390 5012 610 5083 negligi,
634 5008 732 5083 vel
755 5008 1000 5082 abrogari
1033 5021 1276 5083 possunt.
1316 5010 1497 5067 Facile
1523 5008 1741 5067 veroex
1761 5010 1864 5067 hoc

262 5081 362 5154 lib.
388 5074 735 5153 intElligetur,
764 5074 1053 5154 qutnvleges
1082 5100 1149 5139 ex
1182 5074 1280 5139 hac
1307 5092 1510 5139 aeterna
1539 5099 1647 5138 nun
1677 5098 1864 5137 mana-

265 5153 378 5209 rint
394 5173 417 5227 :7
440 5170 631 5225 nempe
652 5153 920 5226 quaecum
951 5153 1075 5211 vera
1098 5154 1358 5227 religione
1385 5163 1439 5211 et
1460 5173 1580 5210 cum
1600 5155 1863 5210 charitate

266 5226 496 5299 proximi
528 5236 800 5297 pugnant;
830 5240 882 5283 et
928 5228 1033 5283 illa:
1071 5226 1285 5299 quia’vi
1331 5229 1674 5299 potissimum
1724 5242 1861 5282 con-

265 5304 436 5365 stant,
465 5296 827 5368 legis’homeu
849 5306 955 5355 non
983 5296 1283 5369 merentur,
1315 5296 1416 5355 nec
1444 5296 1585 5370 apud
1616 5300 1857 5365 Grmcos,

265 5383 369 5424 nec
394 5371 534 5442 apud
558 5371 796 5426 Latinus.
829 5371 920 5426 His
941 5375 1082 5426 enim
1106 5371 1375 5427 delectum
1400 5371 1689 5442 significat,
1726 5387 1754 5424 a
1785 5372 1862 5424 le-

266 5440 437 5516 gendo
456 5443 710 5516 nimirum
732 5443 1138 5516 dicta:illis,a‘mb
1151 5451 1241 5500 τοῦ
1256 5440 1513 5516 νεμειν,ἑο
1533 5444 1677 5516 quod
1702 5458 1857 5498 suum

267 5514 462 5587 cuique
493 5514 711 5587 tribuat.
768 5514 979 5571 Nemini
1028 5525 1207 5571 autem
1256 5514 1543 5587 quidquam
1572 5515 1854 5579 debemus,

265 5583 442 5668 inquit
481 5584 777 5668 Apostolus
800 5627 840 5668 ,_
869 5596 1065 5668 printer
1084 5583 1578 5668 eltaritatem'._Naitr
1604 5587 1859 5657 prazcepli

266 5655 390 5711 linis
416 5667 497 5712 est
522 5656 780 5713 charitas.
818 5660 844 5713 1
869 5655 936 5714 ad
967 5659 1308 5715 Timetlteum
1335 5675 1385 5714 c.
1412 5661 1465 5714 1.
1494 5655 1825 5713 Βιτύιειυε.

337 5729 673 5799 Aspernalus.
725 5730 816 5785 Sic
862 5730 1143 5786 emendavi
1199 5747 1265 5786 ex
1305 5730 1687 5786 vetustissimis
1716 5745 1851 5785 mss;

266 5798 476 5873 Bonou.
527 5802 661 5872 Reg.
705 5812 761 5873 et
802 5803 1216 5873 quamplurimis
1245 5802 1364 5857 aliis
1390 5817 1452 5857 ac
1496 5803 1545 5873 ᾇ
1573 5810 1682 5855 vet.
1720 5800 1852 5873 edit.

264 5872 464 5950 Scripti
492 5871 679 5939 vero?
703 5871 839 5955 Regi
872 5871 1012 5951 reci,
1040 5874 1077 5931 2
1105 5872 1372 5947 ColberL,
1414 5873 1450 5933 2
1490 5871 1727 5933 Claram.
1760 5872 1856 5933 hac

1994 2782 2126 2859 ben_t
2146 2797 2483 2855 aspernatur;
2518 2790 2584 2846 10
2623 2789 2895 2859 impressi,
2925 2790 3302 2859 aspernabitur.

2068 2854 2373 2934 _Po_sse_t._lta
2400 2854 2787 2934 quampluri’mi
2809 2854 3110 2934 issinter
3133 2878 3270 2934 quos
3296 2870 3425 2917 sunt
3447 2863 3592 2934 antit-

1994 2926 2235 3003 quissimi
2263 2926 2496 2995 Βοηοὶι..
2520 2926 2740 3003 8’Βθε.,
2763 2932 2912 2998 Jun.,
2936 2932 2971 2987 4
2995 2926 3234 2990 Colbért.
3265 2934 3430 2990 Brun.
3471 2944 3525 2991 et
3560 2933 3595 2988 5

1994 3007 2104 3077 vet:
2138 2998 2501 3077 edit._Scripti
2526 3004 2564 3077 76
2592 2998 2703 3060 rec.
2726 2998 2786 3077 et
2813 3006 2879 3061 i2
2904 3006 3127 3077 vulgati,
3154 3007 3334 3077 possit.

2066 3068 2095 3123 1
2104 3068 2452 3141 inprudentes.
2482 3076 2572 3132 Sic
2613 3076 2825 3131 restitui
2862 3094 2927 3132 ex
2957 3068 3208 3133 omnibus
3238 3076 3351 3133 fere
3380 3092 3512 3134 mss.
3537 3088 3592 3134 et

1993 3140 2028 3195 2
2055 3140 2165 3218 vet.
2199 3144 2382 3202 editis.
2410 3146 2467 3201 lu
2498 3148 2518 3202 l
2566 3148 2698 3218 Reg.
2723 3162 2837 3204 rec.
2870 3156 2926 3204 et
2966 3150 2991 3205 1
3023 3150 3264 3206 Colbcrt.
3292 3164 3357 3204 ac
3384 3150 3451 3205 14
3483 3152 3593 3204 im-

1990 3217 2196 3290 pressis
2224 3227 2308 3290 est
2357 3217 2725 3290 imprudenter.
2778 3220 2947 3276 Vetus
2968 3223 3148 3277 versio
3189 3221 3415 3288 Gallica,
3444 3218 3587 3277 Cena:

1989 3288 2075 3356 qui
2095 3305 2214 3343 sans
2244 3288 2291 3343 le
2316 3288 2580 3346 connaitre
2604 3291 2767 3346 disent
2796 3293 2868 3347 les
2894 3293 3071 3347 choses
3100 3292 3281 3347 vraies.

2061 3357 2345 3431 Tamquam
2373 3363 2593 3435 divinent
2619 3364 2803 3435 spiritu
2832 3361 3007 3431 aliquo
3036 3365 3286 3419 instincti.
3321 3364 3428 3419 Pro
3454 3363 3587 3419 divi-

1988 3441 2126 3496 nent,
2160 3435 2320 3488 tus.i
2376 3433 2526 3504 Lips.
2562 3433 2723 3489 habet
2763 3435 3036 3490 dementes.
3081 3438 3105 3491 1
3155 3436 3336 3501 Colb.,
3382 3436 3408 3489 1
3456 3436 3587 3491 Cla-

1984 3516 2125 3557 rom.
2155 3514 2255 3578 _et_
2284 3505 2491 3578 Brun.,
2527 3516 2770 3576 tanquam
2821 3506 3046 3562 divinent
3074 3507 3259 3574 spiritu
3288 3507 3459 3578 aliqtto
3504 3508 3587 3561 itt-

1983 3575 2183 3629 structi.
2228 3573 2355 3632 Jun.
2385 3586 2440 3633 et
2463 3577 2497 3631 5
2525 3573 2713 3633 excusi
2748 3620 2761 3643 ,
2796 3588 3035 3648 tanquam
3065 3573 3236 3632 divino
3280 3573 3466 3648 spiritu
3494 3579 3581 3632 in-

1983 3654 2224 3720 structos.
2260 3648 2397 3705 Vide
2426 3664 2588 3720 supra
2637 3649 2830 3705 eodem
2861 3651 3000 3704 libro
3021 3649 3076 3717 6,
3120 3650 3274 3705 initio
3303 3649 3496 3719 capitis
3523 3651 3577 3717 1,

1980 3716 2153 3791 divino
2178 3721 2364 3789 spiritu
2395 3716 2693 3777 instruente.
2726 3722 2801 3777 De
2829 3722 2948 3791 lege
2975 3716 3179 3777 mterua
3212 3736 3324 3791 prae
3363 3716 3580 3777 cmteris

1977 3788 2361 3862 ecclesiasticis
2402 3792 2770 3862 Scriptoribus
2816 3788 3077 3862 praeclare
3128 3788 3341 3849 locutus
3388 3799 3474 3849 est
3516 3792 3578 3848 S.

1977 3858 2309 3929 Augustinus
2337 3865 2431 3919 lib.
2466 3879 2483 3919 ι
2512 3858 2579 3919 de
2601 3864 2798 3919 Libero
2819 3858 3082 3920 'Arbitrio.

2047 3932 2273 4010 ﬁnisset.
2292 3937 2316 3991 1
2344 3937 2523 4010 Colb.,
2545 3938 2674 4007 fuit;
2703 3939 2737 3993 ὅ
2759 3936 2893 4010 Reg.
2918 3947 2972 3992 et
2995 3936 3251 4010 tredecim
3275 3936 3405 4010 edit.
3426 3946 3574 3990 esset.

2052 4003 2223 4081 llujus
2253 4008 2395 4079 legis.
2432 4003 2629 4081 tot)...
2661 4003 2917 4078 antiq.'et
2945 4010 2970 4064 1
3000 4009 3293 4081 Heg.rec.,
3318 4007 3500 4078 Cujus.

2047 4072 2231 4131 Solum
2255 4072 2439 4135 colere.
2462 4080 2644 4135 Exod.
2673 4094 2766 4143 xx,
2793 4072 3018 4137 'Deuter.
3046 4072 3106 4147 νζ
3128 4080 3272 4136 Psal.
3297 4072 3463 4136 uix.

2047 4146 2116 4225 l_}t
2145 4150 2246 4225 diis
2275 4152 2457 4225 alienis
2487 4154 2691 4207 serviat.
2718 4152 2886 4207 Brun.
2919 4152 3058 4209 aliis.
3089 4155 3115 4209 1
3158 4154 3368 4208 Bonan.
3397 4152 3571 4225 antiq.

1969 4221 2097 4292 facit
2124 4222 2224 4276 diis
2253 4224 2437 4278 alienis
2465 4226 2670 4279 servire.

2048 4291 2323 4349 Bonitutis.
2360 4293 2450 4350 Vel
2472 4298 2535 4351 si.
2572 4312 2674 4350 ms.
2708 4296 2871 4350 Brttn.
2898 4306 2952 4352 et
2978 4294 3109 4350 edit.
3140 4294 3341 4359 Betul.,
3370 4298 3574 4351 bonita-

1968 4365 2031 4421 tis
2046 4381 2106 4420 ac
2123 4367 2370 4422 veritatis.
2387 4365 2482 4421 Vel
2505 4369 2550 4422 si
2567 4384 2587 4433 ;
2614 4369 2638 4422 1
2676 4368 2883 4422 Bonan.
2900 4365 3092 4436 antiq.,
3112 4366 3369 4422 bonitatis.
3398 4364 3484 4421 Ne
3503 4369 3567 4423 si.

2044 4436 2309 4492 Justitiam
2352 4440 2493 4503 sequi
2518 4438 2648 4493 volet
2675 4437 2792 4493 Dei.
2820 4438 3018 4493 Vocem
3068 4438 3162 4491 Dei
3198 4437 3433 4492 deletam
3456 4438 3571 4494 vult

1974 4506 2357 4582 Heumannus;
2390 4519 2445 4566 et
2467 4521 2648 4579 posset
2686 4508 2898 4577 abesse,
2934 4519 2991 4582 ut
3020 4524 3166 4582 saepe
3198 4509 3456 4582 justitiam
3482 4526 3566 4563 se-

1972 4580 2062 4649 qui
2090 4580 2169 4652 ita
2204 4582 2405 4648 posuit,
2430 4582 2593 4637 etiam
2619 4596 2782 4652 quum
2814 4584 2884 4637 de
2922 4580 3117 4637 divina'
3142 4582 3270 4652 agit,
3306 4590 3365 4636 ut
3386 4581 3480 4636 lib.
3504 4596 3566 4647 tt,

1971 4665 2089 4725 cap.
2125 4651 2214 4725 17,
2247 4652 2414 4725 etlib.
2448 4667 2547 4718 vn,
2575 4650 2693 4725 cap.
2740 4653 2828 4708 11.
2858 4653 2967 4710 Sed
3014 4650 3215 4709 habent
3254 4650 3343 4707 hic
3377 4667 3567 4709 omnes

1970 4722 2113 4778 libri.
2143 4723 2301 4778 Conf.
2335 4724 2495 4781 infra.
2526 4722 2808 4781 Bessum.

2044 4794 2173 4867 Qui
2193 4810 2285 4866 per
2333 4796 2568 4851 Feciales
2613 4798 2746 4852 bella
2780 4796 3071 4851 indicendo.
3100 4798 3158 4852 In
3207 4810 3341 4851 mss.
3365 4794 3560 4867 itﬂeg.

1967 4881 2105 4940 rec”
2156 4866 2331 4938 Lips.,
2389 4869 2547 4939 Ultr.,
2596 4869 2792 4937 Brun.,
2840 4870 2927 4939 qui
2950 4873 3237 4940 frequenter
3261 4865 3568 4940 pertFecia-

1967 4938 2063 5013 l_es,
2084 4948 2201 5013 etc.
2235 4943 2261 4994 1
2294 4941 2499 4996 Bonan.
2528 4942 2724 5012 antiq.,
2759 4938 3067 5013 qtti'per/ida
3099 4939 3232 4995 bella
3249 4939 3564 5013 indicendo.

1965 5008 2265 5068 Fecialium
2298 5014 2533 5069 officium
2554 5008 2694 5080 erat,
2722 5008 3111 5080 dare’operam
3150 5027 3220 5067 ne
3249 5010 3446 5066 bellum
3476 5011 3564 5067 in-

1961 5080 2164 5152 justum
2195 5084 2352 5140 alicui
2382 5086 2707 5152 inferretur;
2736 5086 2782 5140 si
2830 5083 2943 5139 laesi
2972 5093 3154 5139 essent
3200 5081 3451 5147 Romani,
3482 5082 3564 5139 le-

2002 5162 2119 5226 atos
2147 5157 2387 5223 mittere,
2418 5168 2478 5210 ut
2496 5158 2584 5226 jus
2608 5157 2822 5212 illorum
2862 5164 3236 5225 repeteretur;
3262 5165 3317 5209 et
3345 5155 3388 5208 si
3414 5168 3563 5226 con-

1989 5225 2216 5283 mderati
2245 5225 2577 5299 spernebant
2599 5228 2805 5299 legatos
2830 5226 2913 5282 vel
2943 5227 3127 5291 verba,
3160 5235 3269 5280 tum
3292 5227 3377 5299 illi
3400 5225 3566 5282 facie-

1962 5296 2095 5369 bant
2122 5298 2408 5366 postulata,
2424 5296 2703 5365 etbellum
2720 5299 3055 5353 iudicebant:
3075 5312 3263 5369 pacem
3288 5297 3413 5352 item
3430 5313 3565 5369 con-

1963 5368 2238 5440 ﬁciebant,
2266 5370 2707 5440 autillegitimam
2739 5371 2944 5425 irritam
2974 5368 3273 5425 reddebant
3300 5386 3316 5433 ;
3344 5368 3559 5438 judica-

1961 5439 2095 5513 bant
2122 5443 2284 5497 etiam
2314 5442 2383 5498 de
2406 5439 2701 5513 legatorum
2731 5441 2963 5512 injuriis,
2991 5452 3098 5497 etc.
3128 5440 3205 5496 De
3228 5441 3424 5513 quibus
3438 5441 3562 5497 vide

1964 5510 2275 5584 Dionysium
2306 5524 2360 5570 et
2390 5510 2527 5568 Plin.
2555 5510 2837 5570 Caunus.

2034 5583 2350 5657 Etlegitime
2402 5587 2623 5649 injurias
2661 5584 2919 5656 faciendo.
2967 5583 3095 5640 Haec
3122 5594 3205 5641 est
3244 5584 3414 5657 lectio
3446 5600 3565 5657 om-

1962 5659 2109 5713 nium
2140 5654 2252 5712 lere
2277 5674 2434 5724 mss.,
2454 5659 2489 5712 2
2513 5672 2625 5713 vet.
2646 5654 2780 5713 edit.
2796 5658 2982 5724 tiom.,
3004 5656 3098 5723 ls.,
3114 5654 3560 5721 Cellar.,Walclt.

1961 5728 2017 5800 l_n
2044 5727 2234 5795 Cuuc.,
2256 5728 2404 5797 Em.,
2432 5728 2591 5800 Cant.
2627 5739 2683 5785 et
2713 5732 2772 5784 11
2806 5732 3023 5785 excusis
3049 5729 3241 5798 legitur
3264 5727 3559 5800 inferendo.

1960 5798 2211 5870 Legitime
2235 5815 2388 5863 vero,
2413 5799 2465 5855 id
2497 5811 2603 5864 est,
2632 5801 2932 5856 secundum
2960 5800 3230 5856 Romanas
3262 5798 3429 5869 leges.

2031 5868 2217 5931 Aliena
2247 5871 2517 5951 cupiendo.
2552 5873 2701 5954 Lips.
2731 5874 2792 5947 2,
2824 5872 2879 5946 5,
2911 5872 3174 5945 lleimm.,
3202 5868 3367 5934 Torn.
3398 5868 3561 5949 1587,
