4090 6354
255 385 366 448 665

1406 382 1613 443 LIBER
1652 382 1740 441 Vl.
1782 383 1873 441 DE
1910 378 2103 442 VERO
2140 371 2388 442 CULTU.

3464 386 3571 446 606

258 509 427 566 Deum
449 507 504 564 in
550 522 657 580 quo
683 505 883 565 veritas
912 515 1019 575 est,
1044 503 1215 562 oculis
1244 502 1426 562 cordis
1471 502 1785 575 aspexerit:
1818 502 1864 557 is
1889 507 1943 571 Α
1968 499 2144 575 Eque
2178 517 2286 559 non
2315 503 2476 560 aliter
2505 502 2590 560 his
2614 502 2775 562 bonis
2802 505 3162 576 praesentibus
3190 491 3571 565 abstinendum

257 604 425 671 audit,
459 604 549 675 qui
577 602 787 659 divinas
830 615 993 658 voces
1027 615 1090 657 ac
1135 610 1402 673 praecepta
1447 601 1627 656 vitalia
1657 599 1860 670 pectori

258 713 360 755 suo
397 697 572 770 afﬁgit
600 715 613 751 :
648 698 693 752 is
739 696 993 768 loquitur.
1036 695 1125 767 qui
1160 695 1400 752 cmicstia
1427 694 1721 761 disserens,
1753 692 1864 748 vir-

256 801 430 849 tutem
473 807 538 848 ac
566 791 903 863 majestatem
957 790 1053 845 Dei
1102 789 1391 861 singularis
1418 799 1655 844 enarrat.
1685 786 1863 855 Quare

255 903 367 944 non
388 897 475 944 est
495 887 743 953 dubium,
775 886 907 957 quin
936 885 1135 956 impius
1160 884 1252 955 sit,
1285 884 1529 956 quisquis
1557 884 1728 939 Deum
1754 897 1861 940 non

255 979 558 1052 agnoverit;
578 994 875 1048 omnesque
895 979 1125 1035 virtutes
1143 978 1283 1050 ejus,
1302 992 1437 1050 quas
1453 977 1653 1033 habere
1673 986 1767 1032 aut
1786 986 1864 1033 te-

256 1089 392 1130 nere
409 1088 470 1130 se
489 1083 661 1144 putat,
685 1073 738 1127 in
758 1072 844 1127 illa
857 1071 1133 1128 mortifera
1152 1072 1234 1127 via
1258 1072 1620 1142 reperiuntur,
1642 1087 1761 1141 quae
1781 1078 1866 1126 est

256 1176 370 1223 tota
388 1165 757 1223 tenebrarum.
775 1166 1115 1237 Quapropter
1135 1162 1271 1220 nihil
1285 1162 1524 1235 estquod
1541 1162 1738 1234 aliquis
1761 1160 1865 1216 sibi

254 1260 577 1332 gratuletur,
604 1259 648 1315 si
674 1258 767 1313 has
787 1258 976 1314 inanes
998 1258 1225 1313 virtutes
1239 1257 1469 1328 adeptus
1492 1266 1594 1323 est;
1613 1256 1736 1327 quia
1755 1270 1863 1311 non

256 1364 466 1410 tantum
497 1353 680 1420 miser,
706 1352 796 1424 qui
815 1352 971 1406 bonis
991 1350 1346 1422 praesentibus
1358 1358 1564 1417 careat,
1583 1347 1679 1404 sed
1701 1348 1863 1402 etiam

256 1448 455 1503 stultus
484 1447 555 1502 sit
576 1460 801 1502 necesse
830 1454 936 1511 est,
968 1446 1057 1516 qui
1086 1444 1298 1500 labores
1338 1444 1391 1498 in
1420 1442 1533 1499 vita
1567 1456 1667 1498 sua
1695 1441 1865 1496 maxi-

257 1557 377 1597 mos
407 1540 668 1611 suscipiat
699 1541 991 1596 incassum.
1024 1538 1159 1595 Nam
1190 1538 1408 1609 dempta
1435 1552 1532 1610 Spe
1578 1538 1861 1593 immorta-

256 1634 447 1701 litatis,
478 1649 639 1705 quam
673 1632 813 1689 Deus
858 1632 1145 1704 pollicetur
1195 1633 1249 1689 in
1291 1649 1387 1689 sua
1417 1632 1700 1704 Religione
1742 1647 1865 1687 ver-

257 1726 531 1790 santibus,
562 1723 719 1796 cujus
751 1724 1105 1795 assequendae
1145 1723 1316 1794 gratia
1358 1723 1525 1779 virtus
1555 1721 1862 1794 appetenda

254 1831 361 1888 est,
392 1831 449 1878 et
501 1819 760 1892 quidquid
817 1820 1082 1875 malorum
1141 1818 1400 1874 acciderit
1447 1816 1858 1889 perferendum,

1967 607 2072 665 est,
2118 613 2275 670 quam
2305 601 2349 656 si
2379 611 2506 657 sunt
2525 602 2630 658 alia
2658 602 2887 675 majora,
2914 612 3138 676 propter
3160 620 3282 677 qua:
3317 606 3450 662 tanti
3477 606 3569 676 sit,

1966 702 2021 748 et
2077 694 2376 764 voluptates
2429 698 2716 762 omittere,
2762 708 2819 755 et
2865 699 3004 754 mala
3051 700 3234 756 omnia
3276 701 3564 757 sustinere.

1967 786 2043 842 Ea
2076 803 2203 844 vero
2244 789 2390 846 nulla
2415 799 2542 846 sunt
2565 791 2669 848 alia
2707 791 2807 865 (ut
2837 792 2891 848 in
2922 793 3079 850 tertio
3104 792 3260 850 docui
3291 791 3420 865 )nisi
3448 808 3572 866 per-

1966 889 2144 952 petuae
2172 883 2315 938 vitaz.
2353 883 2503 939 Hanc
2529 893 2711 941 autem
2759 894 3019 957 praestare
3063 886 3186 958 quis
3227 894 3427 957 potest,
3464 884 3572 942 nisi

1970 974 2137 1043 Deus,
2167 976 2260 1047 qui
2300 976 2554 1034 virtutem
2594 978 2767 1050 ipsam
2808 979 3134 1051 proposuit?
3175 979 3323 1053 Ergo
3372 979 3427 1035 in
3470 978 3571 1037 Dei

1967 1068 2241 1140 agnitione
2288 1078 2344 1125 et
2386 1069 2535 1126 cultu
2581 1084 2764 1125 rerum
2813 1085 3024 1128 summa
3063 1079 3350 1129 versatur:
3380 1071 3438 1128 in
3464 1071 3571 1129 hoc

1967 1170 2052 1218 est
2082 1176 2210 1232 spes
2251 1162 2429 1217 omnis
2456 1177 2521 1219 ac
2557 1162 2708 1219 salus
2737 1161 2997 1230 hominis;
3017 1194 3021 1202 -
3043 1162 3133 1220 hic
3160 1171 3248 1220 est
3282 1163 3569 1235 sapientia:

1967 1253 2170 1327 gradus
2199 1255 2428 1327 primus,
2449 1264 2508 1312 ut
2527 1256 2763 1312 sciamus
2784 1256 2908 1328 quis
2929 1257 2999 1313 sit
3028 1257 3186 1314 nobis
3204 1273 3367 1315 verus
3388 1266 3566 1330 pater,

1967 1364 2200 1419 eumque
2227 1350 2402 1405 solum
2434 1350 2632 1419 pietate
2658 1348 2835 1406 debita
2866 1364 3282 1422 prosequamur,
3317 1351 3441 1407 huic
3470 1366 3569 1423 pa-

1965 1459 2205 1514 reamus,
2251 1443 2375 1500 huic
2414 1443 2763 1501 devotissime
2794 1445 3129 1511 serviamus;
3173 1446 3226 1500 in
3254 1459 3321 1501 eo
3351 1460 3568 1516 prome—

1965 1540 2140 1596 rendo
2169 1548 2321 1595 actus
2350 1540 2527 1596 omnis
2553 1581 2567 1606 ,
2598 1552 2651 1596 et
2682 1556 2809 1596 cura
2837 1583 2851 1605 ,
2881 1549 2938 1596 et
2977 1553 3139 1612 opera
3171 1539 3493 1597 collocetur.

2586 1633 2813 1691 CAPUT
2852 1633 2921 1690 X.

1964 1726 2045 1782 De
2087 1726 2355 1799 Religione
2394 1744 2514 1800 erga
2543 1725 2730 1792 Deum,
2780 1736 2828 1781 et
2855 1725 3215 1782 Misericordia
3256 1742 3376 1799 erga
3404 1725 3571 1783 homi-

2296 1838 2422 1888 nes;
2449 1831 2599 1892 atque
2624 1821 2687 1875 de
2716 1818 2904 1874 Mundi
2934 1818 3211 1889 principio.

254 1916 495 1973 maxima
524 1916 629 1972 erit
669 1915 915 1985 profecto
960 1915 1195 1982 vanitas,
1223 1914 1451 1982 obsequi
1480 1914 1621 1968 velle
1641 1912 1856 1968 virtuti-
1888 1921 1935 1981 B
2037 1916 2179 1983 Dixi,
2201 1914 2331 1986 quid
2359 1915 2619 1971 debeatur
2647 1914 2791 1970 Deo:
2822 1912 2998 1968 dicam
3041 1926 3206 1980 nunc,
3238 1911 3367 1983 quid
3398 1911 3573 1967 homi-

254 2009 381 2074 bus,
412 2024 533 2079 qum
560 2007 759 2063 frustra
781 2006 985 2062 homini
1008 2006 1346 2062 calamitates
1376 2006 1610 2061 alTerunt
1636 2016 1689 2061 et
1712 2004 1860 2061 labo-

253 2115 366 2157 res.
386 2099 522 2156 Nam
552 2099 597 2155 si
631 2099 801 2154 virtus
829 2108 936 2167 est,
968 2106 1290 2169 egestatem,
1321 2097 1567 2164 exiliunt,
1589 2097 1859 2162 dolorem,

253 2202 516 2261 mortem,
559 2205 683 2263 quae
731 2192 1048 2247 timentura
1097 2191 1331 2258 exteris,
1380 2192 1486 2262 pati
1541 2188 1754 2245 fortiter
1799 2204 1865 2246 ac

254 2288 480 2354 subire;
536 2286 664 2358 quid
713 2285 930 2341 tandem
978 2285 1033 2341 in
1090 2300 1151 2342 se
1180 2285 1305 2341 boni
1364 2284 1542 2348 habet.
1592 2298 1690 2340 cur
1741 2298 1861 2339 eam

256 2391 481 2454 propter
518 2382 753 2452 seipsam
798 2379 1109 2451 philosophi
1131 2380 1316 2435 dicant
1344 2378 1740 2449 expetendam?
1772 2378 1861 2433 Ni~

254 2474 457 2531 mirum
505 2474 855 2544 supervacuis
903 2482 959 2528 et
1001 2471 1253 2529 inanibus
1284 2471 1461 2543 poenis
1500 2471 1861 2538 delectantur,

255 2569 457 2640 quibus
483 2569 608 2624 licet
634 2581 799 2638 agere
830 2567 1138 2638 tranquille.

354 2663 411 2720 Si
439 2664 583 2719 enim
615 2662 873 2718 mortales
905 2670 1033 2717 sunt
1069 2659 1286 2726 animae.
1321 2661 1364 2716 si
1396 2662 1566 2716 virtus
1595 2660 1865 2716 dissoluto

255 2772 490 2830 corpore
511 2755 643 2812 nihil
666 2754 843 2811 futura
866 2763 969 2822 est,
998 2754 1127 2826 quid
1162 2753 1394 2825 fugimus
1415 2754 1672 2810 attributa
1710 2753 1865 2809 nobis

254 2853 424 2917 bona,
457 2852 611 2923 quasi
650 2860 743 2906 aut
791 2849 1011 2916 ingrati,
1044 2858 1137 2905 aut
1163 2848 1365 2920 indigni
1398 2848 1487 2919 qui
1517 2848 1717 2903 divinis
1745 2863 1865 2901 mu-

256 2947 483 3003 neribus
516 2944 886 3016 perfruamur?
911 2944 1043 3013 Quae
1073 2944 1211 3000 bona
1240 2953 1302 2999 ut
1329 2943 1647 3008 habeamus,
1696 2942 1868 2998 scele-

257 3049 379 3096 rate
427 3038 699 3110 impieque
735 3037 1032 3094 vivendum
1066 3046 1187 3103 est;
1220 3037 1342 3107 quia
1375 3036 1651 3101 virtutem,
1682 3035 1734 3090 id
1761 3044 1863 3103 est,

257 3133 530 3204 justitiam
567 3142 861 3204 paupertas
893 3134 1157 3203 sequitur.
1200 3132 1376 3188 Sanus
1408 3132 1575 3203 igitur
1608 3147 1714 3186 non
1757 3139 1865 3199 est,

261 3226 360 3299 qui
388 3226 532 3282 nulla
557 3240 652 3297 spe
672 3224 880 3296 majore
897 3225 1191 3297 proposita,
1222 3225 1287 3279 iis
1316 3225 1493 3289 bonis,
1512 3225 1708 3295 quibus
1729 3239 1862 3293 ea»,

1968 2009 2023 2064 ni
2051 2007 2396 2063 tribuendum
2429 2011 2540 2075 sit;
2570 2022 2878 2078 quanquam
2912 2006 2963 2063 id
2994 2006 3169 2078 ipsum
3200 2004 3346 2077 quod
3392 2004 3571 2063 homi-

1968 2101 2020 2156 ni
2054 2100 2325 2167 tribueris,
2362 2101 2473 2156 Deo
2507 2100 2782 2166 tribuitur,
2829 2099 2954 2171 quia
3008 2099 3172 2154 homo
3222 2099 3317 2155 Dei
3347 2098 3572 2155 simula-

1965 2212 2117 2254 crum
2146 2206 2247 2254 est.
2278 2196 2385 2254 Sed
2413 2206 2593 2252 tamen
2634 2195 2863 2266 primum
2905 2192 3146 2251 ofﬁcium
3189 2192 3415 2265 justitiae
3444 2200 3529 2250 est
3551 2235 3569 2263 ,

1966 2291 2217 2361 ennjungi
2241 2305 2363 2346 cum
2389 2290 2497 2346 Deo
2521 2306 2536 2357 ;
2558 2289 2878 2356 secundum,
2894 2304 3016 2345 cum
3038 2288 3280 2345 homine.
3296 2287 3405 2345 Sed
3432 2287 3573 2344 illud

1967 2384 2225 2454 primum,
2273 2382 2479 2453 Religio
2507 2381 2704 2437 dicitur
2732 2396 2747 2448 ;
2778 2380 2881 2436 hoc
2908 2380 3229 2446 secundum,
3259 2379 3575 2437 misericor-

1968 2478 2055 2534 dia
2078 2479 2161 2534 vel
2188 2478 2497 2533 humanitas
2527 2478 2855 2531 nominatur.
2897 2474 3028 2544 Quae
3057 2475 3226 2531 virtus
3249 2473 3576 2546 propriafest

1962 2575 2233 2646 iustorum
2264 2583 2319 2629 et
2361 2574 2625 2629 cultorum
2658 2571 2790 2637 Dei;
2823 2571 2965 2642 quod
2995 2585 3058 2627 ea
3108 2570 3225 2627 sola
3261 2569 3386 2625 vita;
3423 2583 3577 2626 com-

1969 2668 2148 2723 munis
2192 2668 2434 2723 contiuet
2469 2666 2752 2720 rationem.
2806 2664 2951 2720 Deus
2996 2664 3164 2729 enim,
3218 2663 3310 2732 qui
3358 2660 3574 2718 caeteris

1968 2760 2292 2817 animalibus
2317 2758 2636 2829 sapientiam
2669 2772 2777 2813 non
2807 2755 2973 2826 dedit,
3004 2754 3341 2811 naturalibus
3365 2768 3429 2810 ea
3455 2769 3576 2810 mu-

1969 2856 2227 2911 nimentis
2268 2853 2338 2909 ab
2388 2853 2606 2908 incursu
2657 2860 2711 2909 et
2766 2849 3008 2922 periculo
3043 2851 3239 2905 tutiora
3275 2849 3573 2921 generavit.

1970 2947 2254 3003 Hominem
2282 2960 2414 3002 vero
2439 2945 2562 3016 quia
2602 2944 2803 2999 nudum
2836 2943 3183 3015 fragilemque
3212 2940 3487 3009 formavit,
3517 2948 3576 2997 ut

1970 3058 2092 3098 eum
2121 3040 2382 3111 sapientia
2410 3040 2588 3110 potius
2611 3040 2919 3101 instrueret,
2946 3037 3161 3093 deditei
3192 3047 3392 3107 praeter
3413 3045 3577 3092 caete-

1969 3153 2026 3192 ra
2060 3137 2201 3192 hunc
2232 3136 2443 3207 pietatis
2472 3133 2719 3191 affectum
2747 3142 2802 3189 ut
2828 3132 2989 3188 homo
3014 3131 3289 3186 hominem
3322 3137 3558 3197 tueatur,

1971 3237 2173 3307 diligat,
2199 3235 2401 3299 foveat,
2425 3244 2722 3301 contraque
2743 3232 2921 3288 omnia
2947 3230 3182 3302 pericula
3228 3237 3283 3285 et
3319 3227 3570 3299 accipiat,

261 3320 364 3376 teri
402 3327 628 3375 utuntur
655 3320 709 3374 in
742 3318 848 3374 vita
873 3360 886 3386 ,
940 3318 1190 3384 labores,
1223 3328 1275 3373 et
1324 3318 1596 3374 cruciatus
1618 3361 1633 3385 ,
1674 3327 1730 3374 et.
1760 3319 1859 3373 mi-

1972 3338 2019 3384 ει
2066 3338 2283 3398 prmstet
2312 3325 2595 3384 auxilium.
2629 3323 2915 3381 Summum
2945 3323 3108 3393 igitur
3138 3323 3280 3378 inter
3296 3337 3357 3377 se
3386 3320 3571 3377 homi-

257 3412 432 3469 serias
466 3420 779 3482 anteponat.
805 3410 862 3467 Si
892 3420 1072 3466 autem
1100 3410 1272 3466 virtus
1302 3410 1384 3482 (ut
1413 3410 1481 3466 ab
1505 3409 1589 3466 his
1621 3409 1863 3466 rectissi-

258 3521 347 3562 me
362 3503 587 3578 dicitur)
623 3503 954 3576 capessenda
973 3512 1080 3572 est,
1105 3503 1228 3575 quia
1250 3512 1463 3559 constet
1483 3503 1548 3558 ad
1568 3518 1685 3559 eam
1714 3502 1863 3558 nasci

257 3598 577 3669 hominem,
627 3600 851 3657 subesse
899 3598 1059 3655 debet
1107 3614 1234 3669 spes
1278 3598 1453 3668 aliqua
1503 3597 1697 3668 major,
1743 3611 1865 3666 qua:

257 3692 528 3747 malorum
578 3701 633 3747 et
678 3692 948 3758 laborum,
1007 3705 1143 3761 quos
1200 3690 1437 3761 perferre
1485 3689 1697 3744 virtutis
1755 3697 1859 3755 est,

256 3799 514 3854 magnum
565 3783 753 3840 afferat
798 3783 1221 3854 praeclarumque
1263 3784 1533 3839 solatium.
1564 3781 1674 3837 Nec
1702 3781 1862 3838 aliter

258 3877 456 3943 virtus,
487 3892 612 3933 cum
658 3891 753 3947 per
780 3891 839 3933 se
865 3876 1000 3932 dura
1029 3877 1120 3944 sit,
1166 3876 1355 3932 haberi
1385 3892 1483 3947 pro
1510 3877 1655 3932 bono
1685 3882 1863 3946 potest

257 3984 424 4041 quam
471 3969 519 4027 si
562 3969 906 4026 acerbitatem
955 3985 1109 4025 suam
1165 3970 1400 4027 maximo
1451 3970 1596 4026 bono
1644 3978 1858 4041 penset.

1977 3442 2104 3480 num
2131 3421 2403 3478 vinculum
2431 3428 2515 3475 est
2545 3417 2881 3473 humanitas:
2913 3416 3056 3487 quod
3080 3416 3169 3486 qui
3195 3413 3445 3485 disrupit,
3473 3429 3573 3469 ne-

1975 3517 2136 3573 farius
2176 3525 2231 3571 et
2275 3512 2541 3585 parricida
2572 3510 2964 3567 existimandus
2993 3516 3101 3564 est.
3134 3507 3266 3563 Nam
3291 3507 3333 3563 si
3360 3507 3430 3563 ab
3464 3521 3574 3562 uno

1972 3612 2213 3675 homine,
2232 3624 2390 3681 quem
2424 3608 2562 3663 Deus
2590 3604 2767 3665 ﬁnxit.
2791 3618 2981 3659 omnes
3006 3601 3238 3667 orimur,
3264 3610 3414 3656 certe
3436 3614 3572 3656 eon-

1971 3703 2247 3775 sangninei
2292 3716 2473 3756 sumus
2504 3716 2523 3766 ;
2552 3708 2606 3754 et
2662 3698 2784 3753 ideo
2829 3695 3121 3751 maximum
3164 3695 3340 3749 scelus
3384 3699 3575 3763 putan-

1971 3799 2098 3854 dum
2140 3804 2242 3863 est,
2280 3794 2459 3850 odisse
2500 3791 2796 3856 hominem,
2825 3787 2914 3842 vel
2945 3794 3249 3841 nocentem.
3279 3785 3573 3854 Propterea

1972 3892 2114 3947 Deus
2136 3887 2392 3960 prtecepit
2408 3883 2713 3940 inimicitias
2733 3897 2827 3952 per
2839 3897 2937 3935 nos
2966 3894 3238 3952 nunquam
3264 3877 3562 3946 faciendas,

1971 3998 2185 4054 semper
2213 3995 2336 4037 esse
2361 3977 2659 4044 tollendas;
2690 3975 2899 4033 scilicet
2926 3983 2983 4030 ut
3007 3988 3126 4043 eos,
3159 3971 3251 4045 qui
3276 3972 3386 4029 sint
3414 3970 3575 4029 nobis

1625 4102 1987 4163 VARIORUM
2024 4098 2256 4158 NOTAE.

329 4225 603 4298 Prwcepta
647 4226 844 4282 vitalia.
882 4227 1128 4283 Imitatur
1166 4224 1497 4298 Cyprianum
1537 4226 1605 4281 de
1648 4223 1849 4298 ltlolor.

251 4300 455 4364 vanit.,
478 4296 599 4363 cap.
627 4299 658 4353 7
690 4318 702 4352 :
739 4298 806 4354 Ut
833 4300 897 4353 de
916 4316 975 4354 eo
1014 4300 1082 4353 ad
1134 4296 1398 4369 praeocpta
1448 4297 1625 4352 vitalia
1672 4296 1856 4369 instrui

253 4379 481 4443 possent.
511 4370 586 4425 De
612 4371 803 4443 llabilu
833 4371 1007 4441 Virg.,
1042 4366 1148 4425 edf
1168 4368 1402 4443 Gryph.,
1427 4384 1478 4439 p.
1501 4368 1609 4426 280
1629 4387 1648 4443 :7
1676 4366 1857 4443 Domi-

253 4440 376 4497 nica
419 4452 467 4496 et
511 4442 691 4498 vitalia
740 4440 1004 4512 praecepta
1049 4440 1287 4497 custodit.
1312 4441 1429 4496 Lib.
1464 4457 1538 4505 IV,
1568 4442 1727 4505 epist.
1769 4440 1851 4493 ὃς

253 4513 535 4586 Evangelii
559 4524 736 4568 sancta
764 4524 1019 4586 praecepta
1060 4523 1177 4569 et...
1217 4514 1462 4568 mandata
1503 4513 1750 4568 uitalia...
1781 4522 1853 4565 te-

255 4597 499 4640 neantur.
520 4585 798 4641 Bunsnarz.

1965 4227 2084 4274 sunt
2111 4216 2237 4272 alia.
2280 4214 2416 4270 BDN.

2039 4289 2108 4343 Ut
2133 4292 2186 4343 in
2214 4287 2361 4343 tertio
2388 4284 2559 4339 docui.
2593 4281 2923 4341 Subauditur
2950 4279 3127 4342 libro.
3175 4293 3334 4348 quam
3385 4293 3575 4334 vocem

1961 4363 2167 4418 addunt
2196 4361 2231 4415 4
2261 4373 2392 4413 mss.
2427 4371 2538 4411 rec.
2571 4366 2627 4410 et
2653 4354 2785 4408 edit.
2819 4354 2987 4408 'l‘orn.
3013 4366 3077 4405 ac
3098 4350 3375 4406 Souhron.

2036 4432 2157 4486 Nisi
2180 4438 2445 4509 perpetuae
2468 4428 2601 4482 uiue.
2630 4424 2819 4495 2Reg.
2854 4438 2967 4509 rec.
3010 4429 3065 4478 et
3105 4422 3273 4477 Brun.
3316 4422 3415 4477 nisi
3456 4437 3576 4494 per-

1966 4516 2119 4576 petua
2142 4504 2266 4557 vita.

2042 4574 2258 4630 Pietate.
2302 4571 2416 4627 Hoc
2459 4570 2579 4626 loco
2616 4566 2805 4634 affectu
2850 4566 3022 4637 ﬁlioli.
3067 4565 3264 4624 Senec.
3307 4565 3345 4620 Ι.
3389 4580 3407 4619 ι
3447 4562 3575 4637 Cle.

330 4619 860 4727 iiii...
882 4658 904 4711 l
929 4656 1167 4712 Claram.
1191 4665 1247 4711 et
1269 4655 1462 4720 Brnn.,
1483 4655 1722 4721 adempta
1747 4669 1856 4723 spe.
1883 4619 1939 4679 Β
1965 4619 2240 4727 [neutiq-
2366 4640 2537 4727 ἒῇΝοη
3266 4677 3281 4703 ι
3309 4619 3412 4691 ἢθη
3447 4619 3577 4691 “b8-

334 4728 579 4796 Mortcm,
620 4745 733 4800 qua:
789 4730 1046 4783 timentur.
1093 4728 1233 4783 Editi
1276 4728 1503 4800 habent,
1550 4735 1864 4795 mortemque

254 4798 659 4872 quietimentur.
696 4801 993 4857 Delendum
1040 4817 1156 4870 que,
1197 4798 1339 4872 quod
1382 4805 1535 4854 abest
1565 4814 1593 4851 a
1639 4811 1770 4853 mss.
1807 4805 1865 4851 et

256 4870 477 4927 videtur
510 4882 691 4926 natum
724 4888 791 4927 ex
821 4872 992 4927 altero
1018 4888 1151 4942 quw,
1183 4870 1326 4942 quod
1355 4872 1615 4940 sequitur.

335 4944 469 5011 Quia
496 4954 708 4999 constet.
734 4945 825 5000 Sic
863 4940 1076 5012 reposui
1127 4940 1217 4998 ex'
1240 4944 1411 5012 antiq.
1451 4951 1505 4996 et
1550 4940 1864 4995 melioribus

257 5030 398 5072 mss.
420 5026 475 5072 et
503 5017 533 5069 7
560 5025 664 5071 vet.
691 5016 869 5071 editis.
901 5011 960 5070 ln
992 5031 1101 5071 rec.
1145 5016 1206 5070 10
1236 5011 1452 5084 scriptis
1483 5023 1538 5069 et
1576 5012 1609 5068 8
1648 5011 1865 5068 excusis

257 5097 365 5151 est,
398 5098 613 5143 constat.

335 5160 401 5215 Si
434 5169 554 5216 sunt
582 5160 687 5214 alia
714 5159 934 5231 majora.
970 5158 1062 5215 Sic
1096 5158 1311 5231 restitui
1339 5172 1405 5212 ex
1436 5155 1567 5212 edit.
1598 5155 1765 5231 Torn.
1805 5169 1867 5207 ac

257 5231 461 5289 Sonbr.
488 5228 805 5298 cunctisque
834 5246 966 5287 mss.
998 5239 1195 5303 praeter
1220 5229 1256 5283 ‘2
1282 5229 1417 5300 Reg.
1462 5243 1574 5284 rec.
1616 5237 1671 5283 et
1704 5228 1861 5282 Cant.

256 5306 316 5362 in
335 5304 536 5429 guibus
561 5314 643 5359 est
665 5304 858 5373 aliqua.

384 5377 493 5429 anti
531 5378 614 5429 sit.
662 5377 858 5429 Eleaan

384 5377 493 5430 anti
531 5378 614 5429 sit.
662 5371 967 5446 Eleganter.
1017 5372 1135 5446 Vid.
1164 5372 1201 5428 Ι.
1231 5387 1394 5446 nt.c.
1423 5373 1477 5438 8,
1509 5387 1559 5428 e.
1592 5372 1683 5446 1:2,
1715 5379 1772 5427 et
1801 5371 1868 5446 de

257 5446 411 5520 Opif.
440 5462 490 5503 c.
518 5447 572 5503 5.
604 5442 812 5504 Seneca
839 5447 907 5502 de
935 5444 1154 5520 Provid.
1202 5460 1252 5499 ε.
1296 5445 1330 5500 5
1359 5453 1503 5520 extr.
1544 5442 1695 5520 :_Est
1742 5442 1869 5496 tanti

260 5515 485 5593 pérista
504 5521 579 5574 ire
598 5535 798 5593 casuro.
831 5519 904 5593 De
931 5522 1041 5593 hac
1055 5517 1322 5593 elegantia
1350 5515 1871 5593 Cicer-onifrequen-

264 5586 475 5648 iissima
505 5591 651 5648 conf.
677 5590 947 5647 Grtcvium
977 5588 1045 5643 ad
1078 5588 1115 5642 l.
1140 5586 1171 5645 v
1200 5588 1394 5653 Altic.,
1426 5602 1514 5656 ep.
1545 5587 1638 5650 20,
1665 5602 1717 5655 p.
1739 5586 1866 5641 542.

339 5662 421 5718 Ea
442 5681 558 5720 vero
588 5664 734 5719 nulla
759 5672 878 5717 sunt
906 5663 1029 5717 alia.
1057 5659 1136 5715 Ita
1168 5676 1298 5716 mss.
1332 5660 1573 5731 plerique
1601 5658 1869 5731 antiquis:

262 5736 390 5792 simi
436 5746 489 5792 et
516 5736 706 5806 Optimi
736 5735 971 5802 Bonum,
1008 5733 1139 5802 Reg.
1194 5732 1353 5806 l’ut.,
1379 5730 1504 5786 Jun.
1546 5730 1868 5806 sexquealii

261 5823 332 5864 ac
356 5800 783 5878 decem'vulgati.
814 5800 979 5863 Cauc.
1001 5815 1056 5860 et
1081 5800 1148 5861 {0
1163 5805 1491 5878 scriptijec.
1516 5818 1636 5857 cum
1658 5800 1692 5855 5
1714 5801 1871 5878 editis

262 5879 478 5934 addunt
502 5874 679 5946 bona;
708 5882 724 5931 ι
758 5879 890 5950 Reg.
923 5892 1059 5942 rcc..
1090 5880 1113 5933 l
1148 5874 1329 5941 Culh.,
1362 5876 1530 5950 Pent_._
1551 5882 1607 5930 et
1635 5884 1744 5928 vet.
1780 5874 1868 5950 ed.

264 5952 460 6026 Rom.,
478 5944 694 6024 douaﬁ
715 5944 865 6026 Reg:
880 5951 1166 6025 antiquiss.
1187 5958 1241 6011 et
1258 5950 1290 6010 '5
1311 5949 1465 6009 edit.:
1482 5944 1564 6008 Ea
1590 5963 1705 6005 vero
1725 5947 1872 6004 nulla

1963 4735 2144 4774 rerum
2175 4717 2369 4787 pietati.
2392 4715 2525 4787 BDN.

2039 4790 2104 4845 In
2131 4779 2189 4844 eo
2221 4786 2590 4860 promerendo.
2622 4783 2791 4860 Plane
2820 4799 2938 4860 vero
2957 4823 2972 4850 ,
2999 4780 3174 4860 inquit
3198 4779 3571 4860 Ηειιιιιιιιιιιιιε2

1966 4863 2066 4917 huc
2105 4851 2463 4931 non'quadrat
2489 4858 2693 4912 verbum
2725 4856 2845 4931 hoc.
2874 4853 3040 4931 Lege,
3063 4852 3418 4931 demerendo.
3462 4851 3575 4907 Sed

1967 4935 2168 4989 habent
2190 4924 2382 4989 omnes
2404 4930 2562 4993 libri;
2587 4939 2642 4984 et
2661 4927 2848 4997 quidni
2877 4924 3184 4997 quadraret
3199 4924 3361 4978 toties
3390 4925 3442 4979 in
3466 4938 3574 4997 n9-

1967 5018 2081 5061 stro
2104 5006 2332 5074 aliisque
2359 5004 2430 5057 ita
2454 4994 2717 5074 Aobvium'?
2746 4994 3093 5074 Vindieamus
3114 4994 3188 5074 .ad
3203 4996 3257 5074 Ἰ.
3289 5011 3362 5059 vt,
3388 5011 3438 5051 c.
3463 4995 3534 5074 l§
3558 5011 3572 5049 :

1973 5078 2042 5134 Ut
2068 5064 2390 5147 promereare
2415 5072 2693 5147 viventem;
2736 5080 2791 5125 et
2832 5070 2898 5124 ad
3096 5064 3288 5147 de__1ra
3328 5067 3571 5147 cap.A5_:

1968 5138 2310 5216 Beneﬁciis...
2333 5161 2493 5218 genus
2514 5145 2653 5218 Item.
2680 5138 3221 5218 prontereri.:fertu1l.
3240 5140 3452 5210 Apol.c.
3468 5138 3535 5194 2i
3559 5155 3571 5191 :

1973 5209 2168 5288 Quibus
2199 5209 2585 5288 edochaturde
2613 5209 2946 5288 promerendo
2975 5210 3105 5288 Deo.
3128 5209 3275 5288 Pun.

2044 5292 2216 5346 Homo
2246 5289 2343 5344 Dei
2365 5278 2697 5342 simulacrum
2725 5293 2815 5339 est.
2851 5283 3106 5338 Minutius
3128 5278 3279 5335 Felix
3306 5281 3359 5336 in
3381 5279 3572 5336 Octav.

1975 5364 2125 5431 Quod
2145 5362 2473 5415 simulacrum
2516 5356 2881 5431 Deojingam?
2914 5371 3033 5409 cum
3069 5353 3113 5409 si
3148 5361 3283 5407 recte
3322 5353 3576 5408 existimes

1971 5427 2035 5489 sit
2062 5435 2157 5490 Dei
2183 5434 2333 5487 homo
2357 5432 2468 5501 ipse
2494 5427 2849 5501 simulacrum.

2044 5504 2309 5561 Cultorum
2342 5496 2457 5556 Dei.
2485 5500 2642 5556 Juxta
2673 5499 2802 5553 illud
2838 5497 3116 5567 Evangelii
3148 5514 3162 5552 :
3195 5496 3374 5553 Estote
3418 5496 3575 5552 mise-

1971 5578 2199 5633 ricordes
2226 5577 2356 5630 sicut
2378 5573 2539 5627 Pater
2559 5582 2722 5626 vester
2747 5570 2979 5625 catastis.

2047 5648 2406 5703 Naluralibus.
2453 5646 2527 5699 De
2566 5643 2652 5699 his
2695 5642 2816 5698 vide
2861 5640 3057 5696 librum
3087 5639 3156 5697 de
3183 5639 3414 5712 Opilieio
3447 5639 3576 5709 Dei,

1975 5721 2137 5779 infra.

2049 5794 2186 5847 Nam
2214 5791 2257 5845 si
2284 5790 2345 5843 ab
2368 5804 2470 5843 uno
2491 5787 2710 5841 homine.
2735 5787 2847 5841 Act.
2868 5799 2985 5854 cap.
3008 5799 3134 5849 xvn,
3151 5799 3206 5840 v.
3231 5784 3322 5839 26.
3353 5783 3570 5839 Hieron.

1974 5876 2159 5924 contra
2179 5862 2388 5917 Hclvid.
2402 5904 2414 5925 ,
2437 5858 2624 5914 Omnes
2645 5858 2876 5913 homines
2897 5874 2959 5911 ea:
2980 5873 3079 5911 uno
3091 5867 3237 5928 patre
3252 5858 3328 5912 vel
3348 5855 3575 5912 homine.
3650 5912 3653 5913 ,

2049 5936 2342 5997 Tolleudas.
2375 5933 2561 5997 Matth.
2588 5947 2644 6005 ν,
2668 5931 2799 5991 Luc.
2832 5945 2907 6003 νι,
2935 5929 3091 5990 Rom.
3122 5944 3218 5987 xu.
