4090 6354
200 358 318 420 669

1341 356 1547 419 LIBER
1582 356 1672 417 Vl.
1713 354 1805 417 DE
1844 354 2031 415 VERO
2061 354 2313 416 GULTU.

3397 366 3505 427 670

195 485 347 543 rent,
377 473 473 534 sed
496 472 715 532 frondes
738 481 794 532 et
809 473 1032 532 herbam
1064 487 1165 545 pro
1184 473 1484 543 cubilibus,
1512 473 1801 546 speluncas
1828 473 1881 536 Α
1907 472 2010 529 tuit
2032 472 2198 547 igitur
2223 483 2539 548 utrumque,
2575 476 2698 549 quia
2725 491 2835 534 non
2863 488 3129 551 repugnat
3156 497 3172 536 ι
3200 480 3297 539 sed
3320 491 3503 543 tamen

197 579 260 630 et
284 579 436 627 antra
461 584 560 641 pro
586 565 833 624 domibus
865 568 1128 627 haberent
1145 611 1159 637 ,
1188 558 1378 626 bestiis
1407 577 1462 626 et
1486 567 1803 626 fortioribus

198 658 531 721 animalibus
565 662 763 737 praeda:
794 652 961 721 fuisse
998 671 1446 720 commemorant.
1480 661 1619 720 Tum
1659 677 1755 720 eos
1783 704 1800 731 ,

200 757 297 832 qui
325 766 416 814 aut
440 756 624 813 laniati
647 752 951 829 eﬂ‘ugerant
971 796 987 824 ,
1016 762 1111 813 aut
1137 756 1328 815 laniari
1348 757 1623 829 proximos
1650 756 1803 815 vide-

194 861 355 918 rant,
410 848 717 908 admonitos
755 850 978 923 periculi
1015 852 1098 908 sui
1141 852 1209 910 ad
1264 851 1403 909 alios
1433 852 1676 910 homines
1702 854 1800 911 de-

191 942 465 1017 currisse,
498 946 810 1019 praesidium
856 947 1204 1019 implorasse,
1259 958 1316 1005 et
1357 950 1532 1021 primo
1576 950 1800 1008 nutibus

192 1041 531 1099 voluntatem
562 1055 715 1098 suam
742 1042 1110 1114 significasse;
1142 1042 1339 1099 deinde
1365 1044 1634 1100 sermonis
1647 1044 1801 1100 initia

191 1146 571 1204 tentasse,ac
614 1134 842 1206 singulis
878 1136 1179 1209 quibusque
1226 1137 1390 1194 rebus
1436 1138 1653 1194 nomina
1695 1139 1795 1195 im-

191 1225 513 1301 primendo,
568 1227 825 1299 paulatim
872 1229 1127 1302 loquendi
1194 1231 1487 1302 perfecisse
1511 1234 1796 1289 rationem.

192 1322 333 1381 Cum
362 1333 542 1379 autem
568 1337 670 1379 nec
689 1322 1092 1380 multitudinem
1134 1324 1306 1396 ipsam
1325 1325 1575 1383 viderent
1611 1336 1800 1385 contra

189 1414 397 1473 bestias
434 1428 557 1472 esse
596 1422 804 1482 tutam,
837 1414 1033 1487 oppida
1083 1415 1246 1472 etiam
1277 1418 1511 1489 ctepisse
1537 1418 1750 1475 munire
1780 1436 1797 1486 ;

189 1507 277 1565 vel
312 1516 374 1563 ut
396 1507 637 1579 quietem
690 1509 868 1565 noctis
922 1518 1093 1565 tutam
1142 1510 1247 1567 sibi
1288 1509 1568 1581 facerent,
1629 1514 1712 1570 vel
1740 1504 1801 1570 tit

191 1604 540 1661 incursiones
576 1610 740 1675 atque
762 1604 994 1676 impetus
1019 1605 1314 1662 bestiarum
1357 1622 1464 1663 non
1490 1609 1796 1681 pugnando,

188 1697 288 1756 sed
328 1696 555 1769 objectis
576 1696 864 1769 aggeribus
885 1708 1155 1758 arcerent.

262 1792 314 1848 Ο
335 1790 550 1864 ingenia
577 1792 888 1849 hominibus
916 1792 1138 1866 indigna
1162 1804 1284 1866 quae
1306 1793 1406 1852 has
1422 1790 1655 1870 ineptias
1675 1812 1798 1870 pro-

1907 576 2192 640 utrumque
2211 570 2361 626 nullo
2382 571 2542 627 modo
2575 587 2761 629 verum
2783 582 2867 629 est
2898 592 2914 644 ;
2958 576 3081 647 quia
3130 591 3237 634 non
3266 593 3364 649 per
3386 595 3503 639 oms

1904 676 2028 719 nem
2060 672 2257 719 terram
2287 665 2400 720 nati
2444 674 2573 722 sunt
2599 666 2846 724 homines
2879 684 2911 725 e
2941 676 3081 725 terra
3107 710 3124 739 ,
3156 678 3411 743 tanquam
3432 687 3503 732 ea

1904 756 2152 815 draconis
2207 759 2437 830 alicujus
2483 761 2736 819 dentibus
2780 764 3181 840 proseminati(
3231 776 3289 824 ut
3327 777 3503 839 poem

1905 849 2126 926 ferunt)
2166 854 2263 910 sed
2317 870 2455 911 unus
2498 855 2663 912 homo
2688 856 2720 912 ὸ
2752 858 2863 915 Deo
2894 858 3050 916 [ictus
3077 869 3163 916 est
3183 900 3199 927 ,
3225 862 3295 919 ab
3328 875 3504 936 eoque

1904 960 2013 1002 uno
2064 948 2240 1003 omnis
2290 956 2432 1004 terra
2504 948 2742 1005 humano
2810 967 3010 1023 genere
3054 955 3318 1024 completa
3378 969 3499 1027 est,

1903 1038 2093 1096 eadem
2136 1040 2346 1097 scilicet
2374 1042 2624 1112 ratione,
2675 1060 2781 1116 qua
2809 1060 2996 1101 rursus
3044 1055 3165 1118 post
3199 1048 3496 1104 diluvium:

1903 1135 2044 1205 quod
2067 1142 2215 1192 certe
2241 1151 2440 1208 negare
2470 1152 2577 1191 non
2612 1150 2855 1207 possunt.
2886 1137 3040 1194 Nulla
3078 1140 3239 1211 igitur
3268 1142 3323 1197 in
3356 1143 3502 1214 prin-

1903 1229 2047 1300 cipio
2070 1228 2210 1287 facta
2257 1238 2339 1287 est
2390 1231 2656 1303 ejusmodi
2699 1234 3081 1305 congregatio;
3135 1251 3234 1292 nec
3264 1251 3498 1307 unquam

1903 1324 2069 1381 fuisse
2096 1324 2347 1381 homines
2386 1326 2440 1382 in
2491 1335 2671 1395 terra,
2725 1322 2818 1397 qui
2863 1335 3062 1397 praeter
3086 1328 3359 1383 infantiam
3388 1342 3499 1385 non

1901 1418 2272 1490 loquerentur,
2312 1419 2582 1493 intelliget
2605 1420 2690 1476 cui
2715 1421 2855 1475 ratio
2879 1434 2985 1476 non
3011 1420 3181 1476 deest.
3210 1420 3499 1493 Fingamus

1903 1518 2083 1567 tamen
2111 1511 2202 1567 ilia
2225 1524 2353 1568 vera
2379 1525 2502 1569 esse
2523 1554 2537 1577 ,
2570 1525 2693 1584 qua:
2741 1513 2900 1568 otiosi
2949 1522 3004 1569 et
3030 1513 3198 1584 inepti
3226 1526 3386 1570 senes
3418 1515 3502 1570 fa-

1899 1601 2176 1670 bulantur,
2204 1612 2264 1659 ut
2310 1618 2408 1660 eos
2450 1605 2565 1660 suis
2612 1604 2952 1675 potissimum
2980 1602 3232 1663 sensibus
3284 1615 3338 1663 et
3387 1605 3501 1663 suis

1900 1696 2196 1753 rationibus
2218 1696 2552 1754 refellamus.

1970 1791 2028 1848 Si
2049 1791 2151 1848 hac
2168 1790 2237 1847 de
2254 1805 2415 1847 causa
2442 1799 2572 1848 sunt
2592 1791 2841 1848 heminas
2859 1791 3191 1863 congregati,
3215 1798 3272 1845 ut
3285 1791 3484 1847 mutuis

186 1885 470 1942 tulerunt!
525 1885 792 1951 miseros.
823 1895 986 1957 atque
1028 1886 1401 1956 miserabiles,
1457 1889 1553 1960 qui
1610 1891 1797 1947 stulti-
1825 1886 1875 1949 Β
1899 1886 2115 1943 auxiliis
2130 1887 2557 1945 imbecillitatem
2573 1898 2726 1942 suam
2747 1895 3050 1952 uterentur;
3074 1884 3500 1942 succurrendum

187 1978 322 2035 tiam
362 1992 517 2034 suam
547 1977 741 2037 litteris
788 1980 1179 2051 memoriaeque
1220 1980 1619 2038 mandaverunt
1652 1985 1667 2039 i
1696 1984 1802 2053 Qui

186 2086 313 2129 cum
341 2070 595 2128 viderent
662 2073 827 2129 mutis
874 2088 1092 2144 quoque
1135 2075 1459 2132 animalibus
1501 2076 1798 2148 ingenitam

189 2179 317 2223 esse
340 2165 635 2233 rationem,
672 2165 759 2222 vel
788 2167 1191 2236 conveniendi,
1241 2169 1328 2225 vel
1372 2169 1606 2226 invicem
1633 2185 1802 2243 appe-

189 2258 374 2324 tendi.
403 2260 488 2316 vel
535 2260 765 2331 periculi
804 2261 1082 2334 fugiendi,
1110 2264 1198 2320 vel
1243 2264 1372 2320 mali
1403 2266 1630 2322 cavendi
1662 2309 1679 2335 ,
1707 2268 1796 2326 vel

189 2352 392 2411 cubilia
420 2352 525 2410 sibi
573 2363 630 2410 et
672 2354 895 2412 latibula
941 2358 1202 2430 parandi;
1235 2358 1481 2416 homines
1511 2362 1688 2418 autem
1720 2364 1802 2434 ips

195 2459 292 2502 sos
341 2444 773 2503 esistimaverint
816 2462 925 2505 non
974 2449 1079 2506 nisi
1123 2452 1389 2522 exemplis
1435 2453 1713 2510 admoneri
1736 2468 1801 2511 ac

192 2537 413 2595 discere
442 2540 708 2609 potuisse,
739 2541 867 2613 quid
910 2550 1190 2611 metuere,
1218 2544 1348 2615 quid
1403 2560 1598 2603 cavere
1626 2588 1642 2616 ,
1670 2548 1799 2620 quid

187 2629 376 2687 facere
405 2629 700 2699 deberent;
728 2642 821 2690 aut
851 2650 1125 2708 nunquam
1157 2648 1522 2697 conventuros
1573 2641 1713 2696 inter
1738 2656 1799 2699 se

187 2723 390 2792 fuisse,
420 2739 523 2782 nec
565 2726 825 2797 loquendi
876 2731 1140 2786 rationem
1172 2740 1484 2802 reperturas
1506 2772 1522 2802 ,
1573 2735 1674 2791 nisi
1700 2749 1799 2793 eos

186 2814 386 2873 bestiae
408 2818 793 2877 comedissent.
848 2820 977 2878 llam
1012 2822 1136 2879 aliis
1162 2822 1333 2880 delira
1378 2824 1494 2881 visa
1543 2836 1670 2883 sunt
1714 2828 1802 2899 (ut

184 2908 433 2984 fuerunt)
461 2911 828 2986 dixeruntque
857 2952 873 2984 ,
898 2932 1005 2973 non
1045 2917 1285 2975 ferarum
1311 2920 1542 2976 laniatus
1572 2936 1797 2979 causam

184 2998 359 3059 fuisse
407 3006 683 3075 coeundi,
734 3007 831 3064 sed
882 3009 1054 3081 ipsam
1111 3011 1289 3082 potius
1350 3011 1790 3072 immanitatem:

184 3094 371 3168 itaque
399 3097 542 3155 inter
566 3114 628 3155 se
669 3112 1065 3174 congregatos,
1095 3103 1238 3175 quod
1288 3117 1478 3163 natura
1514 3107 1791 3166 hominum

182 3191 501 3249 solitudinis
542 3193 790 3267 fugiens,
845 3206 902 3254 et
966 3201 1361 3258 communionis
1408 3217 1473 3259 ac
1517 3204 1794 3261 societatis

1904 1992 1988 2040 est
2009 1982 2171 2054 igitur
2198 1982 2435 2049 homini,
2466 1983 2558 2054 qui
2586 1989 2745 2053 egeat
2774 1975 2994 2037 auxilio.
3022 1978 3156 2036 Cum
3193 1981 3335 2036 enim
3364 1990 3502 2051 pric-

1903 2076 2025 2134 sidii
2052 2090 2212 2133 causa
2250 2077 2499 2133 homines
2532 2076 2848 2133 societatem
2873 2088 2994 2132 cum
3028 2070 3338 2131 hominibus
3361 2074 3498 2130 litie-

1902 2170 2013 2226 rint
2036 2178 2091 2226 et
2116 2171 2417 2239 sanxerint,
2446 2169 2624 2227 fndus
2655 2166 2784 2225 illud
2807 2170 2950 2225 inter
2976 2168 3221 2225 homines
3251 2181 3280 2222 a
3298 2166 3502 2240 princi-

1903 2265 1994 2336 pio
2020 2274 2174 2319 ortus
2199 2264 2282 2319 sui
2307 2264 2471 2319 ictum
2511 2273 2604 2318 aut
2627 2263 2852 2331 violare,
2885 2271 2979 2318 aut
3016 2274 3123 2319 non
3152 2272 3497 2333 conservare.

1902 2368 2173 2412 summum
2196 2356 2346 2412 nefas
2367 2357 2668 2428 putandum
2684 2365 2785 2413 est.
2812 2356 2945 2412 Nam
2970 2358 3060 2428 qui
3075 2364 3135 2413 se
3149 2370 3178 2412 a
3193 2354 3501 2428 praestando

1902 2450 2103 2506 auxilio
2122 2459 2384 2516 removet,
2404 2451 2565 2507 etiam
2582 2451 2653 2506 ab
2676 2450 2992 2520 accipiendo
3011 2462 3073 2507 se
3098 2458 3377 2507 removeat
3400 2464 3498 2506 nec

1900 2555 2057 2599 cosse
2083 2550 2187 2611 est;
2218 2544 2344 2615 quia
2382 2543 2581 2598 nullius
2609 2556 2772 2613 opera
2821 2543 3064 2615 indigere
3102 2556 3163 2598 se
3206 2551 3376 2613 putat,
3408 2543 3499 2613 qui

1900 2636 2056 2692 alteri
2082 2646 2234 2692 suam
2261 2636 2511 2709 denegnt.
2540 2636 2674 2692 Huic
2704 2648 2854 2703 vero,
2885 2636 2976 2706 qui
3010 2650 3070 2691 se
3097 2637 3213 2705 ipse
3241 2634 3502 2691 dissociat

1899 2742 1963 2785 ac
1984 2729 2223 2786 secernit
2248 2742 2281 2785 ι
2304 2742 2556 2803 corpore,
2586 2740 2696 2786 non
2721 2729 2829 2785 ritu
2861 2729 3114 2797 hominis,
3145 2728 3240 2785 sed
3265 2726 3498 2785 ferarum

1899 2834 2052 2879 more
2081 2824 2369 2880 vivendum
2396 2832 2498 2879 est.
2517 2823 2672 2893 Quod
2700 2823 2747 2878 si
2768 2822 2884 2879 ﬂeri
2907 2834 3014 2879 non
3044 2824 3501 2893 potest,’retinen-

1899 2918 2026 2974 dum
2052 2927 2140 2976 est
2174 2919 2340 2992 igitur
2374 2919 2521 2975 omni
2580 2918 2743 2974 modo
2793 2918 3064 2973 vinculum
3095 2918 3369 2974 Societatis
3395 2916 3499 2973 itud

1898 3024 2094 3080 mante.
2124 3015 2248 3085 quia
2270 3014 2433 3071 homo
2459 3014 2577 3069 sine
2609 3011 2827 3067 homine
2850 3011 2995 3067 nullo
3022 3013 3185 3067 modo
3211 3017 3388 3082 potest
3413 3011 3500 3066 vis

1898 3114 2047 3163 vero.
2092 3107 2347 3164 Retentio
2384 3114 2569 3164 autem
2609 3105 2884 3162 societatis
2921 3112 3006 3161 est
3041 3105 3417 3171 connnunitas,
3445 3103 3500 3160 id

1896 3208 1983 3257 est
2006 3201 2260 3257 auxilium
2285 3202 2564 3273 prmetare,
2588 3211 2647 3256 ut
2670 3202 2938 3272 possimus
2959 3199 3223 3270 accipere.
3252 3198 3343 3255 Sin
3368 3206 3501 3254 vero

182 3292 453 3353 appetens
476 3293 646 3343 esset.
675 3286 790 3342 Non
832 3303 1020 3360 magna
1049 3289 1188 3346 inter
1216 3306 1312 3347 eos
1332 3291 1653 3365 disceptatio
1681 3304 1785 3351 est.
1817 3307 1862 3372 ρ
1896 3295 1978 3368 (ut
2002 3292 2077 3352 illi
2102 3297 2194 3352 alii
2220 3296 2520 3368 disputant)
2566 3290 2916 3350 humanitatis
2958 3294 3127 3364 ipsihs
3170 3304 3330 3348 causa
3361 3290 3498 3348 facta

182 3373 469 3448 Siquidem
496 3393 675 3436 causa:
725 3380 970 3452 dispares
1012 3393 1139 3438 sunt
1165 3424 1181 3449 ,
1223 3398 1311 3440 res
1338 3385 1528 3441 cadem
1554 3394 1655 3442 est.
1682 3387 1787 3442 Po-

1891 3399 1976 3447 est
2008 3390 2286 3446 hominum
2315 3389 2686 3462 congregatio,
2723 3388 2886 3444 homo
2915 3398 3064 3445 certe
3096 3388 3369 3443 hominem
3400 3384 3497 3443 de-

1521 3492 1882 3559 VARIORUM
1918 3496 2152 3561 NOTAE.

256 3616 492 3687 Nomina
510 3615 869 3687 imprimendo.
895 3616 986 3673 Sic
1033 3617 1154 3687 lego
1180 3633 1325 3687 _cum
1370 3618 1622 3674 omnibus
1653 3634 1781 3687 mss.

182 3700 235 3747 et
256 3686 348 3745 ed.
377 3682 535 3743 Rom.
559 3678 717 3744 i470.
735 3686 1069 3745 Posteriores
1087 3678 1213 3745 cdd.
1241 3680 1785 3760 babentimponendo.

254 3763 388 3817 Cum
416 3771 587 3833 autem
609 3776 697 3833 nec
739 3760 1117 3816 multitudinem
1167 3764 1354 3832 ipsam.
1410 3754 1540 3829 Nec,
1570 3758 1788 3833 quodin

181 3836 251 3892 12
278 3849 415 3889 mss.
447 3840 502 3886 et
530 3832 563 3887 5
610 3832 767 3886 editis
825 3833 1017 3899 deest,
1078 3843 1135 3888 ut
1182 3832 1543 3889 necessarium
1577 3834 1785 3888 restitui

180 3922 246 3963 es
279 3921 416 3961 mss.
447 3902 765 3977 Regio-Pot.
790 3918 867 3971 tu,
897 3904 968 3959 al.
1008 3902 1202 3977 reg.,9
1228 3902 1407 3971 Colb.,
1429 3905 1616 3968 00th.,
1642 3906 1784 3972 Em.-,

181 3980 419 4043 Cant.,l
464 3976 726 4043 Ciarom.,
784 3978 858 4046 5,
915 3986 1022 4034 vet.
1076 3976 1207 4033 eun.
1257 3976 1416 4033 Rom.
1464 3987 1519 4034 et
1548 3977 1615 4035 14
1646 3978 1786 4034 aliis.

182 4049 327 4106 Vide
350 4064 506 4119 seqq.

269 4120 522 4195 Viderint.
553 4119 811 4195 Reimm.,
831 4121 1073 4195 uiderint.
1102 4121 1220 4177 Non
1245 4122 1386 4178 male
1412 4164 1425 4187 ,
1454 4122 1577 4195 quia
1605 4123 1791 4195 sequi-

182 4202 278 4249 tur
299 4188 1079 4249 existimaverint.Nihilominus
1103 4194 1440 4250 recentiorin
1472 4188 1794 4259 iicinnnf..ut

182 4266 346 4322 estin
372 4264 640 4334 plerisque
655 4265 913 4327 correxit.
930 4264 1156 4321 viderent
1183 4264 1323 4323 Goth
1336 4305 1372 4333 .,
1387 4265 1641 4323 viderunt.
1656 4264 1790 4324 Bon.

250 4337 483 4465 fabrilia.
517 4352 648 4393 mss.
680 4352 791 4394 rec.
812 4336 997 4406 Goth.,
1027 4336 1063 4392 ‘2
1088 4338 1247 4411 Reg”
1276 4338 1429 4418 Cant.
1460 4349 1515 4395 et
1538 4339 1605 4395 l8
1635 4340 1793 4410 edit.,

286 4424 367 4463 tcu
430 4448 445 4464 .

181 4424 445 4465 cunicula.

266 4481 407 4549 Quid
426 4491 664 4538 metuere.
690 4480 727 4537 2
758 4482 891 4551 Reg.
924 4497 1034 4536 rec.
1068 4488 1122 4536 et
1149 4476 1216 4538 18
1242 4480 1373 4539 edit.
1422 4479 1622 4537 addunt
1647 4478 1743 4537 sibi
1769 4523 1786 4551 ,

181 4554 333 4625 quod
360 4568 391 4608 a
419 4550 872 4625 caeterisscriptis
898 4551 1051 4609 abest
1076 4564 1131 4608 et
1158 4550 1351 4625 abesse
1375 4562 1570 4625 potest.

262 4622 601 4707 Disceptatio:
867 4626 996 4707 lleg.
1031 4642 1139 4681 rec.
1163 4637 1228 4707 _et
1253 4618 1387 4681 Jun;
1424 4624 1723 4697 disputatio.
1754 4618 1781 4681 1

184 4690 327 4760 Reg.
358 4690 468 4752 rec.
497 4706 553 4752 et
579 4698 605 4754 1
636 4694 872 4754 Cnibert.
901 4690 1225 4765 discrepatio.

262 4765 535 4831 Tanquam
566 4786 629 4824 ea:
652 4770 887 4824 draconis
917 4762 1138 4841 alicujus
1177 4769 1430 4841 dentibus.
1466 4762 1624 4825 Natat
1652 4762 1787 4825 Cads

182 4855 369 4896 meam
401 4841 699 4897 victoriam.
744 4841 940 4896 Fabula
970 4832 1065 4896 est'
1080 4832 1221 4907 apud
1264 4840 1509 4898 Ovidium
1544 4842 1595 4895 in
1629 4843 1787 4897 tertio

183 4910 721 4984 Metamorphosesin.
742 4908 878 4967 Vide
907 4912 1048 4968 inira
1078 4912 1216 4968 libro
1243 4930 1333 4980 vti,
1364 4929 1485 4984 cap.
1515 4910 1570 4969 4.

266 4976 634 5038 Ρνοδιιήἱηαιὶ.
660 4984 749 5040 Sic
764 4985 968 5040 restitui
989 5002 1053 5040 ex
1076 5000 1206 5040 mss.
1222 4976 1609 5053 antiquissimis
1626 4982 1785 5053 Bon.,

185 5054 222 5111 5
249 5055 416 5125 Κείς..
451 5057 473 5112 1
505 5056 678 5127 Lips.,
703 5057 854 5123 Enn,
872 5056 1033 5127 Goth.
1069 5056 1134 5111 Et
1155 5060 1233 5110 sic
1259 5048 1540 5127 scripsisse
1560 5048 1789 5113 Lactan;

184 5128 327 5183 tium
342 5122 506 5197 _putat
526 5122 768 5199 Joannes
788 5122 973 5184 Cauci.
1005 5122 1064 5185 in
1094 5128 1130 5183 2
1147 5127 1308 5199 Reg.,
1338 5122 1525 5197 Cauct,
1548 5130 1583 5184 2
1608 5128 1785 5199 Colb.,

183 5207 245 5255 et
273 5199 328 5254 in
357 5188 485 5271 edit.
518 5198 676 5256 Rern.
710 5188 1459 5271 l47701egiturperseininati;
1501 5188 1554 5256 in
1588 5198 1624 5255 2
1651 5188 1784 5271 Reg:

183 5286 332 5343 ηομ
358 5269 396 5325 2
426 5272 686 5338 Coibert.,
720 5272 746 5328 1
779 5269 1043 5341 Clarium,
1065 5270 1294 5343 2Lips.,
1322 5273 1487 5343 Brun.
1516 5284 1570 5329 et
1599 5274 1665 5328 10
1691 5269 1789 5328 θὶ-

183 5341 340 5399 cusis
368 5344 732 5413 prwseminuti;
770 5346 820 5399 in
856 5347 878 5398 1
910 5344 1043 5413 Reg.
1075 5341 1207 5408 reci,
1245 5344 1272 5400 1
1307 5342 1541 5401 Clarum.
1567 5361 1631 5401 ac
1658 5345 1785 5401 Jun.

185 5420 249 5470 el
276 5413 330 5468 in
361 5419 394 5471 6
432 5416 658 5483 vulgatis
682 5417 935 5472 seminali.
981 5413 1072 5473 Sic
1113 5415 1441 5473 adolescenti
1482 5417 1611 5473 olim
1651 5416 1790 5474 dixit

185 5485 484 5558 Diogenes.
509 5488 677 5544 ebrius
700 5497 752 5558 te
776 5489 1132 5558 proseminavit
1155 5498 1318 5558 pater.

323 5575 417 5612 nus
447 5558 597 5613 homo
624 5577 655 5613 a
686 5554 790 5615 Deo
815 5561 965 5629 ﬁctus
989 5570 1081 5615 est.
1112 5554 1239 5615 Mss.
1267 5560 1300 5616 6
1346 5559 1699 5616 recentissimi
1733 5569 1788 5617 et

188 5628 440 5702 15Aediti,
474 5634 640 5702 [actus
670 5628 884 5687 est.—4-A
904 5632 1009 5685 Deo
1030 5633 1203 5699 ﬁctus.
1234 5628 1415 5687 Fictus
1444 5632 1625 5702 plures
1654 5648 1784 5687 mss.

184 5710 248 5774 et
272 5696 408 5758 Ven.
434 5696 595 5770 M71,
617 5704 704 5767 72.
730 5714 955 5774 utraque
977 5696 1066 5769 78,
1093 5702 1290 5769 Parim,
1320 5696 1503 5774 ﬁetu};
1533 5715 1785 5772 utsupra,

186 5770 471 5845 ﬂaminem
508 5774 648 5830 Deus
675 5777 841 5843 ﬁnxit.
870 5770 1040 5830 'Conf.
1071 5770 1334 5845 Epitnm.,
1366 5791 1416 5831 c.
1448 5776 1538 5841 63,
1571 5770 1691 5830 vide
1717 5770 1787 5831 ad

186 5843 315 5920 Lib:
348 5861 389 5912 ι,
414 5862 531 5920 cap.
568 5847 619 5902 1.
642 5846 798 5918 Saepe
827 5846 911 5920 ha:
942 5862 1100 5905 voces
1125 5843 1549 5920 confunduntur.
1580 5846 1712 5920 Bpa.

266 5910 497 5981 Prteter'
514 5910 912 5998 infantiainnita
949 5918 1233 5986 emendavi
1256 5936 1325 5988 ex
1363 5914 1589 5996 cunctis
1611 5912 1786 5983 ferme

1893 3635 2025 3676 mss.
2057 3628 2112 3676 et
2137 3620 2268 3676 edit.
2298 3619 2467 3687 Torn,
2501 3635 2563 3675 ac
2588 3619 2859 3687 Soubron.
2899 3619 2950 3674 id
3000 3628 3103 3686 est,
3141 3627 3363 3687 excepta
3410 3619 3496 3675 in-

1892 3688 2062 3746 fautiii
2109 3702 2266 3747 aetate
2294 3710 2329 3763 ς,
2351 3680 2588 3763 Gallice,
2636 3684 2755 3763 Iwrs
2786 3690 3038 3763 i’enfance
3065 3680 3492 3763 :vmelittsrquatu

1894 3773 2124 3837 prapter,
2151 3754 2520 3837 quodliubcnt
2612 3760 2742 3835 Reg.
2777 3754 2912 3837 rec;
2932 3754 2980 3837 2
3009 3758 3243 3837 Colb.q,qi
3272 3754 3419 3837 Clir.
3442 3772 3497 3817 et

1896 3828 1964 3890 16
1991 3828 2141 3905 editi.
2170 3828 2241 3877 ἒ-
2266 3832 2471 3905 _Prteter
2491 3828 2785 3905 infantium.
2815 3828 2939 3889 Mihi
2966 3837 3051 3889 hic
3073 3834 3251 3889 incidit
3284 3832 3497 3903 Augus-

1893 3907 1993 3977 tin.
2021 3900 2085 3962 de
2115 3906 2230 3962 Civ.
2265 3900 2354 3963 Dei
2401 3907 2497 3961 lib.
2545 3900 2652 3976 in,
2681 3924 2727 3963 c.
2757 3904 2827 3961 45
2867 3907 2938 3977 lin
2965 3925 2978 3961 :
3002 3906 3047 3960 Α
3086 3908 3308 3977 pueritia
3347 3900 3498 3961 homo

1893 3968 2070 4048 incipit
2102 3980 2238 4053 loqui
2285 3991 2397 4049 post
2422 3968 2728 4053 infantiam,
2762 3994 2876 4050 qua:
2920 3974 3038 4033 hinc
3086 3968 3351 4049 appellata
3386 3988 3495 4046 est,

1892 4053 2015 4122 quia
2034 4050 2136 4120 [ari
2157 4070 2259 4106 non
2282 4062 2461 4122 potest.
2480 4050 2628 4109 'BUN.

1972 4112 2043 4194 Ui
2072 4140 2155 4180 eos
2197 4112 2302 4179 suis
2357 4125 2675 4194 potissimum
2701 4123 2931 4178 sensibus
2973 4134 3022 4178 et
3064 4122 3172 4178 suis
3212 4121 3499 4177 rationibus

1894 4191 2210 4263 refellamus.
2236 4185 2381 4252 [dem
2410 4185 2717 4251 Lactantius
2738 4196 2829 4250 lib.
2857 4211 2909 4262 ν,
2935 4211 3055 4265 cap.
3083 4196 3142 4263 ti,
3171 4195 3273 4250 sub
3309 4196 3494 4262 linem,

1897 4265 2003 4320 suis
2029 4269 2350 4337 potissimum
2378 4270 2691 4336 refutaretur
2718 4267 3028 4322 auctoribus.

1970 4336 2195 4393 lnierint
2218 4352 2262 4393 et
2279 4342 2558 4402 sanxerint.
2586 4338 2711 4395 Mss.
2738 4341 2770 4393 8
2791 4348 2847 4394 et
2871 4338 2905 4394 2
2928 4340 3055 4392 edit.
3076 4352 3184 4392 rec.
3200 4378 3215 4402 ,
3237 4346 3283 4391 el
3307 4352 3499 4391 sanxe-

1897 4410 2002 4481 rint
2018 4412 2181 4481 {malus
2202 4412 2391 4480 :illud;
2421 4400 2455 4465 ὅ
2477 4413 2546 4465 al.
2566 4410 2749 4479 scripti
2772 4411 2887 4464 sine
2907 4402 3007 4463 ulla
3041 4400 3490 4481 interpunctione.

1970 4480 2158 4536 letum.
2188 4480 2279 4538 Sic
2307 4484 2511 4538 restitui
2552 4499 2620 4537 ex
2651 4481 3023 4550 antiquissimo
3052 4496 3180 4535 mss.
3225 4481 3356 4551 Reg.
3392 4480 3498 4536 900

1811 4564 1866 4626 ι)
1894 4568 2087 4608 annor.
2117 4556 2339 4622 optime.
2370 4553 2523 4623 Apud
2553 4555 2869 4626 Ciceroneni
2912 4570 3006 4622 pro
3033 4554 3188 4626 Sext.
3212 4552 3293 4626 2i
3316 4593 3330 4619 ,
3365 4553 3491 4626 legi-

1890 4633 1978 4680 tur
2018 4641 2231 4696 quoque
2259 4622 2638 4693 fmdusictum;
2668 4641 2763 4695 pro
2790 4622 3005 4681 Cornel.
3034 4626 3130 4696 2|,
3164 4624 3228 4680 51
3258 4656 3273 4690 ,
3324 4624 3494 4695 [wdus

1887 4692 2069 4761 icisse;
2102 4692 2158 4751 ei
2182 4698 2208 4753 1
2245 4692 2305 4752 Ρ.
2336 4699 2425 4759 88,
2471 4698 2634 4767 [tedas
2664 4692 2859 4761 iceras;
2905 4692 3044 4767 apud
3078 4696 3289 4752 szndr.
3324 4692 3414 4750 lib.
3452 4712 3492 4760 ιδ

1889 4766 2079 4823 Fabul.
2099 4768 2190 4837 δυ,
2215 4771 2282 4823 de
2313 4766 2495 4837 milyio
2521 4781 2576 4827 et
2599 4767 2885 4832 columbis,
2912 4766 3011 4824 ieto
3039 4768 3250 4837 tradere.
3280 4768 3383 4824 Pro
3416 4768 3494 4821 ic-

1888 4850 2018 4912 tum,
2046 4832 2553 4912 ιιιςείῐὶθεὶο-Ριηη
2605 4840 2639 4897 4
2684 4841 2756 4895 al.
2800 4841 2971 4912 liegii,
3001 4832 3405 4904 6'Colbertini,
3459 4839 3496 4894 2

1888 4908 2126 4969 Ciarom.
2161 4908 2358 4969 habent
2387 4924 2573 4981 tutum,
2614 4908 2900 4980 corrupte;
2921 4913 3219 4967 litterarum
3244 4913 3496 4968 similitu-

1889 4984 2037 5050 dine,
2080 4985 2223 5041 unde
2268 4996 2511 5041 statutum
2543 4989 2593 5041 in
2623 4984 2770 5049 Enn,
2802 4994 2994 5039 statum
3022 4987 3071 5038 in
3100 4983 3135 5037 ἓ
3173 4987 3303 5049 Reg.
3354 4994 3410 5039 et
3462 4985 3486 5037 1

1890 5053 2058 5129 Bruto.
2084 5069 2245 5129 atque
2275 5059 2325 5112 in
2356 5057 2392 5112 2
2421 5058 2557 5127 iteg.
2590 5073 2699 5114 rec.
2736 5066 2791 5111 et
2818 5058 2868 5109 in
2900 5057 3147 5129 viligans,
3181 5058 3384 5129 initum.

1966 5122 2137 5199 Opera
2158 5118 2428 5200 'indigere.
2459 5118 2535 5185 n5
2578 5129 2790 5199 reposui
2819 5145 2882 5182 et
2911 5118 2946 5183 5
2984 5118 3142 5200 Editf
3166 5127 3487 5200 cunctisque

1890 5196 2023 5255 mss;
2060 5212 2254 5272 prmter
2293 5196 2333 5256 Ξ
2370 5202 2501 5272 lteg.
2536 5196 2653 5257 rec.
2681 5201 2770 5272 qui
2818 5215 2940 5254 cum
2994 5196 3061 5254 15
3092 5200 3369 5269 impressis
3412 5197 3494 5255 fe-

1889 5283 2018 5328 runt
2046 5289 2159 5328 ουε.

1964 5291 2018 5397 lsill
2031 5291 2261 5415 conabere.
2293 5344 2349 5400 Id
2377 5354 2482 5411 est,
2512 5362 2545 5400 a
2571 5345 2825 5400 societate.
2858 5343 2993 5415 -τ-νΑ
3020 5356 3255 5415 corpore,
3294 5341 3345 5396 id
3384 5352 3488 5409 est,

1888 5414 2168 5485 societate.
2217 5420 2289 5472 De
2333 5415 2491 5473 Mori.
2552 5417 2726 5484 Per8.,
2779 5430 2828 5471 c.
2879 5414 2951 5470 48
2992 5433 3005 5469 :
3050 5414 3246 5483 ρυω...
3288 5417 3494 5485 corpori

1890 5484 2369 5544 Christianorum...
2404 5490 2537 5543 tradi
2567 5488 2834 5558 Oportebit.
2878 5486 3075 5542 Euseb.
3104 5502 3136 5541 χ
3168 5485 3306 5542 Hist.
3334 5484 3385 5542 c.
3414 5486 3489 5541 5:

1890 5567 1964 5637 τῷ
1987 5565 2253 5637 σωματίῳ;
2283 5577 2429 5637 mox,
2450 5561 2513 5617 ad
2535 5566 2624 5637 jus
2652 5560 2883 5637 corporis
2912 5574 3105 5637 eorum,
3130 5558 3184 5637 id
3209 5568 3313 5637 est3
3342 5559 3491 5614 eccle-

1888 5630 2107 5700 siarum,
2148 5630 2247 5689 non
2274 5630 2881 5703 hominumsingulorum
2912 5631 3239 5699 pertinentia.
3278 5630 3491 5686 Seneca

1892 5705 1945 5760 1.
1976 5706 2220 5762 Ulcmen.
2252 5706 2336 5760 12.
2367 5703 2509 5759 Cives
2540 5716 2585 5759 et
2626 5702 2687 5757 ea:
2722 5703 2899 5757 eodem
2925 5718 3155 5771 corpore.
3188 5702 3327 5757 Plin.
3360 5703 3397 5757 l.
3433 5719 3487 5769 κ,

1891 5776 2049 5846 epist.
2083 5779 2184 5833 118
2216 5797 2228 5832 ;
2259 5778 2417 5843 Quasi
2436 5793 2522 5846 per
2543 5793 2784 5845 corpora,
2810 5792 2910 5828 non
2932 5775 3136 5828 viritim.
3168 5773 3317 5829 BUN-

1961 5848 2217 5913 Retentia.
2268 5845 2534 5917 Retentio,
2564 5847 2730 5920 inquit
2765 5846 3129 5920 Krebsiusde
3155 5846 3308 5919 Stylo
3333 5845 3486 5920 Lact.

1887 5933 1948 6003 ι).
1974 5920 2069 5994 ‘26,
2113 5939 2208 5999 pro
2248 5940 2304 5982 eo
2351 5921 2487 5997 quad
2528 5918 2807 5992 retinetur,
2848 5918 3070 5995 antiquis
3097 5935 3198 5979 non
3226 5918 3301 5978 est
3327 5918 3489 5989 nailq-
