4090 6354
553 369 658 433 671

1625 373 1810 434 FIRM.
1853 374 2223 436 LACTANTII
2261 375 2463 436 DIVIN.
2505 379 2746 438 lNSTlT.

3752 389 3868 446 672

555 491 649 551 bet
687 505 1001 566 agnoscere.
1046 491 1202 562 Quod
1242 494 1289 550 si
1323 493 1565 552 fecerunt
1602 495 1679 552 illi
1708 494 1867 551 rudes
1893 503 1949 551 et
1973 493 2149 550 adhuc
2175 501 2230 564 Α
2253 509 2470 552 servare
2497 497 2818 568 periturum.
2849 496 2907 556 Si
2937 513 3067 572 ergo
3106 501 3158 557 in
3190 501 3456 572 ejusmodi
3482 503 3726 570 casibus,
3759 502 3862 574 qui

556 587 659 645 feri
685 588 950 656 homines,
981 597 1035 644 et
1059 587 1304 645 fecerunt
1333 590 1572 647 nondum
1590 589 2152 662 constitutaloquendi

555 685 784 749 ratione,
812 683 942 754 quid
969 693 1214 755 putemus
1241 684 1548 741 hominibus
1569 686 1840 757 expolitis,
1865 695 1920 742 et
1945 699 2154 740 sermo-

556 779 641 836 nis
665 794 952 851 rerumque
977 781 1217 837 omnium
1256 782 1583 838 commercio
1614 783 1752 837 inter
1781 796 1843 838 se
1885 780 2152 852 copulatis

554 884 677 926 esse
703 871 1038 942 faciendum,
1066 873 1159 944 qui
1205 873 1408 930 assueti
1452 873 1759 931 hominibus
1805 870 2152 930 solitudinem

555 963 700 1022 ferre
729 980 836 1022 non
866 966 1130 1037 possunt?

1171 1082 1402 1142 CAPUT
1438 1083 1532 1141 XI.

665 1196 747 1255 De
761 1199 991 1272 personis
1020 1199 1074 1255 in
1101 1215 1226 1269 quas
1254 1199 1548 1270 beneﬁcium
1566 1200 1630 1256 sit
1662 1201 2045 1273 conferendum.

629 1312 1016 1370 Conservanda
1067 1323 1152 1370 est
1201 1313 1360 1386 igitur
1415 1313 1762 1383 humanitas,
1813 1313 1858 1369 si
1910 1312 2158 1369 homines

558 1415 708 1463 recte
727 1406 836 1463 dici
856 1407 1104 1464 velimus.
1133 1407 1190 1464 Id
1217 1415 1395 1463 autem
1420 1408 1591 1478 ipsqu
1619 1421 1941 1464 conservare
1964 1407 2159 1462 huma-

560 1503 807 1566 nitatem,
847 1501 978 1574 quid
1007 1501 1152 1558 aliud
1201 1511 1320 1569 est,
1358 1516 1517 1573 quam
1565 1501 1788 1574 diligere
1836 1500 2110 1557 hominem
2139 1542 2155 1569 ,

559 1595 684 1665 quia
713 1593 878 1650 homo
922 1595 1026 1661 sit,
1071 1602 1128 1652 et
1154 1593 1294 1650 idem
1325 1593 1470 1666 quod
1497 1607 1598 1649 nos
1628 1593 1854 1650 sumus?
1881 1592 2158 1650 Discordia

561 1686 723 1759 igitur
749 1696 908 1758 atque
934 1686 1201 1744 dissensio
1230 1702 1338 1742 non
1369 1697 1452 1743 est
1478 1686 1776 1743 secundum
1806 1686 2042 1743 hominis
2070 1701 2157 1741 ra-

562 1781 788 1836 tionem.
813 1779 1122 1850 Verumque
1148 1791 1230 1838 est
1257 1780 1386 1837 illud
1411 1780 1688 1838 Ciceronis
1708 1821 1725 1848 ,
1755 1781 1900 1854 quod
1926 1781 2019 1850 ait,
2055 1780 2159 1836 ho-

2255 591 2551 662 periculum
2581 593 2700 648 vitae
2727 592 2932 649 homini
2959 593 3220 663 afferunt,
3253 611 3573 654 succurrere
3607 597 3866 653 humani-

2257 686 2382 742 tatis
2410 701 2529 742 esse
2555 687 2859 744 concedunt
2885 730 2899 756 ,
2947 688 3075 760 quid
3107 704 3284 746 causa:
3309 699 3423 760 est,
3452 706 3553 747 cur
3572 733 3587 760 ,
3620 692 3666 747 si
3694 691 3865 747 homo

2255 781 2475 849 esuriat,
2502 782 2670 851 sitiat,
2700 783 2897 854 algeat,
2918 784 3341 841 succurrendum
3358 801 3480 842 esse
3497 800 3604 841 non
3628 785 3865 856 putent?

2254 875 2384 944 Qum
2405 890 2524 930 cum
2553 875 2660 930 sint
2690 876 2835 947 paria
2863 885 3054 932 natura
3085 893 3208 934 cum
3234 877 3335 934 illis
3357 878 3576 934 casibus
3603 878 3864 946 fortuitis,

2254 977 2310 1024 et
2327 983 2484 1022 unam
2507 968 2860 1040 eamdemque
2893 969 3279 1026 humanitatem
3314 971 3646 1039 desiderent,
3677 981 3865 1028 tamen

2255 1064 2345 1120 illa
2375 1063 2727 1133 discernunt,
2776 1066 2900 1136 quia
2943 1079 3049 1121 non
3100 1081 3160 1121 re
3187 1067 3301 1137 ipsa
3331 1081 3476 1134 vera,
3509 1066 3605 1122 sed
3637 1066 3871 1124 utilitate

2257 1157 2516 1229 praesenti
2547 1159 2726 1214 omnia
2757 1159 3068 1214 metiuntur.
3099 1158 3227 1214 Illos
3263 1159 3428 1226 enim,
3453 1173 3589 1230 quos
3620 1159 3868 1230 periculo

2258 1251 2585 1322 surripiunt,
2618 1259 2840 1321 sperant
2880 1251 2980 1306 sibi
3013 1252 3238 1322 gratiam
3287 1252 3574 1306 relaturos.
3620 1251 3866 1322 Egentes

2257 1356 2457 1414 autem,
2489 1345 2612 1416 quia
2634 1359 2739 1400 non
2767 1353 3005 1414 sperant,
3035 1343 3214 1416 perire
3245 1343 3576 1400 arbitrantur
3600 1343 3870 1416 quidquid

2258 1439 2520 1510 ejusmodi
2552 1438 2862 1495 hominibus
2902 1439 3234 1511 impertiant.
3269 1437 3405 1495 Hinc
3431 1449 3515 1495 est
3553 1439 3645 1496 illa
3686 1438 3872 1498 Plauti

2259 1533 2572 1590 detestanda
2602 1534 2908 1591 sententia:

2385 1649 2510 1715 idale
2527 1657 2766 1715 meretur,
2791 1651 3127 1715 qui‘mendico
3159 1650 3260 1713 dat,
3286 1649 3418 1715 quod
3442 1649 3573 1702 edat.

2383 1712 2511 1777 15am
2530 1722 2582 1762 et
2605 1713 2741 1777 illud,
2765 1712 2895 1777 quod
2916 1713 3017 1774 dat,
3045 1715 3208 1777 perit;

2385 1775 2446 1826 Et
2464 1775 2532 1826 illi
2551 1775 2948 1840 producit’vitam
2967 1777 3030 1826 ad
3048 1775 3319 1826 miseriam.

560 1876 761 1933 minem
793 1887 1000 1933 naturae
1025 1877 1364 1933 obedientem
1383 1876 1587 1932 homini
1618 1892 1815 1933 nocere
1843 1892 1948 1933 non
1973 1890 2152 1947 posse.
2187 1903 2236 1964 Β
2271 1880 2484 1936 Atenim
2515 1890 2670 1951 poeta
2701 1881 2929 1938 fortasse
2961 1896 3058 1952 pro
3087 1895 3314 1953 persona
3345 1881 3556 1938 locutus
3581 1892 3687 1940 est.

559 1969 706 2042 Ergo
731 1971 777 2028 si
803 1986 1000 2027 nocere
1030 1971 1233 2028 homini
1261 1979 1452 2026 contra
1481 1979 1728 2026 naturam
1759 1979 1866 2037 est,
1895 1969 2160 2042 prodesse

561 2063 721 2136 igitur
772 2063 979 2120 homini
1019 2065 1316 2120 secundum
1372 2074 1617 2120 naturam
1671 2066 1742 2120 sit
1791 2079 2013 2121 necesse
2054 2074 2157 2120 est.

561 2155 716 2224 Quod
743 2157 832 2228 qui
857 2173 963 2213 non
992 2157 1140 2226 facit,
1160 2157 1395 2214 hominis
1411 2173 1468 2213 se
1485 2157 1850 2228 appellatione
1877 2157 2157 2230 dispoliat;

563 2253 687 2323 quia
723 2251 1072 2307 humanitatis
1097 2249 1334 2306 officium
1357 2260 1460 2318 est,
1492 2251 1798 2308 necessitati
1837 2251 2072 2306 hominis
2100 2264 2165 2306 ac

563 2344 806 2415 periculo
838 2343 1147 2401 subvenire.
1180 2344 1376 2414 Quaero
1404 2343 1566 2416 igitur
1604 2345 1672 2400 ab
1702 2344 1788 2413 iis,
1817 2344 1907 2415 qui
1931 2342 2073 2399 flecti
2101 2357 2165 2398 ac

562 2439 808 2496 misereri
848 2455 954 2495 non
997 2447 1186 2510 putant
1214 2454 1335 2496 esse
1365 2440 1624 2509 sapientis
1657 2457 1670 2494 :
1701 2440 1744 2494 si
1777 2439 1938 2494 homo
1968 2438 2038 2494 ab
2066 2438 2168 2492 ali-

561 2545 667 2602 qua
697 2531 867 2588 bestia
890 2531 1332 2603 comprehensus,
1361 2531 1620 2587 auxilium
1638 2531 1739 2586 sibi
1765 2531 1955 2586 armati
1987 2530 2166 2586 homi-

562 2626 646 2681 nis
702 2627 986 2696 imploret,
1033 2635 1284 2682 utrumne
1327 2624 1752 2681 succurrendum
1783 2626 2036 2695 lputent,
2091 2638 2161 2678 an

562 2719 822 2774 minime?
852 2718 970 2774 Non
998 2727 1124 2774 sunt
1154 2727 1262 2773 tam
1295 2717 1634 2788 impudentes
1654 2758 1670 2784 ,
1703 2727 1760 2772 ut
1801 2725 2000 2789 negent
2048 2715 2166 2772 fieri

563 2820 816 2880 Oportere
836 2811 978 2882 quod
996 2810 1220 2882 flagitat,
1239 2810 1382 2881 quod
1409 2810 1652 2881 exposcit
1671 2810 1998 2864 humanitas.
2025 2809 2163 2864 item

563 2905 610 2960 si
664 2904 856 2976 aliquis
902 2905 1354 2960 circumveniatur
1398 2904 1542 2976 igni,
1589 2905 1743 2960 ruina
1784 2902 2158 2974 opprimatur,

561 3007 837 3069 mergatur
867 2998 1021 3063 mari,
1047 2997 1268 3054 flumine
1293 2997 1552 3068 rapiatur,
1581 3013 1707 3052 num
1724 2996 2163 3069 putenthominis

561 3106 704 3159 esse,
734 3107 839 3148 non
868 3093 1150 3149 auxiliari?
1179 3108 1284 3150 non
1303 3101 1429 3148 sunt
1450 3093 1550 3163 ipsi
1580 3092 1847 3160 homines,
1876 3093 1921 3148 si
1955 3102 2158 3163 putent.

560 3182 730 3239 Nemo
756 3185 900 3240 enim
945 3195 1120 3256 potest
1147 3185 1411 3257 ejusmodi
1445 3186 1702 3257 periculis
1744 3202 1852 3242 non
1879 3200 2001 3242 esse
2029 3186 2162 3242 sub-

2331 1973 2470 2041 Quid
2499 1974 2704 2030 Marcus
2726 1973 2933 2030 Tullius
2949 1975 3000 2029 in
3020 1975 3132 2030 suis
3145 1973 3640 2032 Officialibuslibris
3655 2019 3670 2042 ,
3687 1992 3875 2033 nonne

2265 2065 2368 2123 hoc
2395 2066 2534 2122 idem
2567 2067 2797 2136 suadet,
2829 2083 2936 2124 non
2969 2083 3091 2124 esse
3117 2069 3340 2124 omnino
3367 2069 3746 2141 largiendum?
3783 2072 3882 2127 Sic

2266 2159 2409 2214 enim
2435 2159 2571 2216 dixit
2601 2178 2615 2214 :
2645 2180 2664 2213 (
2686 2159 2946 2232 Largitio,
2969 2175 3088 2230 quae
3110 2161 3169 2216 fit
3188 2175 3254 2216 ex
3283 2177 3342 2217 re
3362 2160 3634 2230 familiari,
3665 2162 3880 2219 fontem

2267 2255 2440 2325 ipsum
2473 2255 2820 2328 benignitatis
2845 2255 3124 2321 exhaurit;
3157 2255 3227 2311 ita
3259 2255 3592 2328 benignitate
3626 2256 3883 2329 benigni-

2267 2354 2352 2401 tas
2384 2347 2610 2413 tollitur,
2639 2362 2744 2418 qua
2771 2362 2878 2418 quo
2909 2347 2961 2402 in
3005 2347 3187 2417 plures
3218 2362 3347 2404 usus
3375 2347 3483 2414 sis,
3520 2362 3588 2404 eo
3614 2348 3792 2403 minus
3825 2349 3882 2404 in

2269 2441 2469 2496 multos
2489 2442 2566 2496 uti
2591 2441 2788 2511 possis.
2813 2460 2832 2494 ι
2857 2441 2922 2496 Ει
2945 2440 3086 2496 idem
3105 2441 3265 2511 paulo
3287 2450 3409 2511 post
3435 2460 3449 2496 :
3481 2460 3500 2495 ι
3528 2440 3665 2508 Quid
3687 2453 3878 2498 autem

2269 2543 2355 2590 est
2393 2533 2632 2601 stultius,
2666 2549 2824 2603 quam
2852 2533 2996 2604 quod
3025 2533 3254 2590 libenter
3283 2531 3480 2600 facias,
3527 2548 3718 2590 curare
3737 2543 3800 2589 ut
3827 2534 3885 2590 id

2269 2625 2472 2682 diutius
2516 2626 2693 2682 facere
2727 2639 2836 2681 non
2868 2625 3080 2697 possis?
3121 2645 3140 2678 ι
3173 2625 3436 2682 Videlicet
3485 2626 3757 2697 professor
3790 2643 3889 2684 sa-

2271 2719 2488 2790 pientite
2518 2719 2761 2776 refrenat
2805 2718 3056 2774 homines
3089 2717 3158 2774 ab
3187 2719 3554 2789 humanitate,
3583 2731 3886 2791 monetque

2269 2823 2326 2869 ut
2354 2828 2468 2869 rem
2507 2811 2824 2868 familiarem
2871 2811 3160 2883 diligenter
3207 2811 3534 2878 custodiant;
3579 2813 3888 2883 malintque

2265 2921 2467 2971 arcam,
2489 2920 2649 2976 quam
2670 2903 2936 2974 justitiam
2957 2918 3303 2960 conservare.
3333 2903 3487 2972 Quod
3525 2919 3648 2960 cum
3674 2905 3888 2960 intelli-

2262 3011 2416 3073 geret
2450 2999 2802 3055 inhumanum
2831 3012 2974 3060 esse,
3007 3013 3070 3053 ac
3105 2995 3366 3052 nefarium
3389 3039 3403 3063 ,
3438 3013 3559 3051 mox
3589 2998 3693 3054 alio
3721 3000 3885 3069 capi-

2267 3101 2340 3159 te,
2365 3092 2516 3163 quasi
2544 3102 2694 3146 actus
2721 3090 3055 3159 paenitentia,
3081 3090 3159 3144 sic
3189 3089 3295 3142 ait:
3323 3106 3341 3140 ι
3379 3087 3773 3158 Nonnunquam
3800 3100 3888 3144 ta-

2267 3200 2390 3241 men
2407 3194 2491 3239 est
2503 3182 2860 3254 largiendum;
2881 3196 2980 3237 nec
2998 3180 3100 3236 hoc
3115 3180 3453 3250 benignitatis
3469 3195 3644 3251 genus
3657 3181 3889 3238 omnino

557 3278 752 3348 jectus.
783 3279 896 3337 lmo
927 3295 1058 3337 vero
1089 3289 1144 3338 et
1161 3279 1392 3337 hominis
1423 3289 1478 3339 ct
1499 3281 1654 3339 fortis
1682 3281 1784 3338 viri
1812 3295 1936 3339 esse
1962 3281 2168 3351 dicent,
2199 3272 2244 3337 C
2276 3277 2668 3352 repudiandum
2687 3319 2701 3342 ,
2730 3285 2786 3333 et
2823 3291 2970 3349 saepe
2999 3275 3207 3332 idoneis
3250 3274 3559 3331 hominibus
3595 3275 3888 3348 egentibus

1885 3467 2249 3528 VARIORUM
2287 3466 2516 3525 NOTE.

561 3649 687 3696 tum.
720 3641 808 3705 At,
838 3641 926 3714 qui
975 3640 1255 3698 Ciceronis
1280 3640 1457 3696 locum
1490 3640 1528 3696 l.
1575 3641 1826 3714 xm.Att.
1854 3654 1941 3714 ep.
1985 3639 2052 3694 21
2084 3637 2164 3714 le-

558 3714 657 3783 git,
689 3714 842 3768 facile
860 3712 1181 3783 cognoscet,
1219 3715 1546 3768 retentionem
1600 3713 1794 3780 auriga
1837 3712 1940 3766 alia
1988 3712 2164 3765 notio-

560 3799 649 3850 ne,
681 3800 849 3862 _quam
880 3784 965 3839 hic
986 3785 1148 3851 sumi,
1172 3788 1473 3862 proﬁrroxf;
1506 3795 1559 3840 et
1597 3785 1925 3862 inhibitione;
1958 3785 2008 3836 in
2040 3783 2166 3862 Lac-

563 3854 732 3910 tantio
799 3870 928 3910 vero
988 3857 1224 3911 retentio
1282 3854 1566 3911 iden'tqest
1619 3857 1757 3922 quod
1810 3854 2162 3918 conservatio,

563 3937 622 3997 ut
667 3943 731 3981 ex
780 3942 942 3994 supra
989 3943 1289 3981 conservare
1337 3936 1498 3997 patet.
1547 3927 1746 3982 Rarior
1773 3941 1988 3997 quoque
2017 3924 2165 3979 vocis

565 3996 726 4064 hujus
755 4013 884 4052 usus
913 4008 997 4053 est
1025 3999 1075 4052 in
1097 3997 1212 4053 Cic.
1233 3996 1468 4065 lib.xm,
1489 4001 1624 4066 Att.,
1647 3996 1807 4068 epist.
1835 3996 2058 4052 15:1sta
2085 4013 2167 4068 re-

566 4069 790 4123 tentione
815 4085 988 4124 onmes
1017 4070 1115 4134 uti,
1142 4085 1260 4138 qua:
1293 4067 1597 4126 Gronorius
1620 4070 1779 4125 docte
1814 4069 2042 4138 explicat
2069 4067 2169 4122 ibi-

566 4140 713 4196 dem.
744 4141 971 4210 Propius
1000 4149 1184 4195 nostro
1205 4150 1328 4196 sunt
1360 4141 1476 4196 loca
1515 4143 1583 4197 ab
1626 4141 1744 4195 aliis
1764 4183 1778 4205 ,
1805 4140 1946 4208 quod
1978 4140 2168 4207 sciam,

569 4228 675 4266 non
699 4213 1003 4278 observata;
1036 4213 1352 4268 Tertulliani
1384 4212 1419 4267 I.
1453 4229 1504 4267 ιν
1534 4212 1658 4268 adv.
1690 4211 1946 4267 Marcion.
1976 4225 2024 4266 c.
2057 4211 2168 4265 Q8:

568 4283 821 4340 Remissio
847 4295 893 4338 et
925 4285 1134 4339 retentio
1181 4285 1370 4338 delicti.
1407 4285 1524 4340 Lib.
1559 4301 1592 4339 v
1625 4283 1764 4339 Adv.
1796 4283 1984 4347 Marc,
2014 4297 2062 4338 c.
2097 4283 2131 4338 5
2157 4299 2170 4337 :

569 4355 924 4411 Pervertentes
960 4357 1281 4430 evangelium
1309 4359 1613 4413 retentione
1645 4355 1826 4412 veteris
1860 4355 2170 4480 désciplinw.

1922 4442 2010 4480 ua.

1922 4442 2010 4481 [ΙΝ.

641 4496 923 4564 Expolitis,
952 4508 997 4552 et
1024 4502 1291 4556 sermonis.
1319 4501 1408 4558 Sic
1439 4499 1649 4555 restitui
1679 4515 1744 4554 ex
1785 4497 2172 4568 antiquissimis

796 4569 925 4664 lieg.
957 4580 1021 4664 et.
1035 4571 1227 4664 ςὲιιοη
1253 4573 1286 4629 5
1314 4574 1384 4628 al.
1418 4573 1574 4664 Reg"
1603 4570 1638 4626 4
1659 4571 1898 4664 Colbert.
1929 4570 2172 4664 c‘t.6.aliis
2199 4603 2254 4664 Β

570 4654 633 4712 ac
654 4640 781 4712 edit.
810 4641 968 4696 Rom.
1001 4641 1161 4703 M70.
1192 4643 1318 4698 item
1341 4660 1405 4699 ex
1431 4646 1452 4698 1
1483 4644 1692 4698 Bonon.
1717 4643 1914 4712 antiq.,
1946 4642 1969 4694 1
1998 4641 2170 4708 Lips.,

572 4710 712 4784 PaL,
745 4713 884 4778 Em.,
917 4713 1109 4782 quibus
1136 4715 1283 4769 deest
1313 4726 1379 4769 et.
1406 4715 1461 4769 In
1484 4713 1750 4783 Sscriptis
1779 4710 1923 4768 etil8
1947 4714 2175 4784 impres-

570 4783 644 4856 s_i_s
664 4792 748 4856 est
767 4801 1035 4850 sermone;
1068 4787 1118 4839 in
1153 4787 1177 4839 1
1216 4786 1348 4856 Reg.
1382 4802 1492 4842 rec.
1525 4797 1580 4841 et
1609 4787 1633 4840 1
1666 4785 1815 4856 Lips.
1847 4786 1976 4840 edit.
2009 4783 2170 4840 Rom.

574 4852 734 4917 1474,
761 4865 816 4910 et
846 4856 1122 4922 Parrhas.,
1153 4852 1492 4912 sermonibus.

642 4925 918 4981 Ciceronis.
951 4929 1112 4984 Libro
1135 4946 1191 4985 ιιι
1212 4930 1544 4985 Officiorum.

642 4996 922 5064 Dispoliat.
948 5001 1100 5067 Quod
1135 5002 1356 5057 verbum
1407 5001 1633 5056 recurrit
1666 4999 1801 5055 infra
1833 5014 1952 5065 cap.
1991 4999 2079 5054 18.
2103 5030 2175 5044 -

572 5067 858 5136 υρδροιὶαι.
886 5069 960 5125 Ita
992 5073 1193 5128 rectius
1225 5073 1468 5128 scribunt
1494 5073 1724 5127 Reimm.
1767 5082 1820 5127 et
1847 5072 1999 5126 Rost.
2032 5071 2168 5128 Ven.

571 5139 730 5215 1171,
762 5142 853 5215 72,
885 5153 1110 5215 utraque
1131 5144 1200 5199 78
1227 5155 1281 5199 et
1309 5145 1609 5200 Heumann.
1641 5144 1799 5213 Saepe
1830 5144 2033 5215 monui,
2063 5143 2176 5215 syl-

571 5210 720 5292 labas
745 5213 807 5266 de
832 5223 892 5292 et_
911 5213 964 5268 di
1058 5217 1592 5292 verbiscolnpositis
1629 5210 1907 5279 confundi,
1935 5210 2172 5286 idquc'in

573 5281 671 5335 hac
703 5283 815 5351 ipsa
845 5285 1022 5352 phrasi
1050 5289 1106 5340 fit
1134 5303 1182 5341 c.
1219 5289 1306 5344 18.
1333 5281 1467 5344 Βάκ.

647 5352 750 5428 Qui
779 5354 913 5424 ﬂecti
943 5374 1003 5410 ac
1039 5359 1267 5414 misereri
1312 5377 1411 5414 non
1451 5369 1633 5428 putant
1675 5376 1780 5414 esse
1809 5359 2076 5426 sapientis.
2107 5358 2177 5414 Ut

573 5421 787 5489 Stoici,
827 5428 1091 5485 referente
1119 5428 1381 5487 Cicerone
1409 5421 1467 5486 ιιι
1494 5431 1717 5487 Tuscul.
1751 5441 1806 5486 et
1835 5421 1885 5485 in
1913 5429 2176 5486 Oratione

572 5509 670 5570 pro
721 5495 925 5552 Muren.
981 5511 1167 5556 contra
1198 5502 1494 5570 Catonem;
1533 5512 1590 5557 ut
1637 5503 1844 5558 Seneca
1898 5502 1989 5557 lib.
2040 5517 2076 5556 ιι
2105 5501 2176 5558 de

571 5565 836 5648 Clement.
895 5585 1013 5640 cap.
1053 5573 1129 5648 5;
1151 5583 1210 5628 ut
1237 5565 1523 5648 Agesilaus
1570 5574 1895 5648 fortissimus
1941 5574 2175 5648 impera-

575 5643 862 5710 tor,gcnjus
901 5646 1244 5708 sententiam,
1279 5643 1410 5710 etc.,
1442 5643 1606 5702 refert
1638 5646 1957 5701 Plutarchus
1984 5646 2037 5699 in
2069 5646 2170 5698 La-

572 5708 1232 5833 sconic.Iﬁgophthegmat.
1249 5759 1262 5783 ,
1285 5708 1501 5789 difﬁcile
1527 5735 1656 5788 esse,
1671 5718 1901 5774 misereri
1928 5718 2104 5786 simul,
2123 5725 2174 5771 et

602 5797 774 5833 tmere.
861 5797 995 5833 usus.

573 5796 774 5848 sapere.
809 5796 995 5839 ISEUS.

651 5850 998 5934 [inpudentes
1025 5856 1177 5934 Quod
1207 5861 1376 5931 magis
1395 5862 1671 5930 convenit,
1695 5878 1852 5934 quam
1879 5862 2176 5930 imprudeno

577 5931 650 5981 tes
677 5966 691 5994 ,
741 5926 888 5999 quod
921 5937 1005 5986 est
1048 5926 1372 6004 scriptorum
1413 5934 1482 5990 16
1543 5926 1666 5992 ι’θοζ
1713 5926 1770 5992 et
1805 5936 1841 5992 5
1881 5926 2173 5994 editorum.

2342 3632 2369 3688 1
2379 3628 2806 3702 ιηρενιίαηιΜεε.
2826 3629 2998 3700 bReg.
3012 3630 3060 3694 ,1
3081 3627 3238 3686 Colb.
3255 3631 3354 3686 et8
3372 3630 3501 3686 edit.
3514 3672 3529 3695 ,
3547 3633 3880 3702 impertiant.

2349 3705 2748 3777 Male‘meretur,
2777 3712 2881 3777 etc.
2920 3703 3017 3758 llic
3046 3702 3402 3777 versus_apu_d
3434 3703 3609 3777 Plaut.
3643 3705 3719 3760 ita
3751 3707 3886 3777 legi-

2274 3787 2360 3834 tur
2387 3779 2440 3832 in
2469 3775 2788 3831 Trinummo
2815 3776 2932 3830 Act.
2956 3789 3017 3841 ιι,
3050 3788 3198 3829 scen.
3242 3775 3298 3841 2,
3341 3775 3404 3828 de
3429 3775 3662 3831 mendico
3685 3794 3703 3831 :

2273 3890 2401 3942 Male
2423 3895 2665 3950 meretur,
2691 3889 2777 3952 qui
2805 3889 2851 3938 ei
2871 3889 2957 3938 dat
2978 3885 3112 3951 quod
3131 3885 3264 3945 edat,
3282 3895 3366 3936 aut
3388 3887 3519 3949 quod
3534 3888 3692 3939 bibat.
3710 3889 3885 3942 Isscs.

2346 3993 2598 4050 Persona.
2628 3993 2901 4060 Personae,
2935 3999 3148 4046 actores
3185 3999 3308 4046 sunt
3353 3991 3582 4062 partium
3633 3995 3889 4050 scenica-

2273 4083 2416 4123 rum.

2348 4138 2559 4192 Marcus
2590 4135 2812 4191 Tullius.
2846 4133 2981 4189 Vide
3006 4132 3121 4189 Cic.
3157 4149 3188 4187 ιι
3220 4131 3375 4189 Offic.
3409 4149 3527 4204 cap.
3563 4135 3653 4190 10.

2349 4209 2434 4264 Ita
2458 4210 2764 4280 benignitate
2793 4205 3315 4280 benignitas_tollitur.
3347 4205 3421 4280 [ta
3451 4208 3666 4276 reposui
3695 4224 3764 4264 ex
3789 4211 3894 4264 tri-

2276 4283 2377 4338 bus
2418 4277 2806 4349 antiquissimis
2845 4293 2975 4333 mss.
3011 4278 3035 4331 1
3076 4277 3234 4348 Reg.,
3279 4279 3300 4331 1
3356 4278 3564 4334 Bonon.
3611 4289 3667 4334 et
3718 4281 3892 4337 Cauc.

2278 4355 2506 4424 aliisque
2534 4362 2744 4424 septem
2784 4365 2846 4406 ac
2870 4350 2917 4424 _8
2960 4359 3070 4404 vet.
3103 4349 3314 4424 excusis
3341 4360 3398 4404 et
3433 4349 3694 4406 Cicerone
3730 4353 3891 4424 ipso.

2282 4421 2433 4480 Mssf
2465 4423 2810 4492 Regio-PaL,
2862 4421 3025 4485 Jun.,
3080 4421 3278 4492 aliique
3325 4435 3418 4476 sex
3464 4436 3584 4476 cum
3630 4421 3892 4482 undecim

2278 4497 2437 4552 editis
2469 4490 2711 4550 referunt
2738 4494 2976 4549 bonitate.
3007 4521 3076 4535 —-—
3096 4490 3417 4565 Benignitate
3465 4493 3748 4565 benignitas
3797 4501 3894 4552 tol-

2279 4569 2420 4623 fitur.
2473 4567 2553 4621 Ad
2599 4566 2740 4621 hunc
2786 4567 2998 4628 locutu,
3049 4563 3192 4634 quod
3245 4563 3309 4618 ad
3351 4581 3489 4629 rem,
3540 4563 3645 4620 non
3695 4568 3891 4634 verba,

2282 4639 2537 4710 pertinet,
2569 4637 2806 4708 respexit
2831 4637 3211 4710 Hieronymus,
3231 4634 3581 4710 Ciceronem,
3609 4648 3670 4692 ut
3685 4650 3896 4710 Amonet

2278 4707 2555 4778 Erasmus,
2586 4707 2736 4780 quasi
2767 4708 3066 4778 explicans,
3097 4722 3184 4776 ep.
3221 4709 3287 4762 15
3315 4708 3379 4761 ad
3409 4707 3639 4770 Paulin.,
3672 4708 3711 4763 f.
3747 4711 3889 4769 10.1:

2278 4783 2580 4849 Considera,
2610 4779 2694 4836 ine
2717 4781 2907 4837 Christi
2953 4780 3294 4834 substantiam
3337 4781 3686 4848 imprudenter
3711 4779 3893 4845 e/fun-

2278 4856 2406 4921 das,
2438 4855 2493 4908 id
2528 4865 2624 4916 est,
2651 4852 2984 4907 immoderato
3009 4851 3209 4918 judicio
3236 4867 3340 4904 rem
3372 4868 3655 4922 pauperum
3685 4853 3893 4909 tribuas

2279 4943 2380 4980 non
2409 4925 2737 4996 pauperibus,
2770 4934 2817 4978 et
2846 4923 3125 4978 secundum
3153 4922 3344 4996 dictum
3379 4925 3766 4994 prudentissimi
3792 4927 3893 4981 viri

2277 4993 2580 5053 liberalitate
2605 4997 2886 5051 liberalitas
2913 5005 3102 5061 pereat.
3159 4993 3288 5050 BUN.

2354 5070 2468 5124 Alio
2498 5069 2681 5136 capite.
2706 5067 2839 5123 Vide
2867 5065 3183 5138 Ciceronem
3201 5067 3271 5138 de
3295 5064 3499 5122 Officiis
3520 5067 3614 5123 lib.
3639 5083 3722 5135 ιιι,
3753 5083 3885 5138 cap.

2281 5140 2368 5206 15,
2405 5141 2531 5195 Mox
2551 5141 2653 5194 alio
2681 5141 2866 5210 capite.
2904 5139 2928 5192 1
2968 5137 3100 5210 Reg.
3135 5147 3190 5192 et
3218 5137 3286 5192 1‘2
3309 5138 3504 5208 vulgati
3539 5139 3736 5196 habent
3759 5137 3892 5194 mox:

2278 5229 2342 5267 ea:
2370 5215 2473 5267 alio
2499 5213 2686 5282 capite;
2726 5213 2853 5266 item
2883 5210 2917 5265 9
2947 5224 3077 5282 mss.
3109 5225 3221 5264 rec.
3267 5221 3323 5264 et
3367 5219 3473 5282 vet.
3525 5211 3656 5266 edit.
3712 5211 3884 5268 Rom.

2277 5281 2569 5354 expuncto
2594 5300 2745 5350 mox,
2796 5285 2956 5354 itaut
2983 5281 3208 5354 alterum
3240 5295 3306 5354 ex
3335 5281 3505 5354 altero
3535 5292 3714 5337 natum
3754 5298 3889 5338 esse

2277 5351 2554 5427 appareat.
2591 5353 2962 5426 Antiquissimi
2987 5353 3022 5406 2
3050 5352 3207 5424 Reg.,
3242 5351 3307 5407 14
3351 5353 3440 5408 alii
3467 5363 3523 5410 et
3559 5354 3689 5410 edit.
3727 5355 3885 5412 Crat.

2281 5439 2337 5482 ut
2362 5429 2413 5483 in
2437 5438 2606 5483 textu.

2353 5500 2513 5565 Quasi
2550 5507 2692 5554 actus
2724 5496 3037 5568 paenitentia.
3069 5495 3198 5552 Vide
3223 5495 3540 5552 Ciceronem
3571 5496 3747 5568 ipsum
3780 5497 3881 5554 lib.

2279 5587 2315 5626 ιι
2343 5571 2410 5625 de
2437 5570 2594 5626 Offic.
2628 5585 2678 5624 c.
2714 5571 2779 5626 10
2804 5579 2858 5624 et
2888 5566 2973 5622 15.

2350 5641 2580 5697 Idoneis.
2630 5641 2765 5698 Boni
2810 5642 2894 5695 vel
2933 5640 3104 5694 idonei
3147 5641 3417 5710 prtecipne
3467 5641 3884 5696 Jurisconsultis

2278 5726 2404 5769 sunt
2432 5715 2748 5785 locupletes.
2775 5711 2906 5785 Vide
2919 5712 3182 5768 Senecam
3212 5712 3304 5785 lib.
3325 5727 3378 5766 iV
3399 5713 3468 5768 de
3492 5711 3729 5767 Benefic.
3753 5728 3881 5784 cap.

2277 5788 2366 5844 59.
2399 5783 2569 5854 Cujus
2593 5786 2745 5840 vocis
2772 5784 3120 5855 ambiguitate
3145 5783 3400 5839 inductus
3429 5785 3618 5854 injuria
3654 5783 3893 5840 Laetan-

2280 5861 2388 5914 tius
2416 5858 2617 5915 invadit
2647 5857 2700 5910 in
2735 5857 2902 5912 verba
2933 5856 3216 5912 Ciceronis
3240 5857 3333 5911 lib.
3365 5872 3403 5910 ιι
3432 5855 3499 5912 de
3527 5855 3734 5912 Officiis
3762 5872 3894 5926 cap.

2281 5931 2389 5994 15:
2424 5933 2578 6002 Swpe
2613 5928 2812 5986 idoneis
2859 5927 3150 5986 hominibus
3181 5927 3440 6001 egentibus
3473 5929 3536 5983 de
3564 5945 3621 5983 re
3645 5928 3906 6000 familiari
