4090 6354
513 277 620 347 675

1587 289 1774 346 FIRM.
1818 286 2190 350 LAC'I'AN'I'II
2231 291 2433 352 DIVIN.
2476 293 2720 355 INS‘I‘IT.

3720 305 3830 365 676

513 409 677 477 ducti,
738 408 820 466 vel
885 407 1093 480 magnis
1127 406 1353 464 urbibus
1389 403 1720 465 suffecturas
1769 424 1898 481 opes
1961 409 2115 464 exhi-
2144 412 2686 486 Agiuuturzaliquid
2703 413 2844 470 enim
2863 421 3116 486 praestant
3136 414 3537 487 hominibus,et
3560 431 3825 490 prosunt:

511 502 703 558 bendis
749 502 1058 557 muneribus
1115 500 1471 573 impendunt?
1510 501 1611 555 nisi
1668 517 1764 557 eos
1830 501 2112 558 dementes

509 607 670 668 atque
701 598 948 657 furiosos,
975 598 1063 667 qui
1114 605 1371 666 prteSIent
1411 595 1462 649 id
1490 595 1706 666 populo,
1754 595 1898 667 quod
1926 605 1981 651 et
2010 594 2112 665 ipsi

513 690 759 760 perdant,
791 700 844 745 et
870 707 1028 745 nemo
1057 705 1268 754 eorum,
1301 690 1493 761 quibus
1527 700 1836 760 prmstatur,
1863 690 2107 759 accipiat.

507 781 692 852 Itaque
715 795 770 837 ut
798 791 880 837 est
906 784 1083 836 omnis
1111 783 1363 852 voluptas
1387 783 1586 837 caduca
1613 791 1668 838 et
1697 782 1900 848 brevis,
1920 783 2112 838 oculo-

507 893 625 932 rum
653 876 886 932 maxime
913 885 966 932 et
995 879 1228 943 aurium,
1256 887 1346 932 aut
1367 876 2039 942 obliviscunturhomines,
2058 887 2112 934 et

504 970 730 1028 alterius
747 972 940 1027 damna
966 989 1063 1044 pro
1097 973 1318 1044 ingratis
1351 972 1591 1036 habent;
1624 982 1714 1026 aut
1744 974 1907 1028 etiam
1939 972 2111 1028 offen-

504 1064 720 1129 duntur,
753 1066 796 1119 si
831 1081 934 1118 nun
961 1074 1044 1120 est
1071 1065 1274 1120 libidini
1300 1065 1438 1135 vulgi
1472 1064 1836 1120 satisfactum:
1869 1075 1924 1119 ut
1946 1065 2108 1121 etiam

504 1159 755 1216 homines
783 1160 1089 1216 stultissimi
1122 1161 1318 1214 malum
1345 1160 1446 1214 sibi
1471 1159 1610 1214 malo
1640 1159 2108 1230 comparaverint;

504 1267 595 1313 aut
620 1258 662 1313 si
692 1257 828 1312 adeo
851 1260 1191 1328 placuerunt,
1224 1255 1358 1311 nihil
1389 1255 1645 1325 amplius,
1692 1271 1849 1328 quam
1895 1255 2110 1312 inanem

507 1349 748 1406 favorem
799 1365 1201 1422 pauCurumqne
1231 1349 1440 1405 dierum
1493 1347 1699 1403 fabulas
1724 1356 2104 1419 assequuntur.

507 1444 596 1500 Sic
625 1444 1287 1513 quotidieleviSsimorum
1344 1442 1631 1497 hominum‘
1679 1442 2002 1514 patrimonia
2055 1443 2107 1500 in

503 1552 591 1592 res
618 1551 984 1606 supervacuas
1035 1537 1405 1607 prodiguntur.
1449 1535 1586 1592 Num
1627 1552 1755 1608 ergo
1785 1535 1859 1589 illi
1893 1536 2110 1605 sapien-

505 1631 628 1691 tius,
660 1633 749 1701 qui
785 1631 997 1686 utiliora
1026 1639 1081 1685 et
1109 1630 1444 1684 diuturniora
1473 1629 1679 1683 civibus
1707 1628 1822 1682 suis
1850 1627 2111 1683 exhibent

502 1725 750 1778 munera?
778 1725 809 1777 li
837 1724 1158 1794 scilicet,qni
1176 1724 1401 1795 publicis
1416 1723 1671 1794 operibus
1689 1723 1970 1788 extructis,
1991 1737 2108 1777 me-

499 1817 726 1872 moriam
747 1818 947 1871 nomini
967 1833 1062 1871 suo
1079 1827 1326 1887 quaerunt
1341 1817 1364 1869 ?
1381 1833 1447 1872 ne
1467 1817 1550 1871 isti
1572 1815 1788 1885 quidem
1805 1825 1952 1870 recte
1969 1816 2106 1870 bona

2216 506 2310 561 sed
2344 523 2449 562 non
2491 518 2574 564 est
2602 509 2688 564 illa
2718 525 2843 566 vera
2875 519 2930 566 et
2979 511 3121 582 justa
3173 511 3408 583 largitio.
3455 513 3829 574 Beneficentia

2215 599 2359 656 cnim
2391 602 2535 656 nulla
2567 612 2672 668 est,
2709 603 3031 675 ubicumque
3059 607 3354 662 necessitas
3385 621 3492 664 non
3532 616 3636 662 est.
3669 606 3827 666 Perit

2214 710 2344 767 ergo
2374 696 2633 767 quidquid
2664 697 2850 768 gratia:
2877 713 3041 754 causa
3091 699 3348 758 tribuitur
3378 715 3481 756 non
3523 700 3824 770 indigenti-

2215 787 2346 854 bus;
2379 797 2617 844 autcum
2647 788 2855 846 foenore
2884 791 3042 858 redit,
3075 800 3130 845 et
3161 791 3521 848 beneficentia
3553 808 3660 848 non
3686 792 3822 848 erit.

2214 882 2366 951 Quod
2387 885 2500 938 etsi
2529 893 2739 954 gratum
2770 893 2852 939 est
2876 885 2960 950 iis,
2993 885 3187 955 quibus
3201 885 3378 949 datur,
3397 885 3604 957 justum
3631 895 3826 946 tamen

2217 991 2321 1030 non
2359 985 2461 1042 est,
2493 977 2612 1047 quia
2640 976 2685 1032 si
2715 993 2822 1032 non
2853 976 2963 1042 ﬁat,
3004 977 3137 1032 nihil
3191 978 3316 1033 mali
3347 979 3610 1050 sequitur.
3640 977 3826 1035 Unum

2216 1067 2588 1138 igiturcertum
2615 1078 2670 1124 et
2693 1084 2876 1125 verum
2899 1069 3234 1126 liberalitatis
3255 1070 3496 1128 ofﬁcium
3524 1079 3630 1140 est,
3654 1087 3828 1145 egen-

2218 1173 2296 1218 tes
2319 1173 2481 1236 atque
2507 1163 2723 1221 inutiles
2753 1164 2917 1222 alere.

2827 1299 3057 1359 CAPUT
3095 1299 3215 1359 XII.

2281 1463 2358 1518 De
2373 1462 2637 1535 generibus
2662 1461 3020 1533 beneﬁcentiw,
3052 1472 3097 1520 et
3127 1463 3363 1534 aperibus
3392 1463 3780 1521 misericordias.

2289 1621 2411 1679 Ivlzec
2428 1631 2510 1678 est
2537 1623 2623 1677 illa
2654 1620 2890 1692 perfecta
2940 1621 3168 1693 juStitia,
3200 1637 3322 1694 qua:
3353 1623 3583 1681 custodit
3613 1624 3822 1680 buma—

2214 1732 2360 1784 nam,
2393 1717 2458 1772 de
2479 1733 2581 1789 qua
2632 1717 2938 1788 philosophi
2981 1718 3290 1788 loquuntur,
3342 1719 3672 1775 societatem.
3719 1718 3828 1774 Hic

2215 1809 2517 1864 divitiarum
2547 1812 2810 1866 maximus
2827 1827 2890 1866 ac
2907 1811 3223 1867 verissimus
3252 1811 3458 1868 fructus
3477 1829 3579 1882 esr,
3610 1831 3718 1869 non
3741 1816 3826 1872 uti

498 1925 592 1964 sua
634 1909 687 1964 in
717 1918 858 1965 terra
885 1911 1187 1979 sepeliant;
1220 1909 1343 1980 quia
1393 1924 1495 1964 nec
1524 1911 1782 1964 memoria
1812 1909 2106 1980 quidquam
2141 1877 2188 1937 Β
2215 1905 2408 1973 opibus
2438 1905 2503 1960 ad
2534 1905 2803 1975 protiriam
2834 1906 2991 1960 unius
3014 1906 3366 1976 voluptatem,
3400 1908 3494 1962 sed
3525 1908 3592 1962 ad
3625 1909 3829 1964 multo-

499 2004 725 2059 mortuis
743 2004 974 2069 confert,
990 2018 1088 2058 nec
1111 2018 1270 2073 opera
1290 2018 1476 2057 eorum
1500 2003 1827 2074 sempiterna
1853 2011 1979 2058 sunt
2000 2021 2013 2056 :
2039 2004 2112 2057 si-

497 2095 712 2166 quidem
729 2106 937 2150 autuno
961 2107 1194 2150 tremore
1227 2105 1386 2150 teme
1413 2096 1743 2166 dissipantur
1757 2103 2106 2162 etcorruuut,

491 2182 589 2243 'aut
629 2189 850 2245 fortuito
877 2200 1268 2246 consumuntur
1299 2190 1572 2256 incendio,
1605 2200 1696 2244 aut
1725 2190 2108 2261 hostilialiquo

497 2283 699 2353 impetu
729 2282 1035 2350 diruuntur,
1069 2295 1157 2338 aut
1188 2296 1338 2338 certe
1393 2293 1662 2339 vetustate
1693 2284 1805 2354 ipsa
1839 2283 2105 2340 dissoluta

495 2375 768 2431 labuntur.
805 2393 824 2427 ι
855 2377 996 2431 Nihil
1027 2387 1109 2432 est
1135 2378 1279 2431 enim
1307 2385 1363 2430 ut
1386 2377 1461 2430 ait
1489 2388 1694 2442 orator,
1727 2391 1890 2446 opere
1912 2383 1966 2430 et
1989 2391 2103 2429 ma-

493 2471 764 2526 nufactum
791 2473 934 2543 quod
955 2489 1062 2527 non
1079 2473 1328 2527 conficiat
1358 2481 1410 2526 et
1437 2482 1722 2526 consumat
1749 2481 2009 2528 vetustas.
2036 2470 2108 2527 At

494 2571 611 2628 ba:c
635 2573 840 2642 justitia
885 2581 941 2632 et
988 2573 1180 2628 lenitas
1228 2571 1469 2628 ﬂorescit
1490 2569 1729 2642 quotidie
1752 2571 1942 2641 magis.
1973 2587 1992 2622 ι
2021 2569 2105 2625 Illi

490 2667 852 2738 ergotnelius,
905 2668 997 2738 qui
1054 2667 1339 2723 tribulibus
1392 2666 1505 2722 suis
1535 2675 1628 2722 aut
1655 2666 1942 2722 clientibus
1991 2665 2098 2720 lar-

2217 2013 2332 2051 rutn
2357 1997 2610 2062 salutem,
2644 2012 2748 2052 non
2777 1997 2845 2053 ad
2872 2009 3195 2068 prresentem
3225 2016 3384 2056 suum
3435 2000 3690 2069 fructum,
3725 2003 3831 2060 sed

2215 2091 2280 2145 ad
2300 2091 2584 2160 juStitiam,
2611 2107 2732 2162 qua:
2763 2093 2878 2147 sola
2911 2107 3016 2148 non
3051 2094 3253 2150 interit.
3272 2095 3588 2152 Tenendum
3611 2107 3692 2154 est
3725 2098 3830 2170 igi-

2217 2196 2304 2240 tur
2344 2185 2698 2250 omnimodo,
2728 2196 2784 2241 ut
2806 2187 2873 2242 ab
2899 2187 3078 2243 ofﬁcio
3109 2189 3498 2246 misericordiae
3527 2207 3656 2263 spes
3681 2192 3833 2248 reci-

2215 2281 2393 2352 piendi
2417 2281 2557 2336 absit
2579 2281 2820 2335 omnino.
2851 2281 3020 2350 Hujus
3034 2283 3175 2338 enim
3204 2283 3384 2354 Operis
3409 2295 3465 2342 et
3485 2285 3651 2342 ofﬁcii
3677 2303 3832 2343 mer-

2209 2390 2302 2431 ces
2333 2391 2363 2429 a
2394 2374 2505 2430 Deo
2533 2385 2611 2429 est
2640 2374 2969 2444 expectanda
3019 2375 3170 2430 solo:
3205 2392 3326 2432 nam
3379 2377 3426 2432 si
3477 2378 3547 2433 ab
3593 2380 3829 2437 homine

2209 2477 2486 2538 expectes,
2531 2467 2641 2538 jam
2693 2482 2798 2522 non
2830 2467 3136 2523 humanitas
3162 2470 3266 2524 erit
3296 2470 3406 2538 illa,
3439 2471 3537 2526 sed
3567 2473 3832 2529 beneficii

2209 2563 2530 2629 fteueratio;
2561 2578 2660 2618 nec
2680 2571 2859 2633 potest
2894 2563 3064 2618 videri
3085 2563 3222 2618 bene
3244 2564 3532 2633 meruisse,
3559 2568 3648 2636 qui
3671 2567 3832 2638 quod

2210 2657 2358 2725 facit,
2391 2673 2497 2714 non
2527 2655 2823 2726 alteri,scd
2843 2655 2944 2714 sibi
2968 2665 3292 2728 praestauet
3315 2666 3494 2714 tamen
3518 2675 3605 2716 res
3621 2660 3828 2718 eodem

1837 2777 2199 2838 VARIORUM
2239 2774 2474 2835 ΝΟΠΕ.

575 2898 664 2954 Vel
694 2898 892 2971 magnis
916 2895 1124 2953 urbibus
1147 2893 1454 2971 suﬂ'ecluras
1481 2913 1622 2966 opes,
1651 2907 1758 2971 etc.
1792 2897 1985 2954 Mirum
2011 2907 2096 2954 est

494 2981 749 3043 quantum
780 2970 990 3025 veteres
1019 2971 1380 3043 impenderim
1426 2970 1479 3024 in
1509 2971 1672 3024 Ludis
1715 2970 2092 3026 Theatralibus

490 3042 544 3098 et
572 3044 832 3108 scenicis;
864 3043 914 3096 id
955 3045 1246 3096 etiamnum
1276 3042 1434 3096 hodie
1477 3052 1622 3112 patet
1649 3058 1714 3098 ex
1743 3044 1904 3097 variis
1939 3043 2090 3098 thea-

491 3116 588 3169 tris
616 3129 810 3186 maguo
830 3125 1043 3183 sumptu
1067 3115 1366 3181 :edtficatis,
1383 3127 1820 3186 quiesupersunt
1852 3116 1902 3170 in
1927 3116 2088 3171 variis

489 3186 646 3242 Orbis
690 3185 948 3257 partibus,
982 3186 1189 3251 Romae,
1224 3187 1447 3252 Patavii,
1480 3185 1754 3250 Nemausi,
1784 3185 2084 3255 Avenionc,

487 3259 714 3326 aliisque
739 3261 976 3314 urbibus.
1023 3261 1097 3314 lle
1151 3261 1235 3312 his
1257 3260 1484 3314 scenicis
1512 3259 1812 3323 sumptibus
1835 3260 1954 3312 vide
1980 3260 2090 3314 Btt-

487 3330 664 3386 dzeum
691 3331 759 3386 de
801 3333 937 3386 Asse
968 3330 1060 3386 lib.
1092 3346 1150 3384 ιι.
1178 3361 1249 3370 -
1289 3330 1496 3396 :llagnis
1537 3329 1741 3385 urbibus
1789 3330 2093 3398 suﬂ'ectnras

487 3419 701 3474 opes...
749 3403 1058 3457 muneribus.
1088 3404 1211 3457 Ητυο
1237 3402 1472 3457 illustrat
1500 3403 1716 3473 Lipsius
1762 3403 1828 3458 de
1867 3403 2086 3474 Magnit.

488 3473 646 3529 Rom.
679 3475 716 3530 I.
745 3491 800 3539 ιι,
828 3491 878 3530 c.
910 3479 997 3548 il.
1026 3477 1102 3530 Ad
1125 3474 1454 3548 Cyprianum
1472 3476 1540 3529 de
1562 3489 1726 3546 opere
1755 3483 1811 3529 et
1834 3473 2092 3548 Eleetno-

486 3559 615 3618 syna
638 3548 724 3602 ed.
748 3549 948 3613 Oxum,
966 3545 1003 3601 f.
1029 3545 1480 3602 2061'Mnnera...
1505 3545 1656 3617 quam
1676 3546 1916 3618 grandia,
1939 3564 2091 3617 quam

487 3621 731 3687 pretiosa,
763 3637 915 3690 quam
941 3621 1100 3674 nimio
1125 3632 1171 3674 et
1197 3621 1352 3690 longo
1379 3619 1549 3673 labore
1580 3623 1792 3687 quasita
1821 3631 2090 3686 sumptuo-

485 3692 700 3766 sissimis
726 3693 1061 3766 udparatibus
1087 3702 1412 3766 comparant,
1435 3691 1579 3766 rebus
1609 3692 1714 3745 suis
1744 3691 1821 3766 νει
1849 3691 2090 3766 obligatis

493 3761 546 3816 in
574 3761 805 3819 muneris
825 3765 1221 3834 comparatione,
1251 3765 1327 3817 vel
1353 3764 1585 3826 venditis,
1612 3771 1720 3834 etc.
1757 3762 1892 3818 Bon.

571 3835 884 3889 Eis/cibandis
913 3832 1220 3890 muneribus.
1255 3835 1473 3890 Scilicet
1514 3832 1654 3889 ludis
1683 3833 2014 3905 gladiatoriis
2034 3844 2089 3892 et

499 3905 621 3959 aliis
649 3907 892 3961 edendis.
927 3907 1058 3962 Vide
1078 3907 1468 3962 Tertullianum
1493 3907 1561 3961 de
1582 3905 1935 3975 Spectaculis,
1953 3907 2088 3962 Lac-

493 3978 718 4031 tantium
744 3989 985 4050 nostrum
1027 3981 1145 4031 Div.
1189 3978 1423 4033 Iustitut.
1453 3979 1545 4050 lib.
1573 3993 1648 4040 v1,
1676 3993 1796 4046 cap.
1829 3978 1919 4043 20,
1955 3979 2085 4050 Epic

487 4057 619 4120 tots].
650 4063 768 4118 Cap.
801 4049 891 4112 65,
923 4050 992 4103 al.
1023 4050 1077 4114 6,
1102 4060 1154 4103 et
1180 4050 1419 4119 Lipsium
1453 4049 1546 4104 lib.
1581 4049 1837 4104 tSaturn.
1879 4065 1999 4120 cap.
2029 4052 2081 4106 7.

488 4119 820 4194 Munerarius
855 4131 900 4194 et
927 4120 1230 4194 Mune_ralor
1257 4121 1646 4194 appellabatur,
1672 4123 1763 4194 qui
1805 4122 1902 4176 hos
1930 4119 2086 4180 ludos

485 4192 700 4259 edebat,
723 4192 1042 4263 quandoque
1062 4191 1266 4247 Edilor.
1301 4192 1531 4248 Ἠλιοῦ.

560 4264 710 4331 Quod
752 4275 801 4318 et
826 4266 926 4337 ipsi
953 4266 1173 4334 perdant
1197 4275 1244 4319 et
1288 4282 1530 4337 uenio....
1574 4264 1814 4335 accipiat.
1844 4264 2086 4323 Imitatur

483 4335 814 4410 Cyprianum
833 4335 900 4392 ad
931 4338 1188 4392 Donatum
1217 4337 1303 4393 ed.
1326 4335 1661 4403 Oxon.,f.8:
1685 4337 1882 4406 Quibus
1913 4339 2085 4410 (dam-

485 4409 590 4482 nis)
617 4409 909 4478 redemptus
941 4417 1087 4480 [liuor
1115 4409 1275 4480 vulgi,
1308 4420 1420 4464 et...
1471 4410 1745 4481 popularis
1786 4426 1914 4464 aura
1938 4427 2081 4482 qure-

483 4481 581 4532 sita
633 4482 954 4554 esl.ﬂStulta
1003 4500 1209 4551 prorsus
1237 4494 1283 4536 et
1335 4499 1466 4536 rana
1512 4486 1744 4552 jactura,
1787 4481 2086 4554 frustrantis

2199 2897 2286 2952 isti
2315 2895 2520 2963 quidem
2544 2900 2680 2947 recte
2701 2892 2833 2967 bona
2850 2891 3020 2946 suain
3048 2901 3184 2967 terra
3207 2896 3485 2967 sepeliant.
3511 2896 3648 2967 Quid
3675 2914 3829 2958 vero

2199 2981 2278 3042 est
2299 2969 2433 3042 bona
2455 2983 2549 3042 sua
2559 2974 2696 3042 recte
2715 2965 2768 3018 in
2797 2973 2934 3042 terra
2953 2965 3206 3042 sepelire?
3227 2965 3381 3042 Unde
3402 2971 3473 3024 ita
3501 2965 3780 3042 distinguo
3808 2991 3825 3029 :

2202 3039 2286 3094 Ne
2315 3041 2398 3094 isti
2446 3037 2647 3110 quidem
2697 3047 2846 3110 recte
2887 3035 3138 3107 (scilicet
3193 3040 3405 3110 faciunt.
3444 3043 3466 3108 )
3520 3035 3826 3102 Ρτωςὶδεῇι

2197 3115 2339 3169 enim
2383 3129 2394 3164 :
2433 3109 2574 3186 Aiunt
2605 3124 2724 3180 ergo
2748 3108 3170 3186 _illi_sapisntius
3194 3108 3318 3182 ‘(sc.
3371 3111 3595 3186 faciunt)
3635 3118 3818 3186 qui...

2196 3177 2704 3259 quaerunt‘iuResp.
2737 3177 2951 3259 Nenisli
2999 3177 3399 3259 quidcnt'recte.
3445 3177 3587 3259 Hie
3618 3177 3822 3259 sequi-

2199 3250 2286 3312 t'ur
2335 3256 2428 3310 inf.
2463 3253 2551 3308 flii
2579 3269 2701 3328 ergo
2728 3250 2933 3328 melius,
2959 3266 3040 3308 sc.
3098 3252 3319 3310 faciunt.
3353 3256 3483 3328 Cap.
3515 3256 3616 3314 15:
3645 3250 3820 3316 Piri-

2196 3329 2400 3401 paletici
2421 3343 2541 3398 ergo
2567 3326 2772 3401 rectius.
2808 3323 2948 3401 Buta.

2267 3400 2336 3455 In
2356 3395 2491 3452 terra
2519 3399 2790 3466 sepeliant.
2851 3395 2956 3473 Sic
2987 3397 3205 3473 reposui
3231 3413 3300 3454 ex
3341 3400 3708 3473 aimpressis
3752 3415 3824 3463 et

2193 3474 2462 3544 omnibus
2499 3465 2629 3544 mss.
2685 3477 2879 3536 praeter
2925 3465 2962 3519 2
3015 3469 3144 3540 Reg.
3191 3484 3306 3526 rec.
3363 3465 3596 3544 quifut
3647 3479 3815 3534 mulsi

2193 3545 2346 3609 editi,
2380 3542 2582 3597 habent
2607 3541 2660 3594 in
2690 3550 2902 3593 terram.

2269 3608 2435 3686 Upere
2453 3622 2496 3667 ct
2515 3629 2668 3666 manu
2685 3613 2898 3682 factum,
2928 3608 3067 3680 quod
3079 3615 3438 3686 nonconﬁciat
3464 3627 3513 3671 et
3535 3632 3818 3678 consum

2190 3683 2433 3744 vetustas.
2467 3685 2561 3757 Alta
2594 3698 2782 3757 omnes
2807 3696 2936 3736 mss.
2970 3691 3024 3737 et
3070 3683 3220 3741 editi.
3271 3683 3426 3757 Apud
3476 3690 3811 3750 Ciceronem

2193 3761 2420 3836 legitur;
2451 3755 2603 3836 Nihil
2631 3755 2866 3836 enimest
2906 3769 3066 3836 opere
3092 3765 3180 3810 aut
3219 3755 3374 3813 manu
3403 3762 3622 3836 factum,
3661 3768 3807 3836 quod

2192 3826 2290 3887 non
2305 3829 2581 3904 aliquando
2598 3826 2845 3904 conficiat
2858 3835 2912 3904 _et
2941 3837 3223 3904 consumat
3235 3826 3488 3904 vetustas._
3505 3835 3572 3888 Et
3587 3826 3768 3892 stalim
3779 3881 3799 3904 ,

2190 3903 2256 3978 At
2289 3897 2404 3978 haec
2436 3901 2642 3978 justitia
2679 3907 2743 3978 et
2769 3897 2951 3978 lenitas
2976 3898 3135 3978 animi
3182 3900 3424 3978 florescit.
3454 3902 3648 3978 Cicero
3700 3897 3800 3978 prd

2190 3969 2450 4030 Marcello
2477 3984 2541 4027 ηυ
2572 3971 2659 4027 10.
2704 3969 2824 4036 Quo
2853 3969 2969 4024 loco
3011 3970 3168 4026 docet
3193 3972 3422 4031 Ctesaris
3450 3969 3802 4036 clementi-am

2190 4047 2546 4103 immortalem
2572 4043 2708 4108 fore,
2737 4042 2783 4096 si
2807 4056 2928 4096 cum
2971 4040 3092 4097 aliis
3124 4043 3285 4102 rebus
3314 4044 3474 4104 fluxis
3497 4057 3553 4105 et
3579 4053 3804 4108 caducis

2189 4121 2517 4175 conferatur.

2261 4191 2325 4246 At
2350 4193 2456 4246 haec
2477 4187 2681 4261 justitia
2711 4193 2758 4261 et
2811 4182 3266 4261 lenitasﬂorescit.
3312 4189 3503 4248 Plures
3545 4209 3681 4252 mss.
3743 4205 3802 4253 et

2189 4262 2338 4319 editi.
2371 4263 2452 4317 Ad
2477 4255 2609 4326 inec,
2632 4257 2792 4333 male.
2815 4255 3090 4333 Cmterj‘ut
3114 4260 3166 4313 in
3198 4271 3367 4328 textu,
3403 4274 3603 4333 praeter
3623 4267 3796 4324 Brun.

2188 4345 2242 4390 et
2274 4337 2296 4389 1
2315 4337 2556 4413 _C.l‘arom.
2605 4329 2911 4413 quibusest
2961 4328 3450 4413 ﬂorescetﬂquotidie
3498 4339 3688 4413 magis,
3739 4350 3802 4396 ut

2187 4408 2326 4476 apud
2353 4407 2671 4476 Ciceronem
2697 4399 2848 4476 0_rat.
2882 4415 2980 4470 pro
3007 4399 3280 4476 Marcello,
3300 4421 3355 4462 ιι.
3389 4408 3474 4464 11.

2263 4477 2552 4532 Tribulibus
2579 4474 2706 4530 suis.
2739 4470 3155 4549 Ita_cutn_editi_s
3195 4470 3354 4545 quam
3409 4481 3624 4549 plurimi
3658 4498 3802 4540 mss.

483 4553 759 4626 spectaculi
785 4541 1046 4622 soluptale
1071 4555 1124 4626 id
1150 4570 1332 4622 parare
1360 4541 1596 4619 voluis'se,
1629 4541 1765 4624 quod
1787 4541 1888 4610 ’περ
1909 4572 2080 4626 popn-
2109 4545 2160 4606 D
2189 4549 2247 4626 In
2277 4553 2296 4604 1
2333 4551 2464 4626 Reg.
2504 4563 2645 4626 rec,
2676 4549 2698 4598 1
2731 4543 2913 4626 βυψη
2946 4541 3082 4626 Ullt‘.
3113 4541 3279 4604 Bru‘n.
3314 4541 3509 4626 legitur
3533 4557 3805 4626 contribu-

483 4623 563 4678 lus
582 4628 859 4696 acciperet,
893 4635 939 4678 et
962 4625 1190 4694 perderet
1219 4626 1566 4696 magistratus.
1594 4623 1724 4680 BUN.

554 4695 654 4749 Aut
674 4698 718 4750 si
734 4698 860 4750 adeo
883 4698 1203 4768 placuerunt.
1223 4695 1317 4749 Sic
1335 4701 1450 4768 lego
1474 4713 1594 4751 cum
1621 4712 1749 4752 mss.
1771 4698 1807 4751 2
1823 4698 1956 4766 Reg.
1988 4714 2086 4753 an-

486 4767 822 4836 tiquissimis,
855 4766 890 4824 3
917 4766 1183 4834 Colbert.,
1209 4769 1246 4822 2
1269 4766 1460 4831 Brom,
1486 4769 1615 4822 edit.
1642 4769 1812 4824 Paris.
1847 4769 2004 4837 1525,
2029 4783 2084 4832 et

483 4838 658 4893 Betul.
691 4839 750 4895 In
783 4841 850 4894 12
881 4842 1099 4910 scriptis
1127 4849 1329 4897 recent.
1373 4849 1427 4895 et
1455 4840 1490 4894 5
1517 4844 1731 4910 excusis
1765 4841 2082 4910 placuerint;

484 4911 538 4965 in
573 4912 596 4965 I
642 4911 818 4982 Lips.,
853 4909 1201 4980 placaret-int;
1232 4913 1254 4966 1
1284 4911 1442 4982 Reg.,
1474 4913 1498 4964 1
1527 4909 1706 4976 Colb.,
1733 4913 1754 4965 l
1791 4914 1936 4967 Clar.
1969 4922 2022 4969 et
2047 4912 2085 4968 5

481 4985 612 5037 edit.
635 4987 958 5055 placuerint;
994 4986 1016 5039 I
1045 4985 1205 5055 Reg.,
1230 4986 1254 5040 1
1283 4984 1526 5048 Colb.,et
1547 4985 1592 5038 si
1613 4985 1741 5037 adeo
1772 4985 2075 5054 placuerint.

553 5075 947 5133 Patrimonia...
981 5079 1336 5149 prodigunlur.
1398 5075 1532 5133 Ven.
1570 5076 1734 5149 1495,
1775 5077 1864 5145 97,
1913 5089 2085 5147 patro-

481 5150 636 5222 cinia,
666 5166 846 5220 prave.
882 5149 1010 5206 Mihi
1041 5148 1272 5222 occurrit
1295 5151 1345 5204 in
1376 5150 1602 5222 Tertull.
1626 5148 1697 5222 de
1743 5149 1930 5206 Pudic.
1960 5166 2080 5222 cap.

481 5223 514 5276 8
549 5240 560 5274 :
599 5221 858 5276 Prodacta
887 5222 1170 5276 substantia
1215 5220 1354 5286 Dei;
1379 5238 1497 5291 cap.
1525 5221 1576 5276 9.
1611 5221 1764 5275 Omni
1801 5220 2083 5278 substantia

481 5295 746 5363 producta.
783 5295 1094 5366 Hieronym.
1139 5310 1226 5365 ep.
1256 5295 1327 5348 ad
1356 5293 1636 5352 Sabinian.
1685 5293 1726 5350 ι’.
1771 5293 1908 5350 228ε
1947 5293 2082 5350 Pro-

483 5365 633 5420 dacta
664 5369 823 5436 patris
848 5365 1146 5422 substantia.
1185 5367 1317 5424 BEN.

557 5458 657 5526 Qui
680 5459 898 5529 publicis
944 5461 1181 5531 operibus
1211 5461 1504 5526 exstructis,
1548 5469 1656 5516 etc.
1703 5459 1777 5514 De
1810 5460 1912 5516 hoc
1957 5460 2084 5518 vide

481 5529 862 5601 [inscriptiones
891 5529 1133 5597 Crateri,
1154 5532 1248 5601 qui
1288 5533 1500 5601 prolixe
1546 5532 1684 5587 hanc
1710 5533 1998 5590 vanitatem
2048 5550 2080 5589 a

482 5617 604 5676 pag.
634 5600 925 5676 ﬁdusque
950 5604 1019 5657 ad
1045 5619 1098 5676 p.
1155 5600 1298 5676 925,
1339 5603 1521 5658 multis
1571 5606 1834 5676 exemplis
1884 5616 1939 5661 et
1987 5605 2078 5660 In-

481 5674 867 5731 scriptionibus
893 5675 1156 5730 ostendit.
1182 5675 1469 5731 Sumus.

613 5763 640 5800 ο
661 5745 748 5800 isti
773 5745 984 5814 quidem
1015 5757 1152 5801 recte
1178 5763 1196 5800 :
1224 5746 1378 5802 bona.
1409 5747 1507 5803 llic
1550 5747 1703 5804 locus
1732 5748 1908 5806 adhuc
1938 5750 2078 5805 male

481 5816 767 5879 distinctus
793 5817 923 5875 fuit:
952 5818 1197 5890 legerunt
1223 5821 1366 5874 enim
1389 5835 1580 5875 omnes
1611 5836 1713 5876 una
1742 5821 1884 5878 serie
1927 5837 1944 5876 :
1996 5821 2080 5877 Ns

2190 4622 2322 4676 libus
2347 4612 2474 4686 suis,
2503 4620 2553 4675 id
2570 4629 2675 4682 est,
2693 4612 2938 4682 ejusdem
2959 4619 3127 4673 tribus
3144 4612 3505 4680 consortibus.
3526 4627 3551 4681 1
3577 4617 3802 4684 Bonan.

2188 4693 2481 4762 antiquior,
2511 4693 2597 4761 qui
2624 4686 2965 4762 indigentibus
2995 4691 3178 4745 amicis
3208 4695 3334 4748 suis.

2261 4757 2430 4819 Nulla
2450 4757 2542 4819 est.
2577 4764 2651 4817 De
2682 4757 3030 4833 beuclicentia
3049 4761 3166 4833 lege
3188 4765 3446 4821 Senecam
3471 4767 3522 4822 in
3548 4767 3705 4823 libris
3727 4771 3803 4828 de

2188 4835 2491 4902 Beneﬁciis,
2519 4839 2573 4890 in
2617 4832 2810 4897 quibus
2844 4832 3136 4906 tatnrbene,
3169 4846 3273 4891 tam
3303 4839 3560 4906 pneclare
3609 4842 3680 4896 de
3731 4859 3802 4900 ea

2186 4907 2426 4975 disserit,
2457 4921 2617 4979 quam
2641 4907 2804 4960 homo
2825 4905 3076 4961 ethnicus
3097 4918 3151 4963 et
3169 4925 3200 4963 a
3214 4905 3432 4966 ChriSto
3455 4911 3669 4968 alienus
3685 4929 3800 4984 po-

2189 4990 2313 5034 test.

2261 5051 2558 5107 Tenendum
2575 5062 2645 5124 est
2667 5052 2841 5124 igitur.
2879 5052 2902 5105 1
2929 5050 3064 5124 Bon.
3092 5052 3262 5123 antiq.
3293 5053 3558 5109 Tcnenda.
3599 5055 3800 5112 ——-Te—

2190 5126 2416 5180 nendum
2446 5135 2539 5179 est.
2575 5121 2630 5177 Id
2661 5121 2766 5190 est,
2786 5122 3062 5179 sciendum
3086 5133 3139 5178 et
3171 5121 3264 5194 pro
3279 5138 3428 5182 certo
3451 5127 3796 5190 habettdum.

2187 5195 2332 5262 Non,
2367 5208 2424 5251 ut
2455 5195 2616 5260 Bnn.,
2641 5195 2886 5250 Tenenda
2912 5206 3008 5250 est.
3041 5196 3173 5252 Rus.

2263 5269 2413 5345 Ouini
2434 5269 2604 5345 modo.
2625 5267 2808 5345 lissati
2832 5283 2939 5345 rec.
2960 5265 3064 5345 et5
3087 5277 3194 5325 vet.
3210 5270 3368 5340 edit.,
3385 5272 3618 5341 omnino,
3642 5274 3795 5345 quod

2185 5351 2270 5397 est
2302 5341 2353 5395 in
2387 5341 2545 5409 hujus
2568 5340 2774 5411 periodi
2803 5339 3057 5396 clausula.

2261 5412 2613 5487 Expectando.
2634 5412 2725 5469 Sic
2747 5411 3026 5487 emendavi
3058 5428 3124 5487 ex
3155 5414 3405 5487 omnibus
3426 5431 3560 5472 mss.
3589 5425 3797 5487 praeter

2184 5485 2218 5542 3
2240 5483 2389 5540 Culb.
2404 5527 2418 5553 ,
2442 5486 2469 5539 1
2486 5484 2720 5558 Clarom.
2739 5495 2795 5558 et
2818 5483 2964 5558 edito
2981 5483 3196 5540 Fasitel.
3224 5488 3486 5558 inquibus
3502 5483 3796 5558 est'earpec-

2185 5558 2359 5639 lenda,
2390 5557 2649 5638 mendose
2669 5572 2686 5622 ;
2707 5556 2809 5612 et?
2831 5556 2964 5628 Reg.
2997 5571 3110 5613 rec.
3127 5567 3185 5615 et
3213 5557 3239 5612 1
3271 5556 3450 5625 Colb.,
3477 5556 3790 5631 expetenda,

2183 5639 2241 5684 ut
2272 5647 2321 5682 In
2355 5644 2587 5682 CXCIISIS.

2254 5699 2502 5768 Beneﬁcii
2533 5700 2823 5770 ('wneratio.
2856 5713 2988 5756 mss.
3020 5700 3057 5756 2
3079 5699 3242 5760 Goth.
3270 5701 3306 5764 2
3331 5701 3484 5762 Colb.
3531 5704 3642 5761 etﬁ
3672 5714 3789 5764 vet.

2180 5773 2312 5830 edit.
2341 5771 2498 5827 Rom.
2522 5773 2882 5828 remuneratio.

2258 5844 2359 5912 Qui
2384 5844 2521 5915 quod
2548 5846 2691 5916 facit.
2721 5843 2798 5901 Ita
2827 5844 3033 5902 restitui
3063 5859 3131 5904 ex
3157 5847 3556 5921 jantiquissimis
3582 5864 3716 5907 mss.
3760 5849 3786 5910 I
