4090 6354
496 283 605 342 G79

1558 272 1746 331 FIRM.
1787 267 2156 328 LACTANTII
2197 266 2402 326 DIVlN.
2444 265 2690 326 INSTIT.

3701 268 3811 330 680

500 404 732 463 cendum
761 401 1031 474 estigitur
1053 396 1355 456 umbratico
1396 401 1452 452 et
1479 394 1796 467 imaginario
1847 407 2090 464 przecep-
2122 390 2175 453 Α
2200 391 2340 461 quod
2368 399 2451 445 est
2492 386 2876 459 comparanlis,
2917 393 2972 444 et
3019 400 3050 443 e
3089 385 3300 444 duobus
3341 387 3503 445 bonis
3544 386 3620 454 id,
3661 390 3806 461 quod

503 500 605 556 tori
634 514 650 566 ;
682 513 781 554 nec
810 497 878 552 ab
903 511 969 552 eo
1008 495 1209 550 veritas
1237 489 1502 563 exigenda
1531 497 1632 553 est,
1667 488 1757 560 qui
1791 502 1850 543 se
1889 485 2102 542 nescire

498 591 748 648 fateatur.

570 684 920 755 Captivorum
958 677 1260 750 redemptio
1299 692 1552 748 magnum
1583 684 1745 747 atque
1774 673 2096 744 prmclarum

495 780 718 853 justitize
749 791 944 833 munus
973 786 1055 832 est
1085 793 1098 830 :
1154 773 1298 846 quod
1343 772 1486 828 idem
1528 770 1643 842 ipse
1669 769 1875 829 Tullius
1903 781 2100 838 appro-

497 872 664 928 bavit.
689 870 899 942 «Atque
915 870 1032 924 haec
1051 867 1376 938 benignitas,
1396 865 1590 936 inquit,
1613 865 1774 920 etiam
1792 861 2100 931 reipublicae

497 978 581 1023 est
608 965 779 1030 utilis,
812 962 1008 1020 redimi
1041 977 1073 1018 e
1116 961 1376 1016 servitute
1401 967 1612 1029 captos,
1661 955 1978 1028 locupletari
2021 963 2100 1009 te—

498 1060 740 1117 nuiores.
770 1057 922 1113 Hanc
950 1071 1050 1127 ego
1077 1052 1524 1110 consuetudinem
1559 1049 1906 1122 benignitatis
1937 1047 2097 1117 largi-

498 1154 630 1210 tioni
662 1166 946 1207 munerum
999 1150 1156 1219 longe
1203 1157 1497 1218 antepono.
1544 1145 1672 1200 Haec
1720 1151 1802 1199 est
1853 1143 2096 1214 gravium

499 1247 801 1312 hominum,
829 1253 993 1316 atque
1020 1257 1362 1314 magnorum.
1389 1260 1407 1293 ›
1435 1240 1717 1310 Pr0prium
1745 1237 1906 1306 igitur
1923 1235 2096 1306 justo-

497 1355 615 1396 rum
638 1352 774 1408 opus
803 1346 908 1402 est,
940 1335 1086 1391 alere
1119 1349 1406 1406 pauperes,
1437 1347 1501 1387 ac
1527 1331 1800 1386 redimere
1829 1329 2093 1400 captivos,

497 1448 620 1488 cum
651 1429 790 1501 apud
849 1429 1098 1498 injustos,
1146 1428 1192 1482 si
1249 1427 1338 1496 qui
1382 1425 1500 1479 haec
1551 1422 1771 1486 faciant,
1820 1435 2011 1493 graves
2042 1428 2098 1474 et

499 1525 679 1597 magni
703 1523 1062 1594 appellentur.
1097 1522 1166 1576 lis
1198 1521 1342 1577 enim
1384 1518 1634 1573 maxima:
1685 1515 1860 1571 laudis
1888 1523 1972 1570 est
2001 1513 2096 1569 be—

498 1618 770 1682 nefacere,
799 1630 936 1686 quos
964 1629 1122 1669 nemo
1144 1613 1377 1684 speravit
1399 1625 1518 1667 esse
1545 1608 1799 1665 facturos.
1836 1607 1967 1662 Nam
2004 1607 2096 1676 qui

498 1709 698 1765 bonum
728 1706 858 1763 facit
885 1707 968 1762 vel
987 1706 1412 1777 consanguineo,
1441 1703 1525 1759 vel
1559 1704 1825 1773 proximo,
1848 1701 1931 1754 vel
1959 1701 2096 1754 ami-

2204 487 2272 540 sit
2304 484 2519 552 melius,
2551 483 2822 554 eligentis.
2855 481 2950 537 Illa
2975 483 3121 538 enim
3150 483 3369 554 largitio
3396 481 3676 538 hominum
3708 499 3805 554 pa-

2205 580 2454 633 trimonia
2486 593 2583 634 sua
2613 579 2664 632 in
2694 593 2842 632 mare
2867 577 3236 646 abjicientium
3257 576 3458 644 inanis,
3482 589 3536 634 ct
3558 578 3718 642 levis,
3751 587 3812 635 et

2203 672 2272 727 ab
2310 673 2454 726 omni
2478 672 2683 741 justitia
2716 670 3072 728 remotissima
3096 681 3198 728 est.
3228 671 3417 743 Itaque
3447 687 3518 728 ne
3545 672 3655 729 dici
3680 673 3806 744 qui-

2202 765 2324 821 dem
2359 781 2580 820 munera
2609 775 2841 835 oportet,
2883 765 2937 820 in
2977 766 3174 836 quibus
3219 781 3382 822 nemo
3427 766 3646 837 accipit,
3703 768 3810 825 nisi

2201 860 2291 930 qui
2333 859 2713 928 acciperejnon
2744 869 3002 916 meretur.

2272 951 2390 1007 Non
2426 954 2600 1006 minus
2628 967 2877 1023 magnum
2902 952 3125 1022 justitia:
3153 968 3288 1023 opus
3331 962 3415 1009 est
3441 996 3456 1021 ,
3488 955 3729 1025 pupillos
3759 966 3817 1013 et

2200 1044 2388 1100 viduas
2416 1046 2727 1113 destitutos,
2772 1055 2825 1100 et
2866 1045 3066 1101 auxilio
3097 1045 3398 1116 indigentes
3438 1047 3615 1112 tueri,
3651 1057 3819 1119 atque

2201 1138 2516 1195 defendere.
2551 1139 2702 1207 Quod
2759 1139 2895 1194 adeo
2926 1139 3195 1195 universis
3224 1139 3404 1194 divina
3432 1139 3517 1195 lex
3545 1141 3635 1195 illa
3669 1157 3818 1210 prae-

2200 1235 2420 1301 scribit;
2444 1233 2660 1304 quando
2678 1233 2892 1304 quidem
2917 1232 3548 1305 boniquiquejudicesad
3570 1234 3820 1291 officium

2199 1343 2353 1382 suum
2381 1326 2628 1397 judicant
2657 1327 2958 1398 pertinere,
2995 1337 3052 1380 ut
3093 1341 3187 1382 eos
3218 1328 3446 1382 naturali
3479 1327 3820 1385 humanitate

2201 1421 2446 1488 foveant,
2493 1435 2556 1476 ac
2599 1421 2786 1477 iisdem
2838 1421 3096 1491 prodesse
3146 1422 3404 1477 nitantur.
3444 1421 3643 1478 Verum
3695 1423 3821 1480 haec

2199 1527 2362 1583 opera
2411 1513 2625 1582 proprie
2671 1523 2853 1568 nostra
2900 1525 3057 1580 sunt,
3110 1514 3200 1584 qui
3247 1514 3458 1585 legem,
3505 1517 3597 1586 qui
3647 1517 3819 1572 verba

2200 1607 2368 1676 ipsius
2402 1607 2492 1661 Dei
2527 1607 2888 1678 przecipientis
2921 1609 3244 1678 accepimus.
3292 1607 3424 1662 Nam
3457 1607 3533 1663 illi
3571 1611 3825 1666 sentiunt

2200 1699 2416 1768 quidem
2449 1708 2636 1755 natura
2667 1715 2788 1756 esse
2814 1701 3018 1771 justum
3057 1703 3194 1756 tueri
3238 1716 3365 1769 eos,
3397 1705 3487 1772 qui
3519 1704 3680 1759 tutela
3723 1720 3823 1759 ca-

499 1817 564 1858 co
589 1819 602 1867 ;
633 1809 726 1857 aut
747 1801 967 1868 nullam,
996 1810 1086 1855 aut
1113 1809 1262 1856 certe
1287 1814 1394 1854 non
1419 1813 1662 1868 magnam
1687 1795 1899 1851 laudem
1925 1809 2095 1850 merc-
2127 1803 2176 1864 Β
2202 1805 2348 1849 rent:
2378 1793 2469 1850 sed
2493 1836 2508 1858 ,
2538 1810 2633 1848 cur
2659 1795 2731 1848 ita
2759 1794 2857 1861 sit,
2897 1809 3002 1850 non
3047 1795 3398 1866 perspiciunt.
3449 1797 3589 1852 Deus
3626 1798 3776 1854 enim
3800 1841 3817 1866 ,

503 1905 624 1960 tur;
658 1896 782 1966 quia
808 1895 984 1951 facere
1005 1895 1185 1961 debet,
1215 1899 1392 1966 sitque
1426 1893 1619 1962 impius
1652 1907 1715 1946 ac
1741 1891 2095 1958 detestabilis,

499 1989 602 2045 nisi
635 1987 823 2045 fecerit
849 1987 924 2054 id,
957 1987 1098 2058 quod
1127 1987 1196 2043 ab
1221 2002 1287 2041 eo
1319 1995 1374 2042 et
1399 1995 1585 2040 natura
1620 1985 1757 2053 ipsa,
1783 1996 1836 2040 et
1866 1983 2100 2039 necessi-

499 2081 631 2137 tudo
649 2081 846 2152 exigit;
875 2090 928 2136 et
957 2081 1002 2135 si
1037 2079 1184 2147 facit,
1236 2093 1341 2133 non
1375 2088 1479 2132 tam
1504 2078 1691 2149 gloria:
1722 2077 2094 2148 assequendae,

501 2190 663 2246 quam
695 2171 1134 2245 reprehensionis
1158 2170 1392 2226 vitandae
1419 2172 1588 2242 gratia
1613 2168 1758 2226 facit.
1783 2170 1888 2237 Qui
1917 2180 2097 2225 autem

501 2267 630 2324 fecit
659 2267 853 2333 alieno,
881 2275 937 2322 et
965 2267 1168 2335 ignoto,
1195 2266 1239 2321 is
1261 2280 1390 2320 vero
1411 2264 1604 2335 dignus
1634 2270 1718 2318 est
1746 2262 1940 2328 laude;
1967 2279 2099 2332 quo-

501 2361 670 2427 niam,
703 2369 759 2415 ut
783 2358 1004 2425 faceret,
1035 2358 1149 2415 sola
1175 2357 1369 2414 ductus
1397 2367 1481 2412 est
1509 2357 1863 2412 humanitate.
1897 2355 1977 2409 lbi
2007 2369 2098 2410 er-

501 2470 569 2526 go
603 2453 810 2524 justitia
839 2461 943 2519 est,
1003 2451 1092 2507 ubi
1148 2452 1214 2506 ad
1262 2449 1709 2506 benefaciendum
1761 2448 2102 2505 necessitatis

501 2546 774 2602 vinculum
793 2545 997 2601 nullum
1018 2553 1123 2601 est.
1149 2544 1265 2600 Hoc
1290 2544 1452 2616 igitur
1479 2543 1716 2599 officium
1748 2543 2095 2615 benignitatis

501 2654 572 2696 ne
610 2648 940 2709 anteponere
979 2636 1196 2710 quidem
1245 2637 1514 2708 largitioni
1559 2651 1840 2693 munerum
1887 2636 2099 2701 debuit,

2205 1889 2356 1959 cujus
2387 1897 2642 1959 perpetua
2674 1889 2959 1944 clementia
3000 1899 3121 1955 est,
3166 1889 3366 1945 idcirco
3403 1890 3591 1946 viduas
3633 1894 3825 1963 pupil—

2205 1981 2396 2052 losque
2428 1980 2640 2036 delendi
2667 1995 2730 2036 ac
2759 1980 2926 2037 foveri
2956 1981 3142 2050 jubet,
3185 1998 3252 2038 ne
3294 1982 3416 2053 quis
3454 1994 3704 2054 respectu
3752 2000 3822 2042 ac

2207 2076 2553 2131 miseratione
2581 2076 2861 2146 pignorum
2893 2091 3114 2132 suorum
3155 2077 3482 2147 retardetur,
3522 2080 3820 2150 quominus

2207 2178 2432 2225 mortem
2461 2183 2557 2239 pro
2579 2168 2782 2238 justitia
2811 2168 3019 2240 fideque
3047 2171 3339 2240 suscipiat;
3370 2171 3467 2227 sed
3495 2172 3819 2227 incunctan-

2207 2271 2292 2318 ter
2319 2277 2383 2316 ac
2408 2261 2620 2318 fortiter
2648 2261 2868 2328 subeat,
2900 2276 3024 2317 cum
3053 2262 3188 2318 sciat
3216 2278 3273 2318 se
3313 2277 3472 2318 caros
3519 2278 3649 2319 suos
3702 2265 3822 2322 Deo

2207 2357 2545 2428 relinquere,
2579 2371 2677 2412 nec
2725 2356 2808 2411 his
2851 2372 3085 2426 unquam
3127 2357 3435 2427 praesidium
3479 2356 3821 2414 defuturum.

2206 2447 2405 2520 Egros
2445 2464 2678 2520 quoque,
2724 2449 2917 2520 quibus
2943 2447 3174 2506 defuerit
3204 2450 3295 2521 qui
3326 2449 3574 2516 assistat,
3618 2466 3826 2507 curan-

2206 2541 2304 2596 dos
2333 2540 2699 2612 fovendosque
2735 2542 3041 2611 suscipere,
3100 2556 3327 2598 summa:
3379 2542 3729 2599 humanitatis
3761 2553 3826 2600 et

2207 2649 2415 2705 magna:
2445 2634 2773 2706 operationis
2801 2644 2911 2691 est:
2946 2633 3088 2705 quod
3114 2636 3204 2707 qui
3233 2636 3449 2705 fecerit,
3479 2638 3655 2694 vivam
3685 2637 3829 2695 hos-

1827 2772 2190 2831 VARIORUM
2227 2772 2459 2830 ΝΟΤίΕ.

533 2966 565 2990 δ
586 2913 878 2990 Umbratico
906 2915 1224 2990 praeceptori.
1257 2914 1363 2990 Per
1382 2913 1555 2990 lusum
1581 2927 1702 2990 eum
1724 2921 1880 2990 vocat
1898 2912 2103 2990 umbra-

2207 2912 2482 2991 [egeitem
2509 2911 2896 2991 .l_uli_a_et_'l‘itia
2929 2913 3189 2991 dabatur:
3208 2929 3330 2991 _qua
3358 2916 3427 2973 de
3453 2933 3511 2974 re
3538 2919 3658 2990 lege
3688 2934 3825 2991 cap.

511 2985 688 3056 (Teum,
721 2988 932 3082 dixerat
952 2988 1095 3042 enim
1118 2985 1186 3040 ad
1208 2989 1440 3041 umbram
1455 2986 1827 3082 imagigemque
1837 2985 2099 3057 justitia?”
2133 3017 2178 3082 Ο
2211 2985 2284 3067 2t)
2316 2985 2445 3068 libri.
2472 2986 2630 3082 primi
2662 2987 2714 3039 in
2748 2985 3180 3082 Insti'tutionilbus
3208 2985 3619 3082 Imperialibqs:
3649 2985 3832 3082 Justi-

507 3070 758 3133 prmceptn
780 3077 832 3133 se
852 3058 1012 3133 dare._
1094 3129 1104 3133 Α
1259 3131 1268 3133 _
1542 3132 1548 3133 ί
1615 3056 1746 3112 BDN.

580 3133 743 3203 Atque
769 3131 875 3185 [uec
900 3129 1204 3202 benignitas.
1236 3131 1396 3200 Atque
1425 3132 1729 3203 restitutum
1762 3143 1827 3183 ex
1855 3129 2106 3184 omnibus

507 3199 722 3260 mssfet
753 3205 782 3257 7
811 3211 918 3258 vet.
952 3199 1075 3257 edd.
1096 3199 1434 3267 cmteris’est,
1467 3199 1671 3269 Itaque.

578 3275 863 3345 Pauperes.
893 3273 1030 3329 Tob.
1066 3289 1138 3345 tv,
1161 3273 1369 3329 Eccles.
1404 3288 1475 3337 IV,
1510 3271 1697 3345 Matth.
1725 3289 1851 3328 xxv.

579 3346 656 3401 lis
679 3343 810 3402 enim
837 3346 1076 3400 max-ima:
1099 3344 1266 3400 laudis
1287 3356 1381 3400 est.
1408 3346 1432 3399 1
1471 3359 1572 3399 ms.
1600 3343 1734 3416 Reg.
1764 3345 1961 3415 antiq.,
1995 3361 2107 3398 ma-

507 3421 661 3476 xime:
695 3420 856 3482 laudi,
891 3433 987 3473 nec
1010 3418 1166 3472 male.
1209 3417 1341 3472 Bon.

584 3492 723 3559 Quos
757 3508 902 3545 nemo
931 3490 1153 3559 sperauit
1193 3505 1299 3543 esse
1327 3492 1576 3560 facturos.
1606 3488 1852 3560 Davisius
1874 3488 1937 3541 ad
1981 3503 2030 3542 c.
2064 3487 2102 3541 l.

510 3572 699 3627 tentat,
731 3562 884 3627 Queis
912 3577 1058 3615 nemo
1097 3559 1452 3631 speravit’esse
1479 3565 1728 3632 facturos.
1762 3559 1881 3615 Non
1916 3559 2106 3630 displi-

507 3645 612 3700 cet,
646 3634 738 3690 sed
758 3635 872 3689 sine
897 3633 1046 3689 libris
1073 3648 1176 3686 non
1201 3633 1518 3702 recepimus,
1687 3633 1819 3688 Bua.

585 3704 710 3760 Non
736 3721 975 3776 magnam
1001 3704 1224 3758 laudem.
1253 3703 1348 3758 Hic
1370 3704 1608 3776 alludere
1635 3703 2106 3776 videturLactan-

513 3779 620 3832 tius
644 3778 709 3830 ad
739 3773 866 3832 illud
889 3776 1106 3832 verbum
1132 3776 1467 3830 Dominicum
1496 3775 1686 3830 Matth.
1716 3793 1771 3840 v,
1801 3774 1904 3830 46:
1941 3775 2002 3830 Si
2029 3773 2108 3826 di-

510 3849 734 3904 lexeritis
756 3865 838 3903 eos
867 3849 952 3918 qui
978 3863 1065 3901 vos
1093 3847 1332 3918 diligunt,
1351 3863 1502 3918 quam
1526 3847 1808 3902 mercedem
1825 3846 2110 3901 habebitis?

593 3917 1059 3990 Patrimoniaisua.
1091 3917 1201 3974 Hic’
1227 3927 1442 3973 notatur
1470 3917 1678 3986 Crates,
1707 3918 1774 3974 de
1804 3935 1910 3990 quo
1949 3932 2109 3988 supra

517 3989 655 4046 libro
681 4007 762 4056 ιιι,
786 4005 884 4056 cap
908 3989 1000 4045 25.

587 4061 964 4133 Abjicientium.
1038 4059 1220 4130 Copiae
1271 4076 1432 4133 causa
1491 4061 1578 4116 hic
1631 4060 1815 4129 dixit,
1867 4061 2107 4132 abjicere.

517 4130 664 4203 Cap;
685 4133 745 4188 11
782 4151 794 4185 :
829 4130 1152 4186 Patrimonia
1179 4149 1273 4185 sua
1301 4132 1595 4199 effundere;
1620 4133 1780 4198 infra,
1823 4133 1889 4187 In
1916 4130 1995 4186 res
2021 4151 2110 4186 su-

515 4221 793 4278 pervacuas
822 4204 1104 4274 prodigere
1125 4221 1151 4278 ;_
1170 4203 1364 4278 Ibid:_l
1371 4223 1404 4259 η
1423 4215 1557 4259 terra
1583 4203 1814 4278 sepelire.
1845 4205 2106 4278 Cap._l2:

515 4274 584 4332 1η
601 4293 914 4345 supervacua
937 4275 1269 4345 impendere.
1292 4275 1437 4332 Voce
1454 4286 1679 4346 cognata
1701 4274 1812 4332 Cic.
1847 4277 1886 4331 l.
1915 4293 1954 4331 ιι
1978 4275 2107 4341 ΟΠ..

516 4364 566 4404 c.
603 4350 698 4403 l7:
731 4348 981 4403 Periclem
1004 4348 1326 4418 vituperat...
1348 4349 1434 4420 qui
1463 4358 1661 4402 tentant
1683 4349 1952 4418 pecuniam
1984 4349 2106 4404 in...

517 4421 780 4491 propylwa
801 4420 1112 4490 conjecerit.

589 4490 777 4546 Divina
803 4491 903 4546 lex.
933 4491 1104 4546 Exod.
1134 4507 1249 4547 χιιι
1269 4533 1284 4560 ,
1335 4491 1455 4547 Job.
1481 4508 1610 4548 xxix
1636 4500 1690 4548 et
1715 4507 1868 4560 xxxi,
1913 4490 2114 4548 Psalm.

519 4579 688 4626 vau,
716 4563 866 4618 Eccl.
896 4561 1172 4635 iv,r.iacobi
1192 4580 1240 4635 At.
1267 4563 1728 4635 Qommendantur
1753 4563 1940 4635 pupilli
1961 4574 2017 4620 et
2041 4565 2118 4618 vi-

521 4638 640 4692 dua:
668 4636 722 4690 in
754 4633 1234 4706 multisDavidicis
1265 4633 1509 4690 Psalmis.
1545 4636 1730 4691 Esaias
1754 4633 1878 4706 cap.
1914 4651 1979 4701 x,
2014 4652 2130 4696 nu-.

521 4709 665 4763 mine
695 4705 878 4762 divino
908 4704 1150 4769 afflatus,
1197 4706 1467 4777 invehitur
1506 4707 1558 4760 in
1598 4704 1929 4777 legislatores
1953 4750 1966 4773 ,
2001 4708 2120 4763 sive

521 4777 908 4853 νομοφύλακας,
963 4791 1192 4853 quorum
1247 4776 1567 4853 negligentia
1599 4818 1615 4842 ,
1657 4776 2119 4853 isive_iniquitate

522 4848 684 4920 atque
723 4850 943 4905 avaritia
986 4848 1177 4913 flebat,
1225 4857 1286 4903 ut
1327 4849 1515 4918 pupilli
1562 4860 1724 4919 atque
1764 4850 1940 4904 viduae
1988 4851 2120 4920 ipsis

524 4921 678 4992 quasi
727 4921 905 4992 praeda
951 4932 1374 4989 eXponerentur.
1413 4920 1528 4975 Duo
1559 4933 1684 4975 sunt
1720 4920 1860 4991 apud
1900 4920 2122 4977 Cicero-

525 4991 648 5049 nem
693 4991 967 5065 injustitite
1006 5006 1244 5065 genera:
1277 5007 1441 5065 unum
1459 5007 1692 5065 ,_eorum
1724 4995 1813 5060 qui
1845 4991 2118 5059 inferunt;

525 5063 788 5132 alterum,
823 5079 1010 5120 eorum
1041 5064 1132 5134 qui
1164 5063 1234 5119 ab
1274 5063 1340 5119 iis
1386 5063 1579 5134 quibus
1609 5063 1859 5129 infertur,
1903 5070 1947 5119 si
1994 5079 2123 5132 pos-

526 5138 663 5205 sint,
698 5152 804 5193 non
835 5135 1152 5208 propulsant
1177 5134 1452 5199 iniuriam.
1485 5135 1654 5206 Iniqui
1684 5144 1862 5208 autem
1888 5135 2120 5208 judices,

527 5224 634 5263 non
668 5207 843 5264 modo
871 5223 977 5264 non
1011 5208 1328 5278 propulsant
1365 5221 1394 5260 a
1425 5209 1656 5279 pupillis
1685 5217 1740 5262 et
1769 5207 1944 5262 viduis
1984 5207 2124 5279 inju-

529 5281 696 5334 riam:
727 5281 823 5334 sed
850 5281 1015 5336 etiam
1045 5279 1176 5350 ipsis
1195 5319 1212 5346 ,
1238 5294 1374 5349 quos
1403 5278 1696 5337 defendere
1723 5279 2006 5349 deberent,
2036 5278 2126 5336 ve-

526 5350 627 5422 luti
654 5352 846 5422 praedae
874 5351 1099 5406 inhiant.
1123 5351 1444 5407 Beruuems.

602 5421 734 5477 Boni
762 5424 944 5493 quique
970 5422 1197 5489 iudices,
1229 5435 1336 5479 etc.
1378 5422 1493 5478 Non
1535 5422 1622 5480 hic
1661 5432 1975 5492 parentum,
2017 5439 2125 5479 non

533 5504 881 5564 patronorum
902 5534 920 5561 ,
964 5511 1068 5566 non
1100 5493 1428 5550 fiduciariam
1461 5497 1682 5551 tutelam
1714 5495 1994 5566 intelligit;
2028 5509 2129 5552 nec

533 5580 655 5621 eam
681 5579 803 5634 qua:
833 5566 952 5635 lege
981 5565 1332 5637 Hebraeorum
1363 5566 1543 5622 divina
1561 5609 1576 5634 ,
1604 5565 1905 5623 commissa
1930 5567 2128 5637 judici-

533 5637 636 5693 bus
659 5637 1071 5709 etmagistratui
1098 5635 1230 5709 fuit:
1255 5637 1352 5692 sed
1379 5654 1497 5694 eam
1516 5680 1532 5705 ,
1561 5654 1680 5709 qua:
1704 5638 1825 5708 jure
1852 5635 2127 5695 Romano-

535 5706 829 5780 rum‘civili
860 5707 979 5778 lege
1005 5707 1194 5780 Attilia
1227 5708 1407 5780 (unde
1440 5706 1602 5765 etiam
1637 5706 1882 5765 Attiliani
1922 5719 2129 5768 tutores

532 5778 874 5863 dicebantur,
905 5777 1044 5851 quos
1069 5777 1276 5837 Praetor
1301 5781 1542 5839 urbanus
1570 5781 1702 5838 dare
1729 5780 2129 5854 consueverat)

2211 3059 2404 3112 nianus
2433 3057 2592 3126 igitur
2618 3058 2719 3112 hoc
2746 3059 2963 3112 nomine
2991 3059 3119 3112 mihi
3148 3057 3631 3127 reprehendendus
3661 3065 3829 3121 vide-

2210 3128 2487 3203 tur,jquod
2521 3129 2720 3203 pupillo
2749 3144 2810 3184 ea
2839 3129 3150 3203 conditione
3181 3142 3414 3188 tutorem
3443 3135 3561 3188 dari
3593 3136 3823 3203 publice

2203 3201 2393 3271 jussit,
2439 3201 2483 3254 si
2533 3200 2816 3256 facultates
2852 3201 2972 3271 ejus
3013 3203 3080 3255 ad
3121 3203 3442 3272 quingentos
3481 3200 3691 3261 solidos
3728 3225 3825 3263 va-

2209 3274 2374 3348 leant.
2407 3271 2571 3348 Quasi
2600 3273 2994 3348 vero‘pupillus
3023 3287 3145 3348 non
3184 3277 3400 3348 gravius
3443 3279 3817 3348 periclitetur,

2209 3346 2300 3421 qui
2333 3343 2401 3421 de
2433 3345 2591 3399 unius
2609 3344 2764 3421 solidi
2783 3359 2993 3398 summa
3019 3344 3071 3399 in
3099 3343 3398 3414 periculum
3421 3343 3622 3413 veniat,
3645 3343 3820 3421 quani

2208 3417 2296 3487 qui
2315 3415 2382 3490 de
2398 3426 2638 3490 centum.
2662 3416 2846 3486 Itaque
2872 3431 3058 3471 verum
3087 3432 3208 3472 esse
3233 3431 3478 3488 apparet,
3509 3415 3824 3490 quod'Lac-

2211 3487 2410 3566 tantius
2431 3489 2514 3566 ait
2543 3489 2662 3566 illos
2701 3504 2818 3566 no_t_t_
2841 3490 3214 3566 perspexisse,
3265 3487 3364 3545 cur
3393 3487 3602 3566 tutores
3632 3495 3821 3566 pupil-

2211 3559 2279 3613 lis
2328 3559 2444 3613 dari
2480 3559 2731 3615 debeant.
2760 3559 3110 3628 Vituperandi
3141 3572 3422 3630 propterea
3444 3564 3609 3619 etiam
3633 3559 3824 3622 nostri

2211 3631 2565 3701 municipales
2588 3647 2766 3687 mores
2789 3633 3142 3702 sunt.quibus
3173 3631 3492 3690 habentibus
3530 3636 3824 3694 dumtaxat

2213 3711 2416 3757 tutores
2441 3703 2660 3781 dantur,
2690 3713 2745 3759 et
2776 3719 2893 3781 non
2912 3705 3089 3781 potius
3120 3705 3299 3774 inopia
3327 3707 3633 3781 oppressis:
3660 3711 3824 3781 quasi

2211 3791 2340 3830 vero
2367 3790 2481 3839 eos,
2512 3777 2603 3844 qui
2626 3777 2794 3830 semel
2825 3777 3009 3832 miseri
3038 3790 3158 3832 esse
3185 3789 3500 3847 cceperunt,
3532 3779 3600 3834 ad
3631 3777 3825 3837 extre-

2212 3863 2358 3901 mum
2393 3861 2562 3917 usque
2592 3849 2819 3902 miseros
2846 3862 2967 3903 esse
2994 3856 3261 3918 oporteat.
3293 3850 3614 3906 BETULEIUS.

2289 3918 2356 3972 Ut
2379 3935 2463 3972 eos
2487 3919 2729 3993 naturali
2740 3921 3056 3993 humanitate
3075 3925 3299 3993 foveant.
3327 3922 3403 3976 Ita
3428 3925 3824 3993 quamplurimi

2213 4005 2343 4068 mss.
2393 3999 2448 4044 et
2484 4006 2680 4068 omnes
2707 3990 3117 4068 fere_i_mpressi.
3154 3991 3209 4046 ln
3249 3990 3548 4068 iliBononq
3587 3990 3624 4050 5
3650 3997 3820 4068 Reg.,

2212 4063 2376 4140 pauc.
2399 4071 2453 4116 et
2476 4063 2538 4117 11
2568 4063 2685 4140 aliis
2702 4105 2718 4130 ,
2746 4072 2800 4116 ut
2824 4063 2901 4118 his
2922 4103 2935 4116 .
2959 4104 2972 4117 .
2997 4103 3009 4117 .
3032 4067 3254 4136 faveant.
3279 4065 3387 4121 Sed
3411 4067 3636 4123 verbum
3659 4063 3828 4140 {arcti

2213 4134 2348 4189 infra
2377 4143 2460 4188 est
2485 4135 2674 4190 eodem
2701 4149 2886 4194 sensu.

2290 4205 2508 4275 PrOprie
2550 4215 2724 4281 nostra
2759 4218 2905 4281 sunt.
2937 4205 3403 4281 GothfetiRomq
3437 4211 3675 4281 propria.
3709 4213 3829 4269 Sed

2214 4278 2376 4334 etiam
2406 4287 2621 4351 recepta
2651 4279 2809 4332 lectio
2824 4279 2975 4351 bona
3003 4289 3055 4333 et
3081 4279 3367 4337 laudanda.
3391 4278 3584 4338 Cicero
3611 4283 3708 4339 lib.
3745 4301 3826 4351 ix,

2215 4366 2302 4420 ep.
2331 4351 2420 4416 15,
2443 4349 2512 4404 ad
2539 4351 2774 4404 Ptetum:
2803 4349 2954 4418 Quod
2976 4361 3029 4403 tu
3054 4351 3164 4420 ipse
3185 4361 3289 4406 tam
3314 4355 3567 4408 amandus
3592 4371 3667 4420 es,
3695 4349 3830 4409 tam;

2137 4413 2192 4472 D
2217 4413 2312 4499 que
2337 4413 2522 4485 dulcis,
2549 4430 2752 4499 t_amque
2770 4413 2992 4478 in'omni
3014 4413 3197 4493 genere
3210 4425 3501 4494 jucundus,
3523 4425 3579 4479 id
3605 4413 3680 4482 est
3707 4444 3834 4499 pro-

2221 4492 2330 4564 prie
2356 4502 2516 4547 tuum.
2544 4492 2709 4549 CELL.

2293 4565 2492 4639 Nostra
2533 4575 2686 4639 sunt,
2729 4564 3040 4639 qui__legem.
3088 4565 3219 4623 Haec
3256 4567 3364 4624 duo
3392 4570 3578 4624 ultima
3610 4570 3779 4626 verba
3809 4614 3828 4639 ,

2220 4654 2341 4709 qua:
2372 4638 2424 4690 in
2459 4637 2734 4709 nonnullis
2763 4636 2924 4693 editis
2957 4639 3189 4705 desunt,
3238 4640 3420 4696 addidi
3459 4656 3529 4697 ex
3569 4636 3833 4699 omnibus

2221 4708 2353 4783 mss.
2402 4717 2457 4763 et
2501 4708 2766 4783 plurimis_
2791 4709 3094 4783 impressis.
3147 4710 3226 4768 De
3269 4712 3354 4768 his
3398 4715 3659 4783 operibus
3704 4715 3832 4770 vide

2221 4782 2437 4837 Denter.
2469 4796 2644 4846 xxvn,
2669 4789 2724 4835 et
2747 4779 2897 4836 [sane
2926 4799 2962 4838 ι.

2294 4852 2512 4926 Defendi
2539 4867 2600 4906 ac
2629 4853 2788 4926 foveri
2805 4853 2973 4923 jubet.
3001 4852 3228 4926 Mss.712
3253 4871 3366 4912 rec.
3391 4867 3444 4912 et
3469 4856 3502 4912 6
3529 4865 3638 4912 vet.
3671 4860 3830 4926 editi,

2223 4939 2324 4997 pro
2355 4925 2545 4997 foveri,
2572 4925 2783 4997 habent
2812 4927 2975 4992 tueri,
3014 4925 3158 4996 quod
3203 4942 3328 4982 mox
3373 4930 3686 4997 praecessit:
3732 4925 3834 4988 sed

2223 4994 2363 5072 male
2387 4995 2470 5068 (ut
2496 4994 2711 5072 opinor)
2737 4997 2960 5072 verbum
2984 4994 3252 5072 activum,
3283 4994 3382 5056 seu
3405 4999 3687 5070 deponens
3710 5002 3837 5072 jun-

2223 5069 2367 5145 gitur
2397 5066 2519 5145 cum
2548 5066 2794 5145 passivo:
2835 5069 2895 5145 in
2924 5070 2958 5124 6
2983 5069 3118 5145 Reg.
3151 5066 3543 5143 antiquioribus
3573 5066 3832 5145 aliisque,

2226 5139 2280 5196 et
2306 5139 2358 5211 i_n
2388 5140 2477 5205 10,
2511 5140 2728 5211 excusis
2755 5147 2843 5195 est
2871 5142 3051 5211 foveri.

2301 5209 2605 5282 Pignorum.
2633 5209 3164 5288 f’ignoraponuntur
3185 5229 3283 5284 pro
3311 5215 3518 5288 liberis.
3538 5246 3611 5256 —
3632 5215 3836 5288 Pigno-

2225 5298 2344 5338 rum
2373 5280 2601 5357 suorum.
2634 5280 2939 5357 Aliquoties
2967 5280 3272 5357 Cyprianus
3301 5287 3370 5342 de
3399 5302 3563 5357 Opere
3591 5298 3649 5343 et
3685 5280 3837 5345 elec-

2228 5354 2486 5431 mosmed.
2516 5354 2695 5431 Oxon.
2791 5354 2932 5410 205:
2967 5353 3252 5431 Multorum
3279 5353 3548 5430 pignorum
3577 5370 3724 5431 pater
3743 5403 3758 5428 ,
3778 5401 3791 5415 .
3817 5404 3836 5419 .

2228 5425 2426 5501 alendis
2474 5426 2881 5501 sustinendisque
2930 5429 3226 5499 pignoribus
3247 5425 3296 5483 ,ζ
3321 5425 3452 5500 (quo
3481 5425 3706 5501 amplior
3729 5425 3753 5486 ,⁷
3771 5474 3783 5487 .
3814 5470 3834 5488 .

2229 5497 2501 5570 pignorum
2529 5498 2680 5570 copia
2705 5537 2720 5551 .
2743 5539 2757 5553 .
2783 5497 2803 5554 ,⁷
2819 5497 3089 5570 pignorum
3119 5497 3376 5555 numerus.
3408 5502 3539 5557 BUN.

2305 5569 2496 5642 Quibus
2520 5569 2737 5642 defuerit
2759 5571 2845 5640 qui
2871 5569 3096 5627 assistat.
3126 5571 3254 5626 Mss.
3278 5571 3428 5642 Jun.,
3451 5575 3486 5629 ὅ
3505 5574 3746 5632 Colbert.
3775 5587 3838 5635 et

2231 5639 2266 5695 5
2290 5641 2446 5715 e_d_it.,
2474 5639 2657 5711 quibus
2683 5639 2938 5712 defuerint
2961 5644 3332 5715 quiassistant.

2304 5711 2514 5788 Magna:
2556 5711 2867 5788 operationis
2904 5711 2997 5770 est.
3044 5713 3104 5772 In
3147 5716 3542 5788 Psychomach.
3589 5733 3642 5772 v.
3683 5717 3824 5776 575:

2232 5783 2477 5842 Avaritia:
2502 5786 2791 5856 opponitur
2818 5789 3064 5859 operatio
3084 5832 3099 5858 ,
3132 5783 3236 5846 ubi
3254 5789 3322 5847 ab
3351 5789 3512 5860 Aldo,
3542 5791 3696 5859 Ant.,
3727 5791 3838 5851 Nee
