4090 6354
242 261 361 317 681

1433 257 1640 319 LIBER
1677 256 1766 319 VI.
1810 258 1900 319 DE
1939 256 2127 319 VERO
2164 253 2419 320 CULTU.

3481 259 3589 321 682.

258 378 388 441 tiam
414 374 529 433 Deo
555 372 830 448 acquiret;
858 384 915 434 et
938 376 1084 450 quod
1112 376 1268 436 alteri
1293 377 1502 437 dederit
1527 380 1595 437 ad
1623 389 1863 452 tempus,
1892 379 1946 443 Α
1971 378 2112 453 apud
2142 378 2389 436 homines
2415 378 2556 436 bene
2584 384 2639 436 et
2668 375 2904 437 humane
2934 377 3052 436 lieri
3080 377 3318 438 videtur.
3349 380 3583 439 Animus

262 471 380 542 ipse
407 486 440 526 a
468 469 580 526 Deo
606 470 835 539 accipiet
860 471 912 527 in
941 481 1225 529 aeternum.
1247 471 1507 531 Ultimum
1531 474 1661 530 illud
1688 483 1743 531 et
1763 488 1877 531 ma-

260 566 465 622 ximum
496 564 710 636 pietatis
733 566 981 623 officium
1003 574 1116 634 est,
1159 570 1567 639 peregrinorum
1594 579 1650 625 et
1677 583 1875 641 paupe-

261 675 380 717 rum
405 661 725 732 sepultura:
750 659 894 732 quod
923 660 1000 717 illi
1030 660 1245 717 virtutis
1268 660 1599 735 iustitiaeque
1623 661 1876 719 doctores

262 768 486 823 prorsus
515 770 624 810 non
660 754 978 826 attigerunt.
1013 753 1122 811 Nec
1151 753 1297 811 enim
1336 763 1588 827 poterant
1630 754 1682 810 id
1721 753 1875 810 vide-

259 862 342 913 re,
366 847 459 918 qui
487 848 719 904 utilitate
745 850 928 906 omnia
958 846 1135 904 ofﬁcia
1167 848 1545 904 metiebantur.
1578 847 1637 902 In
1665 848 1877 904 caeteris

258 941 431 1007 enim,
458 955 579 1010 qua:
606 955 769 1011 supra
800 940 940 996 dicta
971 948 1129 1007 sunt,
1157 940 1403 1012 quamvis
1430 956 1614 997 verum
1646 939 1875 996 limitem

262 1049 373 1091 non
401 1032 714 1096 tenuerint;
748 1041 928 1088 tamen
948 1074 963 1100 ,
995 1032 1252 1103 quoniam
1284 1032 1550 1088 commodi
1579 1033 1781 1104 aliquid
1822 1034 1875 1089 in

261 1125 349 1181 bis
375 1123 880 1196 deprehenderunt,
903 1124 1053 1195 quasi
1082 1123 1249 1181 odore
1270 1124 1502 1197 quodam
1528 1126 1770 1182 veritatis
1792 1140 1879 1183 re-

264 1218 400 1275 tenti
420 1260 437 1285 ,
471 1217 692 1288 pr0pius
718 1217 1075 1272 oberraruut:
1109 1216 1212 1272 hoc
1237 1227 1416 1273 autem
1437 1259 1452 1283 ,
1481 1218 1606 1290 quia
1635 1218 1769 1274 nihil
1800 1220 1878 1274 vi-

261 1311 397 1367 dere
423 1311 475 1367 in
502 1325 569 1368 eo
592 1309 861 1367 commodi
890 1319 1169 1381 poterant,
1199 1310 1552 1384 reliquerunt.

338 1404 479 1474 Quin
509 1405 668 1460 etiam
698 1418 807 1459 non
837 1402 1155 1471 defuerunt,
1188 1402 1279 1476 qui
1309 1418 1766 1474 supervacaneam
1802 1403 1880 1460 fa-

262 1506 459 1555 cerent
488 1498 859 1568 sepulturam;
892 1495 1137 1567 nihilque
1179 1511 1301 1553 esse
1330 1496 1571 1553 dicerent
1603 1498 1767 1564 mali,
1793 1498 1881 1569 ja-

262 1607 393 1648 cere
418 1590 753 1647 inbumatum
775 1598 939 1661 atque
958 1589 1263 1659 abjectum:
1287 1604 1517 1660 quorum
1544 1589 1763 1661 impiam
1791 1604 1881 1646 sa-

270 1685 533 1758 pientiam
559 1726 574 1753 ,
607 1700 730 1741 cum
763 1699 927 1742 omne
957 1684 1252 1740 humanum
1282 1698 1454 1755 genus
1483 1685 1733 1755 respuit,
1767 1692 1881 1740 tum

1977 473 2122 529 enim
2152 474 2433 546 quaeritur,
2465 481 2518 529 et
2548 475 2882 545 propositum
2913 473 3265 546 ponderatur.
3299 474 3419 531 Non
3451 492 3584 547 ergo

1978 567 2263 639 patiemur,
2297 565 2525 637 ﬁguram
2550 574 2606 623 et
2634 565 2947 638 figmentum
2979 567 3071 623 Dei
3103 567 3329 647 ferisac
3357 570 3594 627 volucri-

1978 661 2079 718 bus
2107 661 2160 718 in
2191 660 2427 732 praedam
2456 661 2672 734 jacere:
2702 663 2799 719 sed
2828 662 3119 719 reddemus
3149 663 3202 719 id
3231 673 3415 732 terrae,
3448 664 3595 723 unde

1979 766 2155 813 ortum
2182 765 2299 824 est;
2328 764 2382 813 et
2409 755 2659 828 quamvis
2687 756 2739 813 in
2771 756 2990 817 homine
3032 759 3220 830 ignoto
3250 760 3595 817 necessario-

1980 841 2099 904 rum
2128 863 2325 904 munus
2351 847 2699 919 implebimus
2719 890 2733 915 ,
2763 849 2815 904 in
2844 864 3073 921 quorum
3101 850 3279 907 locum
3302 894 3317 919 ,
3347 852 3473 922 quia
3501 853 3573 912 de

1980 949 2141 1009 sunt,
2173 941 2429 998 succedat
2457 941 2762 998 humanitas
2781 984 2795 1007 ,
2827 951 2884 998 et
2911 944 3236 1017 ubicumque
3266 947 3430 1003 homo
3456 947 3601 1005 desi-

1981 1034 2281 1103 derabitur,
2327 1033 2399 1089 ibi
2441 1034 2582 1106 exigi
2627 1033 2864 1090 officium
2898 1046 3147 1092 nostrum
3178 1038 3507 1109 putabimus.
3544 1038 3601 1095 In

1982 1141 2090 1197 quo
2110 1135 2291 1181 autem
2317 1125 2487 1197 magis
2510 1125 2737 1197 iustitiae
2768 1126 2906 1182 ratio
2932 1128 3218 1193 consistit,
3246 1145 3405 1201 quam
3430 1130 3483 1184 in
3511 1144 3602 1213 eo,

1981 1227 2039 1273 ut
2067 1218 2209 1290 quod
2245 1228 2571 1290 prmstamus
2601 1219 2804 1273 nosu'is
2832 1234 2931 1290 per
2960 1219 3210 1277 allectum
3238 1265 3251 1289 ,
3282 1233 3608 1293 pra-stemus
3650 1234 3657 1251 '

1983 1310 2176 1366 alienis
2202 1325 2300 1381 per
2343 1310 2769 1374 humanitatem;
2799 1327 2919 1381 qum
2946 1320 3028 1366 est
3061 1313 3230 1367 multo
3269 1316 3469 1370 certior
3490 1317 3607 1387 jus-

1984 1402 2244 1473 tiorque?
2291 1402 2421 1471 Qum
2465 1418 2587 1458 cum
2623 1404 2712 1468 fit,
2753 1402 2869 1475 jam
2900 1418 3007 1459 non
3043 1404 3245 1460 homini
3295 1417 3605 1476 praestatur,

1987 1497 2077 1566 qui
2107 1494 2246 1550 nihil
2276 1496 2472 1562 sentit;
2506 1495 2600 1550 sed
2635 1496 2742 1551 Deo
2770 1496 2908 1561 soli,
2941 1496 3026 1551 cui
3058 1497 3399 1554 cariesimum
3432 1499 3608 1555 sacri-

1986 1586 2175 1642 ﬁcium
2196 1597 2280 1643 est
2300 1602 2436 1657 opus
2464 1587 2691 1657 justum.
2720 1587 2871 1642 Dicet
2897 1588 3091 1659 aliquis
3114 1590 3377 1647 fortasse:
3406 1591 3462 1648 Si
3492 1590 3610 1647 haec

1985 1680 2170 1737 omnia
2201 1679 2407 1746 fecero,
2442 1680 2572 1734 nihil
2605 1680 2835 1734 habebo.
2887 1679 3027 1748 Quid
3056 1682 3200 1737 enim
3225 1722 3240 1747 ,
3287 1683 3332 1738 si
3382 1698 3612 1755 magnus

267 1778 473 1834 divina:
499 1793 658 1833 voces
679 1820 693 1843 ,
723 1792 843 1849 quae
867 1776 918 1832 id
946 1775 1061 1833 fieri
1081 1775 1292 1847 iubent.
1324 1776 1521 1832 Verum
1549 1777 1626 1833 illi
1654 1791 1764 1834 non
1788 1794 1884 1834 au-
1913 1786 1962 1848 Β
1990 1771 2270 1828 hominum
2303 1787 2562 1827 numerus
2596 1772 2809 1843 egebit,
2843 1772 3050 1844 algebit
3074 1815 3088 1838 ,
3120 1775 3386 1844 capietur,
3414 1777 3613 1834 morie-

266 1872 405 1928 dent
427 1871 631 1940 dicere,
656 1869 709 1926 id
734 1886 840 1926 non
869 1885 993 1926 esse
1012 1868 1356 1926 faciendum:
1386 1869 1511 1937 sed,
1537 1870 1582 1926 si
1609 1869 1752 1927 forte
1779 1885 1887 1927 non

275 1965 403 2034 fiat,
435 1965 565 2021 nihil
604 1979 729 2021 esse
775 1962 1125 2020 incommodi.
1162 1962 1345 2036 Itaque
1377 1963 1430 2019 in
1462 1979 1525 2019 ea
1553 1979 1611 2021 re
1641 1981 1747 2020 non
1780 1974 1887 2022 tam

272 2057 750 2129 pra'cipientium,
795 2071 957 2128 quam
1001 2055 1398 2111 consolantium
1443 2056 1737 2128 funguntur
1765 2057 1891 2112 offi-

279 2152 399 2216 cio,
423 2161 480 2206 ut
503 2151 548 2207 si
574 2148 713 2205 forte
742 2148 794 2204 id
823 2148 1054 2220 sapienti
1081 2149 1355 2216 evenerit,
1386 2164 1454 2205 ne
1480 2164 1540 2205 se
1566 2150 1636 2205 ob
1663 2153 1766 2205 hoc
1790 2151 1889 2205 mi-

273 2260 464 2303 serum
499 2250 669 2317 putet.
701 2242 813 2298 Nos
840 2252 1019 2297 autem
1055 2258 1161 2297 non
1190 2241 1315 2313 quid
1346 2242 1572 2312 sapienti
1606 2242 1887 2299 ferendum

281 2341 360 2395 sit
387 2340 651 2395 dicimus:
679 2337 773 2393 sed
804 2337 929 2407 quid
964 2335 1142 2392 facere
1175 2336 1289 2407 ipse
1318 2335 1534 2392 debeat.
1565 2336 1751 2407 Itaque
1782 2351 1889 2394 non

272 2433 572 2504 qttzrrimus
620 2445 765 2487 nunc
818 2440 1072 2486 utrumne
1126 2438 1236 2483 tota
1290 2428 1590 2498 sepeliendi
1632 2431 1773 2485 ratio
1822 2430 1892 2486 sit

273 2526 432 2582 utilis
449 2567 463 2591 ,
486 2539 686 2580 necne:
714 2522 808 2578 sed
836 2522 975 2589 haec,
1005 2522 1214 2578 etiamsi
1243 2521 1313 2576 sit
1339 2520 1516 2577 inanis
1541 2522 1624 2591 (ut
1649 2521 1727 2576 illi
1750 2523 1894 2579 exis-

275 2616 517 2691 timant),
551 2628 734 2674 tamen
762 2615 1005 2673 facienda
1029 2623 1149 2684 est,
1176 2614 1262 2672 vel
1290 2613 1362 2671 ob
1385 2614 1489 2671 hoc
1517 2615 1714 2684 solum,
1746 2615 1893 2688 quod

1996 1875 2105 1934 tur,
2138 1877 2192 1921 ut
2228 1864 2345 1921 haec
2384 1865 2671 1920 facientem
2703 1865 2790 1919 vel
2836 1881 2943 1919 uno
2988 1865 3080 1922 die
3132 1867 3458 1937 patrimonio
3490 1870 3617 1926 exui

1990 1961 2063 2017 sit
2093 1973 2351 2023 necesse,
2386 1958 2681 2029 perdamne
2729 1973 2843 2013 rem
2891 1958 3247 2028 familiarem,
3300 1976 3459 2025 meo,
3506 1970 3601 2018 aut

1993 2053 2260 2123 majorum
2293 2051 2480 2108 labore
2508 2052 2789 2122 quaesitam
2810 2096 2825 2121 ,
2873 2060 2933 2107 ut.
2978 2052 3089 2124 jam
3121 2053 3226 2124 ipsi
3272 2055 3403 2110 mihi
3433 2056 3614 2113 aliena

1993 2145 2363 2203 misericordia
2395 2144 2681 2201 vivendum
2724 2144 2833 2201 sit?

2063 2242 2203 2310 Quid
2227 2250 2282 2297 tu
2304 2251 2410 2295 tam
2435 2240 2629 2311 pusillo
2646 2239 2826 2294 animo
2847 2250 3216 2313 paupertatem
3239 2242 3432 2300 times?
3452 2259 3615 2316 quam

1995 2337 2156 2394 etiam
2187 2336 2350 2391 vestri
2377 2333 2685 2409 philoSOphi
2717 2334 2967 2389 laudant:
3001 2334 3133 2391 nihil
3162 2335 3264 2391 hac
3296 2338 3494 2405 tutius,
3529 2340 3615 2396 ni-

1994 2429 2176 2502 hilque
2216 2428 2552 2501 tranquillius
2590 2444 2712 2484 esse
2752 2439 3038 2485 testantur.
3084 2431 3197 2487 lloc
3236 2435 3379 2503 quod
3414 2433 3609 2504 times,

1997 2522 2416 2580 sollicitudinum
2448 2528 2640 2593 portus
2665 2530 2767 2577 est.
2800 2519 2885 2576 An
2915 2522 3151 2592 ignoras,
3174 2534 3305 2594 quot
3334 2525 3611 2597 periculis,

1997 2627 2130 2691 quot
2172 2616 2386 2675 casibus
2432 2631 2555 2673 eum
2596 2615 2679 2671 his
2722 2615 2878 2672 malis
2923 2616 3115 2687 Opibus
3142 2617 3455 2690 subjaceas?
3483 2620 3617 2690 Qua:

1657 2751 2022 2816 VARIORUM
2049 2756 2284 2815 NOTIE.

276 2868 545 2929 brissensi
572 2874 627 2925 et
650 2866 750 2924 Ge.
778 2865 1028 2922 Fabricio
1054 2865 1218 2921 simili
1243 2865 1422 2936 glossa
1452 2864 1733 2933 miseratio,
1765 2882 1895 2922 con-

278 2952 365 2999 tra
398 2940 559 2996 tidem
591 2953 722 2995 mss.
753 2948 895 2995 teste
920 2938 1223 3010 Ro~weydo
1252 2948 1307 2993 et
1335 2936 1398 2993 N.
1431 2936 1684 3005 Ileiusio,
1719 2938 1894 2995 fuerat

276 3014 599 3072 Suborttata.
630 3010 860 3082 Egregie
887 3010 1211 3066 Prudentius
1237 3024 1285 3064 c.
1314 3010 1351 3082 l.

2001 2878 2059 2926 et
2085 2868 2279 2931 Brun.,
2305 2882 2696 2939 supervacuam.
2740 2864 2886 2933 Em.,
2911 2882 3347 2936 supervacaneam
3373 2871 3619 2929 dixerunt

2002 2957 2111 2997 esse
2150 2938 2489 3013 sepulturam:
2534 2938 2788 3013 Ιῃιιιίιεξψ⁸
2825 2953 2990 3013 porro
3034 2941 3366 3013 sepulturam
3411 2945 3619 3013 opinati

2002 3022 2130 3068 sunt
2161 3012 2428 3087 Diogenes
2450 3009 3065 3087 Cynicus,_Menippus,
3084 3011 3405 3068 Theodorus
3447 3009 3617 3087 Cyre-

360 3074 845 3155 Peregrinoninfet
887 3097 1168 3155 pauperum
1208 3081 1508 3155 sepultura._
1543 3080 1692 3155 Illud
1736 3083 1905 3137 maxi—
1931 3082 1976 3147 C
2012 3098 2194 3140 meus:
2223 3074 2292 3139 de
2320 3074 2515 3152 quibus
2538 3074 3025 3155 LudovicusVives
3052 3083 3105 3137 in
3134 3074 3526 3143 commentario
3553 3088 3622 3145 ad

278 3174 424 3213 mum
456 3152 559 3227 (ut
588 3164 743 3210 vocat
771 3152 1126 3227 Lactantius)
1172 3153 1376 3227 pietatis
1415 3153 1645 3227 ofﬁcium
1675 3154 1729 3207 in
1762 3170 1908 3221 pere-
2009 3157 2066 3213 S.
2100 3155 2553 3227 Augustinumde
2577 3154 2805 3227 Civitatc
2834 3153 2951 3207 Dei.

320 3223 555 3283 rinorum
585 3236 632 3282 et
663 3241 944 3295 pauperum
973 3225 1255 3293 sepultura.
1282 3223 1572 3293 Sepoltura
1591 3267 1604 3289 ,
1637 3238 1725 3279 res
1751 3240 1905 3281 sacra

307 3244 555 3294 prauorum
585 3243 632 3282 et
663 3243 763 3295 ραν
804 3243 944 3279 erum
973 3243 1255 3293 sepultura.
1282 3243 1572 3293 aeptutura
1591 3267 1604 3289 ,
1637 3243 1725 3279 res
1751 3243 1905 3281 sacra

307 3302 389 3356 uit
413 3313 649 3369 semper.
682 3243 868 3352 Aciiab
898 3306 1048 3369 tan_to
1077 3294 1341 3369 infelicior
1369 3295 1583 3369 habitus
1610 3295 1743 3369 fuit,
1762 3297 1905 3364 quod

280 3366 578 3444 sepultura
596 3369 869 3444 caruerit;
901 3379 955 3421 et
980 3366 1190 3423 Joaltim
1212 3409 1226 3433 ,
1257 3367 1397 3444 quod
1428 3367 1903 3444 asinisepulcmin

279 3437 518 3523 sortitus
557 3440 747 3523 fuerit:
772 3437 1118 3523 ls:tias,_cap.
1157 3454 1230 3505 tv,
1263 3439 1410 3523 Regi.
1427 3438 1716 3523 Babylonis
1757 3438 1899 3523 omi-

281 3524 470 3572 natur.
506 3515 682 3584 ipsum
717 3510 795 3566 de‘
832 3511 1081 3584 sepulcro
1128 3509 1614 3584 suogabgiciendmn
1644 3514 1903 3584 esse._A_n

281 3580 728 3643 Christianorum
760 3581 1085 3651 corporibus
1114 3580 1315 3636 officiat
1335 3623 1350 3648 ,
1383 3582 1428 3636 si
1461 3580 1735 3635 iubmnata
1767 3581 1905 3648 abji-

282 3661 524 3720 ciantur,
572 3655 814 3723 disputat
857 3655 915 3709 ὃ.
957 3654 1184 3723 August.
1227 3652 1319 3708 lib.
1365 3669 1381 3707 ι
1428 3652 1496 3708 de
1534 3652 1764 3708 Civitate
1807 3652 1905 3708 Dei

284 3745 411 3800 cap.
449 3727 521 3783 η
546 3735 603 3781 et
632 3722 721 3782 l3.
760 3722 916 3800 Nunc
944 3722 1107 3800 etiam
1141 3724 1411 3800 vulgatum
1441 3731 1525 3780 est
1548 3765 1563 3791 ,
1582 3736 1655 3800 _ut
1685 3739 1906 3800 magno-

284 3794 414 3857 rnin
459 3808 725 3853 scelerum
774 3798 850 3851 rei
902 3796 1175 3865 sepultura
1231 3794 1652 3865 priventuralle
1705 3794 1904 3864 pietate

286 3875 438 3929 circa
456 3872 784 3939 sepulturam
809 3866 889 3922 sic
913 3864 990 3922 ait
1010 3864 1302 3922 serviusin
1329 3866 1420 3922 lib.
1447 3881 1497 3921 v1
1515 3864 1734 3922 1Eneid.
1761 3884 1775 3921 :
1802 3866 1905 3933 Qui

287 3944 355 3998 de
386 3938 588 4013 pietatis
616 3939 882 4013 generibus
921 3940 1235 4013 scripserunt
1256 3938 1518 4013 .__inquit,
1562 3938 1903 4013 primumdu-

289 4008 409 4070 cum
433 4016 486 4067 in
512 4008 779 4082 sepultura
804 4027 912 4065 esse
937 4009 1222 4065 voluerunt.
1258 4008 1408 4066 Unde
1432 4008 1904 4082 cumpoutiﬁcibus

290 4087 442 4157 nefas
488 4080 615 4139 esset
657 4082 1100 4157 cadaveriuidere,
1132 4082 1293 4157 magis
1324 4094 1492 4157 tamen
1518 4080 1665 4153 nefas
1694 4081 1826 4147 fuit,
1860 4080 1904 4133 si

293 4153 460 4212 visum
489 4154 802 4224 insepultum
823 4154 1187 4223 relinquerent.
1223 4154 1296 4209 De
1318 4153 1591 4219 sepultura
1621 4167 1785 4224 porro
1809 4166 1903 4224 ex-

295 4227 531 4284 hibenda
573 4222 977 4297 benignissime
1008 4226 1279 4297 impendit
1307 4222 1638 4280 cathedralis
1675 4222 1901 4279 ecclesia

297 4298 627 4354 Viennensis
660 4293 726 4352 in'
745 4293 1097 4366 Delphinatu.
1116 4293 1170 4351 Si
1194 4296 1315 4367 quis
1335 4298 1476 4350 enim
1512 4297 1826 4366 peregrinus
1848 4301 1904 4348 et

299 4385 503 4443 pauper
521 4367 745 4443 Viennae
771 4378 1041 4443 a‘grotans
1058 4408 1074 4435 ,
1103 4367 1300 4443 divinis
1325 4369 1576 4443 mollitus
1593 4380 1904 4443 sacramen-

2081 3228 2437 3281 lnhumatum.
2462 3225 2517 3281 Id
2548 3235 2664 3290 est,
2694 3224 2810 3278 sine
2841 3224 3139 3293 sepultura.

2079 3298 2284 3354 Diuina
2303 3313 2468 3351 voces.
2494 3296 2625 3351 Item
2649 3294 2745 3367 lib.
2762 3312 2841 3361 tv,
2873 3312 2990 3365 cap.
3012 3294 3104 3362 26,
3139 3295 3415 3367 Scriptura
3435 3316 3610 3356 sacra.

2080 3369 2202 3441 Non
2230 3386 2364 3441 ergo
2407 3370 2681 3441 patiemur.
2726 3366 2831 3441 Sic
2864 3368 3072 3441 restitui
3117 3384 3181 3423 ex
3228 3366 3619 3441 antiquissimis

2008 3457 2140 3497 is.
2170 3440 2206 3495 2
2227 3436 2459 3502 Bonon.,
2489 3440 2522 3496 8
2550 3439 2708 3509 Reg..
2737 3436 2773 3491 5
2793 3437 2947 3493 Colb.
2978 3438 3236 3509 aliisque,
3269 3453 3321 3498 ct
3350 3436 3416 3496 ed
3447 3442 3613 3500 Torn.

2007 3512 2064 3569 In
2093 3514 2128 3567 2
2149 3512 2282 3582 Reg.
2314 3526 2424 3566 rec.
2456 3521 2513 3585 et
2542 3508 2747 3585 IHCOIb.
2776 3523 2840 3564 ac
2868 3508 3146 3585 impressis
3172 3523 3257 3566 est
3278 3514 3435 3585 enim,
3466 3515 3614 3585 quod

2007 3600 2131 3640 mox
2156 3581 2454 3653 praecessit.
2478 3581 2548 3637 At
2572 3582 2915 3654 lleumannus
2939 3581 3049 3636 vult
3070 3581 3233 3637 etiam
3258 3583 3430 3640 deleri
3452 3581 3611 3654 enim,

2005 3666 2060 3712 et
2090 3652 2197 3726 legi
2226 3671 2354 3726 ergo
2373 3655 2510 3708 sicut
2545 3668 2645 3726 nos
2675 3652 2922 3726 legimus.

2078 3723 2186 3799 Sed
2228 3723 2499 3799 reddemus
2534 3725 2589 3779 id
2628 3734 2795 3799 terrae.
2839 3723 2913 3779 Ita
2940 3724 3254 3799 restitutum
3287 3740 3352 3799 ex
3384 3726 3419 3780 4
3450 3726 3608 3799 Reg.,

2004 3797 2040 3852 4
2066 3796 2246 3863 Colb.,
2279 3797 2425 3861 Em.,
2456 3797 2636 3869 Cant.,
2666 3794 2799 3850 Pen.
2834 3810 2897 3850 ac
2933 3796 2998 3851 10
3024 3794 3309 3869 editis;et'
3332 3794 3614 3869 seqttetilia

2007 3871 2312 3940 postulant,
2360 3868 2991 3940 necessariorumpiunus
3038 3867 3377 3938 implebimus.
3414 3867 3488 3925 In
3541 3872 3601 3927 Η

2006 3937 2138 3998 inss.
2171 3951 2225 3995 et
2256 3940 2291 3995 6
2317 3940 2533 3996 excusis
2561 3948 2664 4002 est,
2699 3937 2791 3993 sed
2811 3939 3106 3993 reddamus.

2082 4013 2327 4081 Quamuis
2372 4014 2429 4065 in
2478 4012 2681 4065 homine
2727 4010 2922 4081 ignoto,
2976 4019 3080 4065 etc.
3137 4008 3262 4066 Hmc
3313 4010 3612 4081 perfectum

2006 4088 2228 4139 omnino
2260 4082 2489 4138 reddunt
2527 4096 2783 4147 sensum;
2816 4094 2869 4137 et
2898 4082 2977 4152 sic
3008 4082 3187 4136 lerunt
3216 4096 3346 4138 mss.
3378 4084 3414 4137 2
3448 4083 3610 4152 Bon.,

2003 4154 2170 4211 Cauc.
2201 4165 2254 4209 et
2279 4155 2315 4207 9.
2341 4154 2473 4224 Reg.
2504 4153 2861 4223 antiquissimi
2883 4193 2898 4218 ,
2922 4151 3058 4208 Tax.
3081 4163 3134 4206 et
3154 4152 3344 4207 Marto.
3379 4170 3407 4206 a
3437 4151 3610 4223 prima

2006 4243 2190 4282 manu.
2220 4225 2322 4280 Alii
2354 4238 2462 4279 tum
2496 4239 2627 4280 mss.
2663 4234 2772 4278 tum
2804 4224 2933 4277 editi
2974 4224 3122 4278 varie
3163 4224 3443 4290 inserunt,
3486 4242 3608 4295 qua:

2007 4309 2065 4353 ut
2095 4299 2423 4369 glossemata
2470 4310 2537 4352 ex
2570 4310 2673 4369 ora
2718 4295 2841 4369 iibri
2874 4295 2925 4348 in
2959 4303 3159 4369 textum
3196 4296 3477 4369 irrepsisse
3528 4297 3610 4351 vi-

2005 4365 2219 4434 den'tor,
2246 4368 2476 4438 ideoque
2502 4365 2684 4438 rejeci.
2718 4365 2846 4438 Post
2873 4365 3298 4438 necessariorum,
3324 4366 3604 4438 l9ﬁseripti

300 4435 488 4530 iis,:_in
519 4441 712 4530 mtirtis
738 4435 966 4530 articqu
1007 4438 1312 4530 requisierit
1366 4438 1577 4520 bmnari
1619 4439 1671 4530 in
1715 4438 1901 4530 catbe-
1926 4471 1977 4530 Β
2002 4439 2311 4530 ξθεἚςιΙίξ.
2343 4435 2516 4530 2’ve‘t‘.
2549 4437 2706 4491 Rom.
2728 4435 2984 4530 ,Jluntar.
3007 4479 3035 4530 5
3070 4435 3350 4530 Par‘rllttts”
3372 4435 3598 4530 Gymn?

297 4514 470 4576 dralis
496 4513 741 4568 ecclesia:
774 4514 1118 4577 emitteterio,
1151 4512 1292 4579 quod
1317 4523 1394 4565 est
1429 4508 1692 4576 iu,medio
1720 4509 1898 4562 claus-

303 4585 406 4650 tri,
434 4592 680 4640 mortuus
706 4592 862 4638 terra:
890 4581 960 4637 ibi
987 4582 1289 4648 mandatur,
1322 4580 1658 4651 puISantibus
1682 4592 1898 4651 campa-

303 4648 411 4720 nis,
443 4657 583 4710 sicut
604 4658 654 4710 in
676 4653 924 4710 canonici
944 4652 1210 4725 exequiis.
1240 4648 1388 4707 Illius
1416 4651 1620 4725 funeris
1645 4648 1899 4725 exequias

303 4736 723 4799 prosequuntur,
753 4740 858 4781 non
883 4725 1056 4780 solum
1072 4722 1329 4799 canonici
1354 4734 1407 4778 et
1446 4722 1687 4799 ejusdem
1728 4722 1902 4799 eccle-

303 4793 399 4854 sia:
423 4793 629 4864 clerus,
655 4812 843 4854 verum
870 4799 1031 4852 etiam
1058 4793 1497 4867 archiepiscopus
1524 4795 1638 4867 ipse
1655 4835 1676 4867 ,Α
1702 4793 1746 4867 si
1778 4803 1903 4847 tunc

303 4872 375 4926 sit
405 4875 456 4924 in
490 4871 621 4924 urbe
641 4910 657 4934 ,
690 4868 1118 4940 praecedentibus
1147 4864 1307 4940 cru—ce
1344 4864 1410 4923 et
1441 4864 1777 4922 candelabris
1817 4878 1905 4919 ar—

303 4940 546 5014 genteis;
572 4939 714 5014 iique
739 4940 1205 5014 amplumgiaciont
1228 4939 1406 5014 funus.

384 5007 784 5083 Omniao'ﬂicia.
816 5007 1045 5083 Mssaj2
1087 5027 1197 5066 rec.
1228 5022 1281 5067 et
1309 5012 1340 5066 7
1371 5009 1501 5067 edit.
1524 5007 1749 5083 _addunt
1787 5021 1902 5060 sua.

311 5084 510 5140 Verum
554 5080 817 5138 Cel’larius
862 5081 1289 5139 et'Heumannus
1332 5090 1479 5139 recte
1516 5080 1760 5153 iudicant
1800 5093 1907 5134 non

307 5154 619 5212 addendum
642 5169 763 5210 esse
790 5170 904 5210 sua.

382 5226 614 5294 Propius
650 5225 970 5297 aberrarunt.
1013 5224 1090 5282 Ita
1130 5240 1261 5281 mss.
1303 5226 1339 5282 5
1378 5225 1509 5296 Reg.
1551 5238 1778 5297 quorum
1805 5219 1913 5277 duo

309 5308 439 5356 sunt
460 5296 848 5367 antiquissimi,
877 5299 903 5353 1
928 5296 1107 5360 Colb.,
1133 5298 1171 5352 2
1188 5297 1450 5358 Clarom..
1474 5299 1511 5349 2
1533 5296 1695 5352 Brun.
1726 5302 1784 5349 ut
1808 5306 1916 5347 non

2000 4511 2051 4566 Is
2095 4510 2320 4571 addunt.
2345 4507 2659 4579 sepulturam
2680 4508 2810 4561 nulli
2831 4508 3140 4581 negandum.
3170 4507 3295 4581 Mss.
3324 4507 3604 4581 sequendo

2003 4583 2350 4638 lleumannus
2392 4594 2547 4650 aeque
2587 4594 2649 4634 ac
2678 4592 2777 4635 nos
2805 4578 2926 4634 cum
2958 4581 3181 4635 doctiss.
3223 4578 3454 4634 Cellario
3487 4581 3604 4637 lure

2004 4654 2102 4710 tria
2134 4653 2294 4709 verba
2318 4651 2585 4707 eradenda
2608 4665 2730 4706 esse
2745 4661 2925 4720 putat:
2957 4660 3030 4711 at.
3058 4652 3249 4720 inquit,
3283 4659 3429 4707 recte
3456 4650 3606 4705 ’l‘bo—

2004 4726 2206 4781 masius
2233 4739 2296 4779 ea
2326 4723 2508 4778 omisit
2536 4724 2587 4777 in
2615 4737 2709 4777 sua
2741 4723 2978 4777 editione
3005 4720 3039 4776 5
3068 4725 3239 4777 UXtttt.
3259 4732 3314 4776 et
3342 4722 3372 4776 7
3390 4723 3599 4791 excusi,

2004 4797 2137 4852 nulli
2166 4795 2454 4868 negandum
2482 4811 2693 4868 manus.
2713 4794 2870 4868 Manu
2896 4795 3099 4849 exarati
3130 4792 3165 4846 4
3194 4793 3397 4868 etedit.
3426 4793 3600 4849 Betul.

2006 4865 2321 4939 sepulturam
2341 4867 2471 4922 nulli
2494 4866 2779 4938 negandum
2800 4866 3175 4939 impendentus;
3198 4868 3216 4919 I
3244 4865 3515 4939 Rogarec.
3550 4875 3608 4921 et

2006 4936 2129 4998 Gat.
2157 4936 2624 4994 necessariorum‘et
2651 4936 2927 4991 amicorum
2956 4937 3268 4999 sepulturam
3294 4936 3424 4990 nulli
3453 4937 3608 4992 dene-

2008 5009 2629 5085 gan‘dantimpendenda2
2661 5025 2852 5085 manus
2872 5018 2916 5062 et
2946 5008 3163 5085 ofﬁrium
3191 5008 3532 5085 implebimus.

2086 5081 2487 5137 Desidet-dbitur.
2532 5081 2555 5136 I
2589 5079 2769 5146 Colb.,
2812 5080 2958 5145 Em.,
2992 5078 3179 5144 Cant”
3219 5090 3275 5134 et
3313 5078 3401 5134 ed.
3444 5078 3598 5140 Rom.

2014 5154 2176 5220 M70,
2211 5152 2536 5217 desiderabit.

2088 5227 2218 5292 Quae
2253 5241 2367 5280 cum
2408 5224 2487 5292 ﬁt.
2528 5221 2655 5279 Haec
2693 5223 2852 5277 verba
2894 5237 3009 5292 quae
3036 5221 3130 5289 ﬁt,
3162 5229 3287 5275 sunt
3315 5236 3380 5277 ex
3408 5222 3444 5276 2
3477 5237 3610 5278 mss.

2018 5296 2445 5355 Bononiensibus
2473 5304 2529 5350 et
2558 5295 2830 5349 nonnullis
2854 5292 3044 5358 editis,
3077 5292 3269 5347 desunt
3301 5293 3351 5347 in
3383 5294 3518 5349 aliis.
3555 5294 3612 5349 Id

312 5382 422 5425 tam
452 5366 612 5440 longe
636 5385 665 5425 a
695 5379 839 5440 recta
867 5370 948 5423 via
981 5369 1201 5425 fuerint.
1231 5369 1343 5425 Hoc
1371 5368 1487 5423 vult
1515 5368 1772 5438 particula
1795 5381 1919 5440 pro-
2018 5380 2102 5426 est
2123 5384 2244 5425 cmn
2266 5371 2324 5421 lit
2345 5368 2400 5440 id
2419 5367 2558 5434 quod
2581 5368 2648 5440 ad
2673 5366 3061 5440 humanitatem
3084 5367 3344 5440 pertinet:
3372 5366 3460 5430 Illa
3485 5366 3614 5440 vero

313 5443 472 5522 pius;
508 5436 1005 5522 iiiQIlil.w:tICIIlllS,
1036 5441 1230 5522 3_R_eg.
1264 5455 1399 5522 rec_.,
1431 5441 1466 5495 ὅ
1492 5436 1915 5522 (Σ-ριιρεηληιξξηξ.

314 5510 369 5571 et
409 5510 612 5568 Sedit.
655 5512 1103 5583 oberraverunt;fl
1136 5513 1248 5583 Reg

317 5731 460 5786 ctius
491 5735 642 5797 putat
667 5742 826 5794 quam
860 5728 1088 5784 aliorum
1121 5728 1497 5782 oberraverunt.

394 5796 847 5870 Supervacaneum
868 5801 1091 5869 facerent
1110 5799 1445 5869 sepulturam.
1480 5798 1507 5855 1
1534 5796 1693 5871 Reg.,
1719 5798 1747 5856 1
1772 5796 1929 5858 Coll).

897 5892 1173 5958 Panos.
1206 5891 1317 5956 VI.

1256 5554 1268 5565 .
1290 5553 1304 5576 ,
1336 5512 1458 5567 Jun.
1479 5552 1495 5579 ,
1527 5512 1642 5566 Pal.
1663 5553 1678 5578 ,
1710 5511 1745 5565 2
1776 5511 1920 5576 Lips.

314 5586 716 5649 aberraverunt;
744 5585 778 5639 5
800 5582 956 5654 Reg.,
981 5582 1017 5637 2
1036 5580 1269 5652 Colb.,]
1297 5584 1469 5652 Lips.,
1499 5580 1654 5638 Cant.
1680 5592 1734 5638 et
1752 5582 1789 5636 2
1812 5593 1922 5641 vet.

315 5657 451 5714 edit.
480 5654 638 5712 Rom.
670 5656 998 5711 aberrarunt.
1030 5656 1184 5725 Quod
1210 5656 1432 5711 verbum
1464 5655 1811 5710 lleumannus
1835 5672 1925 5713 re-

2021 5441 2186 5498 diCIio
2198 5454 2311 5511 qua:
2327 5438 2547 5511 relativa
2563 5438 2659 5492 fuit
2672 5438 2867 5511 otuissa
2882 5437 2933 5490 in
2954 5435 3623 5511 multis.proptegcoujun-

2023 5508 2256 5570 ctionein
2296 5527 2394 5579 que
2418 5510 2724 5575 adiunctam
2755 5508 2974 5562 dictioni
3005 5509 3208 5575 iustior.
3245 5508 3322 5563 Ex
3351 5508 3592 5564 'I‘noutts.

2100 5583 2446 5651 Sacriﬁcium.
2478 5580 2894 5637 Misericordiam
2921 5579 3067 5636 enim
3098 5595 3131 5635 a
3160 5580 3315 5637 nobis
3348 5581 3485 5636 Deus
3513 5579 3629 5635 exi-

2028 5656 2104 5737 git
2114 5658 2312 5737 “potius
2329 5669 2536 5737 ,thtatn
2567 5654 2705 5737 sacri
2710 5652 2886 5737 licium
2898 5693 2910 5706 .

2106 5721 2274 5792 Quam
2302 5721 2455 5779 etiam
2483 5725 2646 5795 vestri
2666 5722 2961 5795 philosophi
2988 5722 3222 5779 laudant.
3249 5721 3385 5781 Vide
3412 5723 3636 5783 Seneca:

2034 5797 2194 5871 epist.
2225 5797 2314 5865 Π,
2342 5795 2414 5854 eo
2443 5806 2498 5855 et
2525 5794 2672 5853 alibi.

3000 5888 3083 5953 22
