  <div class='ocr_page' id='page_1' title='image "/cluster/home/n/w/nwhite01/storage/ocr_20150623/6/hvd.32044015471238/357.png"; bbox 0 0 4090 6354; ppageno 0'>
   <div class='ocr_carea' id='block_1_1' title="bbox 552 298 663 363">
    <p class='ocr_par' dir='ltr' id='par_1_1' title="bbox 552 298 663 363">
     <span class='ocr_line' id='line_1_1' title="bbox 552 298 663 363; baseline -0.018 0"><span class='ocrx_word' id='word_1_1' title='bbox 552 298 663 363; x_wconf 79' lang='lat'><strong>683</strong></span> 
     </span>
    </p>
   </div>
   <div class='ocr_carea' id='block_1_2' title="bbox 1648 278 2762 349">
    <p class='ocr_par' dir='ltr' id='par_1_2' title="bbox 1648 278 2762 349">
     <span class='ocr_line' id='line_1_2' title="bbox 1648 278 2762 349; baseline -0.004 -4"><span class='ocrx_word' id='word_1_2' title='bbox 1648 283 1838 349; x_wconf 77' lang='lat' dir='ltr'><strong>FIRII.</strong></span> <span class='ocrx_word' id='word_1_3' title='bbox 1866 278 2242 349; x_wconf 73' lang='lat' dir='ltr'><strong>LACTANTII</strong></span> <span class='ocrx_word' id='word_1_4' title='bbox 2268 282 2474 345; x_wconf 77' lang='lat' dir='ltr'><strong>DlVlN.</strong></span> <span class='ocrx_word' id='word_1_5' title='bbox 2512 280 2762 344; x_wconf 81' lang='lat' dir='ltr'><strong>INSTIT.</strong></span> 
     </span>
    </p>
   </div>
   <div class='ocr_carea' id='block_1_3' title="bbox 3730 277 3821 345">
    <p class='ocr_par' dir='ltr' id='par_1_3' title="bbox 3730 277 3821 345">
     <span class='ocr_line' id='line_1_3' title="bbox 3730 277 3821 345; baseline 0.033 -4"><span class='ocrx_word' id='word_1_6' title='bbox 3730 277 3821 345; x_wconf 73' lang='grc'><strong>681</strong></span> 
     </span>
    </p>
   </div>
   <div class='ocr_carea' id='block_1_4' title="bbox 547 376 3824 482">
    <p class='ocr_par' dir='ltr' id='par_1_4' title="bbox 547 376 3824 482">
     <span class='ocr_line' id='line_1_4' title="bbox 547 376 3824 482; baseline -0.004 -8"><span class='ocrx_word' id='word_1_7' title='bbox 547 428 732 476; x_wconf 89' lang='lat' dir='ltr'><strong>tecum</strong></span> <span class='ocrx_word' id='word_1_8' title='bbox 753 412 896 471; x_wconf 86' lang='lat' dir='ltr'><strong>bene</strong></span> <span class='ocrx_word' id='word_1_9' title='bbox 933 410 1125 482; x_wconf 83' lang='lat' dir='ltr'><strong>agent,</strong></span> <span class='ocrx_word' id='word_1_10' title='bbox 1166 404 1212 461; x_wconf 99' lang='lat' dir='ltr'><strong>si</strong></span> <span class='ocrx_word' id='word_1_11' title='bbox 1241 402 1359 462; x_wconf 90' lang='lat' dir='ltr'><strong>sine</strong></span> <span class='ocrx_word' id='word_1_12' title='bbox 1389 410 1481 461; x_wconf 90' lang='lat' dir='ltr'><strong>tuo</strong></span> <span class='ocrx_word' id='word_1_13' title='bbox 1507 414 1700 461; x_wconf 81' lang='lat' dir='ltr'><strong>cruore</strong></span> <span class='ocrx_word' id='word_1_14' title='bbox 1724 402 2054 461; x_wconf 77' lang='lat' dir='ltr'><strong>transierint.</strong></span> <span class='ocrx_word' id='word_1_15' title='bbox 2081 400 2161 459; x_wconf 86' lang='lat' dir='ltr'><strong>Tn</strong></span> <span class='ocrx_word' id='word_1_16' title='bbox 2188 408 2243 471; x_wconf 81' lang='grc' dir='ltr'><strong>Α</strong></span> <span class='ocrx_word' id='word_1_17' title='bbox 2267 414 2509 464; x_wconf 91' lang='lat' dir='ltr'><strong>mortuos</strong></span> <span class='ocrx_word' id='word_1_18' title='bbox 2548 404 2740 476; x_wconf 80' lang='lat' dir='ltr'><strong>sepeli.</strong></span> <span class='ocrx_word' id='word_1_19' title='bbox 2778 401 2918 474; x_wconf 84' lang='lat' dir='ltr'><strong>Quid</strong></span> <span class='ocrx_word' id='word_1_20' title='bbox 2957 399 3177 473; x_wconf 75' lang='lat' dir='ltr'><strong>prodest</strong></span> <span class='ocrx_word' id='word_1_21' title='bbox 3212 376 3437 472; x_wconf 67' lang='lat' dir='ltr'><strong>perditae</strong></span> <span class='ocrx_word' id='word_1_22' title='bbox 3464 398 3696 473; x_wconf 71' lang='lat' dir='ltr'><strong>nequitim</strong></span> <span class='ocrx_word' id='word_1_23' title='bbox 3722 401 3824 461; x_wconf 85' lang='lat' dir='ltr'><strong>bes-</strong></span> 
     </span>
    </p>
   </div>
   <div class='ocr_carea' id='block_1_5' title="bbox 555 493 2168 580">
    <p class='ocr_par' dir='ltr' id='par_1_5' title="bbox 555 493 2168 580">
     <span class='ocr_line' id='line_1_5' title="bbox 555 493 2168 580; baseline -0.008 -16"><span class='ocrx_word' id='word_1_24' title='bbox 555 525 687 566; x_wconf 85' lang='lat' dir='ltr'><strong>vero</strong></span> <span class='ocrx_word' id='word_1_25' title='bbox 717 505 895 580; x_wconf 79' lang='lat' dir='ltr'><strong>praeda</strong></span> <span class='ocrx_word' id='word_1_26' title='bbox 925 508 1151 558; x_wconf 89' lang='lat' dir='ltr'><strong>onustus</strong></span> <span class='ocrx_word' id='word_1_27' title='bbox 1180 496 1419 565; x_wconf 88' lang='lat' dir='ltr'><strong>incedis,</strong></span> <span class='ocrx_word' id='word_1_28' title='bbox 1454 504 1509 553; x_wconf 89' lang='lat' dir='ltr'><strong>ct</strong></span> <span class='ocrx_word' id='word_1_29' title='bbox 1546 496 1716 567; x_wconf 86' lang='lat' dir='ltr'><strong>spolia</strong></span> <span class='ocrx_word' id='word_1_30' title='bbox 1738 496 1912 568; x_wconf 86' lang='lat' dir='ltr'><strong>geris,</strong></span> <span class='ocrx_word' id='word_1_31' title='bbox 1943 509 2063 566; x_wconf 66' lang='lat' dir='ltr'><strong>quae</strong></span> <span class='ocrx_word' id='word_1_32' title='bbox 2093 493 2168 551; x_wconf 62' lang='lat' dir='ltr'><strong>iro</strong></span> 
     </span>
    </p>
   </div>
   <div class='ocr_carea' id='block_1_6' title="bbox 559 590 2172 665">
    <p class='ocr_par' dir='ltr' id='par_1_6' title="bbox 559 590 2172 665">
     <span class='ocr_line' id='line_1_6' title="bbox 559 590 2172 665; baseline -0.01 -4"><span class='ocrx_word' id='word_1_33' title='bbox 559 608 602 661; x_wconf 88' lang='lat' dir='ltr'><strong>ri</strong></span> <span class='ocrx_word' id='word_1_34' title='bbox 615 611 728 659; x_wconf 90' lang='lat' dir='ltr'><strong>teut</strong></span> <span class='ocrx_word' id='word_1_35' title='bbox 755 601 963 655; x_wconf 87' lang='lat' dir='ltr'><strong>animos</strong></span> <span class='ocrx_word' id='word_1_36' title='bbox 989 596 1151 652; x_wconf 89' lang='lat' dir='ltr'><strong>etiam</strong></span> <span class='ocrx_word' id='word_1_37' title='bbox 1186 604 1419 651; x_wconf 86' lang='lat' dir='ltr'><strong>tuorum.</strong></span> <span class='ocrx_word' id='word_1_38' title='bbox 1452 592 1592 662; x_wconf 83' lang='lat' dir='ltr'><strong>Quid</strong></span> <span class='ocrx_word' id='word_1_39' title='bbox 1621 608 1750 665; x_wconf 87' lang='lat' dir='ltr'><strong>ergo</strong></span> <span class='ocrx_word' id='word_1_40' title='bbox 1779 591 1995 647; x_wconf 89' lang='lat' dir='ltr'><strong>dubitas</strong></span> <span class='ocrx_word' id='word_1_41' title='bbox 2034 590 2172 645; x_wconf 83' lang='lat' dir='ltr'><strong>bene</strong></span> 
     </span>
    </p>
   </div>
   <div class='ocr_carea' id='block_1_7' title="bbox 559 686 2174 763">
    <p class='ocr_par' dir='ltr' id='par_1_7' title="bbox 559 686 2174 763">
     <span class='ocr_line' id='line_1_7' title="bbox 559 686 2174 763; baseline -0.009 -7"><span class='ocrx_word' id='word_1_42' title='bbox 559 699 830 756; x_wconf 82' lang='lat' dir='ltr'><strong>collocare</strong></span> <span class='ocrx_word' id='word_1_43' title='bbox 858 692 911 750; x_wconf 88' lang='lat' dir='ltr'><strong>id</strong></span> <span class='ocrx_word' id='word_1_44' title='bbox 930 736 945 761; x_wconf 96' lang='lat'><strong>,</strong></span> <span class='ocrx_word' id='word_1_45' title='bbox 976 691 1118 763; x_wconf 91' lang='lat' dir='ltr'><strong>quod</strong></span> <span class='ocrx_word' id='word_1_46' title='bbox 1147 691 1240 749; x_wconf 90' lang='lat' dir='ltr'><strong>tibi</strong></span> <span class='ocrx_word' id='word_1_47' title='bbox 1267 690 1451 746; x_wconf 81' lang='lat' dir='ltr'><strong>forsan</strong></span> <span class='ocrx_word' id='word_1_48' title='bbox 1478 689 1667 761; x_wconf 83' lang='lat' dir='ltr'><strong>eripiet</strong></span> <span class='ocrx_word' id='word_1_49' title='bbox 1694 697 1786 745; x_wconf 91' lang='lat' dir='ltr'><strong>aut</strong></span> <span class='ocrx_word' id='word_1_50' title='bbox 1814 703 1977 744; x_wconf 90' lang='lat' dir='ltr'><strong>unum</strong></span> <span class='ocrx_word' id='word_1_51' title='bbox 2008 686 2174 742; x_wconf 59' lang='lat' dir='ltr'><strong>latroc</strong></span> 
     </span>
    </p>
   </div>
   <div class='ocr_carea' id='block_1_8' title="bbox 558 777 2173 858">
    <p class='ocr_par' dir='ltr' id='par_1_8' title="bbox 558 777 2173 858">
     <span class='ocr_line' id='line_1_8' title="bbox 558 777 2173 858; baseline -0.009 -8"><span class='ocrx_word' id='word_1_52' title='bbox 558 792 759 850; x_wconf 87' lang='lat' dir='ltr'><strong>ciuium</strong></span> <span class='ocrx_word' id='word_1_53' title='bbox 778 830 794 858; x_wconf 91' lang='lat'><strong>,</strong></span> <span class='ocrx_word' id='word_1_54' title='bbox 824 797 917 843; x_wconf 90' lang='lat' dir='ltr'><strong>aut</strong></span> <span class='ocrx_word' id='word_1_55' title='bbox 941 786 1182 842; x_wconf 79' lang='lat' dir='ltr'><strong>existens</strong></span> <span class='ocrx_word' id='word_1_56' title='bbox 1208 792 1431 855; x_wconf 86' lang='lat' dir='ltr'><strong>repente</strong></span> <span class='ocrx_word' id='word_1_57' title='bbox 1459 782 1812 855; x_wconf 87' lang='lat' dir='ltr'><strong>proscriptio,</strong></span> <span class='ocrx_word' id='word_1_58' title='bbox 1844 789 1937 836; x_wconf 87' lang='lat' dir='ltr'><strong>aut</strong></span> <span class='ocrx_word' id='word_1_59' title='bbox 1964 777 2173 837; x_wconf 73' lang='lat' dir='ltr'><strong>bosﬁlis</strong></span> 
     </span>
    </p>
   </div>
   <div class='ocr_carea' id='block_1_9' title="bbox 560 873 2174 957">
    <p class='ocr_par' dir='ltr' id='par_1_9' title="bbox 560 873 2174 957">
     <span class='ocr_line' id='line_1_9' title="bbox 560 873 2174 957; baseline -0.011 -13"><span class='ocrx_word' id='word_1_60' title='bbox 560 887 739 957; x_wconf 79' lang='lat' dir='ltr'><strong>aliqua</strong></span> <span class='ocrx_word' id='word_1_61' title='bbox 766 878 1031 953; x_wconf 83' lang='lat' dir='ltr'><strong>direptio?</strong></span> <span class='ocrx_word' id='word_1_62' title='bbox 1059 877 1198 950; x_wconf 87' lang='lat' dir='ltr'><strong>Quid</strong></span> <span class='ocrx_word' id='word_1_63' title='bbox 1227 892 1419 934; x_wconf 86' lang='lat' dir='ltr'><strong>verere</strong></span> <span class='ocrx_word' id='word_1_64' title='bbox 1447 876 1651 933; x_wconf 83' lang='lat' dir='ltr'><strong>ﬂuxum</strong></span> <span class='ocrx_word' id='word_1_65' title='bbox 1677 886 1729 932; x_wconf 90' lang='lat' dir='ltr'><strong>et</strong></span> <span class='ocrx_word' id='word_1_66' title='bbox 1760 873 1946 946; x_wconf 76' lang='lat' dir='ltr'><strong>fragile</strong></span> <span class='ocrx_word' id='word_1_67' title='bbox 1974 873 2174 928; x_wconf 89' lang='lat' dir='ltr'><strong>bonum</strong></span> 
     </span>
    </p>
   </div>
   <div class='ocr_carea' id='block_1_10' title="bbox 560 962 2178 1047">
    <p class='ocr_par' dir='ltr' id='par_1_10' title="bbox 560 962 2178 1047">
     <span class='ocr_line' id='line_1_10' title="bbox 560 962 2178 1047; baseline -0.011 -10"><span class='ocrx_word' id='word_1_68' title='bbox 560 982 741 1037; x_wconf 87' lang='lat' dir='ltr'><strong>facere</strong></span> <span class='ocrx_word' id='word_1_69' title='bbox 768 977 1193 1047; x_wconf 85' lang='lat' dir='ltr'><strong>sempiternum,</strong></span> <span class='ocrx_word' id='word_1_70' title='bbox 1225 979 1319 1027; x_wconf 90' lang='lat' dir='ltr'><strong>aut</strong></span> <span class='ocrx_word' id='word_1_71' title='bbox 1358 969 1645 1027; x_wconf 87' lang='lat' dir='ltr'><strong>thesauros</strong></span> <span class='ocrx_word' id='word_1_72' title='bbox 1674 978 1794 1025; x_wconf 87' lang='lat' dir='ltr'><strong>tuos</strong></span> <span class='ocrx_word' id='word_1_73' title='bbox 1823 962 2037 1022; x_wconf 86' lang='lat' dir='ltr'><strong>custodi</strong></span> <span class='ocrx_word' id='word_1_74' title='bbox 2063 963 2178 1021; x_wconf 84' lang='lat' dir='ltr'><strong>Deo</strong></span> 
     </span>
    </p>
   </div>
   <div class='ocr_carea' id='block_1_11' title="bbox 563 1062 2177 1140">
    <p class='ocr_par' dir='ltr' id='par_1_11' title="bbox 563 1062 2177 1140">
     <span class='ocr_line' id='line_1_11' title="bbox 563 1062 2177 1140; baseline -0.013 -6"><span class='ocrx_word' id='word_1_75' title='bbox 563 1073 789 1134; x_wconf 77' lang='lat' dir='ltr'><strong>credere</strong></span> <span class='ocrx_word' id='word_1_76' title='bbox 812 1114 827 1140; x_wconf 92' lang='lat'><strong>,</strong></span> <span class='ocrx_word' id='word_1_77' title='bbox 859 1068 950 1127; x_wconf 92' lang='lat' dir='ltr'><strong>ubi</strong></span> <span class='ocrx_word' id='word_1_78' title='bbox 987 1083 1094 1124; x_wconf 91' lang='lat' dir='ltr'><strong>non</strong></span> <span class='ocrx_word' id='word_1_79' title='bbox 1124 1067 1297 1123; x_wconf 89' lang='lat' dir='ltr'><strong>furem</strong></span> <span class='ocrx_word' id='word_1_80' title='bbox 1337 1064 1759 1139; x_wconf 70' lang='lat' dir='ltr'><strong>praedonemque</strong></span> <span class='ocrx_word' id='word_1_81' title='bbox 1795 1062 1991 1117; x_wconf 84' lang='lat' dir='ltr'><strong>timeas</strong></span> <span class='ocrx_word' id='word_1_82' title='bbox 2012 1099 2028 1124; x_wconf 94' lang='lat'><strong>,</strong></span> <span class='ocrx_word' id='word_1_83' title='bbox 2068 1072 2177 1114; x_wconf 84' lang='lat' dir='ltr'><strong>non</strong></span> 
     </span>
    </p>
   </div>
   <div class='ocr_carea' id='block_1_12' title="bbox 559 1153 2175 1241">
    <p class='ocr_par' dir='ltr' id='par_1_12' title="bbox 559 1153 2175 1241">
     <span class='ocr_line' id='line_1_12' title="bbox 559 1153 2175 1241; baseline -0.013 -13"><span class='ocrx_word' id='word_1_84' title='bbox 559 1168 861 1241; x_wconf 85' lang='lat' dir='ltr'><strong>rubiginem</strong></span> <span class='ocrx_word' id='word_1_85' title='bbox 879 1208 897 1233; x_wconf 93' lang='lat'><strong>,</strong></span> <span class='ocrx_word' id='word_1_86' title='bbox 926 1180 1034 1221; x_wconf 90' lang='lat' dir='ltr'><strong>non</strong></span> <span class='ocrx_word' id='word_1_87' title='bbox 1064 1160 1389 1236; x_wconf 86' lang='lat' dir='ltr'><strong>tyrannum?</strong></span> <span class='ocrx_word' id='word_1_88' title='bbox 1415 1158 1518 1230; x_wconf 83' lang='lat' dir='ltr'><strong>Qui</strong></span> <span class='ocrx_word' id='word_1_89' title='bbox 1543 1157 1684 1231; x_wconf 89' lang='lat' dir='ltr'><strong>aqud</strong></span> <span class='ocrx_word' id='word_1_90' title='bbox 1707 1156 1876 1212; x_wconf 83' lang='lat' dir='ltr'><strong>Deum</strong></span> <span class='ocrx_word' id='word_1_91' title='bbox 1897 1153 2050 1210; x_wconf 87' lang='lat' dir='ltr'><strong>dives</strong></span> <span class='ocrx_word' id='word_1_92' title='bbox 2073 1163 2175 1220; x_wconf 88' lang='lat' dir='ltr'><strong>est,</strong></span> 
     </span>
    </p>
   </div>
   <div class='ocr_carea' id='block_1_13' title="bbox 564 1247 2177 1337">
    <p class='ocr_par' dir='ltr' id='par_1_13' title="bbox 564 1247 2177 1337">
     <span class='ocr_line' id='line_1_13' title="bbox 564 1247 2177 1337; baseline -0.011 -17"><span class='ocrx_word' id='word_1_93' title='bbox 564 1277 769 1337; x_wconf 84' lang='lat' dir='ltr'><strong>pauper</strong></span> <span class='ocrx_word' id='word_1_94' title='bbox 797 1274 921 1318; x_wconf 91' lang='lat' dir='ltr'><strong>esse</strong></span> <span class='ocrx_word' id='word_1_95' title='bbox 948 1270 1223 1327; x_wconf 83' lang='lat' dir='ltr'><strong>nunquam</strong></span> <span class='ocrx_word' id='word_1_96' title='bbox 1251 1262 1452 1327; x_wconf 88' lang='lat' dir='ltr'><strong>potest.</strong></span> <span class='ocrx_word' id='word_1_97' title='bbox 1475 1251 1531 1309; x_wconf 92' lang='lat' dir='ltr'><strong>Si</strong></span> <span class='ocrx_word' id='word_1_98' title='bbox 1552 1251 1818 1322; x_wconf 87' lang='lat' dir='ltr'><strong>justitiam</strong></span> <span class='ocrx_word' id='word_1_99' title='bbox 1849 1247 1983 1305; x_wconf 90' lang='lat' dir='ltr'><strong>tanti</strong></span> <span class='ocrx_word' id='word_1_100' title='bbox 2002 1256 2177 1318; x_wconf 89' lang='lat' dir='ltr'><strong>putas,</strong></span> 
     </span>
    </p>
   </div>
   <div class='ocr_carea' id='block_1_14' title="bbox 566 1340 2182 1431">
    <p class='ocr_par' dir='ltr' id='par_1_14' title="bbox 566 1340 2182 1431">
     <span class='ocr_line' id='line_1_14' title="bbox 566 1340 2182 1431; baseline -0.012 -18"><span class='ocrx_word' id='word_1_101' title='bbox 566 1369 823 1427; x_wconf 87' lang='lat' dir='ltr'><strong>sequere,</strong></span> <span class='ocrx_word' id='word_1_102' title='bbox 854 1351 1081 1431; x_wconf 89' lang='lat' dir='ltr'><strong>abjectis</strong></span> <span class='ocrx_word' id='word_1_103' title='bbox 1106 1348 1365 1405; x_wconf 90' lang='lat' dir='ltr'><strong>oneribus</strong></span> <span class='ocrx_word' id='word_1_104' title='bbox 1393 1361 1513 1415; x_wconf 72' lang='lat' dir='ltr'><strong>quae</strong></span> <span class='ocrx_word' id='word_1_105' title='bbox 1540 1354 1594 1401; x_wconf 90' lang='lat' dir='ltr'><strong>te</strong></span> <span class='ocrx_word' id='word_1_106' title='bbox 1620 1351 1903 1416; x_wconf 90' lang='lat' dir='ltr'><strong>premunt:</strong></span> <span class='ocrx_word' id='word_1_107' title='bbox 1934 1340 2103 1397; x_wconf 88' lang='lat' dir='ltr'><strong>libera</strong></span> <span class='ocrx_word' id='word_1_108' title='bbox 2130 1348 2182 1396; x_wconf 90' lang='lat' dir='ltr'><strong>te</strong></span> 
     </span>
    </p>
   </div>
   <div class='ocr_carea' id='block_1_15' title="bbox 566 1439 2182 1524">
    <p class='ocr_par' dir='ltr' id='par_1_15' title="bbox 566 1439 2182 1524">
     <span class='ocr_line' id='line_1_15' title="bbox 566 1439 2182 1524; baseline -0.009 -16"><span class='ocrx_word' id='word_1_109' title='bbox 566 1452 745 1524; x_wconf 88' lang='lat' dir='ltr'><strong>ipsum</strong></span> <span class='ocrx_word' id='word_1_110' title='bbox 773 1447 1129 1520; x_wconf 87' lang='lat' dir='ltr'><strong>compedibus</strong></span> <span class='ocrx_word' id='word_1_111' title='bbox 1159 1453 1215 1502; x_wconf 91' lang='lat' dir='ltr'><strong>et</strong></span> <span class='ocrx_word' id='word_1_112' title='bbox 1241 1444 1479 1510; x_wconf 91' lang='lat' dir='ltr'><strong>catenis,</strong></span> <span class='ocrx_word' id='word_1_113' title='bbox 1511 1451 1569 1500; x_wconf 92' lang='lat' dir='ltr'><strong>ut</strong></span> <span class='ocrx_word' id='word_1_114' title='bbox 1598 1441 1883 1513; x_wconf 89' lang='lat' dir='ltr'><strong>expeditus</strong></span> <span class='ocrx_word' id='word_1_115' title='bbox 1912 1439 1981 1497; x_wconf 89' lang='lat' dir='ltr'><strong>ad</strong></span> <span class='ocrx_word' id='word_1_116' title='bbox 2011 1440 2182 1496; x_wconf 91' lang='lat' dir='ltr'><strong>Deum</strong></span> 
     </span>
    </p>
   </div>
   <div class='ocr_carea' id='block_1_16' title="bbox 565 1536 2183 1616">
    <p class='ocr_par' dir='ltr' id='par_1_16' title="bbox 565 1536 2183 1616">
     <span class='ocr_line' id='line_1_16' title="bbox 565 1536 2183 1616; baseline -0.006 -14"><span class='ocrx_word' id='word_1_117' title='bbox 565 1561 776 1602; x_wconf 86' lang='lat' dir='ltr'><strong>curras.</strong></span> <span class='ocrx_word' id='word_1_118' title='bbox 810 1544 988 1616; x_wconf 82' lang='lat' dir='ltr'><strong>Magni</strong></span> <span class='ocrx_word' id='word_1_119' title='bbox 1014 1551 1071 1600; x_wconf 90' lang='lat' dir='ltr'><strong>et</strong></span> <span class='ocrx_word' id='word_1_120' title='bbox 1097 1541 1297 1599; x_wconf 78' lang='lat' dir='ltr'><strong>excelsi</strong></span> <span class='ocrx_word' id='word_1_121' title='bbox 1336 1540 1505 1596; x_wconf 90' lang='lat' dir='ltr'><strong>animi</strong></span> <span class='ocrx_word' id='word_1_122' title='bbox 1545 1549 1631 1595; x_wconf 85' lang='lat' dir='ltr'><strong>est</strong></span> <span class='ocrx_word' id='word_1_123' title='bbox 1668 1538 1949 1609; x_wconf 86' lang='lat' dir='ltr'><strong>despicere</strong></span> <span class='ocrx_word' id='word_1_124' title='bbox 1972 1546 2029 1594; x_wconf 88' lang='lat' dir='ltr'><strong>et</strong></span> <span class='ocrx_word' id='word_1_125' title='bbox 2067 1536 2183 1593; x_wconf 91' lang='lat' dir='ltr'><strong>cal-</strong></span> 
     </span>
    </p>
   </div>
   <div class='ocr_carea' id='block_1_17' title="bbox 568 1630 2186 1701">
    <p class='ocr_par' dir='ltr' id='par_1_17' title="bbox 568 1630 2186 1701">
     <span class='ocr_line' id='line_1_17' title="bbox 568 1630 2186 1701; baseline -0.005 -7"><span class='ocrx_word' id='word_1_126' title='bbox 568 1653 697 1694; x_wconf 90' lang='lat' dir='ltr'><strong>care</strong></span> <span class='ocrx_word' id='word_1_127' title='bbox 725 1636 996 1693; x_wconf 81' lang='lat' dir='ltr'><strong>mortalia.</strong></span> <span class='ocrx_word' id='word_1_128' title='bbox 1027 1633 1137 1691; x_wconf 90' lang='lat' dir='ltr'><strong>Sed</strong></span> <span class='ocrx_word' id='word_1_129' title='bbox 1163 1633 1211 1689; x_wconf 92' lang='lat' dir='ltr'><strong>si</strong></span> <span class='ocrx_word' id='word_1_130' title='bbox 1238 1633 1379 1688; x_wconf 88' lang='lat' dir='ltr'><strong>banc</strong></span> <span class='ocrx_word' id='word_1_131' title='bbox 1403 1632 1661 1688; x_wconf 87' lang='lat' dir='ltr'><strong>virtutem</strong></span> <span class='ocrx_word' id='word_1_132' title='bbox 1688 1646 1795 1687; x_wconf 90' lang='lat' dir='ltr'><strong>non</strong></span> <span class='ocrx_word' id='word_1_133' title='bbox 1821 1631 1993 1701; x_wconf 85' lang='lat' dir='ltr'><strong>capis,</strong></span> <span class='ocrx_word' id='word_1_134' title='bbox 2022 1640 2079 1687; x_wconf 86' lang='lat' dir='ltr'><strong>ut</strong></span> <span class='ocrx_word' id='word_1_135' title='bbox 2104 1630 2186 1687; x_wconf 89' lang='lat' dir='ltr'><strong>di—</strong></span> 
     </span>
    </p>
   </div>
   <div class='ocr_carea' id='block_1_18' title="bbox 570 1726 2186 1799">
    <p class='ocr_par' dir='ltr' id='par_1_18' title="bbox 570 1726 2186 1799">
     <span class='ocr_line' id='line_1_18' title="bbox 570 1726 2186 1799; baseline -0.004 -10"><span class='ocrx_word' id='word_1_136' title='bbox 570 1734 733 1789; x_wconf 86' lang='lat' dir='ltr'><strong>vitias</strong></span> <span class='ocrx_word' id='word_1_137' title='bbox 774 1740 895 1788; x_wconf 91' lang='lat' dir='ltr'><strong>tuas</strong></span> <span class='ocrx_word' id='word_1_138' title='bbox 937 1731 992 1787; x_wconf 90' lang='lat' dir='ltr'><strong>in</strong></span> <span class='ocrx_word' id='word_1_139' title='bbox 1029 1746 1179 1786; x_wconf 87' lang='lat' dir='ltr'><strong>aram</strong></span> <span class='ocrx_word' id='word_1_140' title='bbox 1208 1728 1306 1785; x_wconf 87' lang='lat' dir='ltr'><strong>Dei</strong></span> <span class='ocrx_word' id='word_1_141' title='bbox 1344 1727 1629 1795; x_wconf 87' lang='lat' dir='ltr'><strong>conferas,</strong></span> <span class='ocrx_word' id='word_1_142' title='bbox 1673 1736 1733 1783; x_wconf 90' lang='lat' dir='ltr'><strong>ut</strong></span> <span class='ocrx_word' id='word_1_143' title='bbox 1772 1726 2049 1799; x_wconf 89' lang='lat' dir='ltr'><strong>fragilibus</strong></span> <span class='ocrx_word' id='word_1_144' title='bbox 2090 1726 2186 1783; x_wconf 89' lang='lat' dir='ltr'><strong>tibi</strong></span> 
     </span>
    </p>
   </div>
   <div class='ocr_carea' id='block_1_19' title="bbox 570 1817 2267 1896">
    <p class='ocr_par' dir='ltr' id='par_1_19' title="bbox 570 1817 2267 1896">
     <span class='ocr_line' id='line_1_19' title="bbox 570 1817 2267 1896; baseline -0.005 -13"><span class='ocrx_word' id='word_1_145' title='bbox 570 1839 856 1896; x_wconf 87' lang='lat' dir='ltr'><strong>compares</strong></span> <span class='ocrx_word' id='word_1_146' title='bbox 901 1823 1177 1891; x_wconf 89' lang='lat' dir='ltr'><strong>ﬁrmiora,</strong></span> <span class='ocrx_word' id='word_1_147' title='bbox 1228 1822 1474 1878; x_wconf 89' lang='lat' dir='ltr'><strong>liberabo</strong></span> <span class='ocrx_word' id='word_1_148' title='bbox 1526 1831 1577 1877; x_wconf 90' lang='lat' dir='ltr'><strong>te</strong></span> <span class='ocrx_word' id='word_1_149' title='bbox 1625 1829 1792 1877; x_wconf 91' lang='lat' dir='ltr'><strong>metu.</strong></span> <span class='ocrx_word' id='word_1_150' title='bbox 1843 1819 2037 1875; x_wconf 83' lang='lat' dir='ltr'><strong>Omnia</strong></span> <span class='ocrx_word' id='word_1_151' title='bbox 2088 1820 2189 1876; x_wconf 91' lang='lat' dir='ltr'><strong>ista</strong></span> <span class='ocrx_word' id='word_1_152' title='bbox 2218 1817 2267 1881; x_wconf 90' lang='lat' dir='ltr'><strong>B</strong></span> 
     </span>
    </p>
   </div>
   <div class='ocr_carea' id='block_1_20' title="bbox 571 1913 2183 1990">
    <p class='ocr_par' dir='ltr' id='par_1_20' title="bbox 571 1913 2183 1990">
     <span class='ocr_line' id='line_1_20' title="bbox 571 1913 2183 1990; baseline -0.004 -15"><span class='ocrx_word' id='word_1_153' title='bbox 571 1926 847 1990; x_wconf 67' lang='lat' dir='ltr'><strong>prmcepta</strong></span> <span class='ocrx_word' id='word_1_154' title='bbox 875 1930 985 1973; x_wconf 89' lang='lat' dir='ltr'><strong>non</strong></span> <span class='ocrx_word' id='word_1_155' title='bbox 1018 1917 1116 1973; x_wconf 89' lang='lat' dir='ltr'><strong>tibi</strong></span> <span class='ocrx_word' id='word_1_156' title='bbox 1144 1915 1245 1973; x_wconf 88' lang='lat' dir='ltr'><strong>soli</strong></span> <span class='ocrx_word' id='word_1_157' title='bbox 1273 1914 1490 1983; x_wconf 85' lang='lat' dir='ltr'><strong>dantur,</strong></span> <span class='ocrx_word' id='word_1_158' title='bbox 1525 1913 1621 1972; x_wconf 90' lang='lat' dir='ltr'><strong>sed</strong></span> <span class='ocrx_word' id='word_1_159' title='bbox 1650 1914 1798 1970; x_wconf 88' lang='lat' dir='ltr'><strong>onmi</strong></span> <span class='ocrx_word' id='word_1_160' title='bbox 1828 1914 2025 1985; x_wconf 87' lang='lat' dir='ltr'><strong>populo</strong></span> <span class='ocrx_word' id='word_1_161' title='bbox 2044 1955 2061 1983; x_wconf 92' lang='lat'><strong>,</strong></span> <span class='ocrx_word' id='word_1_162' title='bbox 2090 1914 2183 1986; x_wconf 90' lang='lat' dir='ltr'><strong>qui</strong></span> 
     </span>
    </p>
   </div>
   <div class='ocr_carea' id='block_1_21' title="bbox 565 2007 2177 2087">
    <p class='ocr_par' dir='ltr' id='par_1_21' title="bbox 565 2007 2177 2087">
     <span class='ocr_line' id='line_1_21' title="bbox 565 2007 2177 2087; baseline -0.003 -19"><span class='ocrx_word' id='word_1_163' title='bbox 565 2022 755 2069; x_wconf 89' lang='lat' dir='ltr'><strong>mente</strong></span> <span class='ocrx_word' id='word_1_164' title='bbox 802 2010 1125 2087; x_wconf 88' lang='lat' dir='ltr'><strong>conjunctus</strong></span> <span class='ocrx_word' id='word_1_165' title='bbox 1153 2018 1267 2077; x_wconf 87' lang='lat' dir='ltr'><strong>est,</strong></span> <span class='ocrx_word' id='word_1_166' title='bbox 1298 2018 1355 2067; x_wconf 88' lang='lat' dir='ltr'><strong>et</strong></span> <span class='ocrx_word' id='word_1_167' title='bbox 1388 2008 1631 2070; x_wconf 65' lang='lat' dir='ltr'><strong>cohaeret</strong></span> <span class='ocrx_word' id='word_1_168' title='bbox 1655 2007 1795 2085; x_wconf 83' lang='lat' dir='ltr'><strong>sicut</strong></span> <span class='ocrx_word' id='word_1_169' title='bbox 1822 2010 1988 2064; x_wconf 89' lang='lat' dir='ltr'><strong>homo</strong></span> <span class='ocrx_word' id='word_1_170' title='bbox 2016 2023 2177 2064; x_wconf 89' lang='lat' dir='ltr'><strong>unus.</strong></span> 
     </span>
    </p>
   </div>
   <div class='ocr_carea' id='block_1_22' title="bbox 572 2101 2182 2176">
    <p class='ocr_par' dir='ltr' id='par_1_22' title="bbox 572 2101 2182 2176">
     <span class='ocr_line' id='line_1_22' title="bbox 572 2101 2182 2176; baseline -0.003 -13"><span class='ocrx_word' id='word_1_171' title='bbox 572 2105 630 2163; x_wconf 89' lang='lat' dir='ltr'><strong>Si</strong></span> <span class='ocrx_word' id='word_1_172' title='bbox 654 2105 807 2162; x_wconf 89' lang='lat' dir='ltr'><strong>solus</strong></span> <span class='ocrx_word' id='word_1_173' title='bbox 828 2104 1040 2176; x_wconf 78' lang='lat' dir='ltr'><strong>magnis</strong></span> <span class='ocrx_word' id='word_1_174' title='bbox 1072 2103 1326 2174; x_wconf 88' lang='lat' dir='ltr'><strong>operibus</strong></span> <span class='ocrx_word' id='word_1_175' title='bbox 1347 2116 1455 2157; x_wconf 89' lang='lat' dir='ltr'><strong>non</strong></span> <span class='ocrx_word' id='word_1_176' title='bbox 1484 2102 1575 2158; x_wconf 90' lang='lat' dir='ltr'><strong>suf</strong></span> <span class='ocrx_word' id='word_1_177' title='bbox 1576 2101 1716 2169; x_wconf 89' lang='lat' dir='ltr'><strong>ﬁcis,</strong></span> <span class='ocrx_word' id='word_1_178' title='bbox 1742 2116 1841 2172; x_wconf 88' lang='lat' dir='ltr'><strong>pro</strong></span> <span class='ocrx_word' id='word_1_179' title='bbox 1861 2101 2002 2157; x_wconf 86' lang='lat' dir='ltr'><strong>virili</strong></span> <span class='ocrx_word' id='word_1_180' title='bbox 2031 2109 2182 2173; x_wconf 89' lang='lat' dir='ltr'><strong>parte</strong></span> 
     </span>
    </p>
   </div>
   <div class='ocr_carea' id='block_1_23' title="bbox 574 2195 2186 2270">
    <p class='ocr_par' dir='ltr' id='par_1_23' title="bbox 574 2195 2186 2270">
     <span class='ocr_line' id='line_1_23' title="bbox 574 2195 2186 2270; baseline -0.001 -15"><span class='ocrx_word' id='word_1_181' title='bbox 574 2214 809 2270; x_wconf 87' lang='lat' dir='ltr'><strong>operare</strong></span> <span class='ocrx_word' id='word_1_182' title='bbox 828 2198 1094 2269; x_wconf 89' lang='lat' dir='ltr'><strong>justitiam</strong></span> <span class='ocrx_word' id='word_1_183' title='bbox 1114 2240 1131 2266; x_wconf 92' lang='lat'><strong>,</strong></span> <span class='ocrx_word' id='word_1_184' title='bbox 1161 2198 1240 2253; x_wconf 91' lang='lat' dir='ltr'><strong>sic</strong></span> <span class='ocrx_word' id='word_1_185' title='bbox 1266 2205 1445 2253; x_wconf 89' lang='lat' dir='ltr'><strong>tamen</strong></span> <span class='ocrx_word' id='word_1_186' title='bbox 1464 2236 1480 2263; x_wconf 93' lang='lat'><strong>,</strong></span> <span class='ocrx_word' id='word_1_187' title='bbox 1508 2203 1567 2252; x_wconf 93' lang='lat' dir='ltr'><strong>ut</strong></span> <span class='ocrx_word' id='word_1_188' title='bbox 1590 2205 1848 2267; x_wconf 89' lang='lat' dir='ltr'><strong>quantum</strong></span> <span class='ocrx_word' id='word_1_189' title='bbox 1877 2195 2077 2252; x_wconf 85' lang='lat' dir='ltr'><strong>divitiis</strong></span> <span class='ocrx_word' id='word_1_190' title='bbox 2105 2198 2186 2253; x_wconf 89' lang='lat' dir='ltr'><strong>in-</strong></span> 
     </span>
    </p>
   </div>
   <div class='ocr_carea' id='block_1_24' title="bbox 576 2290 2183 2363">
    <p class='ocr_par' dir='ltr' id='par_1_24' title="bbox 576 2290 2183 2363">
     <span class='ocr_line' id='line_1_24' title="bbox 576 2290 2183 2363; baseline 0 -14"><span class='ocrx_word' id='word_1_191' title='bbox 576 2301 662 2349; x_wconf 89' lang='lat' dir='ltr'><strong>ter</strong></span> <span class='ocrx_word' id='word_1_192' title='bbox 704 2302 968 2360; x_wconf 65' lang='lat' dir='ltr'><strong>caeteros,</strong></span> <span class='ocrx_word' id='word_1_193' title='bbox 1014 2300 1222 2349; x_wconf 87' lang='lat' dir='ltr'><strong>tantum</strong></span> <span class='ocrx_word' id='word_1_194' title='bbox 1264 2307 1432 2363; x_wconf 90' lang='lat' dir='ltr'><strong>opere</strong></span> <span class='ocrx_word' id='word_1_195' title='bbox 1469 2291 1771 2362; x_wconf 71' lang='lat' dir='ltr'><strong>prmcellas.</strong></span> <span class='ocrx_word' id='word_1_196' title='bbox 1813 2290 2002 2363; x_wconf 87' lang='lat' dir='ltr'><strong>Neque</strong></span> <span class='ocrx_word' id='word_1_197' title='bbox 2041 2306 2183 2349; x_wconf 89' lang='lat' dir='ltr'><strong>nunc</strong></span> 
     </span>
    </p>
   </div>
   <div class='ocr_carea' id='block_1_25' title="bbox 576 2385 2185 2459">
    <p class='ocr_par' dir='ltr' id='par_1_25' title="bbox 576 2385 2185 2459">
     <span class='ocr_line' id='line_1_25' title="bbox 576 2385 2185 2459; baseline -0.001 -15"><span class='ocrx_word' id='word_1_198' title='bbox 576 2388 797 2449; x_wconf 84' lang='lat' dir='ltr'><strong>suaderi</strong></span> <span class='ocrx_word' id='word_1_199' title='bbox 826 2388 925 2443; x_wconf 90' lang='lat' dir='ltr'><strong>tibi</strong></span> <span class='ocrx_word' id='word_1_200' title='bbox 955 2396 1113 2459; x_wconf 85' lang='lat' dir='ltr'><strong>putes</strong></span> <span class='ocrx_word' id='word_1_201' title='bbox 1138 2428 1153 2453; x_wconf 94' lang='lat'><strong>,</strong></span> <span class='ocrx_word' id='word_1_202' title='bbox 1184 2396 1241 2442; x_wconf 92' lang='lat' dir='ltr'><strong>ut</strong></span> <span class='ocrx_word' id='word_1_203' title='bbox 1270 2402 1385 2443; x_wconf 89' lang='lat' dir='ltr'><strong>rem</strong></span> <span class='ocrx_word' id='word_1_204' title='bbox 1414 2385 1729 2442; x_wconf 80' lang='lat' dir='ltr'><strong>familiarem</strong></span> <span class='ocrx_word' id='word_1_205' title='bbox 1761 2394 1908 2442; x_wconf 89' lang='lat' dir='ltr'><strong>tuam</strong></span> <span class='ocrx_word' id='word_1_206' title='bbox 1936 2386 2185 2454; x_wconf 86' lang='lat' dir='ltr'><strong>minuas,</strong></span> 
     </span>
    </p>
   </div>
   <div class='ocr_carea' id='block_1_26' title="bbox 576 2479 2183 2552">
    <p class='ocr_par' dir='ltr' id='par_1_26' title="bbox 576 2479 2183 2552">
     <span class='ocr_line' id='line_1_26' title="bbox 576 2479 2183 2552; baseline -0.002 -15"><span class='ocrx_word' id='word_1_207' title='bbox 576 2483 665 2539; x_wconf 86' lang='lat' dir='ltr'><strong>vel</strong></span> <span class='ocrx_word' id='word_1_208' title='bbox 689 2481 1012 2540; x_wconf 82' lang='lat' dir='ltr'><strong>exhaurias:</strong></span> <span class='ocrx_word' id='word_1_209' title='bbox 1039 2482 1134 2538; x_wconf 89' lang='lat' dir='ltr'><strong>sed</strong></span> <span class='ocrx_word' id='word_1_210' title='bbox 1164 2496 1286 2552; x_wconf 68' lang='lat' dir='ltr'><strong>qua:</strong></span> <span class='ocrx_word' id='word_1_211' title='bbox 1313 2480 1370 2536; x_wconf 90' lang='lat' dir='ltr'><strong>in</strong></span> <span class='ocrx_word' id='word_1_212' title='bbox 1401 2494 1735 2550; x_wconf 85' lang='lat' dir='ltr'><strong>supervacua</strong></span> <span class='ocrx_word' id='word_1_213' title='bbox 1761 2479 1943 2536; x_wconf 87' lang='lat' dir='ltr'><strong>fueras</strong></span> <span class='ocrx_word' id='word_1_214' title='bbox 1972 2480 2183 2550; x_wconf 88' lang='lat' dir='ltr'><strong>impen-</strong></span> 
     </span>
    </p>
   </div>
   <div class='ocr_carea' id='block_1_27' title="bbox 579 2572 2189 2645">
    <p class='ocr_par' dir='ltr' id='par_1_27' title="bbox 579 2572 2189 2645">
     <span class='ocr_line' id='line_1_27' title="bbox 579 2572 2189 2645; baseline -0.004 -9"><span class='ocrx_word' id='word_1_215' title='bbox 579 2592 760 2645; x_wconf 78' lang='lat' dir='ltr'><strong>surus,</strong></span> <span class='ocrx_word' id='word_1_216' title='bbox 791 2576 860 2635; x_wconf 81' lang='lat' dir='ltr'><strong>ad</strong></span> <span class='ocrx_word' id='word_1_217' title='bbox 887 2576 1115 2633; x_wconf 89' lang='lat' dir='ltr'><strong>meliora</strong></span> <span class='ocrx_word' id='word_1_218' title='bbox 1136 2583 1441 2633; x_wconf 85' lang='lat' dir='ltr'><strong>convertas.</strong></span> <span class='ocrx_word' id='word_1_219' title='bbox 1468 2573 1627 2631; x_wconf 88' lang='lat' dir='ltr'><strong>Unde</strong></span> <span class='ocrx_word' id='word_1_220' title='bbox 1651 2573 1854 2629; x_wconf 73' lang='lat' dir='ltr'><strong>besrias</strong></span> <span class='ocrx_word' id='word_1_221' title='bbox 1877 2574 2033 2640; x_wconf 87' lang='lat' dir='ltr'><strong>eruis,</strong></span> <span class='ocrx_word' id='word_1_222' title='bbox 2064 2572 2189 2629; x_wconf 84' lang='lat' dir='ltr'><strong>hinc</strong></span> 
     </span>
    </p>
   </div>
   <div class='ocr_carea' id='block_1_28' title="bbox 578 2666 2187 2744">
    <p class='ocr_par' dir='ltr' id='par_1_28' title="bbox 578 2666 2187 2744">
     <span class='ocr_line' id='line_1_28' title="bbox 578 2666 2187 2744; baseline -0.004 -13"><span class='ocrx_word' id='word_1_223' title='bbox 578 2682 768 2744; x_wconf 83' lang='lat' dir='ltr'><strong>captos</strong></span> <span class='ocrx_word' id='word_1_224' title='bbox 791 2670 1033 2736; x_wconf 84' lang='lat' dir='ltr'><strong>redime;</strong></span> <span class='ocrx_word' id='word_1_225' title='bbox 1061 2669 1207 2726; x_wconf 88' lang='lat' dir='ltr'><strong>unde</strong></span> <span class='ocrx_word' id='word_1_226' title='bbox 1227 2668 1371 2725; x_wconf 75' lang='lat' dir='ltr'><strong>feras</strong></span> <span class='ocrx_word' id='word_1_227' title='bbox 1394 2668 1591 2739; x_wconf 89' lang='lat' dir='ltr'><strong>pascis,</strong></span> <span class='ocrx_word' id='word_1_228' title='bbox 1627 2666 1753 2724; x_wconf 79' lang='lat' dir='ltr'><strong>hinc</strong></span> <span class='ocrx_word' id='word_1_229' title='bbox 1779 2683 2046 2738; x_wconf 88' lang='lat' dir='ltr'><strong>pauperes</strong></span> <span class='ocrx_word' id='word_1_230' title='bbox 2071 2667 2187 2734; x_wconf 89' lang='lat' dir='ltr'><strong>ale;</strong></span> 
     </span>
    </p>
   </div>
   <div class='ocr_carea' id='block_1_29' title="bbox 583 2761 2199 2836">
    <p class='ocr_par' dir='ltr' id='par_1_29' title="bbox 583 2761 2199 2836">
     <span class='ocr_line' id='line_1_29' title="bbox 583 2761 2199 2836; baseline -0.002 -13"><span class='ocrx_word' id='word_1_231' title='bbox 583 2766 726 2823; x_wconf 91' lang='lat' dir='ltr'><strong>unde</strong></span> <span class='ocrx_word' id='word_1_232' title='bbox 756 2766 1005 2822; x_wconf 85' lang='lat' dir='ltr'><strong>homines</strong></span> <span class='ocrx_word' id='word_1_233' title='bbox 1034 2763 1102 2820; x_wconf 90' lang='lat' dir='ltr'><strong>ad</strong></span> <span class='ocrx_word' id='word_1_234' title='bbox 1125 2762 1361 2835; x_wconf 79' lang='lat' dir='ltr'><strong>gladium</strong></span> <span class='ocrx_word' id='word_1_235' title='bbox 1388 2777 1696 2836; x_wconf 85' lang='lat' dir='ltr'><strong>comparas,</strong></span> <span class='ocrx_word' id='word_1_236' title='bbox 1731 2761 1858 2818; x_wconf 91' lang='lat' dir='ltr'><strong>hinc</strong></span> <span class='ocrx_word' id='word_1_237' title='bbox 1880 2761 2199 2821; x_wconf 86' lang='lat' dir='ltr'><strong>innocentes</strong></span> 
     </span>
    </p>
   </div>
   <div class='ocr_carea' id='block_1_30' title="bbox 2276 494 3826 569">
    <p class='ocr_par' dir='ltr' id='par_1_30' title="bbox 2276 494 3826 569">
     <span class='ocr_line' id='line_1_30' title="bbox 2276 494 3826 569; baseline -0.002 -10"><span class='ocrx_word' id='word_1_238' title='bbox 2276 502 2461 559; x_wconf 87' lang='lat' dir='ltr'><strong>tiarios</strong></span> <span class='ocrx_word' id='word_1_239' title='bbox 2504 498 2685 556; x_wconf 84' lang='lat' dir='ltr'><strong>facere</strong></span> <span class='ocrx_word' id='word_1_240' title='bbox 2722 496 3049 568; x_wconf 87' lang='lat' dir='ltr'><strong>locupletes,</strong></span> <span class='ocrx_word' id='word_1_241' title='bbox 3099 506 3155 552; x_wconf 88' lang='lat' dir='ltr'><strong>et</strong></span> <span class='ocrx_word' id='word_1_242' title='bbox 3199 495 3467 553; x_wconf 90' lang='lat' dir='ltr'><strong>instruere</strong></span> <span class='ocrx_word' id='word_1_243' title='bbox 3514 494 3578 550; x_wconf 90' lang='lat' dir='ltr'><strong>ad</strong></span> <span class='ocrx_word' id='word_1_244' title='bbox 3628 495 3826 569; x_wconf 79' lang='lat' dir='ltr'><strong>ﬂagitia?</strong></span> 
     </span>
    </p>
   </div>
   <div class='ocr_carea' id='block_1_31' title="bbox 2274 592 3828 668">
    <p class='ocr_par' dir='ltr' id='par_1_31' title="bbox 2274 592 3828 668">
     <span class='ocr_line' id='line_1_31' title="bbox 2274 592 3828 668; baseline -0.002 -14"><span class='ocrx_word' id='word_1_245' title='bbox 2274 598 2529 654; x_wconf 83' lang='lat' dir='ltr'><strong>Transfer</strong></span> <span class='ocrx_word' id='word_1_246' title='bbox 2565 596 2633 652; x_wconf 86' lang='lat' dir='ltr'><strong>ad</strong></span> <span class='ocrx_word' id='word_1_247' title='bbox 2678 611 2928 668; x_wconf 91' lang='lat' dir='ltr'><strong>magnum</strong></span> <span class='ocrx_word' id='word_1_248' title='bbox 2966 593 3287 651; x_wconf 84' lang='lat' dir='ltr'><strong>sacriﬁcium</strong></span> <span class='ocrx_word' id='word_1_249' title='bbox 3332 592 3470 649; x_wconf 90' lang='lat' dir='ltr'><strong>male</strong></span> <span class='ocrx_word' id='word_1_250' title='bbox 3500 592 3746 664; x_wconf 87' lang='lat' dir='ltr'><strong>peritura;</strong></span> <span class='ocrx_word' id='word_1_251' title='bbox 3780 603 3828 652; x_wconf 89' lang='lat' dir='ltr'><strong>ut</strong></span> 
     </span>
    </p>
   </div>
   <div class='ocr_carea' id='block_1_32' title="bbox 2275 686 3827 763">
    <p class='ocr_par' dir='ltr' id='par_1_32' title="bbox 2275 686 3827 763">
     <span class='ocr_line' id='line_1_32' title="bbox 2275 686 3827 763; baseline -0.002 -15"><span class='ocrx_word' id='word_1_252' title='bbox 2275 707 2374 763; x_wconf 91' lang='lat' dir='ltr'><strong>pro</strong></span> <span class='ocrx_word' id='word_1_253' title='bbox 2403 690 2491 747; x_wconf 89' lang='lat' dir='ltr'><strong>bis</strong></span> <span class='ocrx_word' id='word_1_254' title='bbox 2516 689 2658 747; x_wconf 87' lang='lat' dir='ltr'><strong>veris</strong></span> <span class='ocrx_word' id='word_1_255' title='bbox 2690 687 3001 746; x_wconf 82' lang='lat' dir='ltr'><strong>muneribus</strong></span> <span class='ocrx_word' id='word_1_256' title='bbox 3030 687 3231 744; x_wconf 82' lang='lat' dir='ltr'><strong>habeas</strong></span> <span class='ocrx_word' id='word_1_257' title='bbox 3269 702 3301 743; x_wconf 86' lang='lat' dir='ltr'><strong>a</strong></span> <span class='ocrx_word' id='word_1_258' title='bbox 3340 686 3451 743; x_wconf 87' lang='lat' dir='ltr'><strong>Deo</strong></span> <span class='ocrx_word' id='word_1_259' title='bbox 3486 700 3669 743; x_wconf 87' lang='lat' dir='ltr'><strong>munus</strong></span> <span class='ocrx_word' id='word_1_260' title='bbox 3694 697 3827 745; x_wconf 69' lang='lat' dir='ltr'><strong>aeter-</strong></span> 
     </span>
    </p>
   </div>
   <div class='ocr_carea' id='block_1_33' title="bbox 2278 782 3829 857">
    <p class='ocr_par' dir='ltr' id='par_1_33' title="bbox 2278 782 3829 857">
     <span class='ocr_line' id='line_1_33' title="bbox 2278 782 3829 857; baseline -0.003 -12"><span class='ocrx_word' id='word_1_261' title='bbox 2278 803 2428 845; x_wconf 83' lang='lat' dir='ltr'><strong>num.</strong></span> <span class='ocrx_word' id='word_1_262' title='bbox 2453 786 2643 857; x_wconf 78' lang='lat' dir='ltr'><strong>Magna</strong></span> <span class='ocrx_word' id='word_1_263' title='bbox 2668 794 2752 841; x_wconf 88' lang='lat' dir='ltr'><strong>est</strong></span> <span class='ocrx_word' id='word_1_264' title='bbox 2777 782 3165 839; x_wconf 75' lang='lat' dir='ltr'><strong>misericordiae</strong></span> <span class='ocrx_word' id='word_1_265' title='bbox 3194 798 3403 839; x_wconf 86' lang='lat' dir='ltr'><strong>merces</strong></span> <span class='ocrx_word' id='word_1_266' title='bbox 3422 825 3437 849; x_wconf 89' lang='lat'><strong>,</strong></span> <span class='ocrx_word' id='word_1_267' title='bbox 3466 784 3550 839; x_wconf 89' lang='lat' dir='ltr'><strong>cui</strong></span> <span class='ocrx_word' id='word_1_268' title='bbox 3581 784 3708 841; x_wconf 89' lang='lat' dir='ltr'><strong>Dens</strong></span> <span class='ocrx_word' id='word_1_269' title='bbox 3735 788 3829 856; x_wconf 88' lang='lat' dir='ltr'><strong>pol-</strong></span> 
     </span>
    </p>
   </div>
   <div class='ocr_carea' id='block_1_34' title="bbox 2279 875 3826 952">
    <p class='ocr_par' dir='ltr' id='par_1_34' title="bbox 2279 875 3826 952">
     <span class='ocr_line' id='line_1_34' title="bbox 2279 875 3826 952; baseline 0 -16"><span class='ocrx_word' id='word_1_270' title='bbox 2279 881 2472 939; x_wconf 89' lang='lat' dir='ltr'><strong>licetur</strong></span> <span class='ocrx_word' id='word_1_271' title='bbox 2510 886 2732 952; x_wconf 84' lang='lat' dir='ltr'><strong>peccata</strong></span> <span class='ocrx_word' id='word_1_272' title='bbox 2775 893 2837 934; x_wconf 85' lang='lat' dir='ltr'><strong>se</strong></span> <span class='ocrx_word' id='word_1_273' title='bbox 2876 877 3057 933; x_wconf 87' lang='lat' dir='ltr'><strong>omnia</strong></span> <span class='ocrx_word' id='word_1_274' title='bbox 3106 875 3482 933; x_wconf 86' lang='lat' dir='ltr'><strong>remissurum.</strong></span> <span class='ocrx_word' id='word_1_275' title='bbox 3513 876 3567 934; x_wconf 89' lang='lat' dir='ltr'><strong>Si</strong></span> <span class='ocrx_word' id='word_1_276' title='bbox 3595 878 3826 950; x_wconf 87' lang='lat' dir='ltr'><strong>audieris,</strong></span> 
     </span>
    </p>
   </div>
   <div class='ocr_carea' id='block_1_35' title="bbox 2281 971 3833 1047">
    <p class='ocr_par' dir='ltr' id='par_1_35' title="bbox 2281 971 3833 1047">
     <span class='ocr_line' id='line_1_35' title="bbox 2281 971 3833 1047; baseline -0.002 -17"><span class='ocrx_word' id='word_1_277' title='bbox 2281 974 2489 1045; x_wconf 86' lang='lat' dir='ltr'><strong>inquit,</strong></span> <span class='ocrx_word' id='word_1_278' title='bbox 2534 989 2726 1045; x_wconf 86' lang='lat' dir='ltr'><strong>preces</strong></span> <span class='ocrx_word' id='word_1_279' title='bbox 2756 974 3014 1047; x_wconf 85' lang='lat' dir='ltr'><strong>supplicis</strong></span> <span class='ocrx_word' id='word_1_280' title='bbox 3045 973 3153 1042; x_wconf 89' lang='lat' dir='ltr'><strong>tui,</strong></span> <span class='ocrx_word' id='word_1_281' title='bbox 3184 981 3241 1029; x_wconf 88' lang='lat' dir='ltr'><strong>et</strong></span> <span class='ocrx_word' id='word_1_282' title='bbox 3269 988 3371 1045; x_wconf 89' lang='lat' dir='ltr'><strong>ego</strong></span> <span class='ocrx_word' id='word_1_283' title='bbox 3401 972 3607 1028; x_wconf 86' lang='lat' dir='ltr'><strong>audiam</strong></span> <span class='ocrx_word' id='word_1_284' title='bbox 3640 982 3761 1027; x_wconf 88' lang='lat' dir='ltr'><strong>tuas.</strong></span> <span class='ocrx_word' id='word_1_285' title='bbox 3788 971 3833 1028; x_wconf 92' lang='lat' dir='ltr'><strong>Si</strong></span> 
     </span>
    </p>
   </div>
   <div class='ocr_carea' id='block_1_36' title="bbox 2281 1065 3834 1138">
    <p class='ocr_par' dir='ltr' id='par_1_36' title="bbox 2281 1065 3834 1138">
     <span class='ocr_line' id='line_1_36' title="bbox 2281 1065 3834 1138; baseline -0.001 -15"><span class='ocrx_word' id='word_1_286' title='bbox 2281 1068 2538 1125; x_wconf 89' lang='lat' dir='ltr'><strong>misertus</strong></span> <span class='ocrx_word' id='word_1_287' title='bbox 2559 1068 2923 1124; x_wconf 85' lang='lat' dir='ltr'><strong>laborantium</strong></span> <span class='ocrx_word' id='word_1_288' title='bbox 2954 1066 3139 1134; x_wconf 82' lang='lat' dir='ltr'><strong>fueris,</strong></span> <span class='ocrx_word' id='word_1_289' title='bbox 3164 1072 3219 1123; x_wconf 90' lang='lat' dir='ltr'><strong>et</strong></span> <span class='ocrx_word' id='word_1_290' title='bbox 3245 1082 3346 1138; x_wconf 86' lang='lat' dir='ltr'><strong>ego</strong></span> <span class='ocrx_word' id='word_1_291' title='bbox 3371 1065 3426 1122; x_wconf 89' lang='lat' dir='ltr'><strong>in</strong></span> <span class='ocrx_word' id='word_1_292' title='bbox 3454 1073 3546 1122; x_wconf 91' lang='lat' dir='ltr'><strong>tuo</strong></span> <span class='ocrx_word' id='word_1_293' title='bbox 3569 1065 3735 1123; x_wconf 87' lang='lat' dir='ltr'><strong>labore</strong></span> <span class='ocrx_word' id='word_1_294' title='bbox 3757 1066 3834 1122; x_wconf 85' lang='lat' dir='ltr'><strong>rui-</strong></span> 
     </span>
    </p>
   </div>
   <div class='ocr_carea' id='block_1_37' title="bbox 2282 1161 3837 1234">
    <p class='ocr_par' dir='ltr' id='par_1_37' title="bbox 2282 1161 3837 1234">
     <span class='ocr_line' id='line_1_37' title="bbox 2282 1161 3837 1234; baseline 0 -16"><span class='ocrx_word' id='word_1_295' title='bbox 2282 1162 2523 1219; x_wconf 89' lang='lat' dir='ltr'><strong>serebor.</strong></span> <span class='ocrx_word' id='word_1_296' title='bbox 2555 1162 2613 1219; x_wconf 92' lang='lat' dir='ltr'><strong>Si</strong></span> <span class='ocrx_word' id='word_1_297' title='bbox 2642 1170 2824 1219; x_wconf 84' lang='lat' dir='ltr'><strong>autem</strong></span> <span class='ocrx_word' id='word_1_298' title='bbox 2855 1177 2966 1219; x_wconf 91' lang='lat' dir='ltr'><strong>non</strong></span> <span class='ocrx_word' id='word_1_299' title='bbox 2997 1163 3336 1234; x_wconf 81' lang='lat' dir='ltr'><strong>respexeris,</strong></span> <span class='ocrx_word' id='word_1_300' title='bbox 3369 1176 3469 1219; x_wconf 90' lang='lat' dir='ltr'><strong>nec</strong></span> <span class='ocrx_word' id='word_1_301' title='bbox 3492 1161 3769 1231; x_wconf 84' lang='lat' dir='ltr'><strong>adjuveris,</strong></span> <span class='ocrx_word' id='word_1_302' title='bbox 3795 1170 3837 1218; x_wconf 90' lang='lat' dir='ltr'><strong>et</strong></span> 
     </span>
    </p>
   </div>
   <div class='ocr_carea' id='block_1_38' title="bbox 2284 1255 3836 1329">
    <p class='ocr_par' dir='ltr' id='par_1_38' title="bbox 2284 1255 3836 1329">
     <span class='ocr_line' id='line_1_38' title="bbox 2284 1255 3836 1329; baseline 0 -18"><span class='ocrx_word' id='word_1_303' title='bbox 2284 1270 2384 1326; x_wconf 84' lang='lat' dir='ltr'><strong>ego</strong></span> <span class='ocrx_word' id='word_1_304' title='bbox 2412 1257 2652 1312; x_wconf 86' lang='lat' dir='ltr'><strong>animum</strong></span> <span class='ocrx_word' id='word_1_305' title='bbox 2683 1264 2834 1313; x_wconf 91' lang='lat' dir='ltr'><strong>tuum</strong></span> <span class='ocrx_word' id='word_1_306' title='bbox 2864 1264 3054 1314; x_wconf 88' lang='lat' dir='ltr'><strong>contra</strong></span> <span class='ocrx_word' id='word_1_307' title='bbox 3084 1265 3137 1313; x_wconf 91' lang='lat' dir='ltr'><strong>te</strong></span> <span class='ocrx_word' id='word_1_308' title='bbox 3176 1271 3359 1329; x_wconf 85' lang='lat' dir='ltr'><strong>geram</strong></span> <span class='ocrx_word' id='word_1_309' title='bbox 3378 1297 3395 1325; x_wconf 93' lang='lat'><strong>,</strong></span> <span class='ocrx_word' id='word_1_310' title='bbox 3428 1255 3633 1328; x_wconf 87' lang='lat' dir='ltr'><strong>tuisque</strong></span> <span class='ocrx_word' id='word_1_311' title='bbox 3662 1265 3708 1313; x_wconf 88' lang='lat' dir='ltr'><strong>te</strong></span> <span class='ocrx_word' id='word_1_312' title='bbox 3731 1255 3836 1328; x_wconf 79' lang='lat' dir='ltr'><strong>legi-</strong></span> 
     </span>
    </p>
   </div>
   <div class='ocr_carea' id='block_1_39' title="bbox 2286 1349 2684 1423">
    <p class='ocr_par' dir='ltr' id='par_1_39' title="bbox 2286 1349 2684 1423">
     <span class='ocr_line' id='line_1_39' title="bbox 2286 1349 2684 1423; baseline 0.003 -17"><span class='ocrx_word' id='word_1_313' title='bbox 2286 1349 2386 1406; x_wconf 91' lang='lat' dir='ltr'><strong>bus</strong></span> <span class='ocrx_word' id='word_1_314' title='bbox 2408 1349 2684 1423; x_wconf 88' lang='lat' dir='ltr'><strong>judicabo.</strong></span> 
     </span>
    </p>
   </div>
   <div class='ocr_carea' id='block_1_40' title="bbox 2900 1497 3311 1558">
    <p class='ocr_par' dir='ltr' id='par_1_40' title="bbox 2900 1497 3311 1558">
     <span class='ocr_line' id='line_1_40' title="bbox 2900 1497 3311 1558; baseline -0.005 -1"><span class='ocrx_word' id='word_1_315' title='bbox 2900 1497 3131 1558; x_wconf 83' lang='lat' dir='ltr'><strong>CAPUT</strong></span> <span class='ocrx_word' id='word_1_316' title='bbox 3168 1497 3311 1557; x_wconf 79' lang='lat' dir='ltr'><strong>XIII.</strong></span> 
     </span>
    </p>
   </div>
   <div class='ocr_carea' id='block_1_41' title="bbox 2355 1655 3807 1730">
    <p class='ocr_par' dir='ltr' id='par_1_41' title="bbox 2355 1655 3807 1730">
     <span class='ocr_line' id='line_1_41' title="bbox 2355 1655 3807 1730; baseline 0 -17"><span class='ocrx_word' id='word_1_317' title='bbox 2355 1655 2434 1713; x_wconf 89' lang='lat' dir='ltr'><strong>De</strong></span> <span class='ocrx_word' id='word_1_318' title='bbox 2481 1657 2774 1730; x_wconf 79' lang='lat' dir='ltr'><strong>prenitentia</strong></span> <span class='ocrx_word' id='word_1_319' title='bbox 2793 1698 2809 1727; x_wconf 95' lang='lat'><strong>,</strong></span> <span class='ocrx_word' id='word_1_320' title='bbox 2859 1657 2926 1713; x_wconf 84' lang='lat' dir='ltr'><strong>de</strong></span> <span class='ocrx_word' id='word_1_321' title='bbox 2984 1658 3372 1728; x_wconf 78' lang='lat' dir='ltr'><strong>misericordia,</strong></span> <span class='ocrx_word' id='word_1_322' title='bbox 3417 1673 3477 1714; x_wconf 91' lang='lat' dir='ltr'><strong>ac</strong></span> <span class='ocrx_word' id='word_1_323' title='bbox 3526 1664 3807 1730; x_wconf 77' lang='lat' dir='ltr'><strong>peccatorum</strong></span> 
     </span>
    </p>
   </div>
   <div class='ocr_carea' id='block_1_42' title="bbox 3037 1768 3204 1809">
    <p class='ocr_par' dir='ltr' id='par_1_42' title="bbox 3037 1768 3204 1809">
     <span class='ocr_line' id='line_1_42' title="bbox 3037 1768 3204 1809; baseline 0.006 -1"><span class='ocrx_word' id='word_1_324' title='bbox 3037 1768 3204 1809; x_wconf 77' lang='lat' dir='ltr'><strong>uenia.</strong></span> 
     </span>
    </p>
   </div>
   <div class='ocr_carea' id='block_1_43' title="bbox 2358 1909 3843 1983">
    <p class='ocr_par' dir='ltr' id='par_1_43' title="bbox 2358 1909 3843 1983">
     <span class='ocr_line' id='line_1_43' title="bbox 2358 1909 3843 1983; baseline -0.001 -14"><span class='ocrx_word' id='word_1_325' title='bbox 2358 1912 2581 1980; x_wconf 84' lang='lat' dir='ltr'><strong>Quoties</strong></span> <span class='ocrx_word' id='word_1_326' title='bbox 2619 1911 2781 1983; x_wconf 80' lang='lat' dir='ltr'><strong>igitur</strong></span> <span class='ocrx_word' id='word_1_327' title='bbox 2809 1911 3052 1983; x_wconf 87' lang='lat' dir='ltr'><strong>rogaris,</strong></span> <span class='ocrx_word' id='word_1_328' title='bbox 3085 1911 3284 1968; x_wconf 89' lang='lat' dir='ltr'><strong>tentari</strong></span> <span class='ocrx_word' id='word_1_329' title='bbox 3317 1918 3372 1968; x_wconf 89' lang='lat' dir='ltr'><strong>te</strong></span> <span class='ocrx_word' id='word_1_330' title='bbox 3398 1925 3429 1967; x_wconf 86' lang='lat' dir='ltr'><strong>a</strong></span> <span class='ocrx_word' id='word_1_331' title='bbox 3460 1909 3570 1969; x_wconf 91' lang='lat' dir='ltr'><strong>Deo</strong></span> <span class='ocrx_word' id='word_1_332' title='bbox 3596 1909 3767 1978; x_wconf 89' lang='lat' dir='ltr'><strong>crede,</strong></span> <span class='ocrx_word' id='word_1_333' title='bbox 3791 1926 3843 1967; x_wconf 86' lang='lat' dir='ltr'><strong>an</strong></span> 
     </span>
    </p>
   </div>
   <div class='ocr_carea' id='block_1_44' title="bbox 2286 2005 3845 2079">
    <p class='ocr_par' dir='ltr' id='par_1_44' title="bbox 2286 2005 3845 2079">
     <span class='ocr_line' id='line_1_44' title="bbox 2286 2005 3845 2079; baseline -0.001 -17"><span class='ocrx_word' id='word_1_334' title='bbox 2286 2006 2363 2062; x_wconf 86' lang='lat' dir='ltr'><strong>sis</strong></span> <span class='ocrx_word' id='word_1_335' title='bbox 2390 2006 2585 2077; x_wconf 88' lang='lat' dir='ltr'><strong>dignus</strong></span> <span class='ocrx_word' id='word_1_336' title='bbox 2608 2005 2805 2062; x_wconf 86' lang='lat' dir='ltr'><strong>audiri.</strong></span> <span class='ocrx_word' id='word_1_337' title='bbox 2831 2006 3199 2079; x_wconf 85' lang='lat' dir='ltr'><strong>Circumspice</strong></span> <span class='ocrx_word' id='word_1_338' title='bbox 3225 2006 3607 2063; x_wconf 87' lang='lat' dir='ltr'><strong>conscientiam</strong></span> <span class='ocrx_word' id='word_1_339' title='bbox 3634 2015 3757 2065; x_wconf 87' lang='lat' dir='ltr'><strong>tuam</strong></span> <span class='ocrx_word' id='word_1_340' title='bbox 3777 2012 3845 2068; x_wconf 90' lang='lat' dir='ltr'><strong>et,</strong></span> 
     </span>
    </p>
   </div>
   <div class='ocr_carea' id='block_1_45' title="bbox 2288 2100 3847 2173">
    <p class='ocr_par' dir='ltr' id='par_1_45' title="bbox 2288 2100 3847 2173">
     <span class='ocr_line' id='line_1_45' title="bbox 2288 2100 3847 2173; baseline 0 -17"><span class='ocrx_word' id='word_1_341' title='bbox 2288 2111 2547 2173; x_wconf 89' lang='lat' dir='ltr'><strong>quantum</strong></span> <span class='ocrx_word' id='word_1_342' title='bbox 2582 2110 2767 2173; x_wconf 91' lang='lat' dir='ltr'><strong>potes,</strong></span> <span class='ocrx_word' id='word_1_343' title='bbox 2807 2102 3030 2159; x_wconf 89' lang='lat' dir='ltr'><strong>medere</strong></span> <span class='ocrx_word' id='word_1_344' title='bbox 3058 2102 3401 2159; x_wconf 90' lang='lat' dir='ltr'><strong>vulneribus.</strong></span> <span class='ocrx_word' id='word_1_345' title='bbox 3432 2101 3543 2159; x_wconf 86' lang='lat' dir='ltr'><strong>Nec</strong></span> <span class='ocrx_word' id='word_1_346' title='bbox 3568 2111 3726 2158; x_wconf 90' lang='lat' dir='ltr'><strong>tamen</strong></span> <span class='ocrx_word' id='word_1_347' title='bbox 3751 2100 3847 2172; x_wconf 86' lang='lat' dir='ltr'><strong>quia</strong></span> 
     </span>
    </p>
   </div>
   <div class='ocr_carea' id='block_1_46' title="bbox 2288 2195 3849 2267">
    <p class='ocr_par' dir='ltr' id='par_1_46' title="bbox 2288 2195 3849 2267">
     <span class='ocr_line' id='line_1_46' title="bbox 2288 2195 3849 2267; baseline 0 -16"><span class='ocrx_word' id='word_1_348' title='bbox 2288 2204 2511 2267; x_wconf 87' lang='lat' dir='ltr'><strong>peccata</strong></span> <span class='ocrx_word' id='word_1_349' title='bbox 2543 2195 2830 2267; x_wconf 83' lang='lat' dir='ltr'><strong>largitione</strong></span> <span class='ocrx_word' id='word_1_350' title='bbox 2858 2196 3138 2263; x_wconf 88' lang='lat' dir='ltr'><strong>tolluntur,</strong></span> <span class='ocrx_word' id='word_1_351' title='bbox 3170 2196 3287 2252; x_wconf 88' lang='lat' dir='ltr'><strong>dari</strong></span> <span class='ocrx_word' id='word_1_352' title='bbox 3331 2196 3429 2252; x_wconf 89' lang='lat' dir='ltr'><strong>tibi</strong></span> <span class='ocrx_word' id='word_1_353' title='bbox 3468 2196 3719 2253; x_wconf 89' lang='lat' dir='ltr'><strong>licentiam</strong></span> <span class='ocrx_word' id='word_1_354' title='bbox 3753 2209 3849 2266; x_wconf 88' lang='lat' dir='ltr'><strong>pec-</strong></span> 
     </span>
    </p>
   </div>
   <div class='ocr_carea' id='block_1_47' title="bbox 2291 2284 3849 2360">
    <p class='ocr_par' dir='ltr' id='par_1_47' title="bbox 2291 2284 3849 2360">
     <span class='ocr_line' id='line_1_47' title="bbox 2291 2284 3849 2360; baseline -0.003 -15"><span class='ocrx_word' id='word_1_355' title='bbox 2291 2290 2450 2345; x_wconf 89' lang='lat' dir='ltr'><strong>candi</strong></span> <span class='ocrx_word' id='word_1_356' title='bbox 2491 2295 2670 2359; x_wconf 88' lang='lat' dir='ltr'><strong>putes.</strong></span> <span class='ocrx_word' id='word_1_357' title='bbox 2712 2289 3011 2344; x_wconf 79' lang='lat' dir='ltr'><strong>Abolentur</strong></span> <span class='ocrx_word' id='word_1_358' title='bbox 3038 2290 3213 2356; x_wconf 89' lang='lat' dir='ltr'><strong>enim,</strong></span> <span class='ocrx_word' id='word_1_359' title='bbox 3257 2289 3306 2345; x_wconf 89' lang='lat' dir='ltr'><strong>si</strong></span> <span class='ocrx_word' id='word_1_360' title='bbox 3342 2289 3457 2346; x_wconf 90' lang='lat' dir='ltr'><strong>Deo</strong></span> <span class='ocrx_word' id='word_1_361' title='bbox 3486 2288 3727 2360; x_wconf 86' lang='lat' dir='ltr'><strong>largiare,</strong></span> <span class='ocrx_word' id='word_1_362' title='bbox 3754 2284 3849 2357; x_wconf 85' lang='lat' dir='ltr'><strong>quia</strong></span> 
     </span>
    </p>
   </div>
   <div class='ocr_carea' id='block_1_48' title="bbox 2294 2382 3848 2457">
    <p class='ocr_par' dir='ltr' id='par_1_48' title="bbox 2294 2382 3848 2457">
     <span class='ocr_line' id='line_1_48' title="bbox 2294 2382 3848 2457; baseline -0.002 -19"><span class='ocrx_word' id='word_1_363' title='bbox 2294 2383 2639 2454; x_wconf 88' lang='lat' dir='ltr'><strong>peccaveris;</strong></span> <span class='ocrx_word' id='word_1_364' title='bbox 2685 2398 2809 2438; x_wconf 90' lang='lat' dir='ltr'><strong>nam</strong></span> <span class='ocrx_word' id='word_1_365' title='bbox 2857 2383 2902 2438; x_wconf 91' lang='lat' dir='ltr'><strong>si</strong></span> <span class='ocrx_word' id='word_1_366' title='bbox 2953 2382 3149 2439; x_wconf 90' lang='lat' dir='ltr'><strong>ﬁducia</strong></span> <span class='ocrx_word' id='word_1_367' title='bbox 3198 2384 3465 2457; x_wconf 85' lang='lat' dir='ltr'><strong>largiendi</strong></span> <span class='ocrx_word' id='word_1_368' title='bbox 3514 2399 3727 2456; x_wconf 90' lang='lat' dir='ltr'><strong>pecces,</strong></span> <span class='ocrx_word' id='word_1_369' title='bbox 3767 2396 3848 2436; x_wconf 88' lang='lat' dir='ltr'><strong>non</strong></span> 
     </span>
    </p>
   </div>
   <div class='ocr_carea' id='block_1_49' title="bbox 2293 2475 3849 2551">
    <p class='ocr_par' dir='ltr' id='par_1_49' title="bbox 2293 2475 3849 2551">
     <span class='ocr_line' id='line_1_49' title="bbox 2293 2475 3849 2551; baseline -0.002 -19"><span class='ocrx_word' id='word_1_370' title='bbox 2293 2477 2599 2534; x_wconf 83' lang='lat' dir='ltr'><strong>abolentur.</strong></span> <span class='ocrx_word' id='word_1_371' title='bbox 2652 2475 2793 2533; x_wconf 90' lang='lat' dir='ltr'><strong>Deus</strong></span> <span class='ocrx_word' id='word_1_372' title='bbox 2842 2479 2985 2534; x_wconf 89' lang='lat' dir='ltr'><strong>enim</strong></span> <span class='ocrx_word' id='word_1_373' title='bbox 3033 2478 3253 2551; x_wconf 91' lang='lat' dir='ltr'><strong>purgari</strong></span> <span class='ocrx_word' id='word_1_374' title='bbox 3300 2479 3549 2535; x_wconf 88' lang='lat' dir='ltr'><strong>homines</strong></span> <span class='ocrx_word' id='word_1_375' title='bbox 3592 2496 3619 2535; x_wconf 90' lang='lat' dir='ltr'><strong>a</strong></span> <span class='ocrx_word' id='word_1_376' title='bbox 3659 2476 3849 2549; x_wconf 83' lang='lat' dir='ltr'><strong>peccatis</strong></span> 
     </span>
    </p>
   </div>
   <div class='ocr_carea' id='block_1_50' title="bbox 2298 2571 3853 2646">
    <p class='ocr_par' dir='ltr' id='par_1_50' title="bbox 2298 2571 3853 2646">
     <span class='ocr_line' id='line_1_50' title="bbox 2298 2571 3853 2646; baseline -0.001 -18"><span class='ocrx_word' id='word_1_377' title='bbox 2298 2575 2534 2630; x_wconf 84' lang='lat' dir='ltr'><strong>maxime</strong></span> <span class='ocrx_word' id='word_1_378' title='bbox 2560 2572 2742 2644; x_wconf 84' lang='lat' dir='ltr'><strong>cupit,</strong></span> <span class='ocrx_word' id='word_1_379' title='bbox 2770 2572 3002 2646; x_wconf 87' lang='lat' dir='ltr'><strong>ideoque</strong></span> <span class='ocrx_word' id='word_1_380' title='bbox 3027 2575 3110 2646; x_wconf 87' lang='lat' dir='ltr'><strong>agi</strong></span> <span class='ocrx_word' id='word_1_381' title='bbox 3139 2573 3514 2646; x_wconf 75' lang='lat' dir='ltr'><strong>paenitentiam</strong></span> <span class='ocrx_word' id='word_1_382' title='bbox 3535 2574 3692 2645; x_wconf 87' lang='lat' dir='ltr'><strong>jubet.</strong></span> <span class='ocrx_word' id='word_1_383' title='bbox 3714 2571 3853 2643; x_wconf 81' lang='lat' dir='ltr'><strong>Agere</strong></span> 
     </span>
    </p>
   </div>
   <div class='ocr_carea' id='block_1_51' title="bbox 2300 2662 3851 2739">
    <p class='ocr_par' dir='ltr' id='par_1_51' title="bbox 2300 2662 3851 2739">
     <span class='ocr_line' id='line_1_51' title="bbox 2300 2662 3851 2739; baseline -0.004 -17"><span class='ocrx_word' id='word_1_384' title='bbox 2300 2676 2479 2723; x_wconf 88' lang='lat' dir='ltr'><strong>autem</strong></span> <span class='ocrx_word' id='word_1_385' title='bbox 2511 2666 2917 2738; x_wconf 69' lang='lat' dir='ltr'><strong>pmnitentiam,</strong></span> <span class='ocrx_word' id='word_1_386' title='bbox 2949 2666 3085 2722; x_wconf 88' lang='lat' dir='ltr'><strong>nihil</strong></span> <span class='ocrx_word' id='word_1_387' title='bbox 3125 2667 3271 2723; x_wconf 90' lang='lat' dir='ltr'><strong>aliud</strong></span> <span class='ocrx_word' id='word_1_388' title='bbox 3315 2675 3429 2736; x_wconf 88' lang='lat' dir='ltr'><strong>est,</strong></span> <span class='ocrx_word' id='word_1_389' title='bbox 3472 2682 3625 2739; x_wconf 89' lang='lat' dir='ltr'><strong>quam</strong></span> <span class='ocrx_word' id='word_1_390' title='bbox 3658 2662 3851 2735; x_wconf 82' lang='lat' dir='ltr'><strong>proﬁteri</strong></span> 
     </span>
    </p>
   </div>
   <div class='ocr_carea' id='block_1_52' title="bbox 2301 2755 3854 2832">
    <p class='ocr_par' dir='ltr' id='par_1_52' title="bbox 2301 2755 3854 2832">
     <span class='ocr_line' id='line_1_52' title="bbox 2301 2755 3854 2832; baseline -0.005 -14"><span class='ocrx_word' id='word_1_391' title='bbox 2301 2771 2357 2818; x_wconf 90' lang='lat' dir='ltr'><strong>et</strong></span> <span class='ocrx_word' id='word_1_392' title='bbox 2385 2760 2658 2818; x_wconf 78' lang='lat' dir='ltr'><strong>afﬁrmare</strong></span> <span class='ocrx_word' id='word_1_393' title='bbox 2677 2801 2693 2828; x_wconf 94' lang='lat'><strong>,</strong></span> <span class='ocrx_word' id='word_1_394' title='bbox 2728 2776 2788 2818; x_wconf 90' lang='lat' dir='ltr'><strong>se</strong></span> <span class='ocrx_word' id='word_1_395' title='bbox 2817 2758 3042 2817; x_wconf 89' lang='lat' dir='ltr'><strong>ulterius</strong></span> <span class='ocrx_word' id='word_1_396' title='bbox 3072 2775 3181 2817; x_wconf 92' lang='lat' dir='ltr'><strong>non</strong></span> <span class='ocrx_word' id='word_1_397' title='bbox 3211 2770 3581 2832; x_wconf 88' lang='lat' dir='ltr'><strong>peccaturum.</strong></span> <span class='ocrx_word' id='word_1_398' title='bbox 3608 2755 3854 2832; x_wconf 87' lang='lat' dir='ltr'><strong>Ignoscitur</strong></span> 
     </span>
    </p>
   </div>
   <div class='ocr_carea' id='block_1_53' title="bbox 1936 2896 2573 2959">
    <p class='ocr_par' dir='ltr' id='par_1_53' title="bbox 1936 2896 2573 2959">
     <span class='ocr_line' id='line_1_53' title="bbox 1936 2896 2573 2959; baseline -0.005 -3"><span class='ocrx_word' id='word_1_399' title='bbox 1936 2897 2304 2959; x_wconf 75' lang='lat' dir='ltr'><strong>VARJORUM</strong></span> <span class='ocrx_word' id='word_1_400' title='bbox 2339 2896 2573 2954; x_wconf 66' lang='lat' dir='ltr'><strong>NOTAE.</strong></span> 
     </span>
    </p>
   </div>
   <div class='ocr_carea' id='block_1_54' title="bbox 656 3034 1858 3111">
    <p class='ocr_par' dir='ltr' id='par_1_54' title="bbox 656 3034 1858 3111">
     <span class='ocr_line' id='line_1_54' title="bbox 656 3034 1858 3111; baseline -0.005 -13"><span class='ocrx_word' id='word_1_401' title='bbox 656 3042 881 3099; x_wconf 80' lang='lat' dir='ltr'><strong>Forsan.</strong></span> <span class='ocrx_word' id='word_1_402' title='bbox 911 3040 947 3097; x_wconf 77' lang='grc'><strong>5</strong></span> <span class='ocrx_word' id='word_1_403' title='bbox 969 3037 1104 3111; x_wconf 75' lang='lat' dir='ltr'><strong>Reg.</strong></span> <span class='ocrx_word' id='word_1_404' title='bbox 1134 3051 1245 3094; x_wconf 89' lang='lat' dir='ltr'><strong>rec.</strong></span> <span class='ocrx_word' id='word_1_405' title='bbox 1277 3045 1331 3093; x_wconf 91' lang='lat' dir='ltr'><strong>et</strong></span> <span class='ocrx_word' id='word_1_406' title='bbox 1358 3035 1427 3094; x_wconf 84' lang='grc'><strong>16</strong></span> <span class='ocrx_word' id='word_1_407' title='bbox 1452 3034 1585 3093; x_wconf 87' lang='lat' dir='ltr'><strong>edit.</strong></span> <span class='ocrx_word' id='word_1_408' title='bbox 1617 3036 1858 3111; x_wconf 77' lang='lat' dir='ltr'><strong>forsitan.</strong></span> 
     </span>
    </p>
   </div>
   <div class='ocr_carea' id='block_1_55' title="bbox 2298 3034 2754 3094">
    <p class='ocr_par' dir='ltr' id='par_1_55' title="bbox 2298 3034 2754 3094">
     <span class='ocr_line' id='line_1_55' title="bbox 2298 3034 2754 3094; baseline -0.007 0"><span class='ocrx_word' id='word_1_409' title='bbox 2298 3045 2358 3094; x_wconf 90' lang='lat' dir='ltr'><strong>ut</strong></span> <span class='ocrx_word' id='word_1_410' title='bbox 2383 3037 2436 3092; x_wconf 91' lang='lat' dir='ltr'><strong>in</strong></span> <span class='ocrx_word' id='word_1_411' title='bbox 2466 3036 2494 3092; x_wconf 98' lang='grc'><strong>1</strong></span> <span class='ocrx_word' id='word_1_412' title='bbox 2518 3034 2754 3093; x_wconf 88' lang='lat' dir='ltr'><strong>Clarom.</strong></span> 
     </span>
    </p>
   </div>
   <div class='ocr_carea' id='block_1_56' title="bbox 659 3097 2195 3203">
    <p class='ocr_par' dir='ltr' id='par_1_56' title="bbox 659 3097 2191 3203">
     <span class='ocr_line' id='line_1_56' title="bbox 659 3097 2191 3203; baseline -0.003 -12"><span class='ocrx_word' id='word_1_413' title='bbox 659 3136 948 3193; x_wconf 84' lang='lat' dir='ltr'><strong>Tltesauros</strong></span> <span class='ocrx_word' id='word_1_414' title='bbox 975 3097 1089 3189; x_wconf 55' lang='lat' dir='ltr'><strong>tuo;</strong></span> <span class='ocrx_word' id='word_1_415' title='bbox 1128 3131 1335 3203; x_wconf 74' lang='lat' dir='ltr'><strong>custodi</strong></span> <span class='ocrx_word' id='word_1_416' title='bbox 1370 3097 1732 3186; x_wconf 78' lang='lat' dir='ltr'><strong>Deocredere.</strong></span> <span class='ocrx_word' id='word_1_417' title='bbox 1763 3130 1877 3187; x_wconf 81' lang='lat' dir='ltr'><strong>Hoc</strong></span> <span class='ocrx_word' id='word_1_418' title='bbox 1900 3140 2017 3197; x_wconf 80' lang='lat' dir='ltr'><strong>est,</strong></span> <span class='ocrx_word' id='word_1_419' title='bbox 2049 3131 2191 3203; x_wconf 80' lang='lat' dir='ltr'><strong>apud</strong></span> 
     </span>
    </p>
   </div>
   <div class='ocr_carea' id='block_1_57' title="bbox 2299 3097 3853 3203">
    <p class='ocr_par' dir='ltr' id='par_1_57' title="bbox 2299 3106 3853 3203">
     <span class='ocr_line' id='line_1_57' title="bbox 2299 3106 3853 3203; baseline -0.002 -38"><span class='ocrx_word' id='word_1_420' title='bbox 2299 3181 2313 3203; x_wconf 52' lang='grc' dir='ltr'>ι</span> <span class='ocrx_word' id='word_1_421' title='bbox 2371 3109 2434 3166; x_wconf 90' lang='lat' dir='ltr'><strong>Si</strong></span> <span class='ocrx_word' id='word_1_422' title='bbox 2459 3110 2707 3203; x_wconf 50' lang='lat' dir='ltr'><strong>audieris.</strong></span> <span class='ocrx_word' id='word_1_423' title='bbox 2738 3107 2928 3203; x_wconf 50' lang='lat' dir='ltr'><strong>tiatur.</strong></span> <span class='ocrx_word' id='word_1_424' title='bbox 2952 3124 3007 3175; x_wconf 71' lang='grc' dir='ltr'><strong>ν,</strong></span> <span class='ocrx_word' id='word_1_425' title='bbox 3031 3108 3162 3166; x_wconf 89' lang='lat' dir='ltr'><strong>Luc.</strong></span> <span class='ocrx_word' id='word_1_426' title='bbox 3188 3124 3271 3173; x_wconf 81' lang='lat' dir='ltr'><strong>vr.</strong></span> <span class='ocrx_word' id='word_1_427' title='bbox 3303 3109 3398 3167; x_wconf 92' lang='lat' dir='ltr'><strong>ubi</strong></span> <span class='ocrx_word' id='word_1_428' title='bbox 3427 3108 3542 3168; x_wconf 63' lang='lat' dir='ltr'><strong>haec</strong></span> <span class='ocrx_word' id='word_1_429' title='bbox 3566 3123 3667 3167; x_wconf 90' lang='lat' dir='ltr'><strong>non</strong></span> <span class='ocrx_word' id='word_1_430' title='bbox 3690 3106 3746 3167; x_wconf 86' lang='lat' dir='ltr'><strong>ad</strong></span> <span class='ocrx_word' id='word_1_431' title='bbox 3761 3120 3853 3166; x_wconf 15' lang='lat' dir='ltr'><strong>ver.</strong></span> 
     </span>
    </p>
   </div>
   <div class='ocr_carea' id='block_1_58' title="bbox 583 3201 2189 3276">
    <p class='ocr_par' dir='ltr' id='par_1_58' title="bbox 583 3201 2189 3276">
     <span class='ocr_line' id='line_1_58' title="bbox 583 3201 2189 3276; baseline -0.003 -11"><span class='ocrx_word' id='word_1_432' title='bbox 583 3209 755 3267; x_wconf 91' lang='lat' dir='ltr'><strong>Deum</strong></span> <span class='ocrx_word' id='word_1_433' title='bbox 796 3206 1088 3276; x_wconf 84' lang='lat' dir='ltr'><strong>deponere.</strong></span> <span class='ocrx_word' id='word_1_434' title='bbox 1131 3202 1265 3258; x_wconf 87' lang='lat' dir='ltr'><strong>Nam</strong></span> <span class='ocrx_word' id='word_1_435' title='bbox 1295 3201 1661 3276; x_wconf 83' lang='lat' dir='ltr'><strong>Tertullianus</strong></span> <span class='ocrx_word' id='word_1_436' title='bbox 1699 3202 1755 3257; x_wconf 91' lang='lat' dir='ltr'><strong>in</strong></span> <span class='ocrx_word' id='word_1_437' title='bbox 1796 3204 2024 3275; x_wconf 85' lang='lat' dir='ltr'><strong>Apolog.</strong></span> <span class='ocrx_word' id='word_1_438' title='bbox 2067 3201 2189 3274; x_wconf 80' lang='lat' dir='ltr'><strong>cap.</strong></span> 
     </span>
    </p>
   </div>
   <div class='ocr_carea' id='block_1_59' title="bbox 586 3274 2191 3347">
    <p class='ocr_par' dir='ltr' id='par_1_59' title="bbox 586 3274 2191 3347">
     <span class='ocr_line' id='line_1_59' title="bbox 586 3274 2191 3347; baseline -0.006 -8"><span class='ocrx_word' id='word_1_439' title='bbox 586 3282 657 3338; x_wconf 81' lang='grc'><strong>59</strong></span> <span class='ocrx_word' id='word_1_440' title='bbox 682 3322 698 3347; x_wconf 86' lang='grc'><em>,</em></span> <span class='ocrx_word' id='word_1_441' title='bbox 740 3278 832 3333; x_wconf 88' lang='lat' dir='ltr'><strong>ubi</strong></span> <span class='ocrx_word' id='word_1_442' title='bbox 871 3274 942 3333; x_wconf 83' lang='lat' dir='ltr'><strong>dc</strong></span> <span class='ocrx_word' id='word_1_443' title='bbox 961 3276 1393 3347; x_wconf 85' lang='lat' dir='ltr'><strong>Christianorum</strong></span> <span class='ocrx_word' id='word_1_444' title='bbox 1428 3274 1721 3347; x_wconf 78' lang='lat' dir='ltr'><strong>disciplina</strong></span> <span class='ocrx_word' id='word_1_445' title='bbox 1750 3276 1912 3330; x_wconf 83' lang='lat' dir='ltr'><strong>verba</strong></span> <span class='ocrx_word' id='word_1_446' title='bbox 1944 3274 2103 3344; x_wconf 73' lang='lat' dir='ltr'><strong>facit,</strong></span> <span class='ocrx_word' id='word_1_447' title='bbox 2139 3279 2191 3331; x_wconf 93' lang='lat' dir='ltr'><strong>in</strong></span> 
     </span>
    </p>
   </div>
   <div class='ocr_carea' id='block_1_60' title="bbox 584 3345 2194 3419">
    <p class='ocr_par' dir='ltr' id='par_1_60' title="bbox 584 3345 2194 3419">
     <span class='ocr_line' id='line_1_60' title="bbox 584 3345 2194 3419; baseline -0.004 -11"><span class='ocrx_word' id='word_1_448' title='bbox 584 3345 728 3408; x_wconf 86' lang='lat' dir='ltr'><strong>hunc</strong></span> <span class='ocrx_word' id='word_1_449' title='bbox 769 3349 989 3405; x_wconf 92' lang='lat' dir='ltr'><strong>modum</strong></span> <span class='ocrx_word' id='word_1_450' title='bbox 1034 3347 1254 3419; x_wconf 84' lang='lat' dir='ltr'><strong>scribit:</strong></span> <span class='ocrx_word' id='word_1_451' title='bbox 1309 3345 1573 3419; x_wconf 76' lang='lat' dir='ltr'><strong>Modicam</strong></span> <span class='ocrx_word' id='word_1_452' title='bbox 1624 3348 1971 3419; x_wconf 81' lang='lat' dir='ltr'><strong>unusquisque</strong></span> <span class='ocrx_word' id='word_1_453' title='bbox 2010 3349 2194 3417; x_wconf 82' lang='lat' dir='ltr'><strong>stipem</strong></span> 
     </span>
    </p>
   </div>
   <div class='ocr_carea' id='block_1_61' title="bbox 587 3417 2193 3489">
    <p class='ocr_par' dir='ltr' id='par_1_61' title="bbox 587 3417 2193 3489">
     <span class='ocr_line' id='line_1_61' title="bbox 587 3417 2193 3489; baseline -0.004 -9"><span class='ocrx_word' id='word_1_454' title='bbox 587 3431 849 3479; x_wconf 87' lang='lat' dir='ltr'><strong>menstrua</strong></span> <span class='ocrx_word' id='word_1_455' title='bbox 874 3419 986 3485; x_wconf 87' lang='lat' dir='ltr'><strong>die,</strong></span> <span class='ocrx_word' id='word_1_456' title='bbox 1013 3417 1093 3474; x_wconf 79' lang='lat' dir='ltr'><strong>vel</strong></span> <span class='ocrx_word' id='word_1_457' title='bbox 1117 3435 1233 3475; x_wconf 88' lang='lat' dir='ltr'><strong>cum</strong></span> <span class='ocrx_word' id='word_1_458' title='bbox 1253 3418 1405 3489; x_wconf 83' lang='lat' dir='ltr'><strong>uelit,</strong></span> <span class='ocrx_word' id='word_1_459' title='bbox 1434 3427 1479 3471; x_wconf 89' lang='lat' dir='ltr'><strong>et</strong></span> <span class='ocrx_word' id='word_1_460' title='bbox 1501 3418 1545 3471; x_wconf 92' lang='lat' dir='ltr'><strong>si</strong></span> <span class='ocrx_word' id='word_1_461' title='bbox 1571 3419 1722 3472; x_wconf 86' lang='lat' dir='ltr'><strong>modo</strong></span> <span class='ocrx_word' id='word_1_462' title='bbox 1743 3417 1931 3488; x_wconf 74' lang='lat' dir='ltr'><strong>possit,</strong></span> <span class='ocrx_word' id='word_1_463' title='bbox 1958 3422 2193 3489; x_wconf 84' lang='lat' dir='ltr'><strong>apponit.</strong></span> 
     </span>
    </p>
   </div>
   <div class='ocr_carea' id='block_1_62' title="bbox 590 3488 2197 3562">
    <p class='ocr_par' dir='ltr' id='par_1_62' title="bbox 590 3488 2197 3562">
     <span class='ocr_line' id='line_1_62' title="bbox 590 3488 2197 3562; baseline -0.002 -13"><span class='ocrx_word' id='word_1_464' title='bbox 590 3494 731 3550; x_wconf 86' lang='lat' dir='ltr'><strong>Nam</strong></span> <span class='ocrx_word' id='word_1_465' title='bbox 760 3509 904 3548; x_wconf 83' lang='lat' dir='ltr'><strong>nemo</strong></span> <span class='ocrx_word' id='word_1_466' title='bbox 933 3491 1297 3562; x_wconf 78' lang='lat' dir='ltr'><strong>contpellitur,_</strong></span> <span class='ocrx_word' id='word_1_467' title='bbox 1310 3488 1400 3544; x_wconf 89' lang='lat' dir='ltr'><strong>sed</strong></span> <span class='ocrx_word' id='word_1_468' title='bbox 1422 3497 1610 3562; x_wconf 80' lang='lat' dir='ltr'><strong>sponte</strong></span> <span class='ocrx_word' id='word_1_469' title='bbox 1636 3493 1858 3561; x_wconf 76' lang='lat' dir='ltr'><strong>confert.</strong></span> <span class='ocrx_word' id='word_1_470' title='bbox 1894 3488 2197 3562; x_wconf 67' lang='lat' dir='ltr'><strong>Haecquasi</strong></span> 
     </span>
    </p>
   </div>
   <div class='ocr_carea' id='block_1_63' title="bbox 589 3559 2198 3639">
    <p class='ocr_par' dir='ltr' id='par_1_63' title="bbox 589 3559 2198 3639">
     <span class='ocr_line' id='line_1_63' title="bbox 589 3559 2198 3639; baseline -0.005 -16"><span class='ocrx_word' id='word_1_471' title='bbox 589 3567 821 3636; x_wconf 87' lang='lat' dir='ltr'><strong>deposita</strong></span> <span class='ocrx_word' id='word_1_472' title='bbox 838 3564 1049 3639; x_wconf 80' lang='lat' dir='ltr'><strong>pietatis</strong></span> <span class='ocrx_word' id='word_1_473' title='bbox 1074 3571 1211 3618; x_wconf 80' lang='lat' dir='ltr'><strong>sunt.</strong></span> <span class='ocrx_word' id='word_1_474' title='bbox 1244 3559 1531 3639; x_wconf 59' lang='lat' dir='ltr'><strong>Namjnde</strong></span> <span class='ocrx_word' id='word_1_475' title='bbox 1560 3576 1663 3616; x_wconf 89' lang='lat' dir='ltr'><strong>non</strong></span> <span class='ocrx_word' id='word_1_476' title='bbox 1690 3559 1857 3639; x_wconf 78' lang='lat' dir='ltr'><strong>epulis</strong></span> <span class='ocrx_word' id='word_1_477' title='bbox 1875 3604 1888 3627; x_wconf 93' lang='lat'><strong>,</strong></span> <span class='ocrx_word' id='word_1_478' title='bbox 1920 3580 2012 3639; x_wconf 80' lang='lat' dir='ltr'><strong>nec</strong></span> <span class='ocrx_word' id='word_1_479' title='bbox 2039 3559 2198 3639; x_wconf 79' lang='lat' dir='ltr'><strong>pocu-</strong></span> 
     </span>
    </p>
   </div>
   <div class='ocr_carea' id='block_1_64' title="bbox 588 3632 2196 3706">
    <p class='ocr_par' dir='ltr' id='par_1_64' title="bbox 588 3632 2196 3706">
     <span class='ocr_line' id='line_1_64' title="bbox 588 3632 2196 3706; baseline -0.004 -12"><span class='ocrx_word' id='word_1_480' title='bbox 588 3632 681 3705; x_wconf 18' lang='lat' dir='ltr'><strong>list,</strong></span> <span class='ocrx_word' id='word_1_481' title='bbox 708 3655 799 3692; x_wconf 88' lang='lat' dir='ltr'><strong>nec</strong></span> <span class='ocrx_word' id='word_1_482' title='bbox 829 3632 1044 3706; x_wconf 76' lang='lat' dir='ltr'><strong>ingratis</strong></span> <span class='ocrx_word' id='word_1_483' title='bbox 1070 3633 1343 3689; x_wconf 85' lang='lat' dir='ltr'><strong>voratrinis</strong></span> <span class='ocrx_word' id='word_1_484' title='bbox 1363 3632 1713 3703; x_wconf 85' lang='lat' dir='ltr'><strong>dispensatur,</strong></span> <span class='ocrx_word' id='word_1_485' title='bbox 1739 3634 1829 3688; x_wconf 85' lang='lat' dir='ltr'><strong>sed</strong></span> <span class='ocrx_word' id='word_1_486' title='bbox 1856 3636 2027 3705; x_wconf 83' lang='lat' dir='ltr'><strong>egenis</strong></span> <span class='ocrx_word' id='word_1_487' title='bbox 2052 3637 2196 3688; x_wconf 85' lang='lat' dir='ltr'><strong>alen-</strong></span> 
     </span>
    </p>
   </div>
   <div class='ocr_carea' id='block_1_65' title="bbox 592 3706 2199 3776">
    <p class='ocr_par' dir='ltr' id='par_1_65' title="bbox 592 3706 2199 3776">
     <span class='ocr_line' id='line_1_65' title="bbox 592 3706 2199 3776; baseline -0.003 -11"><span class='ocrx_word' id='word_1_488' title='bbox 592 3711 671 3765; x_wconf 89' lang='lat' dir='ltr'><strong>dis</strong></span> <span class='ocrx_word' id='word_1_489' title='bbox 700 3708 1105 3775; x_wconf 82' lang='lat' dir='ltr'><strong>humandisque,</strong></span> <span class='ocrx_word' id='word_1_490' title='bbox 1130 3715 1174 3759; x_wconf 92' lang='lat' dir='ltr'><strong>et</strong></span> <span class='ocrx_word' id='word_1_491' title='bbox 1198 3706 1368 3775; x_wconf 90' lang='lat' dir='ltr'><strong>pueris</strong></span> <span class='ocrx_word' id='word_1_492' title='bbox 1394 3720 1454 3758; x_wconf 86' lang='lat' dir='ltr'><strong>ac</strong></span> <span class='ocrx_word' id='word_1_493' title='bbox 1482 3706 1693 3774; x_wconf 86' lang='lat' dir='ltr'><strong>pupillis</strong></span> <span class='ocrx_word' id='word_1_494' title='bbox 1724 3722 1782 3759; x_wconf 81' lang='lat' dir='ltr'><strong>re</strong></span> <span class='ocrx_word' id='word_1_495' title='bbox 1820 3722 1881 3758; x_wconf 88' lang='lat' dir='ltr'><strong>ac</strong></span> <span class='ocrx_word' id='word_1_496' title='bbox 1905 3708 2199 3776; x_wconf 85' lang='lat' dir='ltr'><strong>parentibus</strong></span> 
     </span>
    </p>
   </div>
   <div class='ocr_carea' id='block_1_66' title="bbox 591 3776 2198 3850">
    <p class='ocr_par' dir='ltr' id='par_1_66' title="bbox 591 3776 2198 3850">
     <span class='ocr_line' id='line_1_66' title="bbox 591 3776 2198 3850; baseline -0.002 -14"><span class='ocrx_word' id='word_1_497' title='bbox 591 3781 847 3841; x_wconf 82' lang='lat' dir='ltr'><strong>destitutis</strong></span> <span class='ocrx_word' id='word_1_498' title='bbox 876 3787 1122 3850; x_wconf 75' lang='lat' dir='ltr'><strong>wtategue</strong></span> <span class='ocrx_word' id='word_1_499' title='bbox 1152 3776 1641 3850; x_wconf 24' lang='lat' dir='ltr'><strong>domitis‘senibus,</strong></span> <span class='ocrx_word' id='word_1_500' title='bbox 1660 3778 1782 3832; x_wconf 86' lang='lat' dir='ltr'><strong>item</strong></span> <span class='ocrx_word' id='word_1_501' title='bbox 1810 3780 2079 3850; x_wconf 78' lang='lat' dir='ltr'><strong>naufragis</strong></span> <span class='ocrx_word' id='word_1_502' title='bbox 2099 3820 2113 3845; x_wconf 94' lang='lat'><strong>,</strong></span> <span class='ocrx_word' id='word_1_503' title='bbox 2150 3788 2198 3832; x_wconf 88' lang='lat' dir='ltr'><strong>et</strong></span> 
     </span>
    </p>
   </div>
   <div class='ocr_carea' id='block_1_67' title="bbox 591 3847 2200 3922">
    <p class='ocr_par' dir='ltr' id='par_1_67' title="bbox 591 3847 2200 3922">
     <span class='ocr_line' id='line_1_67' title="bbox 591 3847 2200 3922; baseline -0.002 -14"><span class='ocrx_word' id='word_1_504' title='bbox 591 3855 637 3908; x_wconf 88' lang='lat' dir='ltr'><strong>si</strong></span> <span class='ocrx_word' id='word_1_505' title='bbox 665 3852 749 3922; x_wconf 86' lang='lat' dir='ltr'><strong>qui</strong></span> <span class='ocrx_word' id='word_1_506' title='bbox 777 3851 833 3905; x_wconf 87' lang='lat' dir='ltr'><strong>in</strong></span> <span class='ocrx_word' id='word_1_507' title='bbox 863 3848 1112 3913; x_wconf 84' lang='lat' dir='ltr'><strong>metallis,</strong></span> <span class='ocrx_word' id='word_1_508' title='bbox 1146 3857 1201 3922; x_wconf 69' lang='lat' dir='ltr'><strong>et</strong></span> <span class='ocrx_word' id='word_1_509' title='bbox 1221 3847 1264 3922; x_wconf 83' lang='lat' dir='ltr'><strong>si</strong></span> <span class='ocrx_word' id='word_1_510' title='bbox 1294 3847 1379 3916; x_wconf 86' lang='lat' dir='ltr'><strong>qui</strong></span> <span class='ocrx_word' id='word_1_511' title='bbox 1410 3848 1460 3900; x_wconf 85' lang='lat' dir='ltr'><strong>in</strong></span> <span class='ocrx_word' id='word_1_512' title='bbox 1486 3848 1700 3922; x_wconf 78' lang='lat' dir='ltr'><strong>insulis,</strong></span> <span class='ocrx_word' id='word_1_513' title='bbox 1745 3849 1823 3903; x_wconf 85' lang='lat' dir='ltr'><strong>vel</strong></span> <span class='ocrx_word' id='word_1_514' title='bbox 1861 3847 1923 3904; x_wconf 79' lang='lat' dir='ltr'><strong>in</strong></span> <span class='ocrx_word' id='word_1_515' title='bbox 1954 3847 2200 3904; x_wconf 73' lang='lat' dir='ltr'><strong>custodiis</strong></span> 
     </span>
    </p>
   </div>
   <div class='ocr_carea' id='block_1_68' title="bbox 593 3917 2202 3989">
    <p class='ocr_par' dir='ltr' id='par_1_68' title="bbox 593 3917 2202 3989">
     <span class='ocr_line' id='line_1_68' title="bbox 593 3917 2202 3989; baseline -0.002 -10"><span class='ocrx_word' id='word_1_516' title='bbox 593 3917 845 3979; x_wconf 75' lang='lat' dir='ltr'><strong>duntaxat</strong></span> <span class='ocrx_word' id='word_1_517' title='bbox 874 3936 936 3975; x_wconf 74' lang='lat' dir='ltr'><strong>ea:</strong></span> <span class='ocrx_word' id='word_1_518' title='bbox 975 3936 1135 3973; x_wconf 90' lang='lat' dir='ltr'><strong>causa</strong></span> <span class='ocrx_word' id='word_1_519' title='bbox 1165 3917 1258 3989; x_wconf 82' lang='lat' dir='ltr'><strong>Dei</strong></span> <span class='ocrx_word' id='word_1_520' title='bbox 1298 3927 1449 3971; x_wconf 76' lang='lat' dir='ltr'><strong>secta:</strong></span> <span class='ocrx_word' id='word_1_521' title='bbox 1475 3919 1674 3973; x_wconf 87' lang='lat' dir='ltr'><strong>alumni</strong></span> <span class='ocrx_word' id='word_1_522' title='bbox 1715 3922 2057 3989; x_wconf 84' lang='lat' dir='ltr'><strong>confessionis</strong></span> <span class='ocrx_word' id='word_1_523' title='bbox 2096 3935 2202 3976; x_wconf 68' lang='lat' dir='ltr'><strong>sum</strong></span> 
     </span>
    </p>
   </div>
   <div class='ocr_carea' id='block_1_69' title="bbox 594 3988 2199 4059">
    <p class='ocr_par' dir='ltr' id='par_1_69' title="bbox 594 3988 2199 4059">
     <span class='ocr_line' id='line_1_69' title="bbox 594 3988 2199 4059; baseline -0.001 -11"><span class='ocrx_word' id='word_1_524' title='bbox 594 4002 747 4058; x_wconf 88' lang='lat' dir='ltr'><strong>sunt,</strong></span> <span class='ocrx_word' id='word_1_525' title='bbox 772 4001 876 4046; x_wconf 89' lang='lat' dir='ltr'><strong>ctc.</strong></span> <span class='ocrx_word' id='word_1_526' title='bbox 914 3988 1487 4059; x_wconf 80' lang='lat' dir='ltr'><strong>BE&#39;rUt..——Tliesauros</strong></span> <span class='ocrx_word' id='word_1_527' title='bbox 1508 4028 1519 4041; x_wconf 95' lang='lat'><strong>.</strong></span> <span class='ocrx_word' id='word_1_528' title='bbox 1545 4028 1559 4043; x_wconf 92' lang='lat'><strong>.</strong></span> <span class='ocrx_word' id='word_1_529' title='bbox 1584 4030 1596 4043; x_wconf 93' lang='lat'><strong>.</strong></span> <span class='ocrx_word' id='word_1_530' title='bbox 1616 3991 1816 4044; x_wconf 83' lang='lat' dir='ltr'><strong>custodi</strong></span> <span class='ocrx_word' id='word_1_531' title='bbox 1842 3991 1950 4045; x_wconf 78' lang='lat' dir='ltr'><strong>Deo</strong></span> <span class='ocrx_word' id='word_1_532' title='bbox 1975 3992 2199 4059; x_wconf 87' lang='lat' dir='ltr'><strong>credere,</strong></span> 
     </span>
    </p>
   </div>
   <div class='ocr_carea' id='block_1_70' title="bbox 594 4057 2204 4132">
    <p class='ocr_par' dir='ltr' id='par_1_70' title="bbox 594 4057 2204 4132">
     <span class='ocr_line' id='line_1_70' title="bbox 594 4057 2204 4132; baseline -0.001 -13"><span class='ocrx_word' id='word_1_533' title='bbox 594 4057 739 4119; x_wconf 82' lang='lat' dir='ltr'><strong>Ven.</strong></span> <span class='ocrx_word' id='word_1_534' title='bbox 773 4062 935 4128; x_wconf 72' lang='grc'><strong>1495,</strong></span> <span class='ocrx_word' id='word_1_535' title='bbox 960 4057 1051 4127; x_wconf 84' lang='lat'><strong>97,</strong></span> <span class='ocrx_word' id='word_1_536' title='bbox 1084 4061 1304 4132; x_wconf 80' lang='lat' dir='ltr'><strong>tradere.</strong></span> <span class='ocrx_word' id='word_1_537' title='bbox 1337 4057 1480 4114; x_wconf 84' lang='lat' dir='ltr'><strong>Nihil</strong></span> <span class='ocrx_word' id='word_1_538' title='bbox 1505 4071 1671 4132; x_wconf 82' lang='lat' dir='ltr'><strong>muto.</strong></span> <span class='ocrx_word' id='word_1_539' title='bbox 1705 4062 1950 4117; x_wconf 81' lang='lat' dir='ltr'><strong>Imitatur</strong></span> <span class='ocrx_word' id='word_1_540' title='bbox 1979 4057 2204 4132; x_wconf 78' lang='lat' dir='ltr'><strong>Cypria-</strong></span> 
     </span>
    </p>
   </div>
   <div class='ocr_carea' id='block_1_71' title="bbox 599 4124 2255 4202">
    <p class='ocr_par' dir='ltr' id='par_1_71' title="bbox 599 4124 2255 4202">
     <span class='ocr_line' id='line_1_71' title="bbox 599 4124 2255 4202; baseline -0.003 -11"><span class='ocrx_word' id='word_1_541' title='bbox 599 4150 735 4191; x_wconf 85' lang='lat' dir='ltr'><strong>num</strong></span> <span class='ocrx_word' id='word_1_542' title='bbox 761 4124 831 4191; x_wconf 89' lang='lat' dir='ltr'><strong>de</strong></span> <span class='ocrx_word' id='word_1_543' title='bbox 858 4124 1049 4202; x_wconf 77' lang='lat' dir='ltr'><strong>opere</strong></span> <span class='ocrx_word' id='word_1_544' title='bbox 1067 4141 1122 4188; x_wconf 92' lang='lat' dir='ltr'><strong>et</strong></span> <span class='ocrx_word' id='word_1_545' title='bbox 1149 4130 1444 4197; x_wconf 79' lang='lat' dir='ltr'><strong>Eteeinos.,</strong></span> <span class='ocrx_word' id='word_1_546' title='bbox 1467 4131 1555 4186; x_wconf 89' lang='lat' dir='ltr'><strong>ed.</strong></span> <span class='ocrx_word' id='word_1_547' title='bbox 1583 4130 1759 4187; x_wconf 84' lang='lat' dir='ltr'><strong>Oxon.</strong></span> <span class='ocrx_word' id='word_1_548' title='bbox 1782 4132 1818 4187; x_wconf 87' lang='lat' dir='ltr'><strong>f.</strong></span> <span class='ocrx_word' id='word_1_549' title='bbox 1849 4135 1991 4190; x_wconf 71' lang='lat'><strong>205:</strong></span> <span class='ocrx_word' id='word_1_550' title='bbox 2024 4124 2205 4188; x_wconf 79' lang='lat' dir='ltr'><strong>Patri-</strong></span> <span class='ocrx_word' id='word_1_551' title='bbox 2252 4180 2255 4185; x_wconf 91' lang='lat'><strong>.</strong></span> 
     </span>
    </p>
   </div>
   <div class='ocr_carea' id='block_1_72' title="bbox 596 4204 2208 4274">
    <p class='ocr_par' dir='ltr' id='par_1_72' title="bbox 596 4204 2208 4274">
     <span class='ocr_line' id='line_1_72' title="bbox 596 4204 2208 4274; baseline 0 -13"><span class='ocrx_word' id='word_1_552' title='bbox 596 4205 831 4262; x_wconf 87' lang='lat' dir='ltr'><strong>monium</strong></span> <span class='ocrx_word' id='word_1_553' title='bbox 860 4206 971 4260; x_wconf 87' lang='lat' dir='ltr'><strong>Deo</strong></span> <span class='ocrx_word' id='word_1_554' title='bbox 1000 4204 1262 4259; x_wconf 85' lang='lat' dir='ltr'><strong>creditum</strong></span> <span class='ocrx_word' id='word_1_555' title='bbox 1293 4218 1384 4255; x_wconf 89' lang='lat' dir='ltr'><strong>nec</strong></span> <span class='ocrx_word' id='word_1_556' title='bbox 1404 4218 1543 4271; x_wconf 86' lang='lat' dir='ltr'><strong>resp.</strong></span> <span class='ocrx_word' id='word_1_557' title='bbox 1571 4204 1742 4273; x_wconf 77' lang='lat' dir='ltr'><strong>eripit,</strong></span> <span class='ocrx_word' id='word_1_558' title='bbox 1768 4220 1860 4259; x_wconf 84' lang='lat' dir='ltr'><strong>nec</strong></span> <span class='ocrx_word' id='word_1_559' title='bbox 1885 4208 2039 4274; x_wconf 84' lang='lat' dir='ltr'><strong>ﬁscus</strong></span> <span class='ocrx_word' id='word_1_560' title='bbox 2064 4208 2208 4261; x_wconf 88' lang='lat' dir='ltr'><strong>inva-</strong></span> 
     </span>
    </p>
   </div>
   <div class='ocr_carea' id='block_1_73' title="bbox 599 4274 2209 4345">
    <p class='ocr_par' dir='ltr' id='par_1_73' title="bbox 599 4274 2209 4345">
     <span class='ocr_line' id='line_1_73' title="bbox 599 4274 2209 4345; baseline 0 -12"><span class='ocrx_word' id='word_1_561' title='bbox 599 4280 709 4345; x_wconf 83' lang='lat' dir='ltr'><strong>dit,</strong></span> <span class='ocrx_word' id='word_1_562' title='bbox 737 4295 827 4333; x_wconf 89' lang='lat' dir='ltr'><strong>nec</strong></span> <span class='ocrx_word' id='word_1_563' title='bbox 853 4277 1110 4331; x_wconf 84' lang='lat' dir='ltr'><strong>calumnia</strong></span> <span class='ocrx_word' id='word_1_564' title='bbox 1138 4275 1313 4344; x_wconf 86' lang='lat' dir='ltr'><strong>aliqua</strong></span> <span class='ocrx_word' id='word_1_565' title='bbox 1342 4274 1561 4345; x_wconf 76' lang='lat' dir='ltr'><strong>forensis</strong></span> <span class='ocrx_word' id='word_1_566' title='bbox 1590 4276 1779 4330; x_wconf 81' lang='lat' dir='ltr'><strong>evertit.</strong></span> <span class='ocrx_word' id='word_1_567' title='bbox 1815 4275 1880 4331; x_wconf 88' lang='lat' dir='ltr'><strong>In</strong></span> <span class='ocrx_word' id='word_1_568' title='bbox 1907 4287 2015 4331; x_wconf 89' lang='lat' dir='ltr'><strong>tuto</strong></span> <span class='ocrx_word' id='word_1_569' title='bbox 2046 4280 2209 4334; x_wconf 76' lang='lat' dir='ltr'><strong>licere-</strong></span> 
     </span>
    </p>
   </div>
   <div class='ocr_carea' id='block_1_74' title="bbox 600 4344 2205 4420">
    <p class='ocr_par' dir='ltr' id='par_1_74' title="bbox 600 4344 2205 4420">
     <span class='ocr_line' id='line_1_74' title="bbox 600 4344 2205 4420; baseline -0.001 -15"><span class='ocrx_word' id='word_1_570' title='bbox 600 4344 733 4405; x_wconf 88' lang='lat' dir='ltr'><strong>ditas</strong></span> <span class='ocrx_word' id='word_1_571' title='bbox 764 4350 997 4420; x_wconf 72' lang='lat' dir='ltr'><strong>ponitur,</strong></span> <span class='ocrx_word' id='word_1_572' title='bbox 1019 4363 1132 4419; x_wconf 72' lang='lat' dir='ltr'><strong>qua:</strong></span> <span class='ocrx_word' id='word_1_573' title='bbox 1164 4348 1274 4402; x_wconf 86' lang='lat' dir='ltr'><strong>Deo</strong></span> <span class='ocrx_word' id='word_1_574' title='bbox 1301 4344 1525 4403; x_wconf 83' lang='lat' dir='ltr'><strong>custode</strong></span> <span class='ocrx_word' id='word_1_575' title='bbox 1561 4359 1813 4402; x_wconf 85' lang='lat' dir='ltr'><strong>servatur.</strong></span> <span class='ocrx_word' id='word_1_576' title='bbox 1855 4348 2011 4406; x_wconf 85' lang='lat' dir='ltr'><strong>Conf.</strong></span> <span class='ocrx_word' id='word_1_577' title='bbox 2053 4351 2205 4407; x_wconf 87' lang='lat' dir='ltr'><strong>Lact.</strong></span> 
     </span>
    </p>
   </div>
   <div class='ocr_carea' id='block_1_75' title="bbox 602 4418 1193 4493">
    <p class='ocr_par' dir='ltr' id='par_1_75' title="bbox 602 4418 1193 4493">
     <span class='ocr_line' id='line_1_75' title="bbox 602 4418 1193 4493; baseline -0.01 -14"><span class='ocrx_word' id='word_1_578' title='bbox 602 4422 748 4493; x_wconf 84' lang='lat' dir='ltr'><strong>Epit.</strong></span> <span class='ocrx_word' id='word_1_579' title='bbox 764 4418 899 4491; x_wconf 78' lang='lat' dir='ltr'><strong>cap.</strong></span> <span class='ocrx_word' id='word_1_580' title='bbox 931 4418 1193 4493; x_wconf 19' lang='lat' dir='ltr'><strong>65.2mm.</strong></span> 
     </span>
    </p>
   </div>
   <div class='ocr_carea' id='block_1_76' title="bbox 676 4489 1636 4564">
    <p class='ocr_par' dir='ltr' id='par_1_76' title="bbox 676 4489 1636 4564">
     <span class='ocr_line' id='line_1_76' title="bbox 676 4489 1636 4564; baseline 0 -19"><span class='ocrx_word' id='word_1_581' title='bbox 676 4489 1003 4564; x_wconf 69' lang='lat' dir='ltr'><strong>Bubiginept.</strong></span> <span class='ocrx_word' id='word_1_582' title='bbox 1038 4490 1226 4564; x_wconf 78' lang='lat' dir='ltr'><strong>Matth.</strong></span> <span class='ocrx_word' id='word_1_583' title='bbox 1258 4489 1509 4564; x_wconf 82' lang='lat' dir='ltr'><strong>vr,_Luc.</strong></span> <span class='ocrx_word' id='word_1_584' title='bbox 1541 4506 1636 4564; x_wconf 73' lang='lat' dir='ltr'><strong>xit.</strong></span> 
     </span>
    </p>
   </div>
   <div class='ocr_carea' id='block_1_77' title="bbox 676 4561 2027 4635">
    <p class='ocr_par' dir='ltr' id='par_1_77' title="bbox 676 4561 2027 4635">
     <span class='ocr_line' id='line_1_77' title="bbox 676 4561 2027 4635; baseline 0.001 -17"><span class='ocrx_word' id='word_1_585' title='bbox 676 4561 875 4635; x_wconf 73' lang='lat' dir='ltr'><strong>Potest.</strong></span> <span class='ocrx_word' id='word_1_586' title='bbox 899 4561 1024 4618; x_wconf 83' lang='lat' dir='ltr'><strong>Mss.</strong></span> <span class='ocrx_word' id='word_1_587' title='bbox 1055 4562 1222 4635; x_wconf 87' lang='lat' dir='ltr'><strong>Cauc.</strong></span> <span class='ocrx_word' id='word_1_588' title='bbox 1254 4572 1309 4617; x_wconf 88' lang='lat' dir='ltr'><strong>et</strong></span> <span class='ocrx_word' id='word_1_589' title='bbox 1335 4562 1461 4635; x_wconf 62' lang='lat' dir='ltr'><strong>luti.</strong></span> <span class='ocrx_word' id='word_1_590' title='bbox 1494 4573 1549 4619; x_wconf 88' lang='lat' dir='ltr'><strong>et</strong></span> <span class='ocrx_word' id='word_1_591' title='bbox 1578 4561 1612 4617; x_wconf 82' lang='lat'><strong>5</strong></span> <span class='ocrx_word' id='word_1_592' title='bbox 1635 4562 1786 4630; x_wconf 79' lang='lat' dir='ltr'><strong>edd.,</strong></span> <span class='ocrx_word' id='word_1_593' title='bbox 1823 4566 2027 4635; x_wconf 89' lang='lat' dir='ltr'><strong>poterit.</strong></span> 
     </span>
    </p>
   </div>
   <div class='ocr_carea' id='block_1_78' title="bbox 680 4632 2215 4708">
    <p class='ocr_par' dir='ltr' id='par_1_78' title="bbox 680 4632 2215 4708">
     <span class='ocr_line' id='line_1_78' title="bbox 680 4632 2215 4708; baseline 0.003 -19"><span class='ocrx_word' id='word_1_594' title='bbox 680 4633 902 4708; x_wconf 85' lang='lat' dir='ltr'><strong>Divitias</strong></span> <span class='ocrx_word' id='word_1_595' title='bbox 933 4633 1129 4708; x_wconf 71' lang='lat' dir='ltr'><strong>tuasin</strong></span> <span class='ocrx_word' id='word_1_596' title='bbox 1156 4649 1303 4687; x_wconf 88' lang='lat' dir='ltr'><strong>aram</strong></span> <span class='ocrx_word' id='word_1_597' title='bbox 1330 4632 1424 4708; x_wconf 74' lang='lat' dir='ltr'><strong>Dei</strong></span> <span class='ocrx_word' id='word_1_598' title='bbox 1454 4635 1709 4708; x_wconf 68' lang='lat' dir='ltr'><strong>conferas.</strong></span> <span class='ocrx_word' id='word_1_599' title='bbox 1753 4632 1845 4708; x_wconf 83' lang='lat' dir='ltr'><strong>Si_c</strong></span> <span class='ocrx_word' id='word_1_600' title='bbox 1874 4638 1995 4708; x_wconf 86' lang='lat' dir='ltr'><strong>lego</strong></span> <span class='ocrx_word' id='word_1_601' title='bbox 2022 4653 2089 4692; x_wconf 85' lang='lat' dir='ltr'><strong>ex</strong></span> <span class='ocrx_word' id='word_1_602' title='bbox 2116 4651 2215 4692; x_wconf 87' lang='lat' dir='ltr'><strong>an-</strong></span> 
     </span>
    </p>
   </div>
   <div class='ocr_carea' id='block_1_79' title="bbox 606 4700 2213 4779">
    <p class='ocr_par' dir='ltr' id='par_1_79' title="bbox 606 4700 2213 4779">
     <span class='ocr_line' id='line_1_79' title="bbox 606 4700 2213 4779; baseline -0.001 -15"><span class='ocrx_word' id='word_1_603' title='bbox 606 4707 925 4779; x_wconf 75' lang='lat' dir='ltr'><strong>tiquissimis</strong></span> <span class='ocrx_word' id='word_1_604' title='bbox 942 4704 1219 4779; x_wconf 84' lang='lat' dir='ltr'><strong>codicibus</strong></span> <span class='ocrx_word' id='word_1_605' title='bbox 1244 4718 1374 4758; x_wconf 90' lang='lat' dir='ltr'><strong>mss.</strong></span> <span class='ocrx_word' id='word_1_606' title='bbox 1400 4705 1429 4756; x_wconf 74' lang='grc' dir='ltr'>Ξ</span> <span class='ocrx_word' id='word_1_607' title='bbox 1453 4700 1687 4779; x_wconf 44' lang='lat' dir='ltr'><strong>Borion”</strong></span> <span class='ocrx_word' id='word_1_608' title='bbox 1711 4708 1744 4763; x_wconf 88' lang='lat'><strong>6</strong></span> <span class='ocrx_word' id='word_1_609' title='bbox 1767 4700 1897 4779; x_wconf 68' lang='lat' dir='ltr'><strong>Keg.</strong></span> <span class='ocrx_word' id='word_1_610' title='bbox 1922 4700 1977 4763; x_wconf 73' lang='lat' dir='ltr'><strong>ét</strong></span> <span class='ocrx_word' id='word_1_611' title='bbox 1997 4709 2129 4763; x_wconf 89' lang='lat' dir='ltr'><strong>Tax.</strong></span> <span class='ocrx_word' id='word_1_612' title='bbox 2159 4710 2213 4763; x_wconf 87' lang='lat' dir='ltr'><strong>In</strong></span> 
     </span>
    </p>
   </div>
   <div class='ocr_carea' id='block_1_80' title="bbox 611 4724 2214 4845">
    <p class='ocr_par' dir='ltr' id='par_1_80' title="bbox 611 4724 2214 4845">
     <span class='ocr_line' id='line_1_80' title="bbox 611 4724 2213 4779; baseline -0.001 -15"><span class='ocrx_word' id='word_1_613' title='bbox 611 4724 645 4777; x_wconf 86' lang='lat' dir='ltr'><strong>lt</strong></span> <span class='ocrx_word' id='word_1_614' title='bbox 689 4724 925 4763; x_wconf 71' lang='lat' dir='ltr'><strong>lllSSlmlS</strong></span> <span class='ocrx_word' id='word_1_615' title='bbox 942 4724 1219 4760; x_wconf 76' lang='lat' dir='ltr'><strong>enormous</strong></span> <span class='ocrx_word' id='word_1_616' title='bbox 1244 4724 1374 4758; x_wconf 85' lang='lat' dir='ltr'><strong>mss.</strong></span> <span class='ocrx_word' id='word_1_617' title='bbox 1400 4724 1429 4756; x_wconf 81' lang='lat' dir='ltr'><strong><em>z</em></strong></span> <span class='ocrx_word' id='word_1_618' title='bbox 1453 4724 1687 4772; x_wconf 67' lang='lat' dir='ltr'><strong>nouom,</strong></span> <span class='ocrx_word' id='word_1_619' title='bbox 1711 4724 1744 4763; x_wconf 72' lang='grc' dir='ltr'>ι)</span> <span class='ocrx_word' id='word_1_620' title='bbox 1767 4724 1897 4779; x_wconf 73' lang='lat' dir='ltr'><strong>ueg.</strong></span> <span class='ocrx_word' id='word_1_621' title='bbox 1922 4724 1977 4763; x_wconf 90' lang='lat' dir='ltr'><strong>et</strong></span> <span class='ocrx_word' id='word_1_622' title='bbox 1997 4724 2029 4763; x_wconf 81' lang='lat'>1</span> <span class='ocrx_word' id='word_1_623' title='bbox 2044 4725 2129 4763; x_wconf 87' lang='lat' dir='ltr'><strong>ax.</strong></span> <span class='ocrx_word' id='word_1_624' title='bbox 2159 4724 2213 4763; x_wconf 89' lang='lat' dir='ltr'><strong>tn</strong></span> 
     </span>
     <span class='ocr_line' id='line_1_81' title="bbox 611 4724 2214 4845; baseline 0 -10"><span class='ocrx_word' id='word_1_625' title='bbox 611 4724 817 4835; x_wconf 47' lang='grc' dir='ltr'><strong>ιίῖῖοιι).</strong></span> <span class='ocrx_word' id='word_1_626' title='bbox 849 4787 934 4833; x_wconf 89' lang='lat' dir='ltr'><strong>est</strong></span> <span class='ocrx_word' id='word_1_627' title='bbox 959 4778 1123 4840; x_wconf 82' lang='lat' dir='ltr'><strong>iram,</strong></span> <span class='ocrx_word' id='word_1_628' title='bbox 1154 4791 1253 4845; x_wconf 91' lang='lat' dir='ltr'><strong>pro</strong></span> <span class='ocrx_word' id='word_1_629' title='bbox 1279 4791 1443 4829; x_wconf 86' lang='lat' dir='ltr'><strong>aram.</strong></span> <span class='ocrx_word' id='word_1_630' title='bbox 1472 4776 1534 4830; x_wconf 82' lang='lat' dir='ltr'><strong>in</strong></span> <span class='ocrx_word' id='word_1_631' title='bbox 1562 4792 1709 4831; x_wconf 89' lang='lat' dir='ltr'><strong>aram</strong></span> <span class='ocrx_word' id='word_1_632' title='bbox 1736 4794 1864 4834; x_wconf 69' lang='lat' dir='ltr'><strong>vero</strong></span> <span class='ocrx_word' id='word_1_633' title='bbox 1890 4781 2101 4835; x_wconf 88' lang='lat' dir='ltr'><strong>confert</strong></span> <span class='ocrx_word' id='word_1_634' title='bbox 2129 4780 2214 4835; x_wconf 85' lang='lat' dir='ltr'><strong>di-</strong></span> 
     </span>
    </p>
   </div>
   <div class='ocr_carea' id='block_1_81' title="bbox 606 4846 2213 4921">
    <p class='ocr_par' dir='ltr' id='par_1_81' title="bbox 606 4846 2213 4921">
     <span class='ocr_line' id='line_1_82' title="bbox 606 4846 2213 4921; baseline 0.001 -16"><span class='ocrx_word' id='word_1_635' title='bbox 606 4852 796 4917; x_wconf 79' lang='lat' dir='ltr'><strong>vittas,</strong></span> <span class='ocrx_word' id='word_1_636' title='bbox 826 4850 1000 4921; x_wconf 80' lang='lat' dir='ltr'><strong>inquit</strong></span> <span class='ocrx_word' id='word_1_637' title='bbox 1021 4846 1374 4921; x_wconf 65' lang='lat' dir='ltr'><strong>&#39;l&#39;ltomaslus,</strong></span> <span class='ocrx_word' id='word_1_638' title='bbox 1398 4848 1486 4916; x_wconf 91' lang='lat' dir='ltr'><strong>qui</strong></span> <span class='ocrx_word' id='word_1_639' title='bbox 1516 4848 1635 4903; x_wconf 88' lang='lat' dir='ltr'><strong>illas</strong></span> <span class='ocrx_word' id='word_1_640' title='bbox 1662 4849 1842 4904; x_wconf 87' lang='lat' dir='ltr'><strong>dando</strong></span> <span class='ocrx_word' id='word_1_641' title='bbox 1871 4853 2213 4920; x_wconf 87' lang='lat' dir='ltr'><strong>pauperibus,</strong></span> 
     </span>
    </p>
   </div>
   <div class='ocr_carea' id='block_1_82' title="bbox 612 4918 2213 4978">
    <p class='ocr_par' dir='ltr' id='par_1_82' title="bbox 612 4918 2213 4978">
     <span class='ocr_line' id='line_1_83' title="bbox 612 4918 2213 4978; baseline -0.001 0"><span class='ocrx_word' id='word_1_642' title='bbox 612 4923 725 4978; x_wconf 83' lang='lat' dir='ltr'><strong>Deo</strong></span> <span class='ocrx_word' id='word_1_643' title='bbox 755 4918 921 4977; x_wconf 82' lang='lat' dir='ltr'><strong>donat</strong></span> <span class='ocrx_word' id='word_1_644' title='bbox 946 4929 1001 4975; x_wconf 89' lang='lat' dir='ltr'><strong>et</strong></span> <span class='ocrx_word' id='word_1_645' title='bbox 1029 4918 1222 4975; x_wconf 78' lang='lat' dir='ltr'><strong>oll&#39;ert:</strong></span> <span class='ocrx_word' id='word_1_646' title='bbox 1254 4920 1307 4972; x_wconf 90' lang='lat' dir='ltr'><strong>in</strong></span> <span class='ocrx_word' id='word_1_647' title='bbox 1336 4935 1512 4973; x_wconf 87' lang='lat' dir='ltr'><strong>arcam</strong></span> <span class='ocrx_word' id='word_1_648' title='bbox 1538 4934 1668 4975; x_wconf 88' lang='lat' dir='ltr'><strong>vero</strong></span> <span class='ocrx_word' id='word_1_649' title='bbox 1689 4936 1813 4975; x_wconf 90' lang='lat' dir='ltr'><strong>cum</strong></span> <span class='ocrx_word' id='word_1_650' title='bbox 1836 4922 1904 4976; x_wconf 72' lang='grc'><strong>12</strong></span> <span class='ocrx_word' id='word_1_651' title='bbox 1924 4918 2084 4977; x_wconf 83' lang='lat' dir='ltr'><strong>editis</strong></span> <span class='ocrx_word' id='word_1_652' title='bbox 2104 4938 2213 4978; x_wconf 91' lang='lat' dir='ltr'><strong>rec.</strong></span> 
     </span>
    </p>
   </div>
   <div class='ocr_carea' id='block_1_83' title="bbox 613 4991 2218 5066">
    <p class='ocr_par' dir='ltr' id='par_1_83' title="bbox 613 4991 2218 5066">
     <span class='ocr_line' id='line_1_84' title="bbox 613 4991 2218 5066; baseline 0.001 -16"><span class='ocrx_word' id='word_1_653' title='bbox 613 5005 667 5050; x_wconf 91' lang='lat' dir='ltr'><strong>et</strong></span> <span class='ocrx_word' id='word_1_654' title='bbox 692 4995 907 5066; x_wconf 78' lang='lat' dir='ltr'><strong>excusis</strong></span> <span class='ocrx_word' id='word_1_655' title='bbox 936 4993 1039 5063; x_wconf 91' lang='lat' dir='ltr'><strong>legi</strong></span> <span class='ocrx_word' id='word_1_656' title='bbox 1070 5007 1176 5046; x_wconf 90' lang='lat' dir='ltr'><strong>non</strong></span> <span class='ocrx_word' id='word_1_657' title='bbox 1208 4999 1418 5061; x_wconf 89' lang='lat' dir='ltr'><strong>potest,</strong></span> <span class='ocrx_word' id='word_1_658' title='bbox 1446 4991 1571 5059; x_wconf 89' lang='lat' dir='ltr'><strong>quia</strong></span> <span class='ocrx_word' id='word_1_659' title='bbox 1597 5007 1704 5048; x_wconf 92' lang='lat' dir='ltr'><strong>non</strong></span> <span class='ocrx_word' id='word_1_660' title='bbox 1733 5007 1827 5049; x_wconf 90' lang='lat' dir='ltr'><strong>eas</strong></span> <span class='ocrx_word' id='word_1_661' title='bbox 1854 4994 2048 5066; x_wconf 88' lang='lat' dir='ltr'><strong>accipit</strong></span> <span class='ocrx_word' id='word_1_662' title='bbox 2076 4996 2218 5051; x_wconf 90' lang='lat' dir='ltr'><strong>Deus</strong></span> 
     </span>
    </p>
   </div>
   <div class='ocr_carea' id='block_1_84' title="bbox 614 5064 979 5121">
    <p class='ocr_par' dir='ltr' id='par_1_84' title="bbox 614 5064 979 5121">
     <span class='ocr_line' id='line_1_85' title="bbox 614 5064 979 5121; baseline -0.005 -1"><span class='ocrx_word' id='word_1_663' title='bbox 614 5074 675 5121; x_wconf 86' lang='lat' dir='ltr'><strong>ut</strong></span> <span class='ocrx_word' id='word_1_664' title='bbox 700 5064 979 5121; x_wconf 86' lang='lat' dir='ltr'><strong>recondat.</strong></span> 
     </span>
    </p>
   </div>
   <div class='ocr_carea' id='block_1_85' title="bbox 688 5131 1466 5199">
    <p class='ocr_par' dir='ltr' id='par_1_85' title="bbox 688 5131 1466 5199">
     <span class='ocr_line' id='line_1_86' title="bbox 688 5131 1466 5199; baseline -0.005 -9"><span class='ocrx_word' id='word_1_665' title='bbox 688 5135 970 5193; x_wconf 87' lang='lat' dir='ltr'><strong>Firmiora.</strong></span> <span class='ocrx_word' id='word_1_666' title='bbox 1013 5133 1195 5199; x_wconf 88' lang='lat' dir='ltr'><strong>Subl.,</strong></span> <span class='ocrx_word' id='word_1_667' title='bbox 1226 5131 1466 5189; x_wconf 75' lang='lat' dir='ltr'><strong>Meliora.</strong></span> 
     </span>
    </p>
   </div>
   <div class='ocr_carea' id='block_1_86' title="bbox 689 5205 1752 5280">
    <p class='ocr_par' dir='ltr' id='par_1_86' title="bbox 689 5205 1752 5280">
     <span class='ocr_line' id='line_1_87' title="bbox 689 5205 1752 5280; baseline -0.002 -19"><span class='ocrx_word' id='word_1_668' title='bbox 689 5205 876 5280; x_wconf 64' lang='lat' dir='ltr'><strong>Captos</strong></span> <span class='ocrx_word' id='word_1_669' title='bbox 897 5208 1106 5261; x_wconf 84' lang='lat' dir='ltr'><strong>redime.</strong></span> <span class='ocrx_word' id='word_1_670' title='bbox 1135 5207 1311 5280; x_wconf 81' lang='lat' dir='ltr'><strong>Mss._7</strong></span> <span class='ocrx_word' id='word_1_671' title='bbox 1340 5221 1475 5280; x_wconf 85' lang='lat' dir='ltr'><strong>_r_ec.,</strong></span> <span class='ocrx_word' id='word_1_672' title='bbox 1503 5206 1752 5275; x_wconf 83' lang='lat' dir='ltr'><strong>captivos.</strong></span> 
     </span>
    </p>
   </div>
   <div class='ocr_carea' id='block_1_87' title="bbox 694 5276 2222 5352">
    <p class='ocr_par' dir='ltr' id='par_1_87' title="bbox 694 5276 2222 5352">
     <span class='ocr_line' id='line_1_88' title="bbox 694 5276 2222 5352; baseline 0.002 -18"><span class='ocrx_word' id='word_1_673' title='bbox 694 5276 844 5335; x_wconf 84' lang='lat' dir='ltr'><strong>Unde</strong></span> <span class='ocrx_word' id='word_1_674' title='bbox 872 5280 1098 5333; x_wconf 83' lang='lat' dir='ltr'><strong>homines</strong></span> <span class='ocrx_word' id='word_1_675' title='bbox 1127 5278 1196 5331; x_wconf 89' lang='lat' dir='ltr'><strong>ad</strong></span> <span class='ocrx_word' id='word_1_676' title='bbox 1227 5276 1456 5352; x_wconf 79' lang='lat' dir='ltr'><strong>gladium</strong></span> <span class='ocrx_word' id='word_1_677' title='bbox 1485 5294 1773 5348; x_wconf 85' lang='lat' dir='ltr'><strong>comparas.</strong></span> <span class='ocrx_word' id='word_1_678' title='bbox 1807 5279 1849 5333; x_wconf 86' lang='lat' dir='ltr'><strong>A</strong></span> <span class='ocrx_word' id='word_1_679' title='bbox 1883 5280 2073 5336; x_wconf 78' lang='lat' dir='ltr'><strong>lanista</strong></span> <span class='ocrx_word' id='word_1_680' title='bbox 2104 5283 2222 5352; x_wconf 78' lang='lat' dir='ltr'><strong>gla-</strong></span> 
     </span>
    </p>
   </div>
   <div class='ocr_carea' id='block_1_88' title="bbox 620 5349 2216 5419">
    <p class='ocr_par' dir='ltr' id='par_1_88' title="bbox 620 5349 2216 5419">
     <span class='ocr_line' id='line_1_89' title="bbox 620 5349 2216 5419; baseline -0.001 -10"><span class='ocrx_word' id='word_1_681' title='bbox 620 5349 858 5409; x_wconf 83' lang='lat' dir='ltr'><strong>diatores</strong></span> <span class='ocrx_word' id='word_1_682' title='bbox 883 5353 1040 5416; x_wconf 88' lang='lat' dir='ltr'><strong>emis,</strong></span> <span class='ocrx_word' id='word_1_683' title='bbox 1067 5361 1126 5404; x_wconf 92' lang='lat' dir='ltr'><strong>ut</strong></span> <span class='ocrx_word' id='word_1_684' title='bbox 1152 5349 1330 5417; x_wconf 87' lang='lat' dir='ltr'><strong>p0puli</strong></span> <span class='ocrx_word' id='word_1_685' title='bbox 1356 5350 1612 5419; x_wconf 87' lang='lat' dir='ltr'><strong>voluptati</strong></span> <span class='ocrx_word' id='word_1_686' title='bbox 1630 5352 1952 5407; x_wconf 77' lang='lat' dir='ltr'><strong>committas.</strong></span> <span class='ocrx_word' id='word_1_687' title='bbox 1982 5349 2216 5408; x_wconf 63' lang='lat' dir='ltr'><strong>Quian.</strong></span> 
     </span>
    </p>
   </div>
   <div class='ocr_carea' id='block_1_89' title="bbox 620 5421 2223 5493">
    <p class='ocr_par' dir='ltr' id='par_1_89' title="bbox 620 5421 2223 5493">
     <span class='ocr_line' id='line_1_90' title="bbox 620 5421 2223 5493; baseline 0.002 -18"><span class='ocrx_word' id='word_1_688' title='bbox 620 5421 923 5493; x_wconf 51' lang='lat' dir='ltr'><strong>eLanista</strong></span> <span class='ocrx_word' id='word_1_689' title='bbox 974 5432 1163 5493; x_wconf 84' lang='lat' dir='ltr'><strong>autem</strong></span> <span class='ocrx_word' id='word_1_690' title='bbox 1198 5431 1317 5476; x_wconf 89' lang='lat' dir='ltr'><strong>erat</strong></span> <span class='ocrx_word' id='word_1_691' title='bbox 1360 5421 1479 5487; x_wconf 88' lang='lat' dir='ltr'><strong>ille,</strong></span> <span class='ocrx_word' id='word_1_692' title='bbox 1511 5423 1598 5492; x_wconf 91' lang='lat' dir='ltr'><strong>qui</strong></span> <span class='ocrx_word' id='word_1_693' title='bbox 1647 5423 1974 5493; x_wconf 84' lang='lat' dir='ltr'><strong>gladiatores</strong></span> <span class='ocrx_word' id='word_1_694' title='bbox 2012 5425 2066 5479; x_wconf 90' lang='lat' dir='ltr'><strong>in</strong></span> <span class='ocrx_word' id='word_1_695' title='bbox 2106 5437 2223 5480; x_wconf 88' lang='lat' dir='ltr'><strong>arte</strong></span> 
     </span>
    </p>
   </div>
   <div class='ocr_carea' id='block_1_90' title="bbox 619 5492 1270 5564">
    <p class='ocr_par' dir='ltr' id='par_1_90' title="bbox 619 5492 1270 5564">
     <span class='ocr_line' id='line_1_91' title="bbox 619 5492 1270 5564; baseline -0.002 -18"><span class='ocrx_word' id='word_1_696' title='bbox 619 5492 935 5564; x_wconf 82' lang='lat' dir='ltr'><strong>gladiatoria</strong></span> <span class='ocrx_word' id='word_1_697' title='bbox 965 5492 1270 5564; x_wconf 81' lang='lat' dir='ltr'><strong>exercebat.</strong></span> 
     </span>
    </p>
   </div>
   <div class='ocr_carea' id='block_1_91' title="bbox 693 5563 2225 5637">
    <p class='ocr_par' dir='ltr' id='par_1_91' title="bbox 693 5563 2225 5637">
     <span class='ocr_line' id='line_1_92' title="bbox 693 5563 2225 5637; baseline 0.004 -21"><span class='ocrx_word' id='word_1_698' title='bbox 693 5563 986 5637; x_wconf 68' lang='lat' dir='ltr'><strong>Bestiarios.</strong></span> <span class='ocrx_word' id='word_1_699' title='bbox 1015 5563 1259 5637; x_wconf 73' lang='lat' dir='ltr'><strong>Bestiarii</strong></span> <span class='ocrx_word' id='word_1_700' title='bbox 1285 5572 1467 5630; x_wconf 84' lang='lat' dir='ltr'><strong>erant,</strong></span> <span class='ocrx_word' id='word_1_701' title='bbox 1490 5565 1579 5636; x_wconf 92' lang='lat' dir='ltr'><strong>qui</strong></span> <span class='ocrx_word' id='word_1_702' title='bbox 1609 5566 1746 5620; x_wconf 85' lang='lat' dir='ltr'><strong>ludis</strong></span> <span class='ocrx_word' id='word_1_703' title='bbox 1774 5568 2003 5637; x_wconf 87' lang='lat' dir='ltr'><strong>publicis</strong></span> <span class='ocrx_word' id='word_1_704' title='bbox 2033 5569 2083 5622; x_wconf 91' lang='lat' dir='ltr'><strong>in</strong></span> <span class='ocrx_word' id='word_1_705' title='bbox 2110 5583 2225 5622; x_wconf 90' lang='lat' dir='ltr'><strong>am-</strong></span> 
     </span>
    </p>
   </div>
   <div class='ocr_carea' id='block_1_92' title="bbox 624 5633 2225 5706">
    <p class='ocr_par' dir='ltr' id='par_1_92' title="bbox 624 5633 2225 5706">
     <span class='ocr_line' id='line_1_93' title="bbox 624 5633 2225 5706; baseline 0.003 -17"><span class='ocrx_word' id='word_1_706' title='bbox 624 5633 931 5704; x_wconf 76' lang='lat' dir='ltr'><strong>phitheatro</strong></span> <span class='ocrx_word' id='word_1_707' title='bbox 954 5650 1073 5689; x_wconf 88' lang='lat' dir='ltr'><strong>cum</strong></span> <span class='ocrx_word' id='word_1_708' title='bbox 1101 5636 1284 5706; x_wconf 87' lang='lat' dir='ltr'><strong>bestiis</strong></span> <span class='ocrx_word' id='word_1_709' title='bbox 1308 5633 1647 5706; x_wconf 76' lang='lat' dir='ltr'><strong>pugnabant,</strong></span> <span class='ocrx_word' id='word_1_710' title='bbox 1681 5633 1856 5693; x_wconf 41' lang='lat' dir='ltr'><strong>vel&#39;ad</strong></span> <span class='ocrx_word' id='word_1_711' title='bbox 1888 5640 1941 5694; x_wconf 86' lang='lat' dir='ltr'><strong>id</strong></span> <span class='ocrx_word' id='word_1_712' title='bbox 1973 5640 2225 5696; x_wconf 88' lang='lat' dir='ltr'><strong>mercede</strong></span> 
     </span>
    </p>
   </div>
   <div class='ocr_carea' id='block_1_93' title="bbox 624 5705 1826 5773">
    <p class='ocr_par' dir='ltr' id='par_1_93' title="bbox 624 5705 1826 5773">
     <span class='ocr_line' id='line_1_94' title="bbox 624 5705 1826 5773; baseline 0.002 -11"><span class='ocrx_word' id='word_1_713' title='bbox 624 5708 907 5772; x_wconf 87' lang='lat' dir='ltr'><strong>conducti,</strong></span> <span class='ocrx_word' id='word_1_714' title='bbox 936 5705 1018 5759; x_wconf 82' lang='lat' dir='ltr'><strong>vel</strong></span> <span class='ocrx_word' id='word_1_715' title='bbox 1047 5721 1202 5773; x_wconf 68' lang='lat' dir='ltr'><strong>pmna</strong></span> <span class='ocrx_word' id='word_1_716' title='bbox 1231 5705 1491 5763; x_wconf 81' lang='lat' dir='ltr'><strong>damnati.</strong></span> <span class='ocrx_word' id='word_1_717' title='bbox 1511 5708 1826 5766; x_wconf 70' lang='lat' dir='ltr'><strong>Wstcums.</strong></span> 
     </span>
    </p>
   </div>
   <div class='ocr_carea' id='block_1_94' title="bbox 631 5777 2223 5852">
    <p class='ocr_par' dir='ltr' id='par_1_94' title="bbox 631 5777 2223 5852">
     <span class='ocr_line' id='line_1_95' title="bbox 631 5777 2223 5852; baseline 0.004 -21"><span class='ocrx_word' id='word_1_718' title='bbox 631 5832 672 5852; x_wconf 65' lang='lat'><strong>,__</strong></span> <span class='ocrx_word' id='word_1_719' title='bbox 699 5779 806 5834; x_wconf 88' lang='lat' dir='ltr'><strong>Pro</strong></span> <span class='ocrx_word' id='word_1_720' title='bbox 847 5779 925 5852; x_wconf 72' lang='lat' dir='ltr'><strong>liis</strong></span> <span class='ocrx_word' id='word_1_721' title='bbox 963 5777 1095 5831; x_wconf 82' lang='lat' dir='ltr'><strong>ueris</strong></span> <span class='ocrx_word' id='word_1_722' title='bbox 1127 5777 1435 5852; x_wconf 78' lang='lat' dir='ltr'><strong>muneribus.</strong></span> <span class='ocrx_word' id='word_1_723' title='bbox 1478 5780 1535 5834; x_wconf 92' lang='lat' dir='ltr'><strong>ln</strong></span> <span class='ocrx_word' id='word_1_724' title='bbox 1568 5782 1591 5836; x_wconf 82' lang='grc'><strong>1</strong></span> <span class='ocrx_word' id='word_1_725' title='bbox 1628 5781 1762 5852; x_wconf 78' lang='lat' dir='ltr'><strong>Reg.</strong></span> <span class='ocrx_word' id='word_1_726' title='bbox 1804 5796 1912 5838; x_wconf 88' lang='lat' dir='ltr'><strong>rec.</strong></span> <span class='ocrx_word' id='word_1_727' title='bbox 1943 5782 2097 5839; x_wconf 81' lang='lat' dir='ltr'><strong>deest</strong></span> <span class='ocrx_word' id='word_1_728' title='bbox 2123 5783 2223 5838; x_wconf 83' lang='lat' dir='ltr'><strong>his.</strong></span> 
     </span>
    </p>
   </div>
   <div class='ocr_carea' id='block_1_95' title="bbox 623 5848 2222 5923">
    <p class='ocr_par' dir='ltr' id='par_1_95' title="bbox 623 5848 2222 5923">
     <span class='ocr_line' id='line_1_96' title="bbox 623 5848 2222 5923; baseline 0.002 -15"><span class='ocrx_word' id='word_1_729' title='bbox 623 5848 835 5908; x_wconf 81' lang='lat' dir='ltr'><strong>Mallem</strong></span> <span class='ocrx_word' id='word_1_730' title='bbox 867 5851 1047 5922; x_wconf 86' lang='lat' dir='ltr'><strong>legere</strong></span> <span class='ocrx_word' id='word_1_731' title='bbox 1075 5865 1168 5920; x_wconf 88' lang='lat' dir='ltr'><strong>pro</strong></span> <span class='ocrx_word' id='word_1_732' title='bbox 1199 5848 1276 5901; x_wconf 84' lang='lat' dir='ltr'><strong>his</strong></span> <span class='ocrx_word' id='word_1_733' title='bbox 1307 5851 1448 5904; x_wconf 80' lang='lat' dir='ltr'><strong>vanis</strong></span> <span class='ocrx_word' id='word_1_734' title='bbox 1478 5848 1802 5920; x_wconf 75' lang='lat' dir='ltr'><strong>muneribus;</strong></span> <span class='ocrx_word' id='word_1_735' title='bbox 1834 5855 1918 5911; x_wconf 89' lang='lat' dir='ltr'><strong>vel</strong></span> <span class='ocrx_word' id='word_1_736' title='bbox 1945 5856 2025 5910; x_wconf 83' lang='lat' dir='ltr'><strong>ln&#39;s</strong></span> <span class='ocrx_word' id='word_1_737' title='bbox 2055 5864 2222 5923; x_wconf 71' lang='lat' dir='ltr'><strong>terror,</strong></span> 
     </span>
    </p>
   </div>
   <div class='ocr_carea' id='block_1_96' title="bbox 2296 3181 3057 3253">
    <p class='ocr_par' dir='ltr' id='par_1_96' title="bbox 2296 3181 3057 3253">
     <span class='ocr_line' id='line_1_97' title="bbox 2296 3181 3057 3253; baseline -0.003 -16"><span class='ocrx_word' id='word_1_738' title='bbox 2296 3181 2446 3247; x_wconf 88' lang='lat' dir='ltr'><strong>bum,</strong></span> <span class='ocrx_word' id='word_1_739' title='bbox 2478 3181 2576 3237; x_wconf 89' lang='lat' dir='ltr'><strong>sed</strong></span> <span class='ocrx_word' id='word_1_740' title='bbox 2605 3182 2781 3253; x_wconf 87' lang='lat' dir='ltr'><strong>quoad</strong></span> <span class='ocrx_word' id='word_1_741' title='bbox 2812 3195 3057 3237; x_wconf 88' lang='lat' dir='ltr'><strong>sensum.</strong></span> 
     </span>
    </p>
   </div>
   <div class='ocr_carea' id='block_1_97' title="bbox 2370 3272 3852 3346">
    <p class='ocr_par' dir='ltr' id='par_1_97' title="bbox 2370 3272 3852 3346">
     <span class='ocr_line' id='line_1_98' title="bbox 2370 3272 3852 3346; baseline 0.001 -18"><span class='ocrx_word' id='word_1_742' title='bbox 2370 3272 2438 3327; x_wconf 89' lang='lat' dir='ltr'><strong>Et</strong></span> <span class='ocrx_word' id='word_1_743' title='bbox 2477 3290 2567 3345; x_wconf 86' lang='lat' dir='ltr'><strong>ego</strong></span> <span class='ocrx_word' id='word_1_744' title='bbox 2606 3273 2835 3327; x_wconf 86' lang='lat' dir='ltr'><strong>animum</strong></span> <span class='ocrx_word' id='word_1_745' title='bbox 2867 3282 3009 3327; x_wconf 89' lang='lat' dir='ltr'><strong>tuum</strong></span> <span class='ocrx_word' id='word_1_746' title='bbox 3040 3282 3217 3330; x_wconf 85' lang='lat' dir='ltr'><strong>contra</strong></span> <span class='ocrx_word' id='word_1_747' title='bbox 3248 3282 3295 3331; x_wconf 87' lang='lat' dir='ltr'><strong>te</strong></span> <span class='ocrx_word' id='word_1_748' title='bbox 3328 3292 3523 3346; x_wconf 85' lang='lat' dir='ltr'><strong>geram.</strong></span> <span class='ocrx_word' id='word_1_749' title='bbox 3554 3275 3792 3333; x_wconf 82' lang='lat' dir='ltr'><strong>Adversus</strong></span> <span class='ocrx_word' id='word_1_750' title='bbox 3816 3281 3852 3330; x_wconf 88' lang='lat' dir='ltr'><strong>te</strong></span> 
     </span>
    </p>
   </div>
   <div class='ocr_carea' id='block_1_98' title="bbox 2298 3347 3851 3418">
    <p class='ocr_par' dir='ltr' id='par_1_98' title="bbox 2298 3347 3851 3418">
     <span class='ocr_line' id='line_1_99' title="bbox 2298 3347 3851 3418; baseline -0.001 -17"><span class='ocrx_word' id='word_1_751' title='bbox 2298 3347 2691 3402; x_wconf 89' lang='lat' dir='ltr'><strong>immiscricors</strong></span> <span class='ocrx_word' id='word_1_752' title='bbox 2719 3360 2834 3411; x_wconf 79' lang='lat' dir='ltr'><strong>em,</strong></span> <span class='ocrx_word' id='word_1_753' title='bbox 2866 3347 3004 3400; x_wconf 88' lang='lat' dir='ltr'><strong>sicut</strong></span> <span class='ocrx_word' id='word_1_754' title='bbox 3038 3354 3091 3400; x_wconf 89' lang='lat' dir='ltr'><strong>tu</strong></span> <span class='ocrx_word' id='word_1_755' title='bbox 3120 3362 3246 3418; x_wconf 85' lang='lat' dir='ltr'><strong>erga</strong></span> <span class='ocrx_word' id='word_1_756' title='bbox 3278 3347 3419 3403; x_wconf 85' lang='lat' dir='ltr'><strong>alios</strong></span> <span class='ocrx_word' id='word_1_757' title='bbox 3449 3347 3610 3405; x_wconf 84' lang='lat' dir='ltr'><strong>fuisti.</strong></span> <span class='ocrx_word' id='word_1_758' title='bbox 3642 3348 3670 3403; x_wconf 82' lang='lat'><strong>&#39;1</strong></span> <span class='ocrx_word' id='word_1_759' title='bbox 3696 3347 3851 3415; x_wconf 88' lang='lat' dir='ltr'><strong>Scripti</strong></span> 
     </span>
    </p>
   </div>
   <div class='ocr_carea' id='block_1_99' title="bbox 2300 3418 3854 3489">
    <p class='ocr_par' dir='ltr' id='par_1_99' title="bbox 2300 3418 3854 3489">
     <span class='ocr_line' id='line_1_100' title="bbox 2300 3418 3854 3489; baseline -0.001 -17"><span class='ocrx_word' id='word_1_760' title='bbox 2300 3419 2635 3488; x_wconf 83' lang='lat' dir='ltr'><strong>totidemque</strong></span> <span class='ocrx_word' id='word_1_761' title='bbox 2677 3418 2861 3472; x_wconf 86' lang='lat' dir='ltr'><strong>excusi</strong></span> <span class='ocrx_word' id='word_1_762' title='bbox 2902 3418 3158 3473; x_wconf 90' lang='lat' dir='ltr'><strong>omittunt</strong></span> <span class='ocrx_word' id='word_1_763' title='bbox 3200 3429 3382 3489; x_wconf 82' lang='lat' dir='ltr'><strong>tuum,</strong></span> <span class='ocrx_word' id='word_1_764' title='bbox 3422 3419 3562 3489; x_wconf 89' lang='lat' dir='ltr'><strong>quod</strong></span> <span class='ocrx_word' id='word_1_765' title='bbox 3601 3420 3652 3475; x_wconf 87' lang='lat' dir='ltr'><strong>in</strong></span> <span class='ocrx_word' id='word_1_766' title='bbox 3686 3418 3854 3476; x_wconf 72' lang='lat' dir='ltr'><strong>creteris</strong></span> 
     </span>
    </p>
   </div>
   <div class='ocr_carea' id='block_1_100' title="bbox 2300 3488 3853 3562">
    <p class='ocr_par' dir='ltr' id='par_1_100' title="bbox 2300 3488 3853 3562">
     <span class='ocr_line' id='line_1_101' title="bbox 2300 3488 3853 3562; baseline 0.003 -19"><span class='ocrx_word' id='word_1_767' title='bbox 2300 3490 2514 3562; x_wconf 60' lang='lat' dir='ltr'><strong>legitur,</strong></span> <span class='ocrx_word' id='word_1_768' title='bbox 2549 3498 2604 3545; x_wconf 91' lang='lat' dir='ltr'><strong>et</strong></span> <span class='ocrx_word' id='word_1_769' title='bbox 2633 3488 2997 3547; x_wconf 87' lang='lat' dir='ltr'><strong>necessarium</strong></span> <span class='ocrx_word' id='word_1_770' title='bbox 3046 3499 3128 3546; x_wconf 88' lang='lat' dir='ltr'><strong>est</strong></span> <span class='ocrx_word' id='word_1_771' title='bbox 3181 3488 3387 3562; x_wconf 86' lang='lat' dir='ltr'><strong>utique.</strong></span> <span class='ocrx_word' id='word_1_772' title='bbox 3439 3488 3520 3547; x_wconf 74' lang='lat' dir='ltr'><strong>Ea:</strong></span> <span class='ocrx_word' id='word_1_773' title='bbox 3550 3492 3791 3549; x_wconf 72' lang='grc' dir='ltr'>Τιιοιιιειο</span> <span class='ocrx_word' id='word_1_774' title='bbox 3819 3495 3853 3542; x_wconf 81' lang='grc' dir='ltr'>ιι</span> 
     </span>
    </p>
   </div>
   <div class='ocr_carea' id='block_1_101' title="bbox 2300 3560 2598 3617">
    <p class='ocr_par' dir='ltr' id='par_1_101' title="bbox 2300 3560 2598 3617">
     <span class='ocr_line' id='line_1_102' title="bbox 2300 3560 2598 3617; baseline 0 -1"><span class='ocrx_word' id='word_1_775' title='bbox 2300 3560 2598 3617; x_wconf 63' lang='lat' dir='ltr'><strong>Caunum.</strong></span> 
     </span>
    </p>
   </div>
   <div class='ocr_carea' id='block_1_102' title="bbox 2376 3631 3850 3708">
    <p class='ocr_par' dir='ltr' id='par_1_102' title="bbox 2376 3631 3850 3708">
     <span class='ocr_line' id='line_1_103' title="bbox 2376 3631 3850 3708; baseline -0.001 -21"><span class='ocrx_word' id='word_1_776' title='bbox 2376 3633 2575 3705; x_wconf 87' lang='lat' dir='ltr'><strong>Dignus</strong></span> <span class='ocrx_word' id='word_1_777' title='bbox 2602 3632 2789 3708; x_wconf 78' lang='lat' dir='ltr'><strong>audiri.</strong></span> <span class='ocrx_word' id='word_1_778' title='bbox 2806 3633 2880 3708; x_wconf 87' lang='lat' dir='ltr'><strong>Ita</strong></span> <span class='ocrx_word' id='word_1_779' title='bbox 2899 3647 3088 3708; x_wconf 82' lang='lat' dir='ltr'><strong>omnes</strong></span> <span class='ocrx_word' id='word_1_780' title='bbox 3108 3634 3275 3689; x_wconf 88' lang='lat' dir='ltr'><strong>ferme</strong></span> <span class='ocrx_word' id='word_1_781' title='bbox 3295 3650 3428 3691; x_wconf 87' lang='lat' dir='ltr'><strong>mss.</strong></span> <span class='ocrx_word' id='word_1_782' title='bbox 3448 3636 3585 3708; x_wconf 88' lang='lat' dir='ltr'><strong>quod</strong></span> <span class='ocrx_word' id='word_1_783' title='bbox 3606 3631 3850 3705; x_wconf 80' lang='lat' dir='ltr'><strong>elegantius</strong></span> 
     </span>
    </p>
   </div>
   <div class='ocr_carea' id='block_1_103' title="bbox 2301 3705 3851 3780">
    <p class='ocr_par' dir='ltr' id='par_1_103' title="bbox 2301 3705 3851 3780">
     <span class='ocr_line' id='line_1_104' title="bbox 2301 3705 3851 3780; baseline 0.001 -20"><span class='ocrx_word' id='word_1_784' title='bbox 2301 3714 2403 3780; x_wconf 82' lang='lat' dir='ltr'><strong>est,</strong></span> <span class='ocrx_word' id='word_1_785' title='bbox 2420 3722 2580 3780; x_wconf 85' lang='lat' dir='ltr'><strong>quam</strong></span> <span class='ocrx_word' id='word_1_786' title='bbox 2603 3705 2835 3759; x_wconf 73' lang='lat' dir='ltr'><strong>exaudiri</strong></span> <span class='ocrx_word' id='word_1_787' title='bbox 2853 3706 3142 3773; x_wconf 88' lang='lat' dir='ltr'><strong>editorum,</strong></span> <span class='ocrx_word' id='word_1_788' title='bbox 3160 3708 3262 3780; x_wconf 77' lang='lat' dir='ltr'><strong>et_3</strong></span> <span class='ocrx_word' id='word_1_789' title='bbox 3281 3724 3412 3763; x_wconf 90' lang='lat' dir='ltr'><strong>mss.</strong></span> <span class='ocrx_word' id='word_1_790' title='bbox 3434 3705 3539 3764; x_wconf 82' lang='lat' dir='ltr'><strong>ree.</strong></span> <span class='ocrx_word' id='word_1_791' title='bbox 3563 3707 3741 3780; x_wconf 61' lang='lat' dir='ltr'><strong>Dignus</strong></span> <span class='ocrx_word' id='word_1_792' title='bbox 3752 3718 3851 3780; x_wconf 69' lang='lat' dir='ltr'><strong>cum</strong></span> 
     </span>
    </p>
   </div>
   <div class='ocr_carea' id='block_1_104' title="bbox 2303 3776 3848 3845">
    <p class='ocr_par' dir='ltr' id='par_1_104' title="bbox 2303 3776 3848 3845">
     <span class='ocr_line' id='line_1_105' title="bbox 2303 3776 3848 3845; baseline -0.001 -14"><span class='ocrx_word' id='word_1_793' title='bbox 2303 3778 2587 3844; x_wconf 77' lang='lat' dir='ltr'><strong>infinitive,</strong></span> <span class='ocrx_word' id='word_1_794' title='bbox 2612 3791 2764 3830; x_wconf 84' lang='lat' dir='ltr'><strong>more</strong></span> <span class='ocrx_word' id='word_1_795' title='bbox 2792 3788 3089 3845; x_wconf 84' lang='lat' dir='ltr'><strong>poetarum.</strong></span> <span class='ocrx_word' id='word_1_796' title='bbox 3110 3808 3179 3818; x_wconf 90' lang='lat'><strong>—</strong></span> <span class='ocrx_word' id='word_1_797' title='bbox 3204 3778 3404 3845; x_wconf 85' lang='lat' dir='ltr'><strong>Dignus</strong></span> <span class='ocrx_word' id='word_1_798' title='bbox 3429 3782 3613 3835; x_wconf 84' lang='lat' dir='ltr'><strong>audiri.</strong></span> <span class='ocrx_word' id='word_1_799' title='bbox 3626 3776 3707 3835; x_wconf 45' lang='lat' dir='ltr'><strong>&#39;De</strong></span> <span class='ocrx_word' id='word_1_800' title='bbox 3728 3776 3848 3831; x_wconf 76' lang='lat' dir='ltr'><strong>Mart.</strong></span> 
     </span>
    </p>
   </div>
   <div class='ocr_carea' id='block_1_105' title="bbox 2306 3838 3852 3919">
    <p class='ocr_par' dir='ltr' id='par_1_105' title="bbox 2306 3838 3852 3919">
     <span class='ocr_line' id='line_1_106' title="bbox 2306 3838 3852 3919; baseline -0.004 -15"><span class='ocrx_word' id='word_1_801' title='bbox 2306 3849 2477 3912; x_wconf 83' lang='lat' dir='ltr'><strong>Pers.,</strong></span> <span class='ocrx_word' id='word_1_802' title='bbox 2508 3838 2629 3919; x_wconf 84' lang='lat' dir='ltr'><strong>cap.</strong></span> <span class='ocrx_word' id='word_1_803' title='bbox 2655 3850 2680 3902; x_wconf 93' lang='grc'><strong>1</strong></span> <span class='ocrx_word' id='word_1_804' title='bbox 2709 3856 2764 3902; x_wconf 90' lang='lat' dir='ltr'><strong>et</strong></span> <span class='ocrx_word' id='word_1_805' title='bbox 2789 3838 2907 3917; x_wconf 75' lang='lat' dir='ltr'><strong>cap.</strong></span> <span class='ocrx_word' id='word_1_806' title='bbox 2939 3847 3041 3902; x_wconf 72' lang='lat'><strong>5&#39;2:</strong></span> <span class='ocrx_word' id='word_1_807' title='bbox 3074 3849 3174 3916; x_wconf 83' lang='lat' dir='ltr'><strong>Qui</strong></span> <span class='ocrx_word' id='word_1_808' title='bbox 3198 3869 3231 3904; x_wconf 90' lang='lat' dir='ltr'><strong>a</strong></span> <span class='ocrx_word' id='word_1_809' title='bbox 3254 3838 3363 3905; x_wconf 73' lang='lat' dir='ltr'><strong>Deo</strong></span> <span class='ocrx_word' id='word_1_810' title='bbox 3391 3854 3591 3909; x_wconf 86' lang='lat' dir='ltr'><strong>mereris</strong></span> <span class='ocrx_word' id='word_1_811' title='bbox 3614 3850 3788 3913; x_wconf 80' lang='lat' dir='ltr'><strong>audiri,-</strong></span> <span class='ocrx_word' id='word_1_812' title='bbox 3809 3855 3852 3898; x_wconf 86' lang='lat' dir='ltr'><strong>ut</strong></span> 
     </span>
    </p>
   </div>
   <div class='ocr_carea' id='block_1_106' title="bbox 2306 3919 3849 3993">
    <p class='ocr_par' dir='ltr' id='par_1_106' title="bbox 2306 3919 3849 3993">
     <span class='ocr_line' id='line_1_107' title="bbox 2306 3919 3849 3993; baseline -0.001 -19"><span class='ocrx_word' id='word_1_813' title='bbox 2306 3936 2451 3990; x_wconf 60' lang='lat' dir='ltr'><strong>stupe</strong></span> <span class='ocrx_word' id='word_1_814' title='bbox 2472 3919 2771 3993; x_wconf 67' lang='lat' dir='ltr'><strong>Cyprianus</strong></span> <span class='ocrx_word' id='word_1_815' title='bbox 2792 3921 2858 3993; x_wconf 84' lang='lat' dir='ltr'><strong>de</strong></span> <span class='ocrx_word' id='word_1_816' title='bbox 2880 3920 3029 3976; x_wconf 84' lang='lat' dir='ltr'><strong>Orat.</strong></span> <span class='ocrx_word' id='word_1_817' title='bbox 3057 3923 3331 3976; x_wconf 82' lang='lat' dir='ltr'><strong>Dutninica</strong></span> <span class='ocrx_word' id='word_1_818' title='bbox 3356 3923 3444 3977; x_wconf 88' lang='lat' dir='ltr'><strong>ed.</strong></span> <span class='ocrx_word' id='word_1_819' title='bbox 3470 3925 3588 3988; x_wconf 81' lang='lat' dir='ltr'><strong>0x.,</strong></span> <span class='ocrx_word' id='word_1_820' title='bbox 3617 3938 3719 3992; x_wconf 84' lang='lat' dir='ltr'><strong>pag.</strong></span> <span class='ocrx_word' id='word_1_821' title='bbox 3741 3919 3849 3974; x_wconf 61' lang='lat'><strong>427:</strong></span> 
     </span>
    </p>
   </div>
   <div class='ocr_carea' id='block_1_107' title="bbox 2307 3990 3849 4060">
    <p class='ocr_par' dir='ltr' id='par_1_107' title="bbox 2307 3990 3849 4060">
     <span class='ocr_line' id='line_1_108' title="bbox 2307 3990 3849 4060; baseline -0.001 -14"><span class='ocrx_word' id='word_1_822' title='bbox 2307 3990 2571 4047; x_wconf 84' lang='lat' dir='ltr'><strong>Cornelius</strong></span> <span class='ocrx_word' id='word_1_823' title='bbox 2592 3990 2831 4046; x_wconf 89' lang='lat' dir='ltr'><strong>Centurio</strong></span> <span class='ocrx_word' id='word_1_824' title='bbox 2860 4010 3011 4060; x_wconf 85' lang='lat' dir='ltr'><strong>quum</strong></span> <span class='ocrx_word' id='word_1_825' title='bbox 3038 4005 3224 4059; x_wconf 87' lang='lat' dir='ltr'><strong>oraret,</strong></span> <span class='ocrx_word' id='word_1_826' title='bbox 3255 3996 3454 4050; x_wconf 87' lang='lat' dir='ltr'><strong>meruit</strong></span> <span class='ocrx_word' id='word_1_827' title='bbox 3477 3990 3640 4051; x_wconf 84' lang='lat' dir='ltr'><strong>audiri</strong></span> <span class='ocrx_word' id='word_1_828' title='bbox 3657 3990 3738 4059; x_wconf 53' lang='lat' dir='ltr'><strong>{et</strong></span> <span class='ocrx_word' id='word_1_829' title='bbox 3758 4003 3849 4060; x_wconf 68' lang='lat' dir='ltr'><strong>pas.</strong></span> 
     </span>
    </p>
   </div>
   <div class='ocr_carea' id='block_1_108' title="bbox 2307 4062 3714 4135">
    <p class='ocr_par' dir='ltr' id='par_1_108' title="bbox 2307 4062 3714 4135">
     <span class='ocr_line' id='line_1_109' title="bbox 2307 4062 3714 4135; baseline 0.001 -18"><span class='ocrx_word' id='word_1_830' title='bbox 2307 4062 2449 4119; x_wconf 70' lang='lat'><strong>428:</strong></span> <span class='ocrx_word' id='word_1_831' title='bbox 2484 4063 2595 4135; x_wconf 83' lang='lat' dir='ltr'><strong>Ipsi</strong></span> <span class='ocrx_word' id='word_1_832' title='bbox 2629 4079 2826 4135; x_wconf 89' lang='lat' dir='ltr'><strong>quoque</strong></span> <span class='ocrx_word' id='word_1_833' title='bbox 2855 4081 2885 4118; x_wconf 83' lang='grc' dir='ltr'><strong><em>α</em></strong></span> <span class='ocrx_word' id='word_1_834' title='bbox 2916 4064 3024 4119; x_wconf 89' lang='lat' dir='ltr'><strong>Deo</strong></span> <span class='ocrx_word' id='word_1_835' title='bbox 3057 4076 3336 4121; x_wconf 86' lang='lat' dir='ltr'><strong>merentur</strong></span> <span class='ocrx_word' id='word_1_836' title='bbox 3366 4066 3556 4122; x_wconf 86' lang='lat' dir='ltr'><strong>audiri.</strong></span> <span class='ocrx_word' id='word_1_837' title='bbox 3596 4067 3714 4123; x_wconf 78' lang='lat' dir='ltr'><strong>BUN.</strong></span> 
     </span>
    </p>
   </div>
   <div class='ocr_carea' id='block_1_109' title="bbox 2384 4130 3855 4207">
    <p class='ocr_par' dir='ltr' id='par_1_109' title="bbox 2384 4130 3855 4207">
     <span class='ocr_line' id='line_1_110' title="bbox 2384 4130 3855 4207; baseline 0.007 -20"><span class='ocrx_word' id='word_1_838' title='bbox 2384 4130 2527 4202; x_wconf 73' lang='lat' dir='ltr'><strong>Quid</strong></span> <span class='ocrx_word' id='word_1_839' title='bbox 2547 4130 2849 4207; x_wconf 78' lang='lat' dir='ltr'><strong>peccaveris.</strong></span> <span class='ocrx_word' id='word_1_840' title='bbox 2880 4135 2967 4191; x_wconf 87' lang='lat' dir='ltr'><strong>Sic</strong></span> <span class='ocrx_word' id='word_1_841' title='bbox 2996 4137 3193 4191; x_wconf 87' lang='lat' dir='ltr'><strong>habent</strong></span> <span class='ocrx_word' id='word_1_842' title='bbox 3220 4140 3254 4194; x_wconf 82' lang='grc'><strong>5</strong></span> <span class='ocrx_word' id='word_1_843' title='bbox 3279 4149 3480 4194; x_wconf 87' lang='lat' dir='ltr'><strong>veterr.</strong></span> <span class='ocrx_word' id='word_1_844' title='bbox 3503 4154 3627 4196; x_wconf 85' lang='lat' dir='ltr'><strong>mss.</strong></span> <span class='ocrx_word' id='word_1_845' title='bbox 3652 4151 3708 4194; x_wconf 83' lang='lat' dir='ltr'><strong>ac</strong></span> <span class='ocrx_word' id='word_1_846' title='bbox 3729 4130 3855 4197; x_wconf 61' lang='lat' dir='ltr'><strong>Salii,</strong></span> 
     </span>
    </p>
   </div>
   <div class='ocr_carea' id='block_1_110' title="bbox 2309 4208 3470 4279">
    <p class='ocr_par' dir='ltr' id='par_1_110' title="bbox 2309 4208 3470 4279">
     <span class='ocr_line' id='line_1_111' title="bbox 2309 4208 3470 4279; baseline 0.003 -18"><span class='ocrx_word' id='word_1_847' title='bbox 2309 4222 2431 4279; x_wconf 86' lang='lat' dir='ltr'><strong>cum</strong></span> <span class='ocrx_word' id='word_1_848' title='bbox 2460 4209 2494 4263; x_wconf 75' lang='lat'>5</span> <span class='ocrx_word' id='word_1_849' title='bbox 2522 4208 2701 4262; x_wconf 89' lang='lat' dir='ltr'><strong>editis.</strong></span> <span class='ocrx_word' id='word_1_850' title='bbox 2739 4208 3085 4263; x_wconf 74' lang='lat' dir='ltr'><strong>Recentiores</strong></span> <span class='ocrx_word' id='word_1_851' title='bbox 3105 4252 3119 4273; x_wconf 87' lang='lat'><strong>,</strong></span> <span class='ocrx_word' id='word_1_852' title='bbox 3150 4226 3470 4279; x_wconf 82' lang='lat' dir='ltr'><strong>peccaverns.</strong></span> 
     </span>
    </p>
   </div>
   <div class='ocr_carea' id='block_1_111' title="bbox 2383 4275 3856 4352">
    <p class='ocr_par' dir='ltr' id='par_1_111' title="bbox 2383 4275 3856 4352">
     <span class='ocr_line' id='line_1_112' title="bbox 2383 4275 3856 4352; baseline 0 -20"><span class='ocrx_word' id='word_1_853' title='bbox 2383 4278 2482 4350; x_wconf 83' lang='lat' dir='ltr'><strong>Agi</strong></span> <span class='ocrx_word' id='word_1_854' title='bbox 2510 4280 2855 4352; x_wconf 73' lang='lat' dir='ltr'><strong>pmttitentiam</strong></span> <span class='ocrx_word' id='word_1_855' title='bbox 2871 4279 3038 4348; x_wconf 85' lang='lat' dir='ltr'><strong>jubet.</strong></span> <span class='ocrx_word' id='word_1_856' title='bbox 3066 4275 3339 4336; x_wconf 55' lang='lat' dir='ltr'><strong>lta&#39;scribu</strong></span> <span class='ocrx_word' id='word_1_857' title='bbox 3368 4298 3490 4337; x_wconf 91' lang='lat' dir='ltr'><strong>cum</strong></span> <span class='ocrx_word' id='word_1_858' title='bbox 3530 4275 3856 4352; x_wconf 73' lang='lat' dir='ltr'><strong>antiquissimis</strong></span> 
     </span>
    </p>
   </div>
   <div class='ocr_carea' id='block_1_112' title="bbox 2312 4349 3857 4422">
    <p class='ocr_par' dir='ltr' id='par_1_112' title="bbox 2312 4349 3857 4422">
     <span class='ocr_line' id='line_1_113' title="bbox 2312 4349 3857 4422; baseline -0.003 -17"><span class='ocrx_word' id='word_1_859' title='bbox 2312 4349 2546 4415; x_wconf 70' lang='lat' dir='ltr'><strong>Bonum,</strong></span> <span class='ocrx_word' id='word_1_860' title='bbox 2578 4351 2614 4405; x_wconf 72' lang='lat'><strong>2</strong></span> <span class='ocrx_word' id='word_1_861' title='bbox 2647 4352 2775 4422; x_wconf 75' lang='lat' dir='ltr'><strong>Reg.</strong></span> <span class='ocrx_word' id='word_1_862' title='bbox 2809 4363 2863 4406; x_wconf 91' lang='lat' dir='ltr'><strong>et</strong></span> <span class='ocrx_word' id='word_1_863' title='bbox 2893 4352 2962 4405; x_wconf 79' lang='lat' dir='ltr'><strong>l2</strong></span> <span class='ocrx_word' id='word_1_864' title='bbox 2991 4352 3144 4420; x_wconf 90' lang='lat' dir='ltr'><strong>aliis,</strong></span> <span class='ocrx_word' id='word_1_865' title='bbox 3178 4368 3240 4407; x_wconf 90' lang='lat' dir='ltr'><strong>ac</strong></span> <span class='ocrx_word' id='word_1_866' title='bbox 3271 4353 3309 4422; x_wconf 15' lang='lat'><strong>7,</strong></span> <span class='ocrx_word' id='word_1_867' title='bbox 3332 4355 3511 4410; x_wconf 85' lang='lat' dir='ltr'><strong>editis.</strong></span> <span class='ocrx_word' id='word_1_868' title='bbox 3552 4354 3606 4409; x_wconf 87' lang='lat' dir='ltr'><strong>In</strong></span> <span class='ocrx_word' id='word_1_869' title='bbox 3634 4349 3669 4408; x_wconf 66' lang='lat' dir='ltr'><strong>ti</strong></span> <span class='ocrx_word' id='word_1_870' title='bbox 3690 4349 3857 4422; x_wconf 76' lang='lat' dir='ltr'><strong>scriptis</strong></span> 
     </span>
    </p>
   </div>
   <div class='ocr_carea' id='block_1_113' title="bbox 2313 4420 3854 4495">
    <p class='ocr_par' dir='ltr' id='par_1_113' title="bbox 2313 4420 3854 4495">
     <span class='ocr_line' id='line_1_114' title="bbox 2313 4420 3854 4495; baseline -0.001 -18"><span class='ocrx_word' id='word_1_871' title='bbox 2313 4437 2423 4477; x_wconf 86' lang='lat' dir='ltr'><strong>rec.</strong></span> <span class='ocrx_word' id='word_1_872' title='bbox 2456 4425 2568 4495; x_wconf 20' lang='lat' dir='ltr'><strong>et78</strong></span> <span class='ocrx_word' id='word_1_873' title='bbox 2597 4420 2827 4494; x_wconf 80' lang='lat' dir='ltr'><strong>vulgatis</strong></span> <span class='ocrx_word' id='word_1_874' title='bbox 2859 4422 3052 4495; x_wconf 89' lang='lat' dir='ltr'><strong>legitur</strong></span> <span class='ocrx_word' id='word_1_875' title='bbox 3081 4440 3249 4495; x_wconf 84' lang='lat' dir='ltr'><strong>agerc.</strong></span> <span class='ocrx_word' id='word_1_876' title='bbox 3284 4421 3485 4483; x_wconf 83' lang='lat' dir='ltr'><strong>Jerem.</strong></span> <span class='ocrx_word' id='word_1_877' title='bbox 3513 4442 3638 4482; x_wconf 82' lang='lat' dir='ltr'><strong>xvm</strong></span> <span class='ocrx_word' id='word_1_878' title='bbox 3656 4466 3671 4494; x_wconf 90' lang='lat'><strong>,</strong></span> <span class='ocrx_word' id='word_1_879' title='bbox 3697 4420 3854 4479; x_wconf 82' lang='lat' dir='ltr'><strong>Ezech.</strong></span> 
     </span>
    </p>
   </div>
   <div class='ocr_carea' id='block_1_114' title="bbox 2237 4494 2739 4563">
    <p class='ocr_par' dir='ltr' id='par_1_114' title="bbox 2237 4494 2739 4563">
     <span class='ocr_line' id='line_1_115' title="bbox 2237 4494 2739 4563; baseline 0.002 -15"><span class='ocrx_word' id='word_1_880' title='bbox 2237 4500 2292 4563; x_wconf 85' lang='lat'><strong>1)</strong></span> <span class='ocrx_word' id='word_1_881' title='bbox 2321 4510 2486 4560; x_wconf 84' lang='lat' dir='ltr'><strong>xvnr,</strong></span> <span class='ocrx_word' id='word_1_882' title='bbox 2517 4494 2646 4550; x_wconf 88' lang='lat' dir='ltr'><strong>Luc.</strong></span> <span class='ocrx_word' id='word_1_883' title='bbox 2686 4510 2739 4549; x_wconf 87' lang='lat' dir='ltr'><strong>v.</strong></span> 
     </span>
    </p>
   </div>
   <div class='ocr_carea' id='block_1_115' title="bbox 2390 4566 3856 4640">
    <p class='ocr_par' dir='ltr' id='par_1_115' title="bbox 2390 4566 3856 4640">
     <span class='ocr_line' id='line_1_116' title="bbox 2390 4566 3856 4640; baseline 0.002 -21"><span class='ocrx_word' id='word_1_884' title='bbox 2390 4568 2554 4637; x_wconf 80' lang='lat' dir='ltr'><strong>Agere</strong></span> <span class='ocrx_word' id='word_1_885' title='bbox 2579 4566 2927 4640; x_wconf 71' lang='lat' dir='ltr'><strong>paenitentiam</strong></span> <span class='ocrx_word' id='word_1_886' title='bbox 2954 4608 2967 4620; x_wconf 94' lang='lat'><strong>.</strong></span> <span class='ocrx_word' id='word_1_887' title='bbox 2999 4608 3010 4620; x_wconf 96' lang='lat'><strong>.</strong></span> <span class='ocrx_word' id='word_1_888' title='bbox 3040 4608 3052 4621; x_wconf 97' lang='lat'><strong>.</strong></span> <span class='ocrx_word' id='word_1_889' title='bbox 3081 4576 3151 4622; x_wconf 88' lang='lat' dir='ltr'><strong>est</strong></span> <span class='ocrx_word' id='word_1_890' title='bbox 3162 4569 3463 4640; x_wconf 70' lang='lat' dir='ltr'><strong>afﬁrmare,</strong></span> <span class='ocrx_word' id='word_1_891' title='bbox 3495 4586 3546 4626; x_wconf 85' lang='lat' dir='ltr'><strong>se</strong></span> <span class='ocrx_word' id='word_1_892' title='bbox 3572 4567 3761 4624; x_wconf 80' lang='lat' dir='ltr'><strong>ulterius</strong></span> <span class='ocrx_word' id='word_1_893' title='bbox 3783 4580 3856 4640; x_wconf 65' lang='lat' dir='ltr'><strong>iter!</strong></span> 
     </span>
    </p>
   </div>
   <div class='ocr_carea' id='block_1_116' title="bbox 2317 4633 3854 4710">
    <p class='ocr_par' dir='ltr' id='par_1_116' title="bbox 2317 4633 3854 4710">
     <span class='ocr_line' id='line_1_117' title="bbox 2317 4633 3854 4710; baseline -0.001 -18"><span class='ocrx_word' id='word_1_894' title='bbox 2317 4633 2667 4710; x_wconf 75' lang='lat' dir='ltr'><strong>peccaturum.</strong></span> <span class='ocrx_word' id='word_1_895' title='bbox 2700 4636 2757 4692; x_wconf 80' lang='lat' dir='ltr'><strong>Id</strong></span> <span class='ocrx_word' id='word_1_896' title='bbox 2802 4640 3007 4708; x_wconf 82' lang='lat' dir='ltr'><strong>prolixe</strong></span> <span class='ocrx_word' id='word_1_897' title='bbox 3030 4633 3265 4710; x_wconf 61' lang='lat' dir='ltr'><strong>explicat</strong></span> <span class='ocrx_word' id='word_1_898' title='bbox 3299 4633 3606 4699; x_wconf 75' lang='lat' dir='ltr'><strong>Lactantius</strong></span> <span class='ocrx_word' id='word_1_899' title='bbox 3639 4656 3742 4710; x_wconf 81' lang='lat' dir='ltr'><strong>cap.</strong></span> <span class='ocrx_word' id='word_1_900' title='bbox 3774 4633 3854 4710; x_wconf 50' lang='grc' dir='ltr'><strong>ιι)</strong></span> 
     </span>
    </p>
   </div>
   <div class='ocr_carea' id='block_1_117' title="bbox 2318 4708 3858 4782">
    <p class='ocr_par' dir='ltr' id='par_1_117' title="bbox 2318 4708 3858 4782">
     <span class='ocr_line' id='line_1_118' title="bbox 2318 4708 3858 4782; baseline 0.001 -18"><span class='ocrx_word' id='word_1_901' title='bbox 2318 4708 2377 4764; x_wconf 81' lang='lat' dir='ltr'><strong>Is</strong></span> <span class='ocrx_word' id='word_1_902' title='bbox 2415 4711 2548 4764; x_wconf 85' lang='lat' dir='ltr'><strong>enim</strong></span> <span class='ocrx_word' id='word_1_903' title='bbox 2585 4726 2736 4780; x_wconf 86' lang='lat' dir='ltr'><strong>quem</strong></span> <span class='ocrx_word' id='word_1_904' title='bbox 2774 4711 2901 4781; x_wconf 88' lang='lat' dir='ltr'><strong>facti</strong></span> <span class='ocrx_word' id='word_1_905' title='bbox 2937 4712 3017 4765; x_wconf 89' lang='lat' dir='ltr'><strong>sui</strong></span> <span class='ocrx_word' id='word_1_906' title='bbox 3052 4708 3287 4782; x_wconf 77' lang='lat' dir='ltr'><strong>paenitet,</strong></span> <span class='ocrx_word' id='word_1_907' title='bbox 3316 4731 3539 4770; x_wconf 87' lang='lat' dir='ltr'><strong>errorem</strong></span> <span class='ocrx_word' id='word_1_908' title='bbox 3567 4708 3858 4780; x_wconf 37' lang='lat' dir='ltr'><strong>suum—pridi</strong></span> 
     </span>
    </p>
   </div>
   <div class='ocr_carea' id='block_1_118' title="bbox 2319 4782 3857 4858">
    <p class='ocr_par' dir='ltr' id='par_1_118' title="bbox 2319 4782 3857 4858">
     <span class='ocr_line' id='line_1_119' title="bbox 2319 4782 3857 4858; baseline 0.002 -24"><span class='ocrx_word' id='word_1_909' title='bbox 2319 4798 2442 4858; x_wconf 78' lang='lat' dir='ltr'><strong>num</strong></span> <span class='ocrx_word' id='word_1_910' title='bbox 2462 4782 2701 4858; x_wconf 75' lang='lat' dir='ltr'><strong>intelligit</strong></span> <span class='ocrx_word' id='word_1_911' title='bbox 2815 4798 2964 4858; x_wconf 85' lang='lat' dir='ltr'><strong>quem</strong></span> <span class='ocrx_word' id='word_1_912' title='bbox 2986 4786 3138 4858; x_wconf 78' lang='lat' dir='ltr'><strong>errati</strong></span> <span class='ocrx_word' id='word_1_913' title='bbox 3163 4787 3317 4856; x_wconf 85' lang='lat' dir='ltr'><strong>piget,</strong></span> <span class='ocrx_word' id='word_1_914' title='bbox 3347 4788 3653 4858; x_wconf 84' lang='lat' dir='ltr'><strong>castigatque</strong></span> <span class='ocrx_word' id='word_1_915' title='bbox 3683 4785 3857 4858; x_wconf 69' lang='lat' dir='ltr'><strong>seipsm</strong></span> 
     </span>
    </p>
   </div>
   <div class='ocr_carea' id='block_1_119' title="bbox 2320 4852 3855 4919">
    <p class='ocr_par' dir='ltr' id='par_1_119' title="bbox 2320 4852 3855 4919">
     <span class='ocr_line' id='line_1_120' title="bbox 2320 4852 3855 4919; baseline -0.001 -13"><span class='ocrx_word' id='word_1_916' title='bbox 2320 4852 2612 4914; x_wconf 71' lang='lat' dir='ltr'><strong>dementire,</strong></span> <span class='ocrx_word' id='word_1_917' title='bbox 2642 4865 2689 4907; x_wconf 87' lang='lat' dir='ltr'><strong>et</strong></span> <span class='ocrx_word' id='word_1_918' title='bbox 2717 4856 2985 4919; x_wconf 78' lang='lat' dir='ltr'><strong>conﬁrmat</strong></span> <span class='ocrx_word' id='word_1_919' title='bbox 3012 4852 3241 4911; x_wconf 75' lang='lat' dir='ltr'><strong>animum</strong></span> <span class='ocrx_word' id='word_1_920' title='bbox 3269 4874 3418 4911; x_wconf 87' lang='lat' dir='ltr'><strong>suum</strong></span> <span class='ocrx_word' id='word_1_921' title='bbox 3443 4852 3510 4913; x_wconf 79' lang='lat' dir='ltr'><strong>ad</strong></span> <span class='ocrx_word' id='word_1_922' title='bbox 3537 4852 3703 4911; x_wconf 86' lang='lat' dir='ltr'><strong>melius</strong></span> <span class='ocrx_word' id='word_1_923' title='bbox 3725 4853 3855 4905; x_wconf 73' lang='lat' dir='ltr'><strong>siccu-</strong></span> 
     </span>
    </p>
   </div>
   <div class='ocr_carea' id='block_1_120' title="bbox 2321 4924 3859 4996">
    <p class='ocr_par' dir='ltr' id='par_1_120' title="bbox 2321 4924 3859 4996">
     <span class='ocr_line' id='line_1_121' title="bbox 2321 4924 3859 4996; baseline -0.002 -18"><span class='ocrx_word' id='word_1_924' title='bbox 2321 4925 2480 4987; x_wconf 89' lang='lat' dir='ltr'><strong>dum,</strong></span> <span class='ocrx_word' id='word_1_925' title='bbox 2514 4933 2619 4977; x_wconf 88' lang='lat' dir='ltr'><strong>tum</strong></span> <span class='ocrx_word' id='word_1_926' title='bbox 2648 4924 2778 4979; x_wconf 84' lang='lat' dir='ltr'><strong>illud</strong></span> <span class='ocrx_word' id='word_1_927' title='bbox 2804 4927 2972 4996; x_wconf 87' lang='lat' dir='ltr'><strong>ipsum</strong></span> <span class='ocrx_word' id='word_1_928' title='bbox 2998 4928 3219 4982; x_wconf 73' lang='lat' dir='ltr'><strong>niaxime</strong></span> <span class='ocrx_word' id='word_1_929' title='bbox 3242 4938 3413 4993; x_wconf 83' lang='lat' dir='ltr'><strong>cavet,</strong></span> <span class='ocrx_word' id='word_1_930' title='bbox 3441 4947 3504 4985; x_wconf 88' lang='lat' dir='ltr'><strong>ne</strong></span> <span class='ocrx_word' id='word_1_931' title='bbox 3528 4945 3691 4984; x_wconf 85' lang='lat' dir='ltr'><strong>rursus</strong></span> <span class='ocrx_word' id='word_1_932' title='bbox 3712 4926 3757 4996; x_wconf 80' lang='lat' dir='ltr'><strong>in</strong></span> <span class='ocrx_word' id='word_1_933' title='bbox 3778 4936 3859 4975; x_wconf 60' lang='lat' dir='ltr'><strong>eor</strong></span> 
     </span>
    </p>
   </div>
   <div class='ocr_carea' id='block_1_121' title="bbox 2321 4994 3858 5069">
    <p class='ocr_par' dir='ltr' id='par_1_121' title="bbox 2321 4994 3858 5069">
     <span class='ocr_line' id='line_1_122' title="bbox 2321 4994 3858 5069; baseline -0.001 -20"><span class='ocrx_word' id='word_1_934' title='bbox 2321 4997 2434 5069; x_wconf 72' lang='lat' dir='ltr'><strong>dent</strong></span> <span class='ocrx_word' id='word_1_935' title='bbox 2463 4996 2669 5067; x_wconf 87' lang='lat' dir='ltr'><strong>laqueos</strong></span> <span class='ocrx_word' id='word_1_936' title='bbox 2691 4994 2983 5052; x_wconf 82' lang='lat' dir='ltr'><strong>inducatur.</strong></span> <span class='ocrx_word' id='word_1_937' title='bbox 3012 4997 3080 5052; x_wconf 85' lang='lat' dir='ltr'><strong>Et</strong></span> <span class='ocrx_word' id='word_1_938' title='bbox 3098 4999 3225 5053; x_wconf 81' lang='lat' dir='ltr'><strong>alibi</strong></span> <span class='ocrx_word' id='word_1_939' title='bbox 3252 5000 3342 5054; x_wconf 92' lang='lat' dir='ltr'><strong>lib.</strong></span> <span class='ocrx_word' id='word_1_940' title='bbox 3369 5016 3447 5066; x_wconf 84' lang='lat' dir='ltr'><strong>tv,</strong></span> <span class='ocrx_word' id='word_1_941' title='bbox 3474 5017 3588 5069; x_wconf 87' lang='lat' dir='ltr'><strong>cap.</strong></span> <span class='ocrx_word' id='word_1_942' title='bbox 3615 4999 3674 5055; x_wconf 81' lang='grc'><strong>17</strong></span> <span class='ocrx_word' id='word_1_943' title='bbox 3694 5016 3704 5050; x_wconf 91' lang='lat'><strong>:</strong></span> <span class='ocrx_word' id='word_1_944' title='bbox 3728 4994 3781 5051; x_wconf 86' lang='lat' dir='ltr'><strong>Si</strong></span> <span class='ocrx_word' id='word_1_945' title='bbox 3787 5006 3858 5069; x_wconf 60' lang='lat' dir='ltr'><strong>tot</strong></span> 
     </span>
    </p>
   </div>
   <div class='ocr_carea' id='block_1_122' title="bbox 2322 5062 3857 5143">
    <p class='ocr_par' dir='ltr' id='par_1_122' title="bbox 2322 5062 3857 5143">
     <span class='ocr_line' id='line_1_123' title="bbox 2322 5062 3857 5143; baseline -0.003 -22"><span class='ocrx_word' id='word_1_946' title='bbox 2322 5062 2709 5143; x_wconf 70' lang='lat' dir='ltr'><strong>nudauerimus,</strong></span> <span class='ocrx_word' id='word_1_947' title='bbox 2732 5069 2787 5143; x_wconf 82' lang='lat' dir='ltr'><strong>id</strong></span> <span class='ocrx_word' id='word_1_948' title='bbox 2808 5080 2901 5136; x_wconf 88' lang='lat' dir='ltr'><strong>est,</strong></span> <span class='ocrx_word' id='word_1_949' title='bbox 2929 5070 2973 5122; x_wconf 85' lang='lat' dir='ltr'><strong>si</strong></span> <span class='ocrx_word' id='word_1_950' title='bbox 3001 5080 3205 5138; x_wconf 86' lang='lat' dir='ltr'><strong>peccata</strong></span> <span class='ocrx_word' id='word_1_951' title='bbox 3229 5082 3403 5126; x_wconf 87' lang='lat' dir='ltr'><strong>nostra</strong></span> <span class='ocrx_word' id='word_1_952' title='bbox 3415 5062 3643 5143; x_wconf 77' lang='lat' dir='ltr'><strong>confessi,</strong></span> <span class='ocrx_word' id='word_1_953' title='bbox 3654 5068 3763 5124; x_wconf 79' lang='lat' dir='ltr'><strong>satis</strong></span> <span class='ocrx_word' id='word_1_954' title='bbox 3776 5062 3857 5141; x_wconf 62' lang='lat' dir='ltr'><strong>Det</strong></span> 
     </span>
    </p>
   </div>
   <div class='ocr_carea' id='block_1_123' title="bbox 2322 5139 3858 5211">
    <p class='ocr_par' dir='ltr' id='par_1_123' title="bbox 2322 5139 3858 5211">
     <span class='ocr_line' id='line_1_124' title="bbox 2322 5139 3858 5211; baseline 0.001 -18"><span class='ocrx_word' id='word_1_955' title='bbox 2322 5139 2620 5209; x_wconf 82' lang='lat' dir='ltr'><strong>fecerimus,</strong></span> <span class='ocrx_word' id='word_1_956' title='bbox 2664 5141 2861 5194; x_wconf 80' lang='lat' dir='ltr'><strong>veniam</strong></span> <span class='ocrx_word' id='word_1_957' title='bbox 2899 5157 3282 5211; x_wconf 84' lang='lat' dir='ltr'><strong>consequentur.</strong></span> <span class='ocrx_word' id='word_1_958' title='bbox 3332 5139 3540 5198; x_wconf 79' lang='lat' dir='ltr'><strong>Nemini</strong></span> <span class='ocrx_word' id='word_1_959' title='bbox 3579 5154 3762 5211; x_wconf 80' lang='lat' dir='ltr'><strong>autem.</strong></span> <span class='ocrx_word' id='word_1_960' title='bbox 3794 5139 3858 5202; x_wconf 65' lang='lat' dir='ltr'><strong>qui</strong></span> 
     </span>
    </p>
   </div>
   <div class='ocr_carea' id='block_1_124' title="bbox 2322 5210 3856 5285">
    <p class='ocr_par' dir='ltr' id='par_1_124' title="bbox 2322 5210 3856 5285">
     <span class='ocr_line' id='line_1_125' title="bbox 2322 5210 3856 5285; baseline 0.001 -22"><span class='ocrx_word' id='word_1_961' title='bbox 2322 5221 2411 5263; x_wconf 86' lang='lat' dir='ltr'><strong>aut</strong></span> <span class='ocrx_word' id='word_1_962' title='bbox 2438 5212 2718 5285; x_wconf 78' lang='lat' dir='ltr'><strong>cupiditate</strong></span> <span class='ocrx_word' id='word_1_963' title='bbox 2741 5213 2899 5285; x_wconf 81' lang='lat' dir='ltr'><strong>victus</strong></span> <span class='ocrx_word' id='word_1_964' title='bbox 2914 5256 2933 5285; x_wconf 14' lang='grc' dir='ltr'><strong>,γ</strong></span> <span class='ocrx_word' id='word_1_965' title='bbox 2959 5224 3045 5265; x_wconf 89' lang='lat' dir='ltr'><strong>aut</strong></span> <span class='ocrx_word' id='word_1_966' title='bbox 3064 5210 3283 5285; x_wconf 73' lang='lat' dir='ltr'><strong>libidine</strong></span> <span class='ocrx_word' id='word_1_967' title='bbox 3307 5216 3553 5285; x_wconf 83' lang='lat' dir='ltr'><strong>impulsus</strong></span> <span class='ocrx_word' id='word_1_968' title='bbox 3567 5256 3586 5283; x_wconf 94' lang='lat'><strong>,</strong></span> <span class='ocrx_word' id='word_1_969' title='bbox 3610 5221 3689 5285; x_wconf 84' lang='lat' dir='ltr'><strong>aut</strong></span> <span class='ocrx_word' id='word_1_970' title='bbox 3710 5210 3749 5264; x_wconf 80' lang='lat' dir='ltr'><strong>vi</strong></span> <span class='ocrx_word' id='word_1_971' title='bbox 3766 5219 3856 5261; x_wconf 71' lang='lat' dir='ltr'><strong>coa-</strong></span> 
     </span>
    </p>
   </div>
   <div class='ocr_carea' id='block_1_125' title="bbox 2324 5283 3854 5355">
    <p class='ocr_par' dir='ltr' id='par_1_125' title="bbox 2324 5283 3854 5355">
     <span class='ocr_line' id='line_1_126' title="bbox 2324 5283 3854 5355; baseline 0 -20"><span class='ocrx_word' id='word_1_972' title='bbox 2324 5293 2434 5355; x_wconf 81' lang='lat' dir='ltr'><strong>ctus</strong></span> <span class='ocrx_word' id='word_1_973' title='bbox 2473 5283 2542 5337; x_wconf 87' lang='lat' dir='ltr'><strong>ad</strong></span> <span class='ocrx_word' id='word_1_974' title='bbox 2584 5284 2847 5352; x_wconf 70' lang='lat' dir='ltr'><strong>iniustitia:</strong></span> <span class='ocrx_word' id='word_1_975' title='bbox 2890 5284 3025 5338; x_wconf 84' lang='lat' dir='ltr'><strong>viam</strong></span> <span class='ocrx_word' id='word_1_976' title='bbox 3065 5284 3240 5355; x_wconf 87' lang='lat' dir='ltr'><strong>lapsus</strong></span> <span class='ocrx_word' id='word_1_977' title='bbox 3284 5283 3390 5353; x_wconf 74' lang='lat' dir='ltr'><strong>est,</strong></span> <span class='ocrx_word' id='word_1_978' title='bbox 3422 5288 3496 5341; x_wconf 88' lang='lat' dir='ltr'><strong>ait</strong></span> <span class='ocrx_word' id='word_1_979' title='bbox 3523 5287 3588 5341; x_wconf 89' lang='lat' dir='ltr'><strong>de</strong></span> <span class='ocrx_word' id='word_1_980' title='bbox 3614 5284 3854 5355; x_wconf 59' lang='lat' dir='ltr'><strong>salutem</strong></span> 
     </span>
    </p>
   </div>
   <div class='ocr_carea' id='block_1_126' title="bbox 2325 5350 3856 5425">
    <p class='ocr_par' dir='ltr' id='par_1_126' title="bbox 2325 5350 3856 5425">
     <span class='ocr_line' id='line_1_127' title="bbox 2325 5350 3856 5425; baseline -0.003 -16"><span class='ocrx_word' id='word_1_981' title='bbox 2325 5350 2718 5425; x_wconf 76' lang='lat' dir='ltr'><strong>desperandum</strong></span> <span class='ocrx_word' id='word_1_982' title='bbox 2741 5397 2755 5421; x_wconf 89' lang='lat'><strong>,</strong></span> <span class='ocrx_word' id='word_1_983' title='bbox 2784 5356 2830 5408; x_wconf 85' lang='lat' dir='ltr'><strong>si</strong></span> <span class='ocrx_word' id='word_1_984' title='bbox 2853 5372 2965 5409; x_wconf 87' lang='lat' dir='ltr'><strong>eum</strong></span> <span class='ocrx_word' id='word_1_985' title='bbox 2993 5350 3231 5424; x_wconf 70' lang='lat' dir='ltr'><strong>paeniteat</strong></span> <span class='ocrx_word' id='word_1_986' title='bbox 3256 5350 3485 5413; x_wconf 80' lang='lat' dir='ltr'><strong>actorum</strong></span> <span class='ocrx_word' id='word_1_987' title='bbox 3503 5401 3517 5420; x_wconf 92' lang='lat'><strong>,</strong></span> <span class='ocrx_word' id='word_1_988' title='bbox 3544 5367 3589 5411; x_wconf 87' lang='lat' dir='ltr'><strong>et</strong></span> <span class='ocrx_word' id='word_1_989' title='bbox 3610 5354 3671 5409; x_wconf 87' lang='lat' dir='ltr'><strong>ad</strong></span> <span class='ocrx_word' id='word_1_990' title='bbox 3692 5350 3856 5405; x_wconf 69' lang='lat' dir='ltr'><strong>meliora</strong></span> 
     </span>
    </p>
   </div>
   <div class='ocr_carea' id='block_1_127' title="bbox 2324 5425 3855 5499">
    <p class='ocr_par' dir='ltr' id='par_1_127' title="bbox 2324 5425 3855 5499">
     <span class='ocr_line' id='line_1_128' title="bbox 2324 5425 3855 5499; baseline -0.003 -21"><span class='ocrx_word' id='word_1_991' title='bbox 2324 5441 2592 5481; x_wconf 69' lang='lat' dir='ltr'><strong>conversus</strong></span> <span class='ocrx_word' id='word_1_992' title='bbox 2612 5469 2626 5492; x_wconf 93' lang='lat'><strong>,</strong></span> <span class='ocrx_word' id='word_1_993' title='bbox 2670 5425 2779 5480; x_wconf 91' lang='lat' dir='ltr'><strong>Deo</strong></span> <span class='ocrx_word' id='word_1_994' title='bbox 2806 5429 3124 5497; x_wconf 84' lang='lat' dir='ltr'><strong>satisfaciat:</strong></span> <span class='ocrx_word' id='word_1_995' title='bbox 3156 5429 3242 5483; x_wconf 92' lang='lat' dir='ltr'><strong>ubi</strong></span> <span class='ocrx_word' id='word_1_996' title='bbox 3285 5430 3434 5484; x_wconf 89' lang='lat' dir='ltr'><strong>vides</strong></span> <span class='ocrx_word' id='word_1_997' title='bbox 3477 5427 3798 5499; x_wconf 62' lang='lat' dir='ltr'><strong>paenitentiam</strong></span> <span class='ocrx_word' id='word_1_998' title='bbox 3829 5429 3855 5466; x_wconf 70' lang='lat' dir='ltr'><strong>a</strong></span> 
     </span>
    </p>
   </div>
   <div class='ocr_carea' id='block_1_128' title="bbox 2325 5494 3850 5568">
    <p class='ocr_par' dir='ltr' id='par_1_128' title="bbox 2325 5494 3850 5568">
     <span class='ocr_line' id='line_1_129' title="bbox 2325 5494 3850 5568; baseline -0.003 -17"><span class='ocrx_word' id='word_1_999' title='bbox 2325 5501 2693 5553; x_wconf 78' lang='lat' dir='ltr'><strong>satisfactione</strong></span> <span class='ocrx_word' id='word_1_1000' title='bbox 2720 5510 2906 5567; x_wconf 87' lang='lat' dir='ltr'><strong>aperte</strong></span> <span class='ocrx_word' id='word_1_1001' title='bbox 2932 5494 3260 5555; x_wconf 83' lang='lat' dir='ltr'><strong>distinctam.</strong></span> <span class='ocrx_word' id='word_1_1002' title='bbox 3294 5502 3357 5554; x_wconf 87' lang='lat' dir='ltr'><strong>Et</strong></span> <span class='ocrx_word' id='word_1_1003' title='bbox 3395 5494 3515 5555; x_wconf 72' lang='lat' dir='ltr'><strong>ante</strong></span> <span class='ocrx_word' id='word_1_1004' title='bbox 3541 5494 3850 5568; x_wconf 62' lang='lat' dir='ltr'><strong>Lactantiunt.</strong></span> 
     </span>
    </p>
   </div>
   <div class='ocr_carea' id='block_1_129' title="bbox 2327 5568 3853 5641">
    <p class='ocr_par' dir='ltr' id='par_1_129' title="bbox 2327 5568 3853 5641">
     <span class='ocr_line' id='line_1_130' title="bbox 2327 5568 3853 5641; baseline -0.002 -18"><span class='ocrx_word' id='word_1_1005' title='bbox 2327 5568 2531 5624; x_wconf 81' lang='lat' dir='ltr'><strong>dixerat</strong></span> <span class='ocrx_word' id='word_1_1006' title='bbox 2583 5571 2948 5625; x_wconf 89' lang='lat' dir='ltr'><strong>&#39;l‘ertullianus</strong></span> <span class='ocrx_word' id='word_1_1007' title='bbox 2983 5589 2997 5625; x_wconf 93' lang='lat'><strong>:</strong></span> <span class='ocrx_word' id='word_1_1008' title='bbox 3032 5569 3129 5626; x_wconf 89' lang='lat' dir='ltr'><strong>Ubi</strong></span> <span class='ocrx_word' id='word_1_1009' title='bbox 3156 5574 3441 5626; x_wconf 77' lang='lat' dir='ltr'><strong>emendatio</strong></span> <span class='ocrx_word' id='word_1_1010' title='bbox 3465 5568 3709 5641; x_wconf 28' lang='lat' dir='ltr'><strong>nullaribi</strong></span> <span class='ocrx_word' id='word_1_1011' title='bbox 3734 5575 3853 5641; x_wconf 61' lang='lat' dir='ltr'><strong>ptati!“</strong></span> 
     </span>
    </p>
   </div>
   <div class='ocr_carea' id='block_1_130' title="bbox 2328 5639 3856 5708">
    <p class='ocr_par' dir='ltr' id='par_1_130' title="bbox 2328 5639 3856 5708">
     <span class='ocr_line' id='line_1_131' title="bbox 2328 5639 3856 5708; baseline 0.001 -16"><span class='ocrx_word' id='word_1_1012' title='bbox 2328 5644 2483 5695; x_wconf 88' lang='lat' dir='ltr'><strong>tentia</strong></span> <span class='ocrx_word' id='word_1_1013' title='bbox 2529 5642 2813 5698; x_wconf 83' lang='lat' dir='ltr'><strong>necessario</strong></span> <span class='ocrx_word' id='word_1_1014' title='bbox 2861 5658 2993 5696; x_wconf 86' lang='lat' dir='ltr'><strong>vana</strong></span> <span class='ocrx_word' id='word_1_1015' title='bbox 3045 5652 3136 5699; x_wconf 81' lang='lat' dir='ltr'><strong>est.</strong></span> <span class='ocrx_word' id='word_1_1016' title='bbox 3177 5642 3416 5708; x_wconf 88' lang='lat' dir='ltr'><strong>Etenim,</strong></span> <span class='ocrx_word' id='word_1_1017' title='bbox 3448 5653 3505 5699; x_wconf 88' lang='lat' dir='ltr'><strong>ut</strong></span> <span class='ocrx_word' id='word_1_1018' title='bbox 3528 5645 3598 5699; x_wconf 84' lang='lat' dir='ltr'><strong>ait</strong></span> <span class='ocrx_word' id='word_1_1019' title='bbox 3623 5639 3856 5708; x_wconf 53' lang='lat' dir='ltr'><strong>Greguﬂlls</strong></span> 
     </span>
    </p>
   </div>
   <div class='ocr_carea' id='block_1_131' title="bbox 2329 5698 3857 5782">
    <p class='ocr_par' dir='ltr' id='par_1_131' title="bbox 2329 5698 3857 5782">
     <span class='ocr_line' id='line_1_132' title="bbox 2329 5698 3857 5782; baseline 0.004 -17"><span class='ocrx_word' id='word_1_1020' title='bbox 2329 5726 2553 5782; x_wconf 83' lang='lat' dir='ltr'><strong>magnus</strong></span> <span class='ocrx_word' id='word_1_1021' title='bbox 2584 5714 2876 5769; x_wconf 69' lang='lat' dir='ltr'><strong>Pastoralis</strong></span> <span class='ocrx_word' id='word_1_1022' title='bbox 2905 5715 2997 5771; x_wconf 86' lang='lat' dir='ltr'><strong>lib.</strong></span> <span class='ocrx_word' id='word_1_1023' title='bbox 3032 5698 3120 5779; x_wconf 83' lang='lat' dir='ltr'><strong>Ill,</strong></span> <span class='ocrx_word' id='word_1_1024' title='bbox 3150 5698 3646 5771; x_wconf 47' lang='lat' dir='ltr'><strong>Adtnanit&#39;ioneﬁl:</strong></span> <span class='ocrx_word' id='word_1_1025' title='bbox 3676 5698 3761 5782; x_wconf 70' lang='grc' dir='ltr'><strong>ρῖιί</strong></span> <span class='ocrx_word' id='word_1_1026' title='bbox 3783 5698 3857 5754; x_wconf 62' lang='grc' dir='ltr'><strong>’κί’</strong></span> 
     </span>
    </p>
   </div>
   <div class='ocr_carea' id='block_1_132' title="bbox 2328 5781 3856 5858">
    <p class='ocr_par' dir='ltr' id='par_1_132' title="bbox 2328 5781 3856 5858">
     <span class='ocr_line' id='line_1_133' title="bbox 2328 5781 3856 5858; baseline -0.001 -23"><span class='ocrx_word' id='word_1_1027' title='bbox 2328 5781 2482 5840; x_wconf 79' lang='lat' dir='ltr'><strong>missa</strong></span> <span class='ocrx_word' id='word_1_1028' title='bbox 2511 5786 2782 5853; x_wconf 87' lang='lat' dir='ltr'><strong>deserunt,</strong></span> <span class='ocrx_word' id='word_1_1029' title='bbox 2812 5803 2904 5840; x_wconf 89' lang='lat' dir='ltr'><strong>nec</strong></span> <span class='ocrx_word' id='word_1_1030' title='bbox 2930 5796 3096 5843; x_wconf 88' lang='lat' dir='ltr'><strong>tamen</strong></span> <span class='ocrx_word' id='word_1_1031' title='bbox 3123 5788 3405 5858; x_wconf 86' lang='lat' dir='ltr'><strong>plangunt,</strong></span> <span class='ocrx_word' id='word_1_1032' title='bbox 3435 5804 3497 5845; x_wconf 84' lang='lat' dir='ltr'><strong>nc</strong></span> <span class='ocrx_word' id='word_1_1033' title='bbox 3519 5789 3623 5858; x_wconf 75' lang='lat' dir='ltr'><strong>iam</strong></span> <span class='ocrx_word' id='word_1_1034' title='bbox 3653 5781 3856 5858; x_wconf 51' lang='lat' dir='ltr'><strong>remigi</strong></span> 
     </span>
    </p>
   </div>
   <div class='ocr_carea' id='block_1_133' title="bbox 2330 5842 3855 5931">
    <p class='ocr_par' dir='ltr' id='par_1_133' title="bbox 2330 5842 3855 5931">
     <span class='ocr_line' id='line_1_134' title="bbox 2330 5842 3855 5931; baseline -0.002 -21"><span class='ocrx_word' id='word_1_1035' title='bbox 2330 5858 2579 5912; x_wconf 73' lang='lat' dir='ltr'><strong>restituent</strong></span> <span class='ocrx_word' id='word_1_1036' title='bbox 2590 5842 2793 5929; x_wconf 72' lang='lat' dir='ltr'><strong>culpas,</strong></span> <span class='ocrx_word' id='word_1_1037' title='bbox 2812 5870 2941 5931; x_wconf 83' lang='lat' dir='ltr'><strong>quas</strong></span> <span class='ocrx_word' id='word_1_1038' title='bbox 2955 5857 3048 5917; x_wconf 87' lang='lat' dir='ltr'><strong>etsi</strong></span> <span class='ocrx_word' id='word_1_1039' title='bbox 3060 5842 3375 5931; x_wconf 44' lang='lat' dir='ltr'><strong>agendo&#39;non</strong></span> <span class='ocrx_word' id='word_1_1040' title='bbox 3392 5842 3725 5930; x_wconf 65' lang='lat' dir='ltr'><strong>multiplicant,</strong></span> <span class='ocrx_word' id='word_1_1041' title='bbox 3739 5842 3855 5902; x_wconf 68' lang='grc' dir='ltr'><strong>ηαηέδ</strong></span> 
     </span>
    </p>
   </div>
  </div>
