4090 6354
222 286 330 344 685

1387 272 1591 335 LIBER
1627 273 1721 332 Vl.
1762 271 1855 330 DE
1891 269 2076 329 VERO
2111 266 2359 329 CULTU.

3420 268 3530 328 686

226 408 405 477 itaque
447 400 513 457 iis
542 398 632 473 qui
680 397 747 454 ad
776 404 1059 470 peccatum
1097 392 1472 467 imprudenter
1504 394 1828 463 incauteque
1855 391 1904 453 A
1933 403 2113 444 rerum
2139 385 2543 444 delectabiliutn
2574 383 2731 443 tacita
2759 383 3087 457 cogitatione
3112 385 3523 456 concupiscant.

226 500 514 554 labuntur:
545 494 760 551 veniam
792 508 897 548 non
931 490 1125 557 habet,
1156 489 1247 559 qui
1278 489 1457 545 sciens
1486 496 1695 559 peccat.
1724 485 1835 542 Nec

225 599 405 647 tamen
438 589 484 645 si
511 587 704 657 aliquis
736 584 895 640 fuerit
924 582 1235 655 puriﬁcatus
1262 582 1329 636 ab
1357 580 1506 636 omni
1548 579 1670 635 labe
1710 594 1834 649 pec-

223 687 330 743 cati
356 728 373 752 ,
420 681 829 754 temperandum
872 679 975 736 sibi
1018 678 1087 733 ab
1130 692 1294 749 opere
1321 675 1619 749 largitionis
1644 674 1834 731 existi-

224 790 371 849 met,
399 779 522 852 quia
550 793 658 835 non
686 776 883 833 habeat
910 783 1129 846 peccata
1147 814 1165 841 ,
1193 788 1313 844 quae
1338 771 1537 827 deleat.
1568 768 1683 824 imo
1710 783 1837 825 vero

227 889 344 935 tum
391 877 564 949 magis
600 873 869 946 justitiam
916 870 1076 926 debet
1119 867 1368 939 operari,
1398 881 1521 920 cum
1552 863 1728 920 factus
1756 872 1838 919 est

218 971 405 1045 justus
424 1012 441 1037 ,
474 979 531 1023 ιιι
560 965 707 1039 quod
735 972 862 1020 ante
891 962 947 1019 in
976 960 1242 1019 medelam
1278 960 1559 1014 vulnerum
1601 956 1835 1023 fecerat,

223 1060 577 1135 postmodum
605 1057 771 1114 faciat
800 1057 854 1112 in
884 1054 1100 1111 tandem
1130 1053 1466 1127 gloriamque
1494 1049 1728 1106 virtutis.
1764 1049 1840 1104 Eo

225 1153 442 1212 accedit
459 1194 475 1220 ,
502 1151 643 1225 quod
675 1164 834 1207 nemo
862 1164 982 1205 esse
1007 1148 1124 1204 sine
1148 1146 1345 1202 delicto
1368 1152 1576 1217 potest,
1605 1142 1840 1214 quanditt

227 1247 549 1303 indumento
588 1242 771 1300 carnis
807 1250 1066 1298 oneratus
1105 1246 1209 1294 est.
1242 1236 1408 1308 Cujus
1439 1236 1719 1291 inﬁrmitas
1749 1236 1843 1289 tri-

226 1342 358 1415 plici
391 1338 556 1397 modo
598 1338 844 1407 subjacet
879 1333 1122 1392 dominio
1161 1332 1403 1405 peccati,
1446 1329 1635 1398 factis,
1662 1327 1841 1396 dictis,

227 1432 668 1510 cogitationibus.

306 1529 411 1584 Per
454 1526 558 1609 ho‘s
598 1523 799 1597 gradus
825 1521 891 1578 ad
921 1534 1190 1579 summum
1235 1518 1453 1575 culmen
1475 1516 1686 1589 justitia
1723 1530 1848 1589 pro-

227 1623 401 1683 cedit.
431 1622 642 1678 Primus
671 1629 754 1676 est
783 1618 1000 1674 virtutis
1024 1616 1220 1688 gradus
1260 1614 1419 1670 malis
1445 1612 1703 1686 operibus
1726 1612 1848 1669 abs-

233 1717 448 1782 tinere;
480 1711 787 1777 secundus,
815 1710 978 1767 etiam
1006 1708 1165 1765 malis
1190 1706 1403 1772 verbis;
1436 1705 1649 1774 tertius,
1688 1704 1849 1762 etiam

1936 480 2090 552 Quod
2120 482 2166 538 si
2200 482 2445 537 mortalis
2471 480 2709 537 conditio
2748 496 2861 536 non
2882 480 3082 551 patitur
3104 495 3223 537 esse
3253 480 3528 537 hominem

1936 575 2006 632 ab
2036 575 2183 632 omni
2212 575 2419 631 macula
2450 590 2639 644 purum
2662 615 2677 641 ,
2708 573 2908 629 debent
2934 589 3064 644 ergo
3093 574 3378 645 largitione
3407 589 3533 646 per-

1938 680 2095 742 petua
2120 680 2341 742 peccata
2369 669 2548 726 carnis
2574 667 2802 725 aboleri.
2838 668 3015 726 Unum
3042 677 3127 745 est
3149 669 3295 725 enim
3317 670 3532 740 sapien—

1939 765 2031 829 tis,
2058 772 2115 821 et
2137 763 2291 834 justi,
2321 770 2379 820 et
2404 762 2584 820 vitalis
2613 762 2715 819 viri
2749 777 2908 833 opus,
2936 761 3153 817 divitias
3179 777 3306 819 suas
3333 763 3390 817 in
3419 761 3536 817 suis

1937 858 2141 930 justitia
2185 858 2491 915 collocare:
2536 873 2640 926 qua
2685 857 2935 931 profecto
2974 858 3066 929 qui
3093 867 3253 931 eget,
3288 857 3415 913 licet
3444 856 3541 913 ille

1944 951 2207 1018 Crassum,
2253 961 2344 1007 aut
2370 951 2627 1008 Crassum
2652 950 2855 1008 divitiis
2884 960 3143 1023 superet,
3178 951 3266 1007 hic
3310 966 3538 1022 pauper,

1945 1045 2030 1102 hic
2061 1044 2234 1101 nudus
2252 1086 2269 1110 ,
2303 1044 2390 1100 hic
2417 1044 2701 1100 mendicus
2726 1044 2991 1114 putandus
3018 1053 3121 1101 est.
3167 1043 3350 1100 Danda
3379 1044 3541 1116 igitur

1944 1151 2141 1209 opera,
2187 1146 2245 1191 ut
2294 1135 2607 1193 indumento
2644 1135 2869 1207 justitia:
2915 1137 3234 1207 pietatisque
3280 1138 3540 1205 vetemur,

1945 1244 2052 1301 quo
2083 1244 2181 1284 nos
2220 1236 2381 1284 exuat
2408 1243 2605 1296 nemo,
2634 1227 2777 1299 quod
2808 1228 2966 1284 nobis
2993 1229 3380 1299 sempiternum
3409 1243 3549 1299 prte-

1946 1321 2071 1379 beat
2112 1330 2382 1378 ornatum.
2430 1320 2568 1377 Nam
2615 1320 2661 1378 si
2706 1320 2933 1377 deorum
2975 1321 3214 1377 cultores
3256 1320 3551 1376 simulacra

1948 1416 2275 1473 insensibilia
2324 1416 2617 1483 excolunt,
2646 1423 2702 1472 et
2743 1415 3004 1488 quidquid
3044 1416 3267 1488 pretiosi
3308 1415 3547 1481 habent,

1949 1510 2003 1567 in
2032 1526 2095 1566 ea
2124 1508 2412 1566 conferunt
2436 1549 2451 1576 ,
2480 1509 2677 1581 quibus
2698 1523 2799 1565 nec
2822 1510 2899 1564 uti
2931 1517 3155 1580 possunt
3176 1551 3191 1573 ,
3224 1523 3325 1565 nec
3352 1507 3550 1578 gratias

1951 1618 2144 1675 agere,
2178 1602 2323 1674 quod
2362 1602 2703 1672 acceperint:
2745 1611 2948 1674 quanto
2972 1602 3173 1673 justius
3221 1611 3339 1667 est,
3370 1609 3426 1657 et
3452 1615 3552 1657 ve-

1950 1696 2090 1763 rius,
2125 1694 2358 1751 viventia
2388 1694 2483 1750 Dei
2500 1694 2801 1767 simulacra
2834 1694 3104 1763 excolere,
3130 1704 3188 1749 nt
3214 1707 3561 1765 promerearo

230 1809 564 1881 cogitatione
618 1820 800 1862 rerum
850 1802 1136 1858 malarum.
1188 1800 1292 1869 Qui
1334 1800 1569 1873 primum
1617 1799 1841 1872 gradum
1870 1798 1921 1865 Β
1949 1790 2261 1846 viventem?
2308 1788 2440 1858 Quae
2474 1788 2628 1877 [sicut
2676 1789 2795 1845 usui
2840 1788 3040 1845 ltabent
3091 1787 3351 1859 quidquid
3401 1803 3559 1871 acce-

231 1904 506 1968 ascendit,
548 1899 680 1955 satis
715 1898 892 1969 justus
934 1904 1052 1965 est;
1096 1894 1191 1967 qui
1229 1893 1550 1960 secundum,
1577 1893 1690 1963 jam
1713 1907 1837 1962 per-

232 1998 399 2054 fectze
422 1994 670 2050 virtutis:
702 1986 966 2063 siquidem
995 2004 1169 2060 neque
1200 1986 1384 2053 factis,
1417 2000 1592 2057 neque
1633 2001 1843 2042 sermo-

235 2107 314 2148 ne
337 2089 651 2161 deliuquat:
681 2086 772 2158 qui
805 2084 1018 2141 tertium
1040 2125 1053 2150 ,
1086 2085 1135 2139 is
1161 2096 1289 2137 vero
1315 2079 1722 2137 similitudinem
1746 2081 1845 2138 Dei

235 2191 524 2241 assecutus
569 2179 801 2236 videtur.
836 2177 933 2233 Est
978 2177 1125 2232 enim
1167 2190 1305 2246 pene
1353 2189 1514 2246 supra
1555 2175 1844 2232 humanum

238 2277 492 2343 modum,
525 2290 594 2331 ne
630 2274 684 2329 in
712 2270 1095 2343 cogitationem
1124 2267 1341 2341 quidem
1373 2267 1848 2341 admittere,un
1888 2264 1893 2269 ’

241 2372 321 2427 sit
363 2368 450 2426 vel
504 2368 648 2423 factu
692 2365 917 2432 malum,
969 2364 1054 2419 vel
1096 2362 1401 2434 improbum
1456 2361 1628 2419 dictu.
1677 2361 1861 2434 itaque

247 2466 418 2521 etiam
444 2462 574 2534 justi
606 2459 852 2516 homines
871 2500 888 2527 ,
918 2458 1011 2531 qui
1043 2458 1271 2514 frreuare
1300 2471 1361 2515 se
1390 2467 1619 2529 possunt
1645 2458 1717 2516 ab
1742 2474 1861 2516 om-

249 2558 311 2613 ni
341 2571 506 2627 opere
535 2552 734 2626 injusto
756 2594 773 2619 ,
806 2566 1191 2623 nonnunquam
1220 2553 1399 2607 tamen
1427 2550 1543 2623 ipsa
1576 2551 1865 2624 fragilitate

249 2649 565 2716 vincuntur,
597 2655 655 2703 ut
677 2645 766 2703 vel
791 2644 849 2702 in
876 2645 957 2701 ira
986 2643 1185 2701 malum
1212 2643 1417 2714 dicant,
1445 2645 1533 2703 vel
1561 2646 1613 2702 in
1644 2660 1867 2721 aspectu

1947 1883 2121 1956 perint
2146 1924 2163 1950 ,
2188 1891 2245 1938 et
2272 1871 2483 1955 gratias
2513 1891 2678 1955 agunt
2704 1901 2717 1939 :
2751 1883 2823 1939 ita
2866 1882 3042 1951 Deus,
3074 1882 3129 1938 in
3156 1882 3310 1954 cujus
3334 1897 3564 1955 conspe-

1948 1988 2039 2036 ctu
2068 1981 2267 2036 bonum
2298 1978 2489 2037 feceris
2507 2019 2526 2051 ,
2553 1988 2609 2038 et
2636 1979 2903 2052 probabit,
2933 1988 2989 2037 et
3016 1978 3321 2037 mercedem
3349 1977 3563 2051 pietatis

1950 2074 2215 2132 exsolvet.

2546 2166 2777 2226 CAPUT
2817 2165 2938 2223 XIV
2951 2206 2965 2221 .

1962 2260 2040 2319 De
2067 2259 2368 2330 alfectibus,
2419 2277 2480 2315 ac
2506 2260 2570 2315 de
2619 2261 2682 2317 iis
2737 2259 3029 2317 Stoicorum
3075 2259 3357 2327 sententia,
3410 2264 3457 2314 et
3504 2255 3570 2312 de

2343 2356 2527 2412 uirtute
2542 2398 2560 2422 ,
2585 2355 2717 2412 vitiis
2740 2364 2788 2410 et
2814 2355 3187 2411 misericordia.

2043 2472 2099 2530 Si
2127 2486 2256 2545 ergo
2284 2472 2339 2528 in
2375 2472 2594 2529 homine
2622 2472 2945 2543 praeclarum
2974 2478 3029 2527 et
3056 2469 3331 2527 excellens
3358 2474 3443 2524 est
3472 2465 3572 2522 bo«

1970 2581 2101 2622 num
2140 2563 2531 2632 misericordia,
2563 2563 2725 2636 idque
2753 2562 2951 2620 divinis
2982 2562 3307 2619 testimoniis
3330 2602 3345 2625 .
3378 2569 3434 2617 et
3470 2559 3573 2614 bo-

1973 2674 2164 2716 norum
2209 2658 2585 2731 malorumque
2631 2671 2901 2714 consensu
2950 2656 3215 2729 optimum
3255 2654 3575 2728 judicatur:

1580 2785 1941 2851 VARIORUM
1975 2795 2204 2853 NOT/E.

252 2946 425 2992 tamen
452 2932 653 3005 ﬂetibus
678 2930 950 3005 mandant.
962 2927 1036 3005 AN
1038 2944 1160 2999 eque
1180 2930 1317 3005 enim
1328 2930 1563 3005 scriptor
1579 2933 1624 2988 si
1645 2943 1678 2988 α
1697 2934 1863 3005 πήρ-

253 3010 398 3064 tione
426 3001 727 3078 cessaverit,
752 3003 872 3073 quia
899 3002 1003 3057 alia
1027 3019 1128 3078 non
1157 3001 1357 3078 addidit
1376 3042 1395 3071 ,
1435 3004 1590 3078 etiam
1627 3005 1719 3060 illa
1748 3001 1863 3078 qua:

253 3079 534 3148 scripserat
575 3076 789 3130 delevit:
832 3090 921 3148 nec
960 3075 1048 3148 qui
1085 3074 1417 3128 contumelias
1445 3076 1669 3147 irrogat,
1702 3074 1860 3133 si'so-

254 3135 524 3208 tum'modo
551 3149 794 3213 tacuerit,
824 3135 1106 3217 satisfecit,
1135 3161 1250 3199 cum
1278 3150 1504 3216 profecto
1533 3135 1733 3204 necesse
1759 3152 1860 3217 sit,
1890 3135 1935 3201 C

253 3234 317 3279 ut
348 3222 499 3277 verba
538 3219 816 3290 prtemissw
858 3218 1307 3290 superbiant-bis
1341 3219 1631 3288 sabjuuetar
1666 3222 1878 3277 Immiti-

258 3296 390 3350 tatis
414 3288 712 3365 impugnet:
738 3307 839 3365 nec,
854 3288 1338 3365 debitorabsolutus
1365 3299 1466 3365 est,
1495 3292 1616 3365 quia
1640 3293 1746 3347 alia
1772 3311 1877 3351 non

256 3361 594 3435 multiplicat,
617 3363 717 3435 nisi
737 3372 781 3415 et
803 3363 894 3416 illa
915 3376 1030 3432 qua:
1051 3362 1296 3435 ligaverat
1314 3361 1495 3415 solvat.
1519 3361 1699 3433 Neque
1718 3365 1872 3433 enim,

256 3440 342 3494 ait
369 3432 426 3493 S.
457 3437 617 3492 Joan.
650 3432 1101 3506 Chrysostomus,
1134 3434 1397 3487 vulnerato
1427 3432 1704 3506 stt/ficitur!
1732 3439 1875 3503 salu-

258 3522 367 3565 tem
393 3506 745 3563 tantummodo
764 3502 973 3577 spicula
988 3502 1053 3577 de
1075 3520 1291 3577 corpore
1339 3502 1581 3575 evellere,
1604 3507 1695 3562 sed
1722 3502 1876 3564 etiam

255 3581 491 3637 remedia
515 3577 755 3633 adhibere
780 3575 1091 3631 uulneribus.

344 3651 642 3708 Peccatum.
667 3649 885 3706 Sublac.
917 3647 1065 3703 addit
1085 3646 1401 3719 ignoranter.

353 3723 563 3779 Veniam
590 3738 689 3776 non
719 3721 866 3774 liabet
884 3762 898 3781 .
921 3720 1006 3791 qui
1030 3717 1193 3793 sciens
1219 3729 1412 3790 peccat.
1436 3717 1568 3777 Puta
1589 3763 1605 3788 ,
1634 3719 1728 3792 qui
1752 3732 1876 3793 post

259 3806 581 3865 susceptum
623 3796 995 3865 baptismum,
1023 3791 1254 3865 maligna
1285 3802 1338 3846 et
1368 3794 1580 3865 nocenti
1599 3791 1873 3863 improbi-

263 3878 380 3926 tate
396 3911 411 3932 ,
434 3862 535 3922 seu
562 3864 700 3921 mali
727 3876 907 3919 mente
931 3862 1169 3918 admittit
1195 3871 1415 3931 peccata
1434 3904 1451 3926 ,
1477 3863 1641 3918 veluti
1666 3867 1875 3923 calum-

263 3941 405 4005 nim,
440 3938 708 3994 meditatae
739 3935 935 4001 ca-dis,
979 3935 1065 3988 ille
1107 3934 1319 4005 veniam
1358 3949 1391 3988 a
1433 3934 1544 3989 Deo
1582 3934 1873 3995 difﬁculter

263 4004 559 4069 admodum
589 4007 815 4063 obtinet.
850 4005 1017 4071 Nam,
1050 4006 1220 4075 inquit
1246 4004 1473 4061 Basilius
1498 4005 1590 4071 Μ..
1611 4005 1784 4064 εειιηῖ
1802 4010 1870 4065 ad

270 4083 680 4143 adolescentes,
708 4078 989 4148 Quomodo
1014 4092 1079 4132 ex
1107 4078 1300 4148 graecis
1327 4078 1639 4135 auctoribus
1668 4082 1871 4139 utilitas

268 4152 535 4223 capienda
562 4153 660 4207 sit:
684 4149 707 4205 1
715 4149 1030 4205 nvoluntarie
1055 4148 1256 4223 quidem
1282 4149 1345 4223 ab
1372 4148 1532 4221 ofﬁcio
1553 4154 1875 4208 conveniente

266 4219 587 4297 delinquenti
623 4224 769 4297 venia
807 4223 982 4297 aliqua
1000 4238 1039 4297 Aa
1067 4219 1173 4277 Deo
1199 4219 1505 4297 contigerit:
1526 4224 1590 4276 de
1617 4224 1872 4281 industria

267 4315 389 4354 vero
413 4293 666 4353 deteriora
692 4294 899 4367 eligenti
918 4293 1062 4367 nulla
1088 4293 1343 4367 excusatio
1369 4295 1661 4367 contingere
1687 4306 1867 4366 potest,

267 4382 326 4426 ut
353 4387 455 4425 non
483 4368 727 4439 mutiplca:
748 4364 1056 4439 supplicium
1080 4364 1276 4439 subeat.
1296 4364 1464 4421 Valde
1482 4364 1635 4439 enim
1655 4364 1872 4439 difﬁcile

271 4451 361 4498 est
378 4482 394 4504 ,
420 4449 479 4496 ut
497 4455 594 4510 per
610 4436 991 4509 paenitentiam
1016 4437 1385 4510 reStituantur,
1406 4436 1495 4507 qui
1526 4447 1645 4507 post
1670 4438 1872 4508 baptis-

1970 2937 2168 2993 dicitnr
2194 2938 2392 2993 medela
2418 2937 2632 3007 peccati.
2661 2936 2794 2993 BUN.

2039 3010 2208 3065 Nemo
2251 3026 2376 3065 esse.
2426 3009 2498 3066 lli
2532 3010 2669 3081 Reg.
2713 3023 2834 3080 cap.
2882 3024 2973 3074 vr,
3006 3008 3083 3081 2;
3118 3007 3297 3065 Psral.
3330 3022 3453 3081 cap.
3483 3024 3574 3077 vi;

1968 3082 2115 3139 Eccl.
2150 3098 2257 3146 vtt;
2287 3082 2543 3137 Proverb.
2575 3080 2655 3136 xx
2686 3092 2739 3136 et
2766 3096 2923 3146 XXIV,
2955 3081 3023 3147 1;
3055 3080 3213 3137 Joan.
3240 3096 3360 3152 cap.
3386 3080 3427 3137 ι.

2042 3155 2324 3209 Abstinere.
2352 3168 2406 3209 ιιι
2436 3152 2619 3222 Joan.,
2649 3168 2793 3208 vers.
2830 3152 2929 3221 10;
2967 3152 3055 3209 Ps.
3090 3168 3285 3221 χχχιιι,
3322 3152 3383 3221 1;
3424 3152 3569 3211 Petr.

1980 3240 2061 3291 tn,
2088 3241 2229 3281 vers.
2264 3227 2353 3281 Η.

2049 3297 2389 3369 Cogitatione.
2417 3296 2537 3351 lsai.
2570 3312 2625 3357 t:
2657 3296 2860 3352 Jerem.
2894 3312 2977 3361 tv,
3013 3298 3066 3363 i;
3096 3296 3224 3352 Cor.
3253 3311 3368 3351 xm.

2052 3368 2155 3434 Qui
2204 3371 2428 3439 primum
2499 3369 2720 3439 gradum
2768 3369 3022 3433 ascendit,
3094 3368 3218 3422 satis
3266 3369 3446 3437 justus
3476 3378 3575 3424 est.

1977 3439 2097 3497 Non
2122 3440 2211 3497 ille
2237 3442 2370 3497 satis
2394 3441 2573 3511 justus
2612 3450 2716 3505 est,
2751 3442 2795 3494 si
2842 3440 2911 3495 ab
2932 3439 3198 3509 operibus
3226 3439 3384 3494 malis
3408 3440 3577 3511 absti-

1978 3528 2134 3578 nens,
2183 3513 2324 3569 male
2362 3522 2539 3567 tamen
2602 3519 2698 3567 aut
2752 3511 3025 3580 loquatur,
3083 3520 3176 3566 aut
3220 3512 3460 3580 cogitet;
3517 3510 3574 3567 id

1976 3586 2117 3654 quod
2138 3585 2220 3639 vel
2248 3586 2364 3653 ipse
2413 3582 2721 3639 Lactantius
2770 3593 2826 3637 et
2878 3583 3188 3649 conﬁtetur,
3223 3581 3574 3654 etdoeetin-

1978 3653 2082 3723 ira,
2117 3671 2238 3727 cap.
2271 3657 2364 3720 23.
2394 3664 2451 3711 et
2479 3656 2571 3709 lib.
2601 3670 2695 3719 vn,
2726 3669 2845 3725 cap.
2868 3653 2961 3717 27,
2986 3653 3074 3709 ubi
3105 3655 3182 3708 ait
3232 3654 3402 3727 perun
3424 3653 3571 3725 judi-

1975 3724 2221 3784 catnrntn
2247 3743 2369 3784 esse
2420 3727 2583 3780 ctiam
2607 3724 2801 3795 pravas
2829 3727 3200 3793 cogitationes.
3232 3724 3422 3783 lszus.

2050 3797 2134 3853 Ne
2154 3801 2206 3853 in
2230 3799 2587 3870 cogitationem
2612 3798 2816 3869 quidem
2851 3797 3143 3870 admittere,
3165 3807 3272 3853 etc.
3319 3796 3466 3870 Mss.
3498 3797 3569 3853 15

1975 3885 2085 3929 rec.
2117 3881 2173 3926 et
2195 3870 2229 3927 2
2254 3869 2409 3936 edit.,
2439 3885 2503 3924 ne
2526 3870 2579 3924 iu
2598 3870 2938 3941 cogitatione;
2978 3869 3109 3925 edit.
3142 3870 3201 3937 4,
3239 3884 3330 3924 nec
3357 3869 3570 3939 cogita-

1974 3942 2128 3996 tione.

2059 4013 2241 4070 Vitatis
2266 4014 2384 4070 viri.
2416 4013 2528 4069 lloc
2558 4023 2663 4078 est,
2693 4012 2930 4069 hominis
2984 4012 3093 4067 vita
3138 4011 3306 4083 digni,
3355 4010 3491 4085 frugi
3513 4018 3571 4071 et

1973 4086 2040 4144 ad
2070 4102 2184 4142 rem
2211 4089 2402 4142 attenti
2438 4104 2451 4140 :
2484 4086 2562 4141 sic
2591 4085 2845 4141 Horatius
2865 4085 2961 4140 tib.
2969 4085 3277 4207 11,.Satyra
3308 4084 3340 4139 7
3369 4100 3385 4137 :

3015 4170 3171 4207 mtcus

3015 4170 3171 4207 mtcns

2069 4220 2364 4285 illancipium
2387 4218 2596 4271 Domino
2619 4227 2671 4271 et
2692 4217 2841 4285 frugi,
2866 4219 2998 4283 quod
3018 4223 3084 4271 sit
3099 4219 3234 4277 satis,
3260 4217 3355 4270 hoc
3377 4224 3477 4283 est,

2069 4282 2134 4334 Ut
2158 4282 2306 4334 vitale
2330 4292 2490 4345 putes.
2780 4282 2793 4283 7
2826 4282 2833 4285 ⁷
2885 4282 2895 4283 “
3530 4350 3537 4357 ο

1974 4367 2053 4425 Ac
2082 4367 2286 4423 Seneca
2327 4367 2466 4422 libro
2489 4382 2542 4432 v,
2592 4365 2831 4434 Epistula
2857 4366 2972 4423 39:
3012 4364 3194 4436 Magni
3237 4364 3396 4419 animi
3421 4380 3571 4436 meg-

1973 4455 2040 4493 na
2067 4450 2404 4499 contemnere.
2459 4454 2520 4491 ac
2548 4437 2804 4491 ntediocra
2848 4436 3004 4491 malle
3024 4478 3039 4501 ,
3067 4434 3219 4503 quam
3246 4437 3422 4491 nimia.
3459 4434 3569 4490 Illa

271 4529 423 4598 mum
453 4505 573 4599 taliet
602 4505 1055 4599 p'erpetraverttut~
1069 4507 1272 4590 scelera
1296 4505 1457 4599 \(qua:
1484 4505 1592 4591 nec.
1613 4505 1867 4599 igqq‘ran-
1894 4538 1949 4599 Β
1974 4510 2105 4563 enim
2132 4510 2309 4599 utilite,
2350 4510 2623 4578 vitaliaque
2665 4507 2974 4599 suntanV'ido
3017 4508 3329 4565 Turnebum
3374 4508 3428 4563 in
3457 4506 3567 4563 Ad-

273 4588 384 4653 tite,
417 4598 518 4640 nec
546 4578 787 4636 humanm
816 4589 940 4635 sunt
968 4578 1334 4649 infirmitatis),
1368 4591 1479 4653 tum
1508 4580 1627 4653 quia
1646 4578 1871 4638 difficile

271 4650 390 4722 est,
413 4663 473 4710 nt
497 4670 675 4708 veram
701 4668 762 4708 ac
785 4653 1050 4707 sinceram
1070 4658 1235 4722 agant
1260 4650 1626 4720 paenitentiam
1646 4692 1661 4714 ,
1684 4652 1875 4722 dignos

275 4720 475 4785 faciant
503 4724 687 4796 (juxta
716 4720 1087 4796 Evangeltum)
1118 4720 1447 4796 pmttiteutia:
1473 4733 1527 4777 et
1552 4720 1874 4780 satisfactio-

276 4802 365 4857 nis
398 4792 625 4865 fructus,
652 4805 763 4851 tum
789 4792 911 4866 quia
937 4792 1127 4849 duram
1156 4809 1218 4849 ac
1242 4792 1516 4849 difficilem
1548 4797 1877 4864 poenitentia:

275 4872 548 4928 actionem
593 4884 622 4922 a
652 4868 849 4923 talibus
889 4869 1054 4937 exigit
1082 4866 1390 4921 christiana:
1412 4868 1691 4937 severitas
1719 4868 1879 4923 disci-

314 4945 458 4997 linzu.
477 4941 539 4995 Et
558 4940 771 5010 quidem
784 4935 1108 5010 Ambrosius
1135 4937 1228 4992 lib.
1259 4953 1295 4994 tt
1321 4937 1387 5010 de
1410 4935 1729 4994 Poenitentia
1757 4955 1875 5009 cap.

316 4960 458 4997 "IMP.
479 4960 539 4995 ΕΙ
558 4960 1108 5010 (ιυιιιειιιΑιιιυιίιδιιιδ
1136 4960 1228 4992 ΙΙΙ).
1259 4960 1295 4994 ιι
1321 4960 1387 4991 UC
1411 4960 1729 4994 ι’ωιιιιιτιιιιιι
1757 4960 1875 5009 cap.

275 4960 372 5081 ΕΟ,
394 5013 452 5069 n°
482 5011 572 5078 96,
599 5012 748 5066 aitse
765 5008 1234 5083 fuciliusinvenisse
1247 5008 1332 5078 qui
1357 5008 1883 5083 innocentiamserva-

275 5080 463 5147 perint,
495 5100 647 5151 quam
675 5080 1008 5153 qui'cougrue
1033 5082 1224 5153 egerint
1254 5082 1621 5153 paenitentiam.
1649 5080 1732 5137 Ad
1761 5098 1880 5138 eam

277 5168 460 5213 tamen
484 5164 793 5225 peceatores
819 5152 905 5208 ille
929 5152 1173 5207 hortatur
1192 5152 1585 5220 duobuslihris,
1613 5164 1667 5209 et
1696 5154 1884 5223 praeci-

278 5245 390 5302 pue
418 5224 510 5302 lib.
526 5242 566 5302 ι,
595 5240 715 5294 cap.
748 5226 814 5281 16
834 5266 850 5292 ,
884 5225 1074 5302 πίθος
1118 5224 1324 5294 Siquis,
1344 5225 1771 5302 ittquit_,ocrulta
1785 5228 1885 5280 cri-

278 5295 423 5355 inina
448 5298 666 5364 habens,
697 5308 904 5368 proriter
921 5295 1177 5351 Christum
1200 5307 1365 5351 tamen
1391 5295 1614 5352 studiose
1638 5301 1885 5370 pumilea-

280 5375 409 5428 tiam
434 5371 629 5443 egerit.
652 5409 665 5424 .
690 5408 704 5424 .
723 5372 837 5443 volo
863 5370 1091 5443 “veniam
1140 5385 1258 5424 reus
1283 5378 1443 5443 speret
1459 5385 1490 5443 :A
1506 5379 1639 5443 petat
1665 5387 1776 5443 eam
1805 5371 1885 5424 la-

279 5439 499 5516 crymis,
535 5450 671 5516 petat
700 5440 998 5513 gemitibus,
1030 5450 1164 5511 petat
1194 5439 1372 5512 populi
1399 5441 1555 5496 totius
1584 5441 1786 5512 ﬂetibus
1832 5450 1889 5497 ut

279 5515 826 5589 ignoscaturobsecret
845 5556 859 5576 ,
889 5524 996 5567 etc.

360 5585 490 5653 Qua:
516 5585 699 5639 deleat.
732 5584 785 5638 Id
811 5592 895 5640 est
914 5626 927 5647 ,
957 5599 1078 5654 qua;
1103 5582 1297 5639 debeat
1325 5582 1612 5640 redimere.

358 5652 428 5713 In
456 5656 704 5711 medelam
730 5652 1016 5711 vulnerum.
1049 5652 1107 5709 Id
1136 5665 1247 5719 est,
1278 5666 1641 5724 peccatorum.
1672 5654 1893 5726 Cypria-

284 5745 414 5796 nus,
446 5729 516 5784 de
547 5728 756 5798 Lapsis,
786 5743 836 5782 c.
871 5728 977 5798 13:
1010 5726 1211 5798 Census,
1227 5727 1390 5780 omnis
1420 5728 1476 5780 in
1513 5728 1762 5780 medelam
1781 5728 1896 5782 vul-

286 5803 429 5857 neris
457 5811 713 5869 erogetur.
744 5798 932 5855 Eidem
962 5797 1016 5854 in
1049 5797 1250 5869 line‘de
1278 5798 1454 5869 Opere
1481 5806 1536 5853 et
1566 5799 1767 5855 Eleem.
1803 5798 1891 5855 ed.

285 5876 466 5938 Oxon.
487 5913 502 5942 ,
533 5867 630 5928 fol.
662 5871 768 5930 209
794 5889 805 5924 :
839 5871 1065 5946 operatio
1095 5867 1189 5944 (id
1218 5867 1341 5940 est,
1372 5871 1716 5944 eleemosyna
1743 5869 1763 5943 )
1797 5870 1897 5943 ipsi

1976 4582 2228 4636 versariis
2256 4580 2349 4634 lib.
2382 4594 2568 4641 xxvnt,
2598 4588 2759 4648 caput
2781 4579 2873 4636 27.

2048 4651 2394 4706 lnsensibitia.
2419 4650 2593 4707 Sensu
2623 4652 2882 4707 carentia.
2912 4651 3201 4708 FRANCIUB.

2051 4722 2161 4778 Nec
2191 4724 2382 4795 gratias
2418 4739 2589 4793 agere,
2618 4723 2755 4793 quod
2798 4727 3101 4791 acceperint.
3152 4722 3384 4778 Restitni
3425 4724 3566 4793 quod

1978 4810 2065 4852 ex.
2094 4803 2204 4853 vet.
2231 4795 2362 4868 edit.
2406 4795 2946 4868 Rom._ontnibnsqtte
2976 4810 3105 4850 mss.
3142 4804 3349 4868 praeter
3375 4796 3561 4868 tAHeg.

1979 4883 2091 4948 ree.
2117 4877 2172 4923 et
2200 4867 2265 4923 16
2286 4866 2459 4923 editos
2479 4866 2674 4938 quibus
2688 4877 2793 4934 est,
2815 4870 2902 4937 qui
2918 4868 3236 4938 acceperint;
3262 4882 3282 4921 ι
3302 4866 3376 4921 al.
3399 4866 3559 4941 Reg},

1979 4956 2066 5009 qut
2102 4948 2421 5007 acceperunt.

2063 5009 2292 5065 Viventio
2316 5009 2412 5065 Dei
2449 5010 2745 5066 simulacra.
2798 5009 3053 5067 Homines
3080 5010 3308 5065 scilicet.

2062 5082 2393 5137 Promereare
2418 5083 2681 5137 viventem.
2732 5082 2803 5137 Ita
2833 5097 2960 5136 mss.
3001 5081 3357 5151 antiquissimi
3398 5082 3561 5148 Bon.,

1984 5156 2018 5211 4
2043 5154 2200 5224 lieg.,
2229 5153 2416 5216 Cane,
2441 5153 2564 5209 Jun.
2602 5161 2656 5207 et
2699 5155 2735 5210 '5
2781 5154 2984 5208 excusi.
3014 5156 3083 5208 At
3106 5169 3236 5207 mss.
3306 5157 3571 5209 recentio-

1986 5242 2078 5284 res
2103 5238 2156 5282 et
2185 5242 2373 5281 omnes
2411 5240 2551 5295 pene
2595 5225 2727 5281 edit.
2763 5226 2962 5291 ferunt,
2990 5234 3043 5278 ut
3085 5241 3406 5292 promet-care
3430 5229 3569 5282 iuve-

1989 5301 2100 5353 nire
2148 5297 2408 5353 viventem.
2457 5297 2652 5366 Scripti
2711 5297 2746 5351 2
2791 5297 2950 5366 Reg,
2981 5296 3017 5351 2
3045 5295 3222 5361 Culb.,
3254 5296 3508 5359 Tornes..
3538 5299 3575 5353 2

1990 5370 2250 5431 Clarom.,
2280 5379 2333 5423 ut
2378 5384 2695 5440 promereare
2762 5368 2930 5423 uidere
2967 5371 3227 5440 viventem.
3256 5398 3328 5410 —
3361 5369 3428 5425 Ut
3457 5387 3577 5436 pro-

1992 5458 2216 5497 mereare
2237 5439 2498 5496 viventem.
2532 5439 2739 5496 Eodem
2769 5442 3042 5511 pertinent
3065 5439 3318 5511 Cypriani
3339 5441 3407 5494 de
3435 5443 3578 5511 Ope-

1993 5530 2054 5571 re
2075 5523 2131 5569 et
2179 5512 2447 5568 Eleeutos.
2504 5511 2592 5567 ed.
2622 5510 2822 5578 Oxum,
2866 5510 2904 5566 f.
2952 5512 3081 5567 205.
3115 5510 3183 5568 Ut
3232 5510 3580 5583 intelligamus

1994 5586 2104 5640 haec
2131 5600 2285 5652 Opera
2317 5583 2426 5638 Deo
2483 5583 2620 5647 dari,
2667 5594 2887 5649 etcum,
2932 5585 3174 5654 quisquis
3232 5584 3351 5639 hmc
3397 5585 3580 5649 faciat,

1995 5655 2277 5712 Dominum
2358 5657 2658 5723 promereri.
2710 5654 2916 5711 Ibidem
2972 5655 3011 5711 f.
3073 5655 3180 5713 209
3210 5673 3225 5712 :
3255 5654 3587 5712 Promeretrtr

2001 5728 2259 5783 Christum
2278 5726 2530 5798 judicent.
2570 5726 2709 5798 BDN.

2075 5799 2138 5853 Et
2165 5797 2416 5869 probabit.
2462 5797 2663 5856 Addita
2688 5798 2881 5857 vocula
2923 5808 2972 5856 et
3015 5814 3082 5858 ex
3112 5801 3365 5860 omnibus
3384 5816 3513 5859 mss.
3540 5808 3598 5857 et

2002 5871 2253 5945 plurimis
2294 5870 2602 5943 impressis.
