4090 6354
543 252 648 310 687

1647 252 1831 314 FIRM.
1873 254 2243 318 LACTAN'I'II
2286 258 2486 319 DlVlN.
2530 255 2782 320 lNSTlT.

3745 266 3851 330 688

542 378 767 443 apparet
793 369 1145 450 philosophos
1172 367 1331 442 longe
1358 367 1593 427 abfuisse
1630 369 1696 428 ab
1736 371 1973 428 humano
2003 374 2143 431 bono
2169 380 2225 443 Α
2249 393 2344 448 pro
2367 377 2527 443 vitiis,
2552 387 2607 435 et
2635 379 2767 435 vitia
2795 378 3040 452 quaedam
3066 395 3164 453 pro
3191 380 3478 440 virtutibus
3511 382 3837 443 habuerunt.

545 467 634 536 qui
661 482 836 536 neque
880 475 1257 538 pra-ceperunt
1301 464 1564 535 ejusmodi
1611 466 1936 538 quidquam,
1970 485 2144 541 neque

541 558 820 624 fecerunt;
849 559 944 614 sed
974 559 1249 625 virtutem,
1280 573 1398 628 qua:
1428 559 1479 613 in
1511 557 1727 615 homine
1757 545 2142 632 propetnodtnn

541 654 829 724 singularis
856 663 962 717 est,
995 670 1092 725 pro
1121 654 1254 709 vitio
1282 669 1500 726 semper
1528 655 1850 714 habuerunt.
1881 658 2033 715 Libet
2053 658 2144 717 hic

538 745 887 816 interpoitere
918 762 1080 801 unum
1125 747 1192 803 de
1223 746 1556 818 philosophia
1596 750 1804 815 locum,
1833 761 1891 806 ut
1929 751 2144 807 illorum

541 836 754 908 plenius
780 852 1138 910 coarguamus
1163 854 1398 906 errores,
1431 842 1519 910 qui
1561 842 1986 898 misericordiam
2006 885 2022 912 ,
2051 860 2146 899 cu-

537 929 838 1000 piditatem,
869 941 1092 996 metum,
1123 932 1340 987 morbos
1366 933 1528 988 animi
1553 935 1846 1004 appellant.
1870 936 2146 994 Conantur

538 1023 614 1080 illi
638 1024 855 1093 quidem
888 1023 1115 1081 virtutes
1136 1040 1163 1078 a
1187 1025 1333 1079 vitiis
1357 1027 1709 1097 distinguere,
1737 1031 1878 1098 quod
1906 1038 1988 1085 est
2015 1045 2145 1086 sane

536 1115 873 1174 facillimum.
897 1118 1030 1186 Quis
1054 1118 1197 1174 enim
1227 1135 1333 1174 non
1363 1121 1530 1190 possit
1562 1122 1838 1178 liberalem
1864 1139 1890 1176 a
1922 1124 2146 1196 prodigo

539 1225 792 1283 separare
820 1213 839 1282 (
864 1220 921 1267 ut
951 1200 1026 1268 illi
1067 1213 1307 1284 faciunt)
1333 1225 1424 1270 aut
1467 1233 1682 1284 parcum
1711 1233 1739 1272 a
1767 1220 1986 1274 sordido
2010 1262 2024 1287 ,
2055 1230 2147 1278 aut

537 1308 778 1376 quietum
809 1306 877 1361 ab
907 1306 1089 1374 inerti,
1122 1317 1214 1362 aut
1240 1318 1454 1363 cautum
1491 1325 1521 1364 a
1558 1309 1783 1366 timido?
1823 1312 1964 1383 quod
2004 1312 2143 1383 hinc,

536 1413 661 1470 qua:
685 1408 812 1454 sunt
843 1399 1007 1468 h0ua,
1039 1401 1170 1456 lines
1202 1417 1329 1456 suos
1361 1401 1624 1469 habeant;
1657 1420 1791 1474 quos
1819 1407 1861 1460 si
1894 1421 2146 1464 excesse-

539 1491 671 1557 rint,
700 1493 754 1547 in
785 1493 911 1548 vitia
945 1494 1232 1549 labuntur:
1265 1497 1332 1549 ita
1363 1506 1419 1550 ut
1445 1499 1767 1566 constantia,
1800 1501 1897 1553 nisi
1927 1514 2024 1570 pro
2054 1516 2146 1558 ve-

533 1588 693 1643 ritate
724 1598 970 1660 suscepta
999 1590 1068 1644 sit
1099 1631 1112 1655 ,
1147 1589 1204 1643 lit
1233 1589 1596 1661 impudentia;
1635 1594 1756 1648 item
1787 1592 2065 1660 fortitudo,
2100 1596 2144 1650 si

535 1684 680 1738 nulla
711 1683 1036 1740 necessitate
1062 1694 1288 1755 cogente
1307 1727 1321 1752 ,
1351 1694 1440 1740 aut
1469 1701 1578 1741 non
1606 1701 1701 1757 pro
1728 1702 1889 1742 causa
1921 1688 2145 1744 honesta

2247 470 2379 525 Nam
2411 472 2575 529 Stoici
2614 473 2836 530 allectus
2857 489 3068 544 omnes,
3099 491 3330 548 quorum
3363 479 3597 549 impulsu
3634 482 3854 538 animus

2247 575 2638 634 commovetur,
2672 584 2737 624 ex
2767 569 2982 626 homine
3013 573 3236 636 tollunt;
3283 575 3635 644 cupiditatem
3665 619 3677 639 ,
3709 577 3850 631 licti-

2247 661 2397 729 tiam,
2428 673 2653 727 metum,
2689 664 3021 733 nuestitiam,
3053 682 3281 737 quorum
3312 667 3420 724 duo
3447 669 3623 739 priora
3660 685 3727 725 ex
3758 670 3858 726 bo-

2248 756 2332 810 nis
2360 765 2486 811 sunt
2533 767 2625 812 aut
2653 756 2868 821 futuris,
2899 769 2992 814 attt
3019 762 3410 831 praesentibus,
3447 763 3749 832 posteriora
3787 780 3856 820 ex

2248 848 2422 901 malis.
2456 847 2656 904 Eodem
2686 848 2846 905 modo
2891 849 3006 906 haec
3033 861 3281 922 quatuor,
3314 853 3530 908 morbos
3569 853 3670 926 (ut
3700 854 3848 925 dixi)

2249 952 2460 1010 vocant,
2494 959 2598 1000 non
2625 954 2731 1000 tam
2755 955 2942 1001 natura
2969 945 3181 1012 insitos,
3213 963 3372 1018 quam
3404 962 3566 1018 prava
3594 949 3861 1017 Opinione

2248 1048 2550 1110 susceptos.
2581 1040 2644 1094 Et
2671 1039 2875 1097 idcirco
2899 1056 2995 1097 eos
3023 1052 3248 1097 censent
3277 1043 3535 1113 extirpari
3565 1058 3728 1113 posse
3775 1059 3865 1097 ra-

2249 1131 2467 1196 dicitus,
2495 1132 2541 1187 si
2589 1133 2852 1189 bonorum
2885 1135 3258 1206 malorumque
3285 1136 3468 1206 opinio
3507 1135 3643 1191 ίῖιιειι
3693 1137 3863 1194 ῑοιιειο

2250 1231 2356 1280 tur.
2391 1224 2447 1280 Si
2473 1226 2614 1280 enim
2643 1227 2776 1281 nilnil
2802 1237 3022 1284 censeat
3048 1230 3266 1297 sapiens
3298 1229 3493 1284 bonum
3519 1272 3533 1298 ,
3569 1229 3706 1284 nihil
3736 1246 3859 1285 ma-

2249 1320 2394 1386 lum;
2430 1334 2529 1376 nec
2554 1319 2849 1391 cupiditate
2875 1321 3144 1385 ardescet,
3178 1337 3279 1378 nec
3309 1322 3486 1377 laetitia
3509 1324 3728 1393 gestiet,
3757 1339 3861 1379 nec

2248 1424 2395 1469 metu
2440 1415 2751 1483 terrebitur,
2805 1429 2905 1472 nec
2933 1415 3251 1487 (egritudine
3299 1416 3671 1472 contrahetur.
3733 1417 3862 1472 Mox

2247 1506 2574 1571 videbimus,
2602 1523 2668 1564 an
2714 1506 2970 1574 efﬁciant,
3012 1509 3157 1581 quod
3200 1511 3386 1577 velint,
3429 1510 3700 1581 atttuquid
3735 1511 3861 1567 elli~

2248 1601 2392 1656 ciant
2419 1617 2433 1655 :
2465 1600 2680 1657 interim
2724 1602 3057 1672 propositum
3105 1617 3395 1673 arrogans,
3425 1618 3489 1658 ac
3523 1618 3662 1673 pene
3692 1602 3867 1659 l‘nrio-

2247 1708 2389 1760 sum,
2418 1693 2508 1763 qui
2535 1709 2594 1748 se
2621 1702 2808 1764 putent
2835 1693 3061 1761 mederi,
3094 1703 3148 1750 et
3171 1695 3301 1750 eniti
3331 1709 3489 1766 posse
3515 1707 3704 1752 contra
3741 1697 3850 1752 vim

531 1785 740 1832 certum
772 1777 1068 1848 periculum
1102 1777 1350 1840 subierit,
1397 1778 1452 1833 in
1487 1781 1846 1835 temeritatem
1879 1782 2147 1838 converti-
2175 1787 2223 1848 B
2254 1787 2625 1859 rationemque
2651 1796 2884 1844 naturae.

537 1874 642 1926 tur.
676 1870 921 1927 Libertas
948 1886 1182 1943 quoque,
1207 1872 1251 1926 si
1275 1871 1410 1928 alios
1434 1873 1748 1940 insectetur,
1777 1876 1955 1946 potius
1981 1893 2144 1948 quam

536 1963 929 2020 insectantibus
985 1966 1241 2028 resistat,
1299 1968 1637 2022 contumacia
1703 1977 1806 2024 est.
1871 1969 2144 2028 Severitas

533 2059 719 2123 etiam,
757 2057 863 2112 nisi
911 2072 970 2113 se
1000 2057 1138 2114 intra
1184 2071 1546 2131 congruentes
1601 2063 1908 2121 nocentium
1959 2079 2145 2136 poenas

535 2161 808 2218 coerceat,
843 2153 903 2208 lit
929 2169 1068 2209 steva
1098 2153 1409 2211 crudelitas.

607 2246 792 2319 Itaque
831 2246 1039 2313 dicunt,
1088 2263 1206 2317 eos,
1251 2251 1340 2319 qui
1384 2249 1508 2305 mali
1549 2251 1866 2320 videantur,
1913 2268 2020 2309 non
2050 2269 2145 2312 sua

534 2351 730 2413 sponte
762 2357 1008 2412 peccare,
1041 2358 1139 2399 nec
1170 2343 1308 2398 mala
1352 2345 1532 2415 potius
1560 2347 1763 2418 eligere
1796 2367 1808 2402 :
1841 2349 1935 2405 sed
1969 2350 2143 2407 bono-

528 2449 654 2491 rum
712 2449 895 2506 speete
947 2435 1150 2509 lapsos,
1207 2436 1448 2493 incidere
1489 2439 1541 2493 in
1587 2440 1752 2507 mala,
1795 2440 1922 2497 dum
1972 2443 2144 2500 bono-

534 2544 655 2584 rum
711 2544 774 2585 ac
820 2530 1086 2585 malorum
1118 2529 1406 2586 discrimen
1441 2531 1704 2602 ignorant.
1758 2534 1884 2590 llzrc
1926 2536 2143 2606 quidem

537 2622 671 2679 lalsa
723 2640 828 2678 non
879 2634 1046 2679 sunt:
1093 2623 1191 2679 sed
1231 2623 1296 2678 ad
1325 2640 1524 2695 corpus
1565 2637 1758 2683 cuncta
1812 2627 2141 2686 referuntur.

533 2714 666 2771 Nam
699 2731 921 2786 parcum
949 2730 1070 2771 esse
1092 2757 1107 2780 ,
1139 2723 1233 2770 aut
1267 2724 1603 2772 constantem
1627 2759 1642 2783 ,
1667 2727 1760 2772 aut
1789 2729 2024 2786 cantum,
2057 2718 2149 2776 aut

531 2809 795 2880 quietum,
825 2819 914 2862 aut
939 2807 1154 2874 fortem,
1187 2817 1278 2862 aut
1307 2822 1577 2877 severum,
1613 2810 1840 2865 virtutes
1871 2821 1998 2867 sunt
2021 2813 2147 2884 qni-

535 2903 680 2970 dcm,
699 2903 794 2960 sed
821 2902 980 2973 hujus
998 2907 1338 2973 temporariae
1366 2903 1509 2958 vitm.
1531 2904 1637 2959 Nos
1668 2916 1867 2974 autem,
1887 2911 1976 2978 qui
2010 2907 2150 2966 hanc

535 2996 703 3052 vitam
751 2996 1183 3064 contemnimus,
1229 2998 1364 3053 alias
1405 2999 1558 3055 nobis
1588 2999 1813 3057 virtutes
1846 3007 2148 3074 propositas

535 3088 834 3156 habemus,
862 3088 930 3145 de
955 3090 1150 3160 quibus
1178 3090 1485 3162 philosophi
1525 3108 1593 3148 ne
1622 3096 1885 3165 suspicari
1930 3097 2146 3168 quidem

2863 1899 3095 1958 CAPUT
3133 1900 3252 1957 XV.

2320 2015 2401 2072 De
2421 2015 2688 2085 affectibus
2714 2031 2775 2070 ac
2803 2016 2867 2070 de
2895 2015 2959 2072 iis
2992 2014 3456 2087 Peripateticorum
3486 2019 3764 2074 sententia.

2324 2155 2453 2212 Haec
2480 2155 2626 2211 enim
2652 2153 2920 2210 naturalia
2949 2167 3092 2222 esse,
3126 2168 3232 2209 non
3259 2155 3584 2222 voluntaria,
3616 2155 3866 2211 omnium

2249 2250 2546 2305 viventium
2591 2248 2728 2304 ratio
2771 2248 3142 2317 demonstrat,
3193 2265 3316 2321 qua:
3367 2249 3557 2307 iisdem
3603 2250 3860 2306 omnibus

2249 2343 2488 2416 quatitur
2509 2342 2809 2399 allecubus.
2837 2342 3180 2414 Peripatetici
3217 2359 3346 2414 ergo
3370 2345 3594 2412 rectius,
3624 2346 3714 2416 qui
3744 2345 3865 2400 lucc

2249 2437 2430 2494 omnia
2463 2436 2674 2493 detrahi
2718 2450 2878 2509 posse
2924 2448 3142 2507 negant,
3195 2437 3320 2509 quia
3367 2438 3645 2494 nobiscum
3697 2439 3866 2493 simul

2250 2541 2374 2588 nata
2405 2531 2545 2596 sint;
2578 2538 2636 2586 et
2657 2539 2920 2586 conantur
2949 2530 3257 2597 ostendere,
3290 2547 3452 2600 quam
3483 2533 3859 2602 providenter,

2249 2633 2307 2682 et
2331 2639 2492 2696 quam
2544 2623 2850 2679 necessario
2883 2621 3054 2686 Deus,
3082 2622 3194 2678 sive
3235 2634 3422 2679 natura
3450 2622 3550 2697 (sic
3591 2627 3736 2681 enim
3779 2625 3866 2682 di-

2251 2727 2404 2787 cunt)
2448 2716 2532 2772 his
2580 2730 2679 2771 nos
2711 2715 2935 2770 armarit
2958 2714 3274 2771 affectibus:
3324 2733 3461 2788 quos
3499 2729 3698 2784 tamen,
3730 2719 3865 2789 quia

2251 2811 2429 2867 vitiosi
2459 2811 2775 2880 plerumque
2803 2807 2958 2876 ﬁunt,
3008 2809 3052 2863 si
3105 2807 3406 2873 nimiisiut,
3441 2825 3600 2881 posse
3640 2813 3707 2866 ab
3756 2812 3863 2867 ho-

2252 2907 2420 2973 mine,
2471 2903 2710 2960 adhibito
2754 2902 2936 2970 modo,
2966 2901 3258 2958 salubriter
3287 2906 3610 2975 temperari,
3645 2915 3704 2960 ut
3732 2914 3864 2961 tan-

2252 3011 2364 3057 tum
2398 2998 2626 3066 homini,
2657 3007 2915 3069 quantum
2944 3005 3148 3052 naturae
3183 2996 3314 3051 satis
3342 3007 3425 3053 est
3448 3038 3464 3064 ,
3495 2998 3858 3068 relinquatur.

2253 3095 2371 3152 Non
2403 3094 2666 3165 insipiens
2688 3091 3004 3163 disputatio,
3037 3091 3082 3145 si
3109 3089 3192 3160 (ut
3213 3089 3346 3163 dixi)
3379 3105 3483 3146 non
3519 3090 3584 3145 ad
3613 3090 3752 3147 hanc
3783 3092 3864 3148 vi-

539 3183 650 3240 ulla
699 3183 908 3241 ratione
951 3192 1262 3255 potuerunt.
1306 3184 1490 3256 Itaque
1529 3196 1583 3243 et
1612 3187 1834 3244 virtutes
1889 3191 2144 3261 quasdam
2174 3194 2360 3260 ctam
2410 3187 2592 3245 omnia
2637 3184 2990 3242 referrentur.
3038 3183 3206 3241 Stoici
3251 3199 3384 3258 ergo
3415 3182 3628 3254 furiosi,
3656 3187 3746 3256 qui
3797 3200 3861 3242 ea

1895 3305 2257 3367 VARIORUM
2282 3303 2513 3363 NOTAE.

613 3425 689 3482 Ab
719 3425 942 3480 humano
969 3424 1119 3480 bona.
1147 3421 1287 3479 Nihil
1318 3422 1498 3478 invitis
1523 3422 1675 3478 libris
1695 3424 2006 3479 mutandum
2036 3440 2052 3479 :
2086 3425 2149 3480 ab

543 3500 766 3554 humano
789 3497 919 3551 bono
941 3508 1032 3563 est,
1057 3515 1088 3548 a
1117 3497 1245 3550 bono
1273 3496 1561 3550 hominibus
1588 3496 1896 3567 proprio,ab
1914 3497 2151 3552 humani-

545 3580 669 3633 tate,
695 3587 728 3623 a
759 3568 1132 3624 misericordia.
1164 3567 1297 3624 BUN.

625 3641 733 3698 Sed
759 3649 1016 3697 virtutem.
1048 3639 1249 3696 Omnes
1281 3639 1392 3695 fere
1418 3639 1548 3695 editi
1579 3640 1866 3695 articulum
1897 3640 2029 3695 hanc
2069 3641 2154 3696 in-

544 3721 856 3780 terponunt,
886 3729 1044 3781 quem
1068 3728 1189 3766 cum
1222 3727 1352 3765 mss.
1377 3721 1640 3777 respuunt
1667 3713 1795 3767 editi
1825 3712 1983 3768 Rom.
2011 3712 2151 3770 M70

545 3800 611 3840 ac
634 3783 857 3850 Cellar.,
889 3794 943 3838 et
969 3783 1202 3853 expunxi
1236 3783 1584 3853 ntinntilem.
1617 3783 1815 3839 Contra
1842 3785 2148 3839 StoiCorntn

547 3855 618 3912 de
637 3855 919 3912 alleCtibus
939 3852 1264 3927 sententiam
1283 3852 1577 3920 disputavit
1596 3855 1653 3910 S.
1673 3855 1956 3927 Augustin.
1979 3856 2048 3912 de
2062 3855 2150 3911 Ci-

547 3927 647 3982 vit.
684 3927 775 3980 Dei
806 3927 899 3980 lib.
932 3940 1046 3990 xiv,
1075 3940 1195 3993 cap.
1229 3925 1262 3981 8
1288 3934 1343 3979 et
1367 3926 1419 3980 9.

624 3996 910 4070 Liberalem
933 3997 1228 4070 aprodigo.
1262 3995 1622 4070 Liberalitatis
1657 3995 1954 4070 (inquam)
1982 3999 2148 4053 ratio-

555 4083 679 4125 nem
711 4067 1067 4135 Philosophus
1107 4069 1159 4121 in
1213 4083 1264 4121 tv
1301 4067 1577 4122 Moralium
1609 4071 1719 4123 suis
1747 4067 2004 4124 extremis
2049 4070 2151 4126 hoc

555 4140 721 4196 modo
747 4139 1138 4194 circumscribit
1165 4157 1178 4194 :
1208 4138 1579 4209 Prodigalitas.
1603 4139 1910 4206 liberalitas,
1937 4141 2150 4206 Sordes,

557 4212 800 4267 avaritia.
840 4210 1175 4265 l’arcintonia
1205 4213 1381 4281 igitur,
1418 4227 1538 4280 quae
1565 4209 1812 4266 Ciceroni
1834 4254 1848 4276 ,
1883 4214 1970 4267 ubi
2015 4214 2151 4266 stoi-

557 4299 677 4348 catn
726 4291 905 4339 tuetur
955 4297 1260 4351 personam,
1290 4282 1477 4352 ingens
1530 4283 1753 4352 vectigal
1781 4299 1901 4339 esse
1931 4283 2150 4350 dicitur,

559 4366 1038 4438 parcgs,_tettaces,
1067 4397 1097 4438 λ
1124 4354 1324 4438 a_ri_dos,
1353 4370 1450 4436 pro
1471 4353 1677 4438 vitiosis
1708 4355 1984 4438 habetneo
2009 4355 2151 4438 quod

561 4425 740 4523 dandi:
761 4425 1036 4523 delicinunlt.
1066 4425 1170 4481 Sed
1199 4426 1514 4523 lanatantius
1534 4425 1742 4481 videtur
1765 4428 1910 4498 parci
1939 4425 2157 4483 nomine
2182 4461 2237 4523 Β

562 4497 825 4566 frugalem
860 4497 1177 4566 intelligere.
1211 4497 1536 4552 BETULEIUS.

638 4563 886 4642 (itu-cum.
911 4563 1095 4642 bis-sf?)
1119 4583 1229 4642 ree.
1261 4586 1480 4637 purum;
1508 4569 1794 4642 eroIbert.
1819 4587 1850 4624 a
1867 4569 2158 4642 splendido.

642 4640 878 4709 Quietum
895 4638 958 4692 ab
980 4639 1146 4692 inerti.
1173 4639 1392 4706 Quietus
1409 4651 1512 4703 est,
1531 4641 1810 4703 deficiens,
1837 4638 1997 4709 iners,
2023 4658 2160 4696 exu-

563 4728 784 4784 perans,
807 4725 1155 4784 sucrettsens,
1183 4711 1318 4784 _Plllo
1346 4713 1488 4784 enim
1523 4728 1742 4784 prorsus
1770 4713 1820 4766 id
1850 4728 1991 4778 eSse,
2018 4712 2160 4782 quod

569 4781 735 4840 Arist.
760 4784 843 4838 |.v
867 4782 1079 4846 Moral.,
1103 4797 1153 4838 c.
1171 4781 1204 4836 4
1231 4824 1244 4846 ,
1274 4781 1511 4837 tradidit.
1537 4781 1778 4849 Videtur,
1799 4781 2045 4854 inquam,
2066 4799 2161 4850 pro

571 4865 855 4912 mansueto
868 4855 1106 4924 quietum
1122 4854 1171 4907 di
1184 4871 1209 4905 χ
1222 4854 1349 4916 isse,
1368 4870 1464 4922 pro
1479 4854 1675 4907 stolido
1690 4855 1935 4909 inertem.
1957 4855 2156 4911 BETUL.

641 4927 970 4982 Atttcautum
997 4942 1028 4978 a
1071 4924 1268 4978 timido.
1298 4925 1468 4982 Arist.
1507 4924 1848 4980 timiditatem
1891 4925 2157 4982 defectum

566 4997 899 5055 fortitudinis
945 4997 1088 5060 iacit,
1120 4998 1259 5050 sicut
1287 4996 1564 5050 audaciam
1612 4999 2036 5065 exuperantiam.
2072 4999 2161 5053 Ci—

569 5085 697 5127 cero
738 5070 790 5124 iu
831 5085 884 5124 tv
917 5068 1135 5123 Tuscul.
1184 5067 1488 5125 Stoicorum
1537 5069 1796 5124 εὐλάϐειαν
1836 5067 2160 5138 interpreta-

571 5151 658 5198 tur
687 5142 1021 5201 cautionem,
1055 5155 1172 5194 eam
1211 5156 1240 5191 a
1291 5149 1436 5194 metu
1477 5139 1580 5195 hoc
1619 5143 1838 5195 nomine
1879 5154 2157 5209 separans,

567 5213 709 5282 quod
741 5213 825 5267 hic
850 5221 1035 5267 contra
1063 5212 1320 5266 rationem
1348 5253 1362 5278 ,
1396 5211 1483 5267 illa
1511 5227 1633 5266 cum
1663 5211 1871 5267 ratione
1919 5212 2158 5282 pericula

564 5285 716 5340 vitat.
743 5283 1068 5339 BETULEIUS.

642 5353 729 5408 Fit
760 5355 1096 5424 impudentia.
1125 5352 1199 5408 Ita
1223 5353 1550 5423 antiquiores
1581 5369 1710 5410 mss.
1744 5363 1797 5410 et
1815 5355 2158 5425 quamplures

521 5473 524 5477 .
569 5425 715 5481 editi.
749 5425 816 5480 Et
851 5427 930 5481 sic
962 5439 1032 5488 ut,
1079 5426 1220 5495 quod
1270 5441 1391 5479 mox
1433 5427 1748 5493 prteeessit,
1798 5428 2010 5494 pottitttr
2063 5443 2157 5494 pro

566 5497 1012 5568 quemadmodum,
1044 5507 1098 5550 ut
1133 5497 1270 5564 apud
1298 5495 1617 5568 Ciceronem
1642 5540 1656 5564 ,
1704 5498 1845 5566 quod
1893 5496 2156 5555 Cellarius

568 5567 676 5623 non
709 5569 1108 5640 animadvertit,
1143 5584 1239 5624 nec
1266 5567 1547 5637 Francius,
1583 5570 1670 5640 qni
1695 5569 1875 5637 legere
1900 5571 2155 5626 volebant

563 5641 630 5694 sit
656 5638 993 5709 impudentia,
1026 5651 1185 5695 utest
1208 5642 1259 5695 itt
1287 5655 1418 5695 mss.
1453 5641 1475 5695 1
1509 5638 1663 5712 lieg.,
1697 5640 1860 5695 Brun.
1886 5650 1943 5697 et
1962 5641 2149 5697 Marm.

557 5726 589 5768 a
621 5726 788 5781 primu
823 5725 1001 5763 manu.

625 5803 964 5865 Convenitur.
1000 5802 1088 5861 Sic
1110 5806 1326 5878 reposui
1355 5822 1420 5863 ex
1452 5806 1636 5865 multis
1662 5808 1873 5867 excusis
1898 5819 1952 5867 et
1973 5808 2150 5866 omni-

2251 3423 2353 3480 bus
2378 3435 2509 3476 mss.
2543 3426 2738 3490 praeter
2769 3417 2796 3472 1
2835 3415 2988 3472 Colb.
3019 3416 3103 3471 cui
3139 3425 3232 3490 est
3255 3424 3614 3483 convertatur;
3640 3417 3774 3473 edit.
3802 3417 3861 3483 4,

2252 3502 2586 3549 convertetur.
2623 3489 2758 3546 Vide
2803 3503 2918 3560 seq.
2949 3489 3270 3543 contumacia
3301 3499 3409 3556 est;
3439 3490 3498 3560 ﬁt
3521 3506 3656 3544 stcva
3678 3493 3863 3544 crude-

2256 3567 2395 3622 litas.

2329 3637 2559 3692 Libertas
2580 3645 2776 3705 quoque
2801 3677 2816 3699 ,
2845 3641 2951 3688 etc.
2985 3631 3286 3706 Παρῥησὶα,
3322 3647 3481 3702 quam
3511 3630 3773 3706 Erasmus
3805 3634 3861 3690 in

2251 3709 2404 3766 Novo
2448 3703 2799 3763 Testamento
2848 3720 3021 3776 saepe
3051 3703 3298 3758 ﬁduciam
3357 3703 3653 3767 transfert.
3707 3706 3862 3776 cujus

2255 3781 2503 3850 exempla
2533 3777 2833 3850 clarissima
2859 3788 2983 3850 sunt
3011 3775 3065 3850 in
3100 3778 3216 3847 ipso
3251 3776 3476 3850 Domino
3512 3775 3733 3850 Christo
3756 3819 3770 3842 ,
3807 3780 3860 3833 in

2257 3847 2439 3918 Petro,
2471 3853 2521 3906 itt
2555 3849 2753 3912 Paulo,
2782 3849 2872 3918 qui
2903 3847 3194 3902 Pharisaais
3233 3856 3290 3903 et
3329 3847 3717 3918 Sacerdotibus
3757 3849 3861 3904 sibi

2257 3917 2468 3979 infestis
2521 3921 2729 3977 fortiter
2779 3917 3113 3974 restiterunt.
3163 3919 3302 3988 Ergo
3342 3917 3677 3990 fortitudinis
3722 3936 3862 3990 spe-

2256 3996 2370 4052 cies
2408 4003 2511 4060 est,
2565 3991 2754 4046 eadem
2801 3991 3045 4046 fortassis
3071 4032 3084 4053 ,
3115 3987 3274 4056 quam
3328 3987 3517 4045 Cicero
3559 3987 3858 4054 lideutigim,

2256 4067 2430 4144 Graeci
2456 4069 2729 4144 κρρτεείαγ
2771 4061 3471 4144 appella-nt:Plutarchus,
3507 4062 3558 4143 in
3601 4078 3671 4119 eo
3725 4064 3862 4144 libro

2257 4140 2341 4194 cui
2377 4132 2588 4192 ιίιιιΙιὶιη
2616 4132 2784 4190 Tecit:
2821 4133 2894 4188 De
2935 4132 3228 4187 discrimine
3267 4132 3556 4188 adulatoris
3586 4144 3635 4188 et
3679 4136 3859 4200 amici,

2257 4211 2416 4266 docet
2436 4215 2527 4269 τήν
2547 4207 2841 4281 παρῥησίᾳν
2863 4205 3019 4281 amici
3045 4219 3164 4281 esse
3188 4205 3480 4281 propriam,
3504 4215 3560 4281 e_t
3586 4208 3862 4275 quomodo

2258 4297 2341 4344 ea,
2375 4297 2442 4336 ne
2469 4275 3009 4335 acerh'iiir'oliendat.
3057 4275 3126 4330 sit
3165 4277 3482 4330 condienda.
3527 4277 3859 4335 BETULEIUS.

2339 4351 2590 4407 Libertas.
2613 4352 2723 4404 Ilnc
2746 4350 2974 4416 pertinet
2991 4348 3238 4419 egregius
3260 4349 3408 4403 locus
3431 4347 3626 4403 Valerii
3645 4349 3860 4406 Maximi

2265 4424 2299 4479 I.
2316 4440 2392 4491 vr,
2421 4441 2471 4478 c.
2491 4423 2526 4476 2
2548 4439 2560 4475 :
2581 4424 2707 4488 Quae
2723 4420 2974 4488 (libertas)
2992 4422 3122 4472 inter
3135 4419 3362 4491 virtutem
3377 4420 3656 4488 vitiumque
3669 4423 3855 4490 posita,

2265 4496 2310 4550 si
2335 4490 2528 4549 salubri
2568 4494 2718 4547 modo
2742 4509 2796 4546 se
2837 4494 3208 4561 temperaverit,
3250 4490 3454 4544 laudem
3485 4507 3503 4544 :
3531 4493 3594 4556 si,
3626 4509 3730 4562 quo
3762 4512 3860 4549 non

2265 4566 2455 4632 debuit,
2491 4565 2798 4637 profuderit,
2827 4563 3530 4637 reprehensionemuteretur.
3553 4562 3688 4619 BUN.

2337 4633 2686 4692 Contumacia.
2733 4635 3031 4703 Upponitur
3066 4634 3302 4687 libertati.
3349 4633 3473 4688 Haec
3519 4635 3756 4691 illustrat
3782 4638 3860 4692 lo-

2265 4725 2361 4765 cus
2393 4709 2626 4764 Macrob.
2662 4724 2698 4762 lt
2747 4707 2965 4760 Saturn.
2991 4721 3039 4760 c.
3066 4704 3120 4760 5.
3150 4705 3467 4776 (Angustus)
3500 4707 3655 4760 etiam
3683 4710 3861 4764 militis

2266 4798 2367 4836 non
2400 4782 2696 4836 libertatem
2725 4788 2920 4842 tantum
2942 4819 2956 4842 ,
2989 4777 3078 4831 sed
3102 4787 3146 4830 et
3185 4779 3582 4832 temeritatem...
3617 4781 3732 4848 quis
3762 4798 3862 4835 non

2265 4854 2480 4907 miratus
2509 4860 2602 4916 esl,
2637 4868 2738 4905 non
2767 4848 2962 4916 o/fenso
2991 4848 3192 4902 Caesare
3217 4850 3401 4903 abiisse
3427 4849 3640 4903 militem
3665 4864 3861 4906 contu-

2265 4924 2508 4980 macem?
2535 4920 2891 4980 SuetOniusiu
2917 4923 3197 4990 August.c.
3222 4919 3293 4974 52
3317 4937 3332 4973 :
3367 4919 3476 4974 Nec
3497 4921 3613 4974 ideo
3641 4923 3861 4979 libertas

2263 5006 2349 5049 aut
2370 4996 2705 5050 contumacia
2732 4992 2907 5065 fraudi
2938 4993 3175 5065 cuiquam
3201 4992 3315 5060 fuit.
3361 4991 3459 5065 Ubi
3481 4991 3709 5065 AGr:evio
3736 5012 3860 5051 con-

2263 5069 2484 5121 tumacia
2515 5077 2598 5121 est
2631 5062 3015 5122 contradicendi
3057 5062 3320 5131 studium,
3354 5073 3400 5118 et
3431 5063 3590 5117 libido
3633 5064 3690 5120 in
3737 5083 3859 5122 cen-

2262 5141 2436 5193 sendo.
2469 5139 2600 5194 BUN.

2337 5210 2488 5266 Swva
2508 5209 2801 5265 crudelitas.
2831 5207 2986 5264 Juxta
3015 5205 3149 5262 illud
3178 5205 3376 5262 dictum
3412 5224 3424 5261 ε
3457 5205 3746 5263 Summum
3771 5209 3859 5280 jus

2262 5297 2466 5337 summa
2501 5282 2718 5351 injuria.

2336 5353 2532 5421 Quae...
2559 5350 2564 5351 ν
2594 5354 2837 5423 quatitur.
2887 5350 3093 5421 Nempe
3137 5352 3366 5405 omnium
3388 5351 3664 5406 viventium
3705 5359 3853 5409 ratio.

2261 5424 2482 5489 Phrasi,
2513 5425 2655 5495 quati
2684 5423 2971 5493 a/fectilms,
3025 5437 3151 5476 u~us
3195 5439 3407 5494 quoque
3442 5423 3776 5492 Augustinus
3819 5427 3851 5479 Ι.

2260 5512 2346 5552 xxv
2377 5497 2445 5550 de
2490 5497 2604 5552 Civ.
2655 5497 2770 5562 Det,
2801 5515 2851 5551 (ε.
2884 5496 2917 5550 9
2948 5507 3214 5554 exeunte;
3265 5508 3493 5564 uterque
3523 5497 3666 5550 duce
3707 5497 3854 5552 Cice-

2258 5583 2392 5623 rone
2420 5569 2456 5622 Ι.
2485 5583 2543 5623 ιιι
2574 5568 2792 5624 Tuscul.
2824 5584 2873 5623 c.
2899 5567 2933 5623 6
2959 5585 2971 5620 :
3006 5564 3360 5637 lEgritudine,
3390 5569 3536 5637 quasi
3565 5578 3853 5638 tempestate

2256 5641 2419 5712 quati.

2327 5733 2511 5789 Fiunt.
2547 5735 2618 5790 lla
2644 5733 2850 5790 restitui
2893 5750 2961 5790 ex
2990 5733 3240 5791 omnibus
3279 5747 3408 5790 mss.
3443 5745 3496 5791 et
3536 5735 3722 5791 multis
3746 5733 3852 5791 edi-

2257 5808 2344 5864 tis.
2375 5807 2432 5863 In
2463 5807 2497 5863 8
2523 5808 2752 5880 vulgatis
2779 5806 2990 5878 legitur,
3018 5817 3156 5863 sunt.
