4090 6354
223 368 337 432 689

1384 392 1587 452 LIBER
1629 395 1713 454 Vl.
1756 398 1846 456 DE
1890 400 2073 461 VERO
2108 406 2363 467 CULTU.
2402 396 2410 403 ’

3431 432 3536 492 890

222 509 338 552 non
383 505 707 569 temperant,
738 500 833 559 sed
877 500 1219 576 abscindunt,
1257 509 1527 583 rebusque
1568 527 1598 568 a
1638 523 1829 572 natura
1855 518 2022 580 Aest
2050 524 2313 580 naturalis
2343 526 2667 588 animorum.
2699 531 2831 590 Nam
2875 536 3015 594 sicut
3063 538 3113 596 in
3159 552 3343 602 sentes
3385 561 3536 620 ager,

222 588 401 620 ξηιςῖιζρ
431 601 669 620 ...ιρι-η--
702 595 961 620 ι......ε..,.,.
1008 598 1321 620 ..-ηΔμημη
1350 603 1391 620 ._
1509 605 1522 620 ι
1605 614 1616 620 -
1678 607 1714 620 Α
1810 608 1825 620 .
2010 612 2023 620 .

220 588 403 646 insitis
428 601 671 650 castrare
701 595 974 653 hominem
1002 598 1402 671 quodammodo
1436 605 1642 662 volunt.
1672 607 1827 678 Quod

218 682 332 739 tale
382 693 507 753 est,
566 688 728 759 quale
773 689 819 745 si
878 692 1083 755 velint,
1138 704 1232 750 aut
1285 708 1484 753 metum
1541 699 1829 761 detrahere

215 776 400 833 cervis
429 818 446 842 ,
500 788 594 836 aut
650 796 916 838 venenum
970 785 1269 857 anguibus,
1325 799 1417 846 aut
1469 790 1606 848 iram
1671 794 1823 866 feris,

222 882 321 926 aut
344 872 713 944 plaeiditatem
743 878 1056 947 pecudibus.
1086 881 1218 937 Nam
1263 899 1381 955 quas
1410 887 1621 959 singula
1663 890 1826 947 mutis

213 966 544 1025 animalibus
568 969 690 1026 data
721 983 868 1040 sunt,
896 989 957 1029 ea
985 990 1115 1032 vero
1145 977 1392 1035 universa
1416 979 1620 1038 homini
1640 984 1821 1042 simul.

214 1060 375 1126 Quod
427 1061 497 1127 si,
549 1071 609 1119 ut
650 1064 844 1122 medici
901 1067 1204 1138 afﬁrmant,
1251 1072 1453 1129 laetitia
1495 1074 1720 1133 affectus
1768 1079 1823 1136 in

212 1152 409 1222 splene
433 1163 539 1221 est,
572 1155 666 1212 ira:
696 1156 748 1212 in
774 1157 924 1230 felle,
952 1161 1186 1219 libidinis
1208 1165 1260 1219 in
1282 1165 1491 1235 jecore,
1526 1168 1737 1226 timoris
1765 1171 1823 1228 in

209 1244 417 1311 corde;
462 1246 676 1304 facilius
715 1260 802 1307 est
832 1251 1139 1313 interlicere
1167 1258 1367 1313 animal
1397 1260 1573 1331 ipsum
1600 1304 1614 1328 ,
1655 1278 1820 1335 quam

210 1352 285 1393 ex
310 1352 537 1410 corpore
560 1342 763 1414 aliquid
801 1347 1041 1404 evellere
1068 1365 1081 1402 :
1113 1350 1256 1422 quod
1292 1361 1375 1408 est
1399 1355 1690 1413 animantis
1718 1372 1820 1414 na-

212 1440 392 1488 turam
425 1434 562 1490 velle
589 1445 822 1515 mutare.
848 1439 956 1496 Sed
987 1440 1236 1501 homines
1265 1445 1560 1515 prudentes
1590 1463 1696 1505 non
1738 1450 1821 1506 in-

209 1524 483 1597 telligunt,
510 1512 630 1583 cuin
653 1530 781 1587 vitia
802 1546 868 1587 es
900 1531 1118 1591 homine
1144 1512 1360 1603 tollunt,
1388 1543 1549 1595 etiam
1572 1555 1633 1596 se
1650 1542 1822 1598 virtu-

208 1627 322 1674 tem
346 1620 559 1689 tollere,
579 1624 666 1681 cui
693 1625 796 1681 soli
821 1628 1001 1685 locum
1028 1628 1251 1688 faciunt.
1277 1632 1410 1689 Nam
1441 1633 1486 1689 si
1514 1634 1682 1690 virtus
1708 1644 1813 1706 est,

206 1714 264 1775 iu
297 1716 478 1773 medio
503 1719 597 1775 irae
619 1720 821 1791 impetu
849 1723 1089 1795 seipsum
1114 1727 1370 1785 cohibere
1393 1741 1458 1784 ac
1486 1730 1808 1801 reprimere,

205 1809 356 1877 quod
388 1825 583 1882 negare
609 1828 717 1869 non
747 1826 1003 1887 possunt;
1044 1829 1196 1877 caret
1220 1836 1352 1894 ergo
1402 1824 1631 1890 virtute,
1662 1824 1812 1896 quis-

1931 612 2023 681 qui
2053 621 2138 670 est
2167 626 2352 673 natura
2388 620 2703 693 fmcundus,
2733 629 2995 687 exuberat
3024 651 3039 688 :
3069 634 3148 692 sic
3192 639 3405 696 animus
3418 612 3534 697 vin-

1929 705 2128 776 cultus,
2158 710 2302 766 vitiis
2332 728 2429 769 sua
2457 728 2650 786 sponte
2678 721 3153 798 invalescentibus,
3179 734 3326 788 velut
3355 735 3528 806 spinis

1928 799 2234 859 obducitur.
2266 805 2371 863 Sed
2399 823 2523 865 cum
2553 828 2711 869 verus
2738 817 2916 873 cultor
2952 827 3285 893 accesserit,
3316 799 3523 899 statim,

1927 892 2243 952 cedentibus
2265 899 2431 968 vitiis,
2464 904 2644 975 fruges
2672 907 2885 965 virtutis
2913 913 3179 973 oriuntur.

2002 987 2143 1044 Deus
2164 990 2363 1062 itaque,
2387 1008 2508 1049 cum
2542 997 2811 1056 hominem
2836 1005 3065 1074 primum
3097 1008 3337 1082 lingeret,
3365 1015 3532 1071 mira-

1925 1076 2019 1137 bili
2051 1084 2385 1151 providentia
2420 1086 2751 1160 ingeneravit
2775 1096 2823 1150 ei
2855 1098 2999 1165 prius
3023 1100 3154 1157 istas
3177 1106 3341 1162 animi
3369 1122 3524 1165 com-

1927 1176 2212 1241 motiones,
2249 1189 2305 1234 ut
2340 1194 2520 1250 posset
2545 1201 2740 1256 capere
2770 1190 3044 1259 virtutem,
3073 1198 3211 1254 sicut
3234 1207 3377 1257 terra
3408 1203 3527 1260 cui.

1925 1272 2139 1335 turam;
2183 1275 2466 1343 posuitque
2506 1279 2782 1334 materiam
2829 1282 3078 1342 vitiorum
3119 1291 3173 1344 in
3214 1291 3522 1364 aﬂ‘ectihus,

1920 1357 2153 1429 virtutis,
2186 1361 2241 1417 in
2283 1364 2445 1423 vitiis.
2473 1366 2605 1437 Quae
2634 1370 2877 1441 profecto
2905 1384 2995 1433 aut
3024 1379 3168 1437 nulla
3206 1386 3328 1453 erit,
3352 1396 3445 1443 aut
3467 1387 3527 1444 in

1923 1464 2019 1506 usu
2050 1466 2172 1509 esse
2204 1470 2309 1512 non
2339 1460 2556 1528 poterit,
2581 1462 2626 1517 si
2660 1463 2837 1521 desint
2872 1482 2956 1533 ea,
2989 1485 3085 1540 per
3126 1487 3245 1544 quae
3283 1477 3363 1532 vis
3405 1479 3523 1549 ejus

1918 1554 2013 1600 aut
2036 1557 2403 1618 apparet,‘aut
2430 1563 2661 1611 constat.
2697 1555 2987 1616 Videamus
3016 1579 3179 1633 nunc,
3213 1566 3375 1625 iidem
3414 1570 3517 1640 illi,

1919 1638 2011 1708 qui
2052 1640 2177 1695 vitia
2221 1644 2435 1713 penitus
2481 1648 2756 1718 excidunt,
2786 1653 2913 1722 quid
2953 1654 3253 1715 eli'ecerint.
3284 1638 3535 1730 Quatuor

1918 1730 2043 1788 illos
2065 1731 2309 1804 affectus,
2333 1753 2472 1809 quos
2493 1756 2559 1796 ex
2579 1742 2833 1813 opinione
2860 1746 3121 1806 bonorum
3146 1754 3522 1830 malorumque

1919 1825 2067 1880 nasci
2092 1835 2283 1897 putant
2301 1844 2317 1895 ;
2337 1830 2533 1901 quibus
2557 1836 2776 1902 evulsis,
2807 1841 3105 1897 sanandum
3133 1859 3255 1902 esse
3278 1825 3522 1907 animum

206 1900 334 1970 quis
361 1901 439 1958 ira
466 1915 635 1961 caret.
664 1906 721 1963 Si
748 1909 918 1966 virtus
938 1921 1041 1980 est,
1073 1912 1351 1971 libidinem
1376 1918 1621 1987 corporis
1646 1919 1818 1975 conti-
1846 1925 1894 1989 Β
1921 1922 2182 1992 sapientis
2218 1925 2529 1984 existimant
2554 1946 2569 1985 :
2595 1932 2848 2002 quoniam
2888 1935 3197 2010 intelligunt
3231 1951 3287 1998 et
3328 1955 3520 2003 natura

205 2008 381 2062 nere;
419 1997 609 2056 virtute
636 2011 820 2059 careat
850 2020 1069 2065 necesse
1091 2016 1198 2075 est,
1235 2010 1324 2080 qui
1352 2010 1624 2067 libidinem
1652 2027 1813 2080 quam

207 2098 498 2157 temperet,
516 2107 622 2149 non
641 2094 825 2152 habet.
841 2096 897 2154 Si
911 2099 1080 2155 virtus
1091 2111 1195 2166 est,
1208 2101 1555 2171 cupiditatem
1570 2103 1638 2160 ab
1649 2104 1810 2162 alieni

202 2184 536 2254 appetitione
570 2186 854 2258 tranare;
907 2193 1301 2252 nullam‘certe
1335 2197 1588 2254 virtutem
1631 2207 1813 2270 potest

204 2272 436 2343 habere,
468 2279 561 2349 qui
592 2292 743 2337 caret
791 2297 859 2339 eo
887 2284 953 2340 ad
995 2288 1142 2358 quod
1187 2288 1553 2346 cohibendum
1595 2291 1811 2351 virtutis

204 2384 338 2426 usus
363 2372 672 2433 adhibetur.
700 2376 803 2435 Ubi
830 2394 962 2452 ergo
987 2382 1120 2437 vitia
1152 2397 1258 2440 non
1292 2394 1455 2453 sunt,
1488 2401 1591 2444 nec
1619 2388 1806 2447 virtuti

205 2465 423 2535 quidem
451 2466 605 2525 locus
628 2483 712 2527 εει
737 2489 750 2527 τ
776 2473 919 2531 sicut
939 2491 1039 2533 nec
1065 2477 1307 2534 victoria:
1335 2479 1575 2550 quidem,
1602 2482 1689 2538 ubi
1712 2482 1808 2540 ad-

205 2561 477 2617 versarius
506 2564 688 2622 nullus
713 2577 818 2623 est.
846 2568 925 2625 Ita
953 2570 1034 2637 iit,
1061 2579 1118 2626 ut
1141 2571 1344 2630 bonum
1366 2574 1484 2631 sine
1514 2576 1659 2632 malo
1683 2592 1807 2634 esse

205 2651 262 2709 in
289 2653 395 2712 hac
423 2656 532 2715 vita
560 2673 669 2716 non
697 2663 888 2734 possit.
922 2663 1162 2723 Allectus
1192 2667 1373 2739 igitur,
1405 2670 1558 2740 quasi
1589 2669 1808 2729 ubertas

1921 2013 2113 2071 insitos
2135 2032 2276 2083 esse,
2308 2029 2363 2076 et
2390 2021 2505 2078 sine
2530 2023 2613 2079 bis
2637 2026 2767 2081 nihil
2795 2031 3018 2098 moveri,
3050 2032 3183 2090 nihil
3213 2036 3298 2109 agi
3325 2052 3518 2109 posse;

1918 2111 2020 2165 alia
2068 2117 2314 2184 quaedam
2355 2117 2408 2173 in
2434 2133 2623 2176 eorum
2654 2121 2831 2179 locum
2862 2124 3142 2199 vicemque
3160 2132 3476 2202 supponunt
3502 2151 3520 2191 :

1918 2213 1976 2259 ut
2006 2218 2106 2275 pro
2127 2207 2439 2278 cupiditate,
2470 2211 2799 2270 substituunt
2827 2217 3190 2276 voluntatem:
3211 2226 3363 2295 quasi
3387 2241 3521 2284 vero

1916 2310 2024 2350 non
2073 2297 2243 2353 multo
2288 2301 2355 2355 sit
2405 2304 2784 2374 praestabilius,
2818 2307 3018 2366 bonum
3069 2327 3301 2384 cupere,
3352 2332 3514 2388 quam

1917 2387 2076 2444 velle.
2105 2389 2233 2447 Item
2258 2408 2356 2466 pro
2378 2395 2563 2452 laetitia
2589 2398 2863 2468 gaudium,
2891 2419 2986 2471 pro
3014 2415 3157 2461 metu
3186 2387 3518 2467 cautionem.

1914 2482 1985 2539 At
2006 2483 2061 2540 in
2084 2485 2175 2541 illo
2197 2498 2390 2559 quarto
2413 2491 2725 2549 immutaudi
2753 2497 2990 2553 nominis
3014 2514 3109 2556 eos
3136 2502 3271 2557 ratio
3296 2502 3515 2563 deiecit.

1914 2578 2100 2652 Itaque
2128 2584 2500 2653 trgritudinem
2526 2588 2762 2659 penitus,
2797 2590 2851 2646 id
2879 2602 2982 2659 est,
3016 2596 3328 2652 maestitiam
3355 2598 3512 2656 dolo-

1916 2690 2141 2748 remque
2186 2678 2351 2736 animi
2392 2682 2724 2741 sustulerunt
2760 2704 2773 2741 :
2816 2686 2961 2758 quod
3009 2686 3126 2745 ﬁeri
3177 2706 3519 2765 nequaquam

1525 2783 1611 2840 VA
1624 2784 1888 2845 RIORUM
1927 2788 2158 2850 NOTAE.

275 2864 543 2937 Rebusque
591 2880 635 2925 a'
667 2882 854 2929 natura
900 2876 1084 2933 insitis.
1139 2876 1267 2934 Mss.
1323 2877 1385 2936 Η
1437 2893 1548 2935 rec.
1610 2888 1797 2935 carent

204 2940 603 3019 praepositione.
625 2974 699 3019 έ-
726 2944 933 3002 Natura
958 2949 1142 3005 insitis.
1172 2950 1402 3006 Reimm.
1446 2965 1567 3006 cum
1613 2952 1793 3019 editis,

202 3010 247 3063 Α
273 3024 463 3092 natura
494 3015 681 3092 insitis.
713 3021 786 3092 At
828 3020 969 3077 solet
1011 3022 1128 3078 sine
1159 3023 1538 3089 praepositione
1570 3010 1792 3092 ponere;

201 3094 261 3136 ut
290 3082 452 3147 infra,
483 3086 687 3164 Natura
716 3091 925 3164 insitos;
956 3108 1078 3164 cap.
1111 3082 1177 3149 14
1205 3113 1218 3147 :
1255 3082 1460 3151 Morbos
1484 3082 1664 3150 uocant
1692 3082 1794 3151 non

202 3163 307 3237 tam
332 3160 738 3237 naturainsitos.
761 3162 994 3237 Epitom.
1025 3160 1146 3237 cap.
1175 3164 1239 3222 6i
1269 3183 1282 3219 :
1318 3166 1581 3236 Siquidem
1611 3178 1794 3222 natura

198 3225 343 3301 insit}
350 3269 363 3286 .
377 3226 568 3287 Cicero
584 3216 679 3301 pro
690 3216 837 3290 δυᾗᾷ
1022 3216 1657 3293 Europam—raw
1668 3240 1776 3294 Btnv
1785 3277 1799 3293 .
1826 3216 1873 3280 (ἶ

275 3298 474 3381 .il_ett_t_t_u
522 3298 700 3381 εεῂήρ.
729 3306 938 3381 APoeta:
981 3323 1171 3366 cervos
1203 3309 1418 3367 timidos
1448 3311 1677 3381 iiugunk
1709 3311 1802 3368 Sic

198 3366 357 3427 Ovid.
390 3373 490 3429 lib.
520 3390 552 3430 v
578 3376 835 3435 Tristium
865 3398 879 3436 :

330 3482 499 3552 Usque
522 3495 690 3543 tamen
708 3492 891 3545 timidae
914 3502 1110 3547 nactum
1132 3488 1343 3560 vestigia
1368 3506 1550 3545 cervae.

277 3602 975 3684 Blaeiditatempecudibus.
1027 3613 1171 3667 Dixit
1213 3613 1251 3667 1.
1284 3628 1362 3677 tn,
1408 3627 1526 3682 cap.
1570 3612 1679 3681 26:
1714 3611 1799 3668 Da

198 3677 328 3730 mihi
355 3679 524 3755 virum
571 3682 658 3751 qui
678 3677 761 3739 'sit
800 3684 1149 3740 iracundus...
1196 3694 1300 3739 tam
1344 3677 1608 3755 placidum
1643 3700 1798 3754 quant

197 3763 343 3825 quem
370 3752 581 3825 reddam
610 3769 633 3825 :7
656 3754 746 3809 ubi
790 3758 966 3812 notavi
1011 3752 1610 3825 Tereutiunrexprimi.
1656 3752 1794 3811 item

197 3819 268 3897 de
295 3822 464 3897 Opil'._.
493 3838 543 3879 c.
579 3824 681 3882 M:
713 3827 1000 3897 placidiora
1038 3844 1250 3897 qumque
1284 3819 1550 3884 animdlia.
1589 3828 1792 3885 Seneca

198 3892 237 3970 Ιἶ
270 3907 309 3946 ιι
333 3893 403 3970 tle
434 3893 514 3949 Ira
537 3912 584 3952 c.
615 3898 649 3953 8
670 3917 681 3953 :
702 3892 952 3954 Ferarum
983 3892 1078 3954 iste
1104 3892 1378 3954 conventus
1403 3909 1496 3962 est,
1531 3901 1631 3954 nisi
1657 3900 1796 3970 quod

196 3964 306 4017 illa:
328 3965 460 4020 inter
484 3970 788 4043 segplacidaa
834 3973 955 4026 sint.
989 3971 1103 4026 lmo
1126 3972 1237 4043 ipsa
1269 3988 1369 4026 νισι
1405 3964 1679 4038 placiditas
1712 3981 1796 4026 est

197 4050 381 4108 aurea:
408 4041 613 4101 artatis;
648 4059 708 4097 ca
741 4044 882 4098 enim
913 4060 1040 4097 ttstlS
1073 4041 1241 4097 Varro
1262 4043 1543 4098 deOvibus
1564 4045 1598 4097 l.
1634 4060 1692 4108 tt,
1725 4043 1788 4097 Β.

196 4106 264 4162 R.
279 4124 330 4163 c.
351 4112 401 4173 l,
422 4125 475 4163 η.
551 4130 564 4166 :
588 4111 780 4187 Putant
791 4131 904 4170 oves
918 4124 1205 4186 assumptus
1220 4125 1266 4169 et
1282 4126 1487 4187 prapler
1504 4106 1790 4183 utilitatem,

195 4190 244 4234 et
256 4190 466 4256 propter
477 4183 855 4251 placiditatem.
875 4183 1100 4241 Maxime
1113 4188 1263 4240 enim.
1277 4228 1290 4242 .
1302 4227 1313 4239 .
1328 4183 1529 4256 quietae.
1544 4187 1790 4243 etc.BUtv.

270 4251 467 4328 Medici
492 4256 768 4328 aﬁrmant.
798 4258 876 4313 Ita
918 4259 1125 4313 reSIitui
1154 4274 1220 4313 ex
1268 4251 1398 4312 mss.
1434 4258 1488 4313 In
1516 4259 1550 4315 5
1594 4273 1704 4315 rec.
1738 4270 1794 4315 et

195 4323 249 4379 in
270 4323 548 4413 editisles't'
566 4329 740 4413 dicunt
763 4347 777 4395 ;
812 4331 863 4413 in
891 4331 915 4386 1
953 4330 1108 4400 Reg,
1135 4329 1380 4413 aferunt.
1537 4402 1549 4413 .

267 4393 337 4480 In
368 4398 561 4479 splene.
596 4400 738 4484 Sunt
762 4393 851 4472 qui
884 4393 1103 4484 puten't,
1118 4393 1279 4455 adimi
1306 4403 1474 4484 risum
1508 4402 1665 4455 simul
1685 4401 1792 4484 .ilO-

191 4467 348 4544 mini,
368 4467 1059 4544 itttetttperatttiainqt'tejoci
1080 4467 1327 4528 Constare
1350 4474 1506 4528 lienis
1525 4472 1791 4541 magnitu-

192 4485 348 4532 mtut,
368 4485 529 4525 mtem
573 4485 1059 4544 erallllalntltlejttCI
1080 4485 1327 4528 censure
1350 4485 1506 4528 ttems
1525 4486 1791 4541 magnitu-

192 4540 343 4615 diue.
378 4540 510 4595 Plin.
538 4485 628 4598 iiii.
661 4561 695 4599 ιι
727 4587 741 4607 .
774 4560 892 4615 cap.
926 4547 994 4600 37
1025 4563 1038 4600 :
1069 4545 1262 4600 Caussa
1288 4554 1399 4609 est,
1430 4545 1567 4614 quod
1596 4546 1792 4598 melan-

1901 2884 2031 2955 riget
2056 2903 2079 2971 _:
2106 2888 2325 2971 audacia
2341 2890 2533 2971 quibus
2550 2908 2762 2971 parvum
2784 2903 2893 2951 est:
2913 2897 3102 2971 pavida
3118 2938 3132 2963 ,
3165 2898 3348 2971 quibus
3372 2917 3536 2971 prta--

1901 2957 2119 3043 grande.
2154 2957 2309 3017 Unde
2341 2962 2523 3043 Ulyss.
2551 2957 3506 3043 Odyss"_test'egeodem'lleraclide,

1902 3029 2082 3097 procis
2108 3033 2293 3111 iratus,
2319 3029 2755 3111 eor'_pulsat.'ceu
2774 3037 3103 3096 domicilium
3126 3043 3396 3111 quoddam
3413 3029 3510 3109 τῆξ·

1900 3107 2285 3185 μισοπογηρξαιτ
2329 3106 2437 3163 Sed
2502 3109 2546 3162 si
2592 3124 2703 3163 rem
2749 3111 2948 3185 rectius
2996 3106 3503 3185 considerabimus,
3598 3128 3605 3135 '

1904 3177 2323 3249 cor‘priu'cipale
2351 3188 2451 3249 gest
2500 3194 2739 3249 organon
2793 3183 3033 3238 omnium
3078 3184 3392 3242 affectuum.
3428 3177 3507 3247 ué

1907 3241 2129 3318 his_l_ege
2150 3241 2270 3314 cap.
2310 3247 2372 3303 14
2410 3249 2477 3305 de
2501 3241 2730 3318 Opilicio
2759 3252 2871 3307 Dei.
2900 3253 3100 3311 BETUL.

1920 3360 1923 3365 .
1981 3314 2121 3393 Iliam
2146 3320 2385 3393 si_rirtus
2408 3314 2648 3388 est,etc.
2692 3322 2820 3379 Haec
2855 3327 3133 3393 sequentia
3175 3338 3334 3385 caute
3377 3339 3508 3387 sunt

1905 3385 2282 3472 intelligenda;
2313 3410 2417 3472 non
2442 3385 2687 3472 absolute
2710 3397 2853 3472 enim
2887 3385 3008 3472 vera
3040 3414 3162 3455 esse
3188 3400 3326 3466 haec,
3350 3385 3502 3472 patet.

1903 3456 1957 3514 in
1985 3456 2186 3517 sanctis
2213 3464 2521 3525 gloriﬁcatis
2549 3485 2559 3517 :
2589 3465 2681 3521 sed
2716 3466 2767 3521 in
2792 3466 2890 3522 hac
2919 3468 3046 3525 vita.

1975 3529 2285 3614 gedentibus
2317 3536 2469 3614 uitiis:
2503 3535 2643 3614 glas.
2675 3537 2831 3614 Cant.
2868 3550 2921 3614 et
2964 3541 3100 3614 edit.
3145 3541 3301 3614 Rom.
3339 3544 3501 3614 M70,

1900 3602 2217 3674 cadentibus
2238 3606 2407 3673 vitiis;
2441 3608 2463 3662 l
2495 3606 2671 3674 Culi).,
2701 3610 2997 3666 cadentibus
3023 3613 3205 3673 spinis.

1975 3672 2227 3732 Posuit...
2256 3679 2519 3732 materiam
2544 3672 2847 3736 vitiorum...
2878 3682 2930 3735 in
2961 3672 3113 3738 vitiis.
3146 3686 3269 3739 llmc
3295 3687 3504 3743 incom-

1902 3746 2110 3826 modius
2136 3747 2530 3826 dicta-t-molliri
2562 3751 2779 3826 quidem
2802 3762 3032 3826 possunt
3056 3771 3119 3810 ex
3152 3755 3293 3825 Epit.
3327 3773 3377 3813 c.
3401 3759 3496 3826 6|,

1898 3816 1989 3899 tibi
2020 3819 2088 3899 de_
2104 3818 2379 3899 oﬂ‘ectibns
2397 3822 2505 3899 agit
2523 3816 2705 3899 _:_"Non
2729 3816 2863 3899 enim
2893 3842 2984 3894 per
3001 3843 3055 3881 se
3076 3816 3213 3881 malli
3232 3840 3368 3896 sunt,
3384 3816 3502 3899 φιιὲ

1899 3886 2037 3970 Deus
2068 3891 2260 3946 homini
2278 3886 2653 3970 rat‘iotiabili'er
2687 3886 2933 3970 iusevitfu
2962 3899 3094 3952 male
3137 3899 3324 3953 utendo
3355 3886 3501 3970 'ﬁ'nnt

1898 3960 2073 4036 male;
2105 3974 2160 4017 at
2186 3981 2290 4018 non
2320 3964 2532 4019 videtur
2560 3975 2744 4021 noster
2767 3966 3120 4036 undeqnaque
3146 3986 3308 4025 sanus
3334 3960 3503 4029 fuisse

1900 4032 2223 4113 ill_t_i00ll'i_lm
2257 4035 2324 4092 de
2355 4037 2564 4108 origine
2590 4038 2736 4103 mali,
2767 4049 2823 4093 ut
2849 4039 2917 4094 ad
2949 4032 3090 4112 Epit.
3122 4055 3240 4113 cap.
3266 4041 3367 4112 29,
3401 4059 3500 4101 no-

1900 4103 2116 4161 tabitur.
2145 4107 2276 4164 BUN.
2442 4103 2465 4108 ⁷
2997 4103 3009 4112 ’
3189 4103 3202 4113 ’
3290 4118 3295 4123 ’

1973 4179 2068 4229 Aut
2115 4188 2348 4250 apparet,
2389 4189 2479 4233 aut
2517 4190 2732 4236 constat.
2786 4180 2912 4237 Mss.
2956 4182 3080 4239 Jun.
3112 4193 3166 4239 et
3189 4183 3223 4238 5
3248 4185 3379 4240 edit.
3411 4194 3501 4240 aut

1898 4260 2163 4317 appareat,
2200 4262 2287 4305 aut
2307 4252 2587 4328 constetpi
2620 4250 2883 4319 Colbert.,
2915 4257 2937 4309 1
2964 4256 3197 4311 Clarum.
3225 4267 3503 4328 antappu-

1897 4329 2027 4408 rent,
2058 4324 2684 4408 autconstat,‘mentlose.
2807 4393 2823 4408 '
2946 4394 2981 4408 Α
3101 4396 3113 4408 _
3163 4395 3216 4408 Ν
3365 4324 3412 4328 ”
3448 4397 3461 4408 .

1972 4389 2053 4444 Ea:
2098 4396 2337 4462 opinione
2372 4389 2648 4450 bonorum.
2672 4393 2920 4452 Δοκούντα
2941 4394 3133 4460 Grteci,
3158 4395 3348 4452 Cicero
3374 4397 3497 4464 opi-

1898 4472 2018 4516 nata
2046 4474 2220 4519 vat-at.
2251 4465 2446 4520 Verum
2474 4466 2688 4533 sapiens
2718 4482 2823 4521 nun
2869 4467 3213 4536 opinionibus
3257 4468 3491 4523 ducitur.

1896 4532 2074 4602 Quare
2103 4538 2251 4603 cupit
2278 4552 2339 4591 ea
2371 4553 2491 4608 qure
2520 4532 2731 4608 oportet
2763 4557 2775 4590 :
2811 4532 3020 4593 lauamr
3050 4540 3099 4593 in
3133 4540 3294 4595 relms
3322 4541 3493 4594 bones

192 4612 454 4685 cltolicum
499 4615 566 4669 ad
610 4633 664 4669 se
706 4606 862 4672 trahit
889 4620 1177 4684 humorem,
1226 4632 1329 4684 quo
1369 4606 1579 4685 sanguis
1627 4632 1789 4682 purus

1908 4606 2012 4685 ~itis,
2068 4608 2221 4662 timet
2265 4606 2574 4685 vereuuala
2604 4627 2614 4638 ·
2647 4609 2811 4685 dolet
2839 4612 3020 4685 ct_i:nn_,
3051 4619 3105 4666 et
3131 4613 3502 4685 aegroauimo

192 4684 259 4738 ad
294 4683 557 4739 cerebrum
585 4705 646 4743 ac
671 4698 879 4771 cancros
899 4760 911 4771 .
936 4698 1115 4771 partes
1158 4683 1395 4771 perlucet.
1457 4683 1787 4771 Semperne.

263 4755 602 4841 lrwiufelle.
640 4755 1041 4843 Plin._ibide.m:
1077 4755 1183 4815 Sed
1205 4760 1256 4813 in
1276 4759 1424 4843 felle,
1475 4760 1789 4843 inquit.nni-

192 4845 284 4899 gro
310 4830 526 4883 insania:
551 4847 733 4912 caussa
764 4832 976 4912 Itgmini.
1008 4848 1240 4912 morsque
1268 4829 1371 4912 toto
1397 4829 1619 4885 reddito.
1657 4829 1791 4912 Hinc

193 4910 239 4954 et
269 4901 324 4953 in
356 4917 520 4955 mores
546 4904 757 4967 crimen,
790 4902 920 4958 Bilis
948 4905 1168 4985 nomine.
1201 4902 1342 4985 Adeo
1368 4913 1709 4985 titagnttntne-st
1737 4903 1790 4957 in

194 4971 289 5024 hac
321 4982 468 5039 parte
491 4975 646 5039 uirus,
664 4991 790 5047 cum
816 4992 870 5029 se
889 4976 1059 5047 fundit
1082 4976 1134 5031 in
1160 4974 1411 5030 animum.
1444 4974 1580 5029 Hinc
1605 4974 1672 5028 fel
1696 4975 1791 5030 iraa

193 5044 502 5114 symbolum
532 5056 633 5101 est.
660 5044 982 5103 BETULBlUS.

261 5114 520 5171 Libidinis
544 5119 597 5173 in
635 5120 830 5199 jecore.
861 5118 1092 5199 :l‘ityrus
1119 5117 1484 5199 apud_poetas_
1504 5127 1790 5199 propterea

186 5185 378 5257 jecore
419 5185 648 5273 ptpuam'
679 5185 1102 5273 lueregﬂttgitur.
1134 5185 1391 5273 quodeo
1431 5185 1654 5244 libidine
1670 5204 1792 5273 ,τις-

192 5273 415 5323 census,
438 5259 723 5345 -Latona_tn
753 5262 821 5316 ad
862 5259 1105 5345 stuprttrn
1144 5262 1438 5345 Sollicitare
1476 5276 1639 5345 ausus
1669 5259 1791 5345 fuit,

191 5341 418 5415 auctore
438 5330 715 5415 Heraclide
738 5330 982 5415 Pontico.
1006 5332 1313 5415 Alexander
1340 5332 1709 5415 Aphrodiseus
1740 5335 1791 5388 in

191 5394 469 5488 Problem.
503 5404 598 5471 ait,
631 5420 758 5461 sues
797 5404 944 5488 ohid
989 5405 1246 5488 volnptati
1276 5394 1624 5488 tam'deditos
1649 5419 1791 5488 esse,

190 5473 337 5546 quod
362 5474 550 5543 jccore
573 5487 699 5532 sunt
723 5477 1031 5546 grandiore.
1060 5473 1363 5531 All'ectuum
1396 5476 1554 5532 sedes
1573 5476 1817 5532 Ovidius.

193 5545 246 5600 in
276 5545 543 5603 Tristibus
569 5545 801 5605 disticho
830 5548 1147 5618 complexus
1171 5557 1256 5603 est
1286 5566 1300 5602 :

320 5660 417 5728 Cor
437 5664 581 5728 sapit,
610 5671 663 5728 et
687 5663 851 5728 pulmo
870 5663 1103 5727 loquitur,
1134 5662 1203 5713 fel
1226 5667 1502 5728 commovet
1526 5664 1640 5724 iras,

384 5724 539 5789 Splen
556 5724 722 5777 ridere
740 5727 874 5792 facit,
894 5724 1027 5791 cogit
1047 5740 1212 5776 amare
1233 5724 1393 5788 jecur.

193 5829 523 5914 Regnemus.
542 5830 672 5914 Vide
690 5831 956 5914 Lacm_n_t_ii
991 5832 1183 5914 librum
1197 5831 1266 5914 de
1283 5828 1509 5914 Opiﬁcio
1529 5828 1688 5914 Deic.
1708 5827 1798 5914 μ.

263 5902 490 5958 Timoris
535 5904 588 5958 iu
629 5905 801 5958 corde.
848 5904 985 5958 l’liu.
1036 5903 1154 5958 loco
1203 5905 1313 5975 jam
1347 5903 1542 5972 saepius
1595 5902 1797 5957 citato:

191 5971 381 6043 Bruta,
415 5975 618 6049 inquit,
652 5976 1010 6035 existimantur
1039 5971 1372 6047 animalium,
1408 5971 1588 6047 quibus
1613 5975 1802 6031 durum

1893 4675 2020 4738 fert,
2053 4679 2308 4765 quidquid
2340 4679 2631 4765 dolendum
2663 4681 2941 4765 acciderit.
2978 4675 3371 4765 Quarejnttlto
3410 4698 3501 4765 re-

1893 4750 2033 4805 ctius
2075 4749 2382 4824 Ludovicus
2411 4751 2595 4815 Vives,
2636 4759 2726 4820 qui
2761 4754 2814 4808 in
2846 4753 2939 4808 lib.
2974 4769 3029 4809 ιιι
3052 4754 3119 4807 de
3150 4752 3502 4824 i’ltilOSOphia

1893 4823 2155 4910 pnpyclare
2179 4824 2247 4877 de
2279 4823 2361 4910 his
2391 4825 2554 4910 rebus
2581 4824 2820 4910 disserit.
2855 4824 3180 4910 BETULEIUS:

1970 4892 2038 4966 ω
2066 4911 2159 4963 pro
2186 4894 2483 4963 cupiditate.
2516 4896 2588 4950 lta
2620 4898 2641 4950 l
2681 4896 2815 4951 Bon.
2840 4899 3008 4966 autiq.
3037 4908 3092 4952 et
3119 4898 3302 4965 plures
3338 4896 3492 4953 editi.

1970 4964 2136 5031 Quam
2167 4968 2311 5021 velle.
2349 4967 2595 5037 Expunxi
2629 4969 2821 5051 malum
2847 4984 2866 5023 :
2893 4964 3012 5038 qua:
3046 4964 3146 5023 vos
3167 4968 3321 5051 abest
3341 4984 3369 5051 a
3389 4983 3494 5023 ms.

1898 5036 2125 5092 Betuleii
2158 5041 2379 5101 codice;
2412 5055 2585 5102 neque
2612 5040 2757 5093 enim
2791 5036 2924 5094 sano
2950 5054 3114 5095 sensu
3143 5040 3365 5095 retineri
3399 5054 3498 5102 po-

1897 5116 2020 5193 test.
2067 5108 2348 5193 Lactantio
2390 5111 2751 5193 quippecum
2788 5112 2982 5165 Stoicis
3029 5125 3117 5193 res
3164 5119 3267 5170 est.
3298 5108 3497 5193 quibus

1897 5179 2135 5237 Solenoe
2161 5192 2278 5237 erat
2305 5183 2356 5235 in
2388 5179 2566 5236 verbis
2593 5181 2780 5237 ludere
2804 5198 2819 5242 ;
2846 5193 2901 5236 et
2929 5180 3152 5247 proinde
3172 5179 3369 5237 asserit
3394 5199 3491 5237 cu-

1898 5253 2072 5323 piendi
2095 5254 2318 5309 verlnnn
2346 5255 2483 5308 adeo
2505 5254 2557 5306 in
2586 5268 2645 5308 se
2674 5252 2807 5308 nihil
2836 5254 2947 5307 vitii
2970 5254 3274 5322 continere,
3298 5263 3357 5309 ut
3378 5254 3499 5308 lon-

1897 5339 1964 5393 ge
2008 5334 2227 5396 praestet
2254 5341 2437 5396 cupere
2473 5340 2634 5396 quam
2665 5324 2825 5385 velle.
2858 5324 3092 5396 si_modo
3121 5324 3262 5379 circa
3294 5326 3495 5382 bonum

1898 5406 2144 5451 versetur
2173 5395 2260 5451 hic
2280 5394 2522 5479 allectus.
2556 5396 2755 5478 suum.
2781 5425 2857 5479 τ·-
2884 5394 3086 5450 Bouum
3111 5412 3497 5479 cupere,'qnuam

1899 5466 2045 5522 velle.
2088 5468 2380 5549 lilajuruvis
2424 5466 2564 5549 inest
2607 5470 2659 5523 in
2696 5468 2860 5549 verbo
2902 5483 3106 5549 cupere,
3137 5479 3189 5523 et
3215 5470 3497 5549 cupiditas,

1899 5556 2057 5604 quam
2107 5539 2157 5592 in
2200 5539 2329 5594 uelle
2368 5550 2420 5592 et
2455 5540 2707 5594 voluntas.
2734 5539 2886 5593 Patet
2914 5554 2978 5593 ex
3007 5537 3100 5594 lib.
3125 5554 3198 5599 Vt,
3231 5537 3349 5608 cap.
3383 5541 3448 5595 i7
3479 5558 3495 5597 :

1903 5609 2300 5677 Dicet.Stoicns,
2330 5612 2603 5694 \olnntate
2633 5627 2760 5677 opus
2779 5626 2887 5664 esse
2905 5612 2972 5663 ad
2996 5613 3103 5694 Itan:
3123 5610 3497 5694 consequentia,

1903 5699 2003 5736 non
2035 5682 2338 5751 cupiditate.
2376 5681 2488 5737 luto
2514 5697 2642 5736 vero
2669 5698 2849 5749 parum
2886 5692 2957 5736 est
2986 5681 3132 5736 velle.
3174 5681 3318 5739 Multi
3363 5683 3498 5738 enim

1905 5753 2116 5807 volunt:
2147 5752 2242 5808 sed
2273 5769 2435 5823 quum
2466 5752 2623 5806 dolor
2650 5754 2947 5808 visceribus
2974 5754 3282 5822 accesserit,
3308 5755 3498 5810 volun-

1906 5833 1988 5879 tas
2017 5825 2170 5887 cedit,
2200 5825 2467 5885 cupiditas
2500 5835 2828 5890 perseverat.
2860 5824 2993 5881 BDN.

1982 5894 2298 5950 Immutandi
2338 5896 2557 5949 nominis
2591 5912 2675 5950 eos
2724 5897 2855 5950 ratio
2884 5895 3084 5966 defecit.
3118 5895 3194 5950 Ita
3222 5893 3508 5951 emendavi

1908 5982 1977 6027 ex
2012 5971 2285 6031 vetustiss.
2313 5982 2447 6031 mss.
2480 5966 2517 6029 2
2545 5966 2709 6038 Buu.,
2752 5967 3074 6050 lieg.-Put.,
3112 5966 3305 6038 Cauc.,
3344 5966 3456 6024 Tax
3487 6006 3512 6038 ,
