4090 6354
565 407 667 466 691

1614 402 1802 459 FIRM.
1842 400 2218 459 LACTANT]!
2255 401 2457 460 DlVlN.
2504 404 2746 464 lNSTl'l‘.

3757 413 3863 471 692

563 528 765 595 potest.
793 519 927 589 Quis
973 517 1121 575 enim
1164 517 1335 588 possit
1364 530 1475 573 non
1514 517 1720 586 dolere,
1749 519 1795 574 si
1824 519 2051 591 patriam
2080 526 2172 574 aut
2195 523 2251 586 Α
2275 518 2363 576 die
2390 523 2735 593 temperanda
2760 525 2886 581 sint.
2916 524 3059 598 Ergo
3087 537 3286 596 erraut,
3317 528 3437 601 quia
3468 543 3577 584 non
3604 528 3865 599 efﬁciunt,

564 616 874 688 pestilentia
888 610 1225 677 exhauserit,
1247 619 1342 666 aut
1370 610 1545 667 hostis
1564 612 1840 678 everterit,
1867 620 1961 667 aut
1986 621 2171 684 tyran-

566 725 674 767 nus
688 707 1060 780 oppresserit?
1077 704 1263 762 Potest
1280 706 1475 778 aliquis
1494 720 1599 761 non
1617 705 1827 771 dolere,
1845 706 1890 761 si
1906 705 2170 760 sublatam

565 802 764 860 viderit
808 800 1145 865 libertatem;
1190 800 1236 854 si
1279 799 1574 870 proximos,
1599 799 1644 854 si
1671 800 1897 866 amicus,
1926 799 1970 853 si
2000 798 2170 853 bones

564 897 714 952 viros
739 903 833 951 aut
870 894 1283 960 exterminatos,
1315 902 1408 947 aut
1434 891 1809 948 crudelissime
1838 890 2171 946 trucidatos?

563 990 671 1046 nisi
700 989 855 1061 cujus
881 1003 1038 1044 mens
1068 989 1141 1042 ita
1171 987 1529 1056 obstupuerlt,
1564 995 1622 1041 nt
1650 986 1719 1041 sit
1744 987 1797 1041 ei
1827 1000 2019 1043 sensus
2049 1001 2170 1041 om-

562 1084 650 1139 nis
675 1093 918 1153 ereptus.
947 1080 1129 1148 Quare
1154 1088 1248 1134 aut
1278 1079 1458 1134 omnia
1487 1078 1680 1134 tollere
1711 1078 2045 1142 debuerunt,
2079 1087 2172 1133 aut

559 1174 841 1247 implenda
889 1172 1064 1229 fuerat
1102 1179 1254 1228 curta
1295 1170 1415 1227 inec
1450 1180 1509 1226 et
1544 1170 1739 1225 debilis
1764 1169 2088 1241 disputatio;
2114 1170 2169 1225 id

559 1279 678 1334 εει,
709 1268 871 1323 etiam
902 1282 998 1337 pro
1024 1263 1343 1337 aegritudine
1366 1263 1569 1335 aliquid
1596 1263 1969 1335 reponendum
1987 1307 2000 1331 ,
2030 1278 2170 1335 quo-

558 1363 732 1429 niam,
763 1360 1134 1432 superioribus
1154 1360 1222 1414 ita
1240 1359 1525 1427 ordinatis,
1547 1358 1651 1414 hoc
1674 1372 2009 1429 consequens
2030 1367 2166 1414 erat.

633 1454 707 1513 Ut
752 1454 898 1510 enim
948 1450 1311 1521 prtesentibus
1357 1451 1608 1507 lmtamur
1650 1450 1808 1505 bonis
1839 1468 1854 1504 :
1886 1451 1966 1505 sic
2010 1450 2170 1505 malis

560 1549 830 1620 angimur,
860 1562 926 1603 ac
953 1546 1221 1602 dolemus.
1248 1544 1309 1602 Si
1350 1560 1482 1616 ergo
1529 1545 1756 1607 lmtitite,
1783 1544 2038 1615 quoniam
2083 1544 2169 1598 vi-

561 1643 756 1700 tiosam
786 1641 1071 1713 putabant,
1100 1654 1297 1696 nomen
1330 1639 1473 1695 aliud
1502 1639 1813 1695 indiderunt
1844 1655 1858 1693 :
1888 1640 1966 1694 sic
2005 1638 2166 1710 aegri-

558 1736 751 1803 tudini,
780 1732 1033 1807 quoniam
1076 1742 1132 1788 et
1176 1733 1351 1803 ipsam
1395 1732 1644 1788 vitiosam
1684 1731 1978 1802 putabant,
2023 1729 2167 1785 aliud

560 1828 881 1884 vocabulum
912 1826 1074 1882 tribui
1101 1826 1454 1898 congruebat.
1482 1825 1644 1883 Unde
1669 1833 1895 1896 apparet
1924 1840 2035 1880 non
2062 1826 2168 1881 illis

2273 612 2416 686 quod
2444 616 2650 687 volunt,
2680 624 2735 675 et
2764 620 2924 692 longo
2953 635 3251 694 aSperoque
3281 622 3506 680 circuitu
3538 624 3591 680 in
3621 625 3866 683 eamdem

2274 710 2419 766 viam
2442 710 2694 767 redeunt.
3324 710 3331 715 ’

2865 826 3093 886 CAPUT
3131 828 3272 887 XVI.

2273 940 2353 998 De
2380 941 2645 1012 aﬂ'ectibus
2664 985 2682 1012 ,
2712 961 2775 1000 ac
2803 945 2866 1001 de
2891 946 2954 1002 iis
2982 946 3437 1020 Peripateticorum
3468 966 3644 1008 eversa
3667 963 3873 1009 m-

2346 1039 2417 1093 tia
2442 1054 2463 1093 :
2489 1039 2603 1110 quis
2648 1040 2712 1095 sit
2754 1057 2899 1096 vetus
2938 1040 3253 1113 alfectuum,
3278 1044 3464 1116 quique
3502 1062 3681 1102 eorum
3706 1047 3875 1105 melus
3929 1073 3936 1079 π

2346 1148 2490 1188 usus.

2347 1256 2417 1308 At
2443 1269 2546 1326 ego
2570 1270 2640 1312 ne
2661 1255 3046 1327 Peripateticos
3068 1259 3285 1329 quidem
3308 1261 3603 1318 accessisse
3633 1262 3701 1318 ad
3727 1264 3877 1319 veri-

2275 1355 2438 1401 tatem
2472 1358 2621 1419 puto,
2655 1350 2745 1419 qui
2786 1350 2913 1405 vitia
2957 1365 3075 1406 esse
3102 1352 3430 1419 concedunt,
3456 1355 3552 1409 sed
3581 1370 3645 1410 ea
3672 1356 3879 1412 medio-

2274 1441 2442 1497 criter
2485 1452 2811 1515 temperant.
2856 1444 3160 1502 Carendum
3202 1458 3288 1503 cst
3331 1448 3474 1503 enim
3522 1449 3667 1505 vitiis
3714 1450 3877 1505 etiam

2274 1535 2639 1593 mediocribus
2671 1554 2685 1593 :
2718 1539 2843 1608 quin
2876 1540 3053 1608 potius
3082 1539 3426 1595 efﬁciendum
3471 1541 3570 1596 fuit
3619 1542 3877 1613 primum,

2274 1642 2345 1685 ne
2373 1630 2501 1685 vitia
2531 1639 2735 1686 essent.
2768 1630 2877 1687 Nec
2900 1633 3047 1688 enim
3090 1623 3383 1705 quidquam
3430 1636 3684 1691 vitiosum
3728 1641 3878 1694 nasci

2275 1732 2452 1794 potest
2480 1742 2493 1777 :
2526 1723 2622 1780 sed
2650 1726 2778 1780 vitia
2816 1725 2956 1793 fieri,
2980 1727 3029 1781 si
3058 1728 3201 1782 male
3238 1738 3456 1784 utamur
3492 1729 3812 1797 aﬂ'ectibus;
3839 1734 3879 1786 si

2276 1815 2438 1883 bene,
2470 1816 2715 1873 virtutes.
2764 1818 2966 1875 Deinde
3008 1822 3422 1878 monstrandum
3451 1833 3557 1892 est,
3586 1840 3700 1879 non
3735 1827 3882 1896 ἰρεοε

556 1937 676 1981 rem
706 1921 946 1979 defuisse
968 1963 983 1990 ,
1008 1920 1105 1977 sed
1133 1920 1397 1986 verbum;
1428 1922 1583 1991 cujus
1607 1919 1897 1991 indigentia
1929 1935 2051 1976 eum
2084 1927 2169 1975 ιο-
2198 1930 2248 1993 Β
2275 1906 2519 1978 affectus,
2543 1911 2640 1966 εδδ
2666 1926 2853 1966 eorum
2878 1926 3070 1969 causas
3093 1928 3216 1970 esse
3234 1915 3610 1972 “IOdemndas-
3634 1917 3754 1973 N0"
3780 1930 3881 1984 est.

561 2025 677 2071 tum
704 2013 981 2078 allectum,
1008 2012 1100 2084 qui
1127 2021 1211 2068 est
1238 2012 1326 2067 vel
1352 2012 1643 2079 maximus,
1668 2021 1855 2067 contra
1878 2025 2039 2082 quam
2067 2026 2167 2066 na-

556 2118 681 2164 tura
705 2115 999 2179 pateretur,
1019 2105 1233 2162 auferre
1254 2106 1563 2162 voluerunt.
1591 2106 1723 2161 Nam
1748 2106 1869 2162 illas
1891 2107 2167 2162 nominum

558 2200 1012 2257 commutationes
1036 2209 1280 2270 poteram
1309 2214 1606 2271 coarguere
1629 2199 1893 2271 pluribus,
1916 2210 1972 2255 et
1995 2208 2173 2255 osten-

560 2294 713 2360 dere,
742 2303 835 2349 aut
862 2294 1130 2350 sermonis
1158 2293 1422 2360 ornandi,
1455 2292 1826 2365 augendreque
1852 2291 2022 2364 copia:
2048 2308 2172 2362 gra-

558 2388 669 2453 tia,
699 2387 869 2442 multa
896 2386 1118 2442 nomina
1149 2386 1339 2442 iisdem
1378 2386 1541 2442 rebus
1570 2385 1821 2457 imposita
1844 2427 1859 2453 ,
1889 2395 1982 2442 aut
2021 2396 2172 2442 certe

558 2492 669 2536 non
697 2480 925 2536 multum
950 2481 1095 2535 inter
1123 2494 1186 2535 se
1210 2480 1301 2535 illa
1325 2479 1549 2535 distare.
1582 2479 1714 2534 Nam
1752 2487 1809 2534 et
1843 2480 2110 2550 cupiditas
2139 2495 2170 2535 a

560 2573 843 2629 voluntate
872 2573 1097 2643 incipit;
1128 2581 1183 2628 et
1206 2573 1386 2627 cautio
1414 2586 1443 2625 a
1469 2580 1619 2628 metu
1644 2572 1817 2628 oritur
1843 2588 1858 2639 ;
1890 2583 1945 2628 et
1986 2573 2171 2629 laatitia
2208 2616 2237 2645 η

566 2666 703 2723 nihil
732 2665 880 2721 aliud
906 2675 1012 2732 est,
1045 2679 1207 2735 quam
1239 2664 1541 2735 professum
1571 2664 1850 2736 gaudium.
1880 2664 1989 2720 Sed
2022 2675 2169 2737 pute-

564 2774 710 2827 mus,
741 2767 799 2814 ut
820 2757 922 2827 ipsi
951 2758 1166 2826 volunt,
1189 2772 1312 2813 esse
1340 2756 1575 2813 diversa.
1606 2756 1813 2828 Nempe
1841 2757 2001 2829 igitur
2024 2757 2174 2829 cupi-

565 2852 792 2908 ditatem
834 2864 956 2906 esse
997 2849 1210 2918 dicent,
1258 2860 1697 2921 perseverantem
1749 2865 1813 2906 ac
1859 2859 2170 2921 perpetuam

569 2944 938 3010 voluntatem;
990 2944 1227 2999 laetitiam
1282 2958 1443 3009 vero,
1494 2943 1789 3000 insolenter
1834 2961 1894 3000 se
1941 2945 2173 3000 eiferens

567 3038 851 3111 gaudium;
885 3048 1084 3093 metum
1113 3048 1318 3104 autem,
1350 3039 1569 3094 nimiam
1600 3047 1655 3095 et
1682 3040 2033 3095 excedentem
2058 3056 2172 3094 mo-

567 3132 695 3190 dum
718 3133 1041 3188 cautionem.
1067 3131 1144 3187 lta
1176 3130 1262 3199 iit,
1290 3139 1348 3187 ut
1372 3147 1457 3199 ea,
1490 3149 1609 3203 qua:
1637 3132 1870 3188 tollenda
1898 3147 2017 3188 esse
2045 3148 2173 3188 cen-

567 3236 714 3293 sent,
746 3241 849 3283 non
883 3226 1106 3291 tollant,
1136 3224 1233 3281 sed
1266 3234 1595 3297 temperent;
1646 3207 1909 3296 siquidem
1958 3228 2172 3280 nomina

568 3318 939 3374 tantummodo
988 3319 1272 3373 immutant
1294 3360 1308 3385 ,
1338 3332 1426 3373 res
1458 3319 1588 3389 ipsae
1628 3328 1865 3373 manent.
1901 3310 2171 3389 Eo‘igitur

2277 2003 2553 2073 inquiunt,
2589 2004 2772 2060 latitia
2804 2007 2967 2062 nimia
2994 2009 3365 2079 gestiendum;
3406 2012 3500 2066 sed
3542 2011 3793 2079 modice,
3825 2030 3884 2069 ac

2275 2094 2574 2151 moderate.
2608 2096 2720 2152 Hoc
2764 2109 2891 2154 vero
2922 2100 3025 2154 tale
3050 2109 3165 2166 est,
3193 2100 3349 2173 quale
3375 2104 3420 2157 si
3451 2104 3697 2161 dicerent
3723 2148 3739 2172 ,
3777 2124 3883 2163 non

2276 2202 2398 2245 esse
2417 2190 2742 2246 currendum
2772 2194 3057 2260 concitate,
3080 2195 3175 2250 sed
3207 2196 3560 2266 gradiendum
3588 2198 3799 2270 quiete.
3821 2201 3884 2256 At

2275 2293 2454 2354 potest
2479 2293 2535 2339 et
2561 2286 2651 2356 qui
2679 2284 2940 2356 graditur,
2971 2302 3187 2356 errare;
3219 2297 3274 2344 et
3313 2292 3401 2359 qui
3430 2293 3597 2346 currit
3622 2335 3639 2360 ,
3670 2302 3882 2349 rectam

2275 2379 2416 2433 viam
2448 2390 2649 2436 tenere.
2680 2382 2819 2449 Quid
2853 2381 2901 2437 si
2926 2383 3154 2437 ostendo
3193 2399 3318 2440 esse
3358 2385 3583 2457 aliquid,
3630 2386 3723 2443 ubi
3776 2405 3884 2443 non

2276 2482 2483 2529 tantum
2501 2473 2796 2542 modicum,
2824 2475 2920 2531 sed
2946 2477 3031 2531 vel
3057 2487 3311 2547 punctum
3339 2480 3595 2550 gaudere,
3622 2482 3885 2537 vitiosum

2276 2567 2380 2633 sit;
2424 2576 2479 2621 et
2516 2566 2661 2622 aliud
2703 2578 2892 2624 contra
2912 2610 2928 2636 ,
2960 2570 3013 2624 in
3045 2586 3152 2640 quo
3177 2573 3262 2628 vel
3286 2573 3530 2629 exultare
3560 2574 3749 2630 laetitia
3782 2576 3889 2630 mi-

2276 2662 2423 2716 nime
2437 2660 2826 2717 criminosum?
2848 2661 2987 2731 Quid
3004 2663 3219 2719 tandem
3240 2664 3392 2721 nobis
3413 2667 3511 2720 ista
3530 2666 3889 2723 mediocritas

2277 2752 2556 2825 proderit?
2584 2754 2779 2823 Quaero
2802 2766 3051 2811 utrumne
3078 2758 3303 2829 sapienti
3332 2759 3621 2815 laetandum
3664 2770 3887 2832 putent,

2276 2848 2321 2902 si
2346 2847 2477 2918 quid
2499 2848 2715 2903 inimico
2737 2864 2839 2905 suo
2862 2850 2992 2905 mali
3023 2849 3201 2906 videat
3220 2852 3494 2920 accidere;
3513 2863 3605 2910 aut
3623 2863 3891 2913 utrumne

2279 2940 2518 2996 iretitiatn
2547 2941 2777 2996 fraenare
2806 2942 3028 3010 debeat,
3060 2945 3107 2999 si
3140 2944 3291 3000 victis
3328 2943 3608 3010 hostibus,
3638 2960 3730 3003 aut
3784 2966 3891 3022 op,

2277 3047 2467 3103 presso
2495 3042 2745 3106 tyranno,
2771 3033 2992 3089 libertas
3012 3043 3067 3090 et
3096 3036 3239 3091 salus
3264 3036 3471 3093 civibus
3495 3049 3641 3109 parta
3663 3041 3777 3096 sit?

2347 3125 2519 3183 Nemo
2546 3125 2756 3183 dubitat
2778 3128 2903 3198 quin
2934 3136 2989 3182 et
3024 3125 3081 3182 in
3118 3127 3212 3183 illo
3239 3130 3488 3201 exiguum
3515 3132 3712 3199 laetari,
3737 3144 3809 3190 et
3836 3137 3891 3191 in

2279 3218 2383 3276 hoc
2428 3235 2614 3290 parum
2665 3221 2831 3275 laetari
2876 3220 2947 3276 sit
2992 3221 3284 3277 maximum
3320 3222 3544 3279 crimen.
3574 3223 3790 3281 Eadem
3822 3227 3893 3284 de

2277 3308 2490 3369 ueteris
2530 3312 2811 3369 aﬂectibus
2849 3313 3030 3369 dicere
3075 3314 3217 3369 licet.
3246 3314 3391 3383 Sed,
3420 3326 3477 3371 ut
3505 3317 3635 3384 dixi,
3668 3334 3786 3373 non
3840 3322 3890 3375 in

566 3412 937 3484 imprudentes
980 3412 1362 3475 revolvuntur,
1408 3428 1518 3484 quo
1564 3413 1908 3485 Peripatetici
1961 3414 2172 3469 ratione
2197 3388 2243 3451 (ἶ
2276 3409 2361 3464 bis
2394 3406 2738 3463 moderandis
2776 3406 3052 3477 sapientiae
3079 3408 3217 3463 ratio
3244 3418 3508 3476 versatur,
3542 3412 3633 3467 sed
3664 3412 3719 3466 in
3746 3428 3891 3469 cau-

562 3507 922 3580 perveniuut;
956 3517 1013 3565 ut
1040 3508 1188 3575 vitia,
1222 3507 1474 3579 quoniam
1504 3508 1620 3564 tolli
1652 3523 1759 3563 non
1791 3518 2037 3580 possunt,
2060 3521 2172 3562 mc-

2276 3505 2351 3559 sis
2381 3517 2568 3559 eorum
2594 3517 2612 3555 :
2644 3501 2898 3572 quoniam
2930 3500 3264 3558 extrinsecus
3300 3512 3744 3573 commoventur;
3786 3523 3890 3563 nec

1887 3620 2251 3680 VARIORUM
2288 3617 2519 3676 ΝΟΤᾸΞ.

567 3740 701 3798 Pen.
730 3751 785 3795 et
805 3738 930 3794 edd.
959 3739 1133 3794 Betui.
1158 3737 1214 3793 in
1243 3738 1278 3793 6
1302 3737 1422 3793 aliis
1444 3736 1635 3804 deﬁcit.
1665 3734 1725 3791 in
1746 3735 1866 3790 aliis
1893 3735 1927 3791 9
1952 3735 2168 3803 legitur,

567 3813 791 3867 nominis
815 3814 886 3865 eis
912 3812 1044 3865 ratio
1065 3811 1237 3879 deﬁcit
1258 3825 1275 3875 ;
1300 3811 1354 3863 in
1386 3808 1420 3863 5
1446 3823 1556 3864 ree.
1583 3816 1640 3863 et
1669 3808 1725 3862 in
1749 3808 1984 3873 excusis,
2007 3808 2169 3862 κρυφαία

569 3885 651 3937 nis
671 3884 781 3949 eius
807 3884 938 3936 ratio
953 3882 1144 3949 deﬁcit.
1169 3881 1276 3936 Sed
1295 3890 1354 3936 et
1378 3879 1516 3935 infra
1543 3879 1599 3935 in
1620 3880 1916 3949 praeterito,
1949 3897 2051 3935 non
2067 3880 2172 3935 illis

569 3970 679 4008 rem
704 3954 949 4018 defuisse,
977 3954 1066 4006 sed
1090 3952 1316 4006 verbum.

645 4022 825 4078 Hostis
847 4026 1098 4079 everterit.
1131 4023 1260 4079 Mss.
1289 4022 1336 4092 4,
1352 4031 1407 4077 et
1429 4021 1465 4076 5
1488 4020 1614 4076 edd.
1647 4019 1907 4077 inuaserit.

643 4093 816 4149 Bonos
846 4095 995 4148 viros.
1031 4096 1057 4149 1
1092 4094 1300 4149 Bonon.
1332 4096 1500 4164 antiq.
1531 4093 1739 4148 vicinos.

645 4165 917 4237 Imposita,
936 4176 1025 4221 aut
1036 4176 1171 4221 certe
1186 4183 1286 4220 non
1307 4163 1748 4237 multstm._Cauc.,
1767 4163 1892 4237 Jun.
1919 4173 1973 4219 et
1992 4164 2170 4223 Sedit.

572 4235 946 4308 interponunt,
977 4248 1068 4291 aut
1096 4237 1247 4304 nihil,
1273 4238 1440 4301 male;
1472 4235 1593 4306 quia
1618 4246 1783 4291 totam
1809 4236 1948 4293 hanc
1970 4238 2171 4293 oratio-

571 4326 695 4366 nem
724 4309 1024 4379 perturbat,
1058 4319 1117 4364 ut
1147 4309 1223 4364 ait
1253 4309 1596 4364 Tbomasius.

642 4378 946 4453 Professum
972 4381 1239 4453 gaudium.
1264 4378 1394 4436 Mss.
1426 4381 1461 4436 3
1488 4395 1597 4435 rec.
1620 4388 1679 4436 et
1707 4379 1858 4448 editi,
1901 4383 2170 4453 profusum

569 4454 837 4537 ggudium.
866 4452 936 4537 At
973 4452 1158 4537 Scripti
1204 4466 1375 4537 prope
1402 4452 2166 4537 o_tnn.es_muliusprofessum,

569 4523 626 4579 id
655 4534 757 4585 est.
788 4532 1035 4592 apertum
1058 4534 1111 4579 et
1132 4524 1375 4581 externis
1399 4524 1566 4596 signis
1585 4524 2037 4581 demonstratum.
2064 4525 2165 4581 Ed.

566 4597 640 4652 ls.
673 4599 954 4665 perfusum.

642 4666 815 4721 Medic
839 4667 1169 4735 temperanda
1192 4667 1314 4721 sint.
1344 4666 1419 4720 Ita
1441 4668 1651 4722 restitui
1676 4684 1743 4723 ex
1762 4667 2011 4724 omnibus
2034 4684 2165 4725 mss.

567 4738 792 4812 (praeter
816 4735 886 4812 7)_
920 4747 977 4812 et
1016 4752 1088 4793 ex
1129 4738 1220 4792 ed.
1262 4737 1421 4812 Rom.
1467 4738 1627 4812 H79.
1658 4749 1712 4794 et
1736 4739 1985 4812 Gymnic.
2037 4741 2166 4806 Quae

567 4807 731 4865 lectio
772 4818 829 4864 et
856 4807 1012 4879 intra
1056 4811 1407 4879 sequentibus
1444 4807 1817 4872 conﬁrmatur,
1846 4812 2167 4866 mediocriter

568 4890 868 4948 temperant.
899 4878 1070 4935 Medic
1095 4878 1180 4935 est
1203 4881 1423 4947 modice,
1460 4881 1799 4948 mediocriter,
1840 4892 1900 4937 ut
1941 4882 2102 4938 habet
2135 4887 2157 4940 1

567 4952 702 5019 Reg.
735 4967 845 5007 rec.
876 4951 932 5006 in
959 4953 990 5007 7
1017 4953 1235 5022 scriptis
1270 4966 1381 5007 rec.
1411 4961 1466 5005 et
1503 4954 1717 5008 excusis
1760 4954 1955 5023 legitur
1997 4956 2162 5011 medio

568 5025 898 5095 temperanda
920 5024 1022 5079 sint
1051 5040 1071 5080 :
1090 5040 1215 5078 cum
1249 5038 1350 5077 vox
1379 5022 1540 5078 medie
1564 5040 1752 5094 parum
1785 5022 1979 5081 uSitata
2011 5028 2160 5083 vide-

563 5106 735 5163 retur,
754 5097 994 5167 lecerunt
1010 5097 1195 5152 medio.
1216 5095 1313 5151 Est
1329 5104 1508 5150 tamen
1527 5097 1690 5151 medie
1709 5097 1849 5165 apud
1874 5097 2160 5167 Apuleium

563 5167 631 5221 de
660 5167 909 5221 Doctrina
939 5166 1076 5222 Plat.
1101 5168 1195 5222 lib.
1245 5182 1302 5234 ll,
1354 5182 1475 5238 pag.
1522 5168 1612 5231 22,
1658 5170 1823 5223 medie
1850 5166 2076 5235 morati;
2105 5180 2161 5226 et

562 5238 703 5306 apud
750 5238 1064 5306 Euerpitmt
1118 5239 1206 5292 lib.
1254 5253 1346 5298 vn.
1390 5254 1510 5305 Cap.
1543 5239 1598 5303 8,
1632 5241 1684 5295 in
1719 5238 1963 5304 Claudio,
1998 5246 2161 5298 medie

562 5309 847 5375 imperavit.
879 5310 936 5364 In
962 5309 1271 5381 Gryphiana
1299 5320 1354 5364 et
1382 5310 1715 5376 Betuleiana,
1750 5312 1946 5379 legitur
1971 5324 2159 5381 tempe-

562 5383 748 5444 renda,
780 5381 917 5434 sicut
948 5389 1003 5436 et
1031 5384 1082 5435 in
1106 5381 1440 5436 Tornesiana
1468 5399 1481 5435 :
1509 5383 1603 5436 sed
1629 5384 1742 5438 [nec
1765 5385 1951 5438 ultima
1977 5398 2157 5442 monet

560 5448 758 5527 in_suo
803 5466 903 5505 ms.
928 5467 1053 5507 esse
1079 5454 1243 5507 medie
1273 5454 1622 5527 temperanda.
1650 5454 1720 5510 At
1750 5457 1792 5510 si
1824 5456 1987 5510 medie
2026 5474 2155 5527 sup-

563 5519 787 5594 primas,
816 5535 962 5576 recta
992 5539 1144 5594 teque
1173 5534 1228 5579 et
1255 5519 1518 5580 concinna
1546 5526 1650 5580 erit
1676 5528 1868 5581 oratio.

643 5589 693 5642 Ν
697 5607 758 5670 ec_
771 5593 900 5645 enim
925 5589 1199 5670 quidquam
1228 5596 1624 5670 teigtiosumnasci
1643 5609 1826 5670 potest.
1853 5599 2020 5653 Gallic
2043 5600 2157 5656 hanc

562 5659 793 5740 legenda
823 5673 968 5715 sunt.
992 5659 1124 5740 Nam
1156 5668 1321 5721 David
1350 5659 1724 5723 conﬁtetur'se
1768 5670 1820 5724 in
1856 5670 2152 5740 iniquitati-

562 5733 663 5786 bus
693 5743 1031 5801 conceptum.
1058 5736 1273 5792 interim
1304 5748 1478 5794 tamen
1505 5756 1691 5794 verum
1719 5750 1821 5804 est,
1852 5733 2071 5796 allectus
2086 5758 2171 5797 ex-

558 5805 639 5859 sni
672 5815 858 5857 natura
885 5816 1095 5873 peccata
1117 5822 1224 5862 non
1247 5824 1388 5874 esse,
1414 5811 1517 5865 nisi
1539 5813 1694 5866 malis
1715 5812 1993 5867 affectibus
2013 5814 2155 5870 adsit

557 5888 886 5951 consensus.
911 5875 1372 5951 AdeasSanetnm
1395 5882 1774 5951 Augustinum.
1804 5883 2005 5938 Βετυι..

624 5947 976 6004 Gradieudum
1019 5948 1205 6022 quiete.
1249 5950 1433 6009 Recte.
1482 5947 1584 6011 ius.
1631 5954 1657 6009 1
1706 5966 1817 6011 ree.
1866 5964 1921 6010 et
1961 5956 1992 6012 7
2022 5955 2145 6013 edd.

2275 3733 2551 3789 moderate.

2348 3804 2488 3877 Quid
2518 3804 2563 3859 si
2589 3803 2823 3859 ostendo.
2850 3802 3142 3877 itaiscribo
3181 3806 3236 3861 in
3269 3807 3519 3877 prtesenti
3550 3824 3672 3865 cum
3712 3812 3889 3869 editis

2275 3879 2310 3933 '5
2326 3888 2432 3954 vet.
2448 3876 2608 3954 lium.
2630 3886 2685 3931 et
2709 3875 3182 3954 Betul.,_(_;ymnic._
3199 3875 3554 3954 manibusque
3574 3898 3711 3936 mss.
3738 3900 3887 3954 prae-

2276 3958 2359 4024 ter
2384 3949 2417 4002 2
2446 3948 2579 4024 Reg.
2616 3964 2725 4024 ree.
2758 3951 2863 4024 eti
2901 3948 3133 4004 Claram.
3169 3950 3223 4005 in
3254 3951 3446 4021 quibus
3472 3948 3667 4024 legitur
3700 3948 3886 4013 citen-

2274 4021 2414 4085 ἀει-ο,
2451 4033 2508 4075 ιιι
2538 4021 2589 4074 iu
2621 4019 2687 4075 15
2711 4019 2890 4074 editis.

2349 4092 2608 4148 Punctum
2628 4095 2868 4164 gaudere.
2887 4091 2945 4146 ld
2963 4102 3066 4158 est,
3087 4109 3183 4164 per
3206 4104 3480 4162 punctum,
3509 4110 3606 4152 seu
3629 4114 3888 4157 momen-

2277 4173 2388 4243 tum
2423 4166 2699 4243 temporis.
2726 4163 2817 4243 Sic
2845 4179 3006 4243 supra
3032 4163 3168 4243 dixit
3191 4167 3282 4221 lib.
3306 4183 3425 4243 vut,
3443 4183 3566 4237 cap.
3599 4170 3665 4223 17
3694 4190 3709 4225 :
3737 4172 3888 4243 Ergo

2276 4237 2475 4313 nullum
2491 4237 2637 4313 diem
2656 4277 2675 4313 ,_
2703 4234 2902 4290 nullum
2927 4235 3140 4313 denique
3168 4240 3407 4313 temporis
3433 4234 3681 4310 punctum
3710 4234 3885 4313 [lue-ie

2275 4310 2419 4389 nobis
2459 4308 2568 4362 sine
2594 4309 3153 4389 voluptatenpatiamur.
3186 4310 3314 4389 Item
3346 4308 3441 4365 lib.
3469 4308 3844 4389 vrttexplrlﬁ.

2347 4379 2594 4435 Frteuare
2613 4379 2813 4455 debeat.
2844 4379 2933 4455 Sic
2962 4382 3240 4455 emendavi
3263 4398 3329 4436 ex
3355 4397 3485 4455 mss.
3515 4381 3549 4437 5
3572 4379 3711 4455 Reg.
3735 4388 3886 4444 inter

2274 4468 2411 4520 quos
2439 4462 2566 4507 sunt
2591 4450 2700 4505 duo
2731 4450 3038 4517 veterrimi,
3067 4452 3355 4521 multisque.
3380 4454 3533 4521 aliis;
3566 4450 3884 4517 [Mt-antibus

2273 4524 2306 4580 9
2328 4523 2448 4578 aliis
2470 4537 2583 4602 ree.
2616 4522 2891 4602 in‘quibus
2921 4532 3005 4602 est
3034 4526 3310 4602 refl-tenere
3334 4525 3541 4602 debeat.
3573 4526 3632 4602 lu
3668 4532 3710 4582 ἢ
3742 4531 3878 4602 Reg.

2192 4628 2246 4688 1)
2272 4594 3626 4688 5921.9.‘l‘f‘i{'fli'fi'ia'ifff’ifffi‘j.“1‘117,11”???
3653 4594 3880 4688 frmi:

2272 4665 2520 4729 debeant;
2545 4666 2825 4721 mendose.
2859 4665 2991 4720 Vide
3016 4683 3174 4735 supra
3202 4665 3715 4737 sapienti...videut.

2344 4738 2482 4814 Quin
2513 4750 2559 4792 et
2584 4737 3223 4814 ingilloexiguululaetari
3243 4780 3259 4802 ,
3283 4750 3389 4795 etc.
3420 4739 3689 4813 Loquitur
3714 4744 3877 4814 juxta

2269 4812 2578 4883 Opinionem
2620 4808 2909 4883 Gentilium
2954 4808 3437 4883 Philosophorum,
3480 4808 3676 4869 contra
3714 4808 3877 4883 'quos

2270 4881 2940 4957 erat‘disputatio,__ut_eos
2967 4882 3081 4957 suis
3112 4882 3241 4950 ipsis
3268 4884 3630 4957 positionibus
3656 4881 3868 4957 arguat.

2267 4952 2407 5023 quod
2439 4950 2585 5008 bistre
2633 4955 2687 5007 in
2726 4952 2877 5007 libris
2923 4950 3197 5020 professus
3236 4950 3319 5009 est
3355 4970 3415 5008 se
3444 4971 3566 5010 esse
3599 4950 3871 5014 facturum

2266 5025 2360 5079 lib.
2396 5040 2451 5088 v,
2482 5040 2601 5095 cap.
2629 5032 2681 5089 4,
2717 5040 2820 5097 non
2849 5033 3025 5077 autem
3059 5024 3209 5093 juxta
3256 5026 3504 5097 dtigmata
3542 5025 3871 5087 Christiana:

2265 5096 2560 5167 sapientia},
2587 5111 2690 5165 qua
2717 5096 2994 5157 docentur,
3029 5099 3111 5150 vel
3142 5097 3274 5165 ipsis
3300 5096 3543 5152 hostibus
3573 5099 3717 5156 bona
3744 5119 3867 5157 om-

2265 5171 2352 5223 nia
2381 5168 2769 5235 cupiendazde
2795 5184 2900 5237 qun
2927 5177 2981 5222 ct
3008 5168 3122 5236 ipse
3162 5170 3417 5237 praeclare
3463 5170 3685 5226 disserit
3727 5173 3867 5230 inira

2263 5255 2382 5310 cap.
2417 5241 2501 5296 18.
2528 5239 2711 5295 ΙΕΑΕΗΒ.
2741 5269 2813 5280 -
2836 5237 2971 5311 Quin
2999 5249 3047 5293 et
3067 5239 3118 5294 in
3136 5240 3225 5295 illo
3252 5242 3491 5311 exiguum
3521 5243 3711 5298 uetari.
3739 5246 3867 5301 lia-c

2262 5325 2345 5367 est
2372 5329 2523 5369 mens
2553 5312 2815 5366 Lactantii
2844 5330 2856 5364 :
2890 5310 3055 5369 Nemo
3081 5312 3312 5377 dubitat,
3338 5310 3461 5375 quin
3494 5325 3544 5367 et
3573 5316 3629 5369 in
3659 5318 3751 5371 illo
3771 5360 3785 5381 ,
3815 5319 3864 5372 si

2260 5383 2481 5455 inimico
2510 5384 2637 5454 quid
2668 5383 2789 5438 mali
2817 5382 3042 5449 accidat,
3067 5385 3325 5455 exiguum,
3350 5386 3400 5439 id
3428 5395 3542 5449 est,
3568 5389 3652 5442 vel
3684 5392 3864 5443 tantil-

2260 5454 2370 5509 lum
2421 5457 2585 5510 lwtart'
2629 5457 2699 5510 sit
2739 5456 3119 5524 gravissimum
3146 5454 3457 5526 peccatum.
3487 5460 3613 5525 quia
3644 5460 3864 5516 inimico

2259 5543 2359 5581 suo
2388 5544 2515 5582 vere
2543 5529 2762 5604 sapiens
2802 5528 2939 5604 bene
2964 5528 3125 5604 vult,
3171 5544 3270 5583 nec
3314 5540 3397 5604 est
3443 5530 3809 5604 e'uzatps'um;
3840 5550 3858 5587 :

2258 5608 2445 5673 contra
2476 5615 2627 5673 vero
2648 5600 2701 5673 in
2743 5599 2857 5666 hoc,
2890 5600 2933 5653 si
2964 5598 3194 5673 libertas
3214 5601 3441 5673 etgsalus
3470 5598 3680 5673 civilius
3712 5615 3857 5673 parta

2257 5671 2346 5738 sit,
2381 5687 2583 5739 parum,
2614 5671 2663 5724 id
2689 5680 2792 5734 est,
2820 5686 2926 5724 non
2956 5672 3109 5736 satis,
3136 5671 3324 5739 frigide
3346 5671 3535 5737 laetari,
3563 5671 3722 5742 teque
3743 5693 3853 5731 tua.

2255 5755 2420 5810 gnum
2448 5742 2654 5796 crimen
2686 5743 2783 5805 sit;
2818 5743 2937 5795 talis
2970 5743 3114 5796 enim
3154 5745 3429 5811 proderet,
3458 5760 3518 5799 se
3550 5746 3714 5801 malle
3739 5764 3856 5802 ser-

2256 5814 2444 5867 vitium
2472 5814 2714 5881 iniquum
2742 5824 2798 5869 et
2823 5813 3098 5868 interitum
3121 5817 3377 5871 civitatis.
3402 5816 3531 5871 Sole
3554 5816 3755 5873 clarius
3772 5829 3855 5874 est

2255 5898 2322 5937 ex
2350 5899 2513 5953 Supra
2542 5904 2555 5938 :
2592 5884 2732 5952 Quid
2760 5885 2805 5939 si
2824 5885 3053 5950 ostendo,
3089 5884 3173 5939 ubi
3204 5903 3304 5940 non
3331 5896 3529 5941 tantum
3559 5891 3810 5945 modicum
3833 5934 3851 5955 ,

2255 5955 2345 6010 sed
2375 5957 2457 6013 vel
2482 5969 2736 6027 punctum
2764 5959 2983 6027 gaudere
3008 5958 3240 6015 vitiosum
3267 5959 3353 6027 sit,
3386 5958 3637 6016 etenus.
