4090 6354
264 274 379 334 693

1406 271 1617 334 LIBER
1653 272 1744 336 Vl.
1785 276 1877 337 DE
1913 276 2104 338 VERO
2138 281 2391 343 CULTU.

3476 293 3584 353 694

264 390 402 463 ipsis
422 386 764 460 potissimum
789 389 991 448 fraces
1020 392 1223 463 imponi
1249 394 1510 463 oportuit,
1538 394 1791 466 quoniam
1811 401 1869 451 et
1895 397 1951 459 Α
1972 396 2400 457 imbecillitatem
2449 416 2572 460 esse
2599 402 2766 461 animi
2796 414 3022 478 putant;
3052 409 3139 466 cui
3187 410 3259 468 sit
3306 413 3579 470 contraria

266 482 447 555 exigui
495 491 721 553 possunt
760 490 882 539 esse
928 484 981 541 in
1030 484 1266 541 maximo
1290 485 1539 553 crimine,
1571 496 1625 543 et
1651 487 1870 542 maximi

264 584 495 649 possunt
543 591 666 632 esse
709 575 826 633 sine
871 577 1115 633 crimine.
1152 577 1259 634 Sed
1311 578 1617 650 assignaudi
1659 580 1873 636 luerunt

262 668 431 724 certis
456 667 825 738 temporibus,
854 678 909 724 et
936 670 1131 736 rebus,
1162 680 1219 726 et
1259 671 1422 736 locis;
1472 688 1541 727 ne
1564 673 1694 728 vitia
1740 674 1868 740 sint,

265 762 466 832 quibus
493 761 571 817 uti
598 770 748 817 recte
768 761 913 817 licet.
943 760 1094 819 Sicut
1120 764 1264 819 enim
1292 774 1440 820 recte
1465 765 1745 821 ambulare
1770 764 1872 820 bo-

264 868 400 911 num
429 861 536 919 est,
570 868 754 911 errare
774 864 954 911 autem
979 855 1178 912 malum
1211 875 1225 912 :
1256 857 1336 913 sie
1360 859 1568 914 moveri
1591 858 1874 915 all’ectibus

264 948 326 1004 in
366 956 610 1014 rectum,
638 948 843 1005 bonum
867 957 993 1016 est;
1024 949 1077 1004 in
1109 965 1354 1021 pravum,
1385 952 1606 1007 malum.
1634 951 1769 1008 Nam
1802 952 1871 1007 11-

268 1041 424 1108 bide,
447 1041 493 1097 si
519 1051 671 1098 extra
702 1042 1001 1113 legitimum
1028 1050 1204 1099 turum
1230 1060 1338 1100 non
1364 1055 1638 1117 evagetur,
1663 1046 1785 1102 licet
1806 1047 1876 1101 sit

266 1136 590 1203 vehemens,
620 1146 798 1193 tamen
837 1138 993 1208 culpa
1039 1146 1210 1194 caret.
1233 1137 1328 1195 Sin
1354 1154 1482 1195 vero
1509 1140 1718 1211 appetit
1742 1140 1875 1195 alie-

267 1244 429 1298 num,
458 1230 586 1287 licet
603 1231 675 1285 sit
696 1231 1006 1300 mediocris,
1034 1232 1220 1289 vitium
1245 1242 1422 1290 tamen
1450 1234 1745 1289 maximum
1767 1242 1871 1290 est.

270 1323 394 1380 Non
420 1331 508 1380 est
531 1326 710 1396 itaque
740 1324 960 1381 morbus
985 1325 1167 1393 irasci,
1186 1341 1289 1382 nec
1302 1340 1635 1398 cupere,nec
1654 1318 1875 1385 libidine

268 1418 608 1475 commoveri
634 1436 646 1472 :
676 1418 773 1474 sed
818 1419 1132 1474 iracundum
1166 1435 1314 1487 esse,
1346 1420 1568 1477 morbus
1595 1429 1696 1489 est,
1725 1420 1877 1493 cupi-

267 1511 427 1580 dum,
452 1511 823 1568 libidinosum.
853 1512 955 1580 Qui
982 1512 1125 1568 enim
1153 1512 1440 1569 iracundus
1466 1522 1568 1582 est,
1598 1514 1760 1570 etiam
1788 1516 1875 1573 cui

265 1622 382 1663 non
414 1604 596 1672 debet,
624 1613 717 1660 aut
745 1620 867 1661 cum
893 1620 1003 1660 nou
1033 1614 1268 1676 oportet,
1298 1605 1566 1662 irascitur.
1596 1606 1699 1673 Qui
1728 1606 1877 1677 cupi-

267 1699 398 1766 dus,
426 1698 588 1755 etiam
615 1698 760 1770 quod
801 1713 911 1754 non
937 1713 1074 1769 opus
1098 1706 1205 1768 est,
1235 1699 1589 1769 concupiscit.
1619 1698 1723 1766 Qui
1752 1697 1877 1755 libi-

1980 487 2258 559 fortitudo,
2278 507 2399 563 qua:
2421 493 2467 549 si
2484 495 2553 550 sit
2572 495 2623 550 in
2644 495 2884 565 homine,
2905 498 3084 556 locum
3109 501 3291 558 timori
3317 519 3438 561 esse
3456 505 3582 561 nul-

1978 579 2109 636 lum.
2138 580 2393 639 Creditne
2416 599 2543 656 ergo
2560 585 2774 657 aliquis,
2806 590 2918 646 fieri
2947 607 3128 660 posse,
3157 602 3213 649 ut
3236 592 3377 651 idem
3406 606 3583 653 metus

1978 686 2186 728 summa
2234 676 2305 730 sit
2358 676 2646 733 fortitudo?
2698 677 2928 739 Minime.
2969 682 3155 755 Neque
3201 682 3345 743 enim
3371 687 3584 745 videtur

1978 780 2171 836 capere
2197 777 2407 835 natura,
2433 770 2708 843 utaliquid
2738 774 2788 827 in
2813 779 3143 833 contrarium
3169 780 3396 838 recidat.
3419 783 3584 856 Atqui

1979 872 2079 928 ego
2106 874 2213 915 non
2239 870 2424 932 arguta
2456 862 2632 934 aliqua
2653 866 3023 935 conclusione,
3054 879 3111 926 ut
3134 873 3276 942 apud
3305 874 3582 933 Platonem

1979 950 2231 1009 Socrates
2244 952 2391 1022 facit,
2412 957 2503 1026 qui
2528 971 2645 1025 eos,
2673 973 2809 1028 quos
2837 971 3025 1017 contra
3047 962 3309 1035 disputat,
3329 967 3474 1038 cogit
3496 984 3582 1036 ea,

1981 1062 2098 1117 quae
2126 1058 2479 1119 negaverant,
2506 1050 2785 1121 conﬁteri;
2820 1054 2914 1111 sed
2947 1057 3265 1128 simpliciter
3305 1060 3584 1119 ostendam

1980 1156 2253 1201 summum
2279 1151 2481 1199 metum
2504 1159 2767 1201 summam
2791 1162 2911 1205 esse
2933 1150 3207 1208 virtutem.
3235 1153 3408 1212 Nemo
3433 1156 3591 1213 dubi-

1982 1242 2078 1302 tat,
2125 1235 2257 1306 quin
2284 1236 2453 1292 timidi
2483 1247 2539 1293 et
2585 1239 2837 1296 imbecilli
2865 1241 2939 1297 sit
2980 1244 3178 1313 animi,
3212 1256 3305 1304 aut
3341 1248 3587 1309 dolorem

1978 1335 2243 1395 metuere,
2275 1336 2366 1385 aut
2395 1339 2725 1400 egestatem,
2757 1344 2851 1390 aut
2878 1336 3100 1394 exilium
3120 1382 3135 1406 ,
3160 1349 3250 1396 aut
3277 1356 3585 1413 carcerem,

1980 1429 2074 1476 aut
2100 1431 2331 1478 mortem
2364 1440 2525 1496 :qutc
2568 1428 2752 1484 omnia
2781 1431 3023 1502 quisquis
3049 1446 3158 1490 non
3205 1438 3548 1496 exhorruerit
3572 1484 3587 1510 ,

1980 1511 2309 1575 fortissimus
2344 1515 2639 1598 judicatur.
2668 1522 2768 1589 Qui
2804 1531 2986 1580 autem
3034 1525 3204 1582 Deum
3233 1531 3443 1598 metuit,
3496 1531 3590 1587 illa

1983 1606 2231 1664 universa
2259 1623 2367 1664 nou
2396 1596 2607 1666 metuit.
2643 1612 2725 1668 Ad
2745 1615 2891 1684 quod
2919 1617 3254 1687 probandum
3300 1596 3589 1695 argumen-

1984 1700 2053 1756 tis
2075 1716 2210 1770 opus
2241 1716 2345 1758 non
2370 1713 2482 1770 est;
2516 1715 2770 1775 spectata:
2799 1716 2926 1763 sunt
2948 1709 3092 1765 enim
3121 1725 3337 1783 semper
3356 1757 3371 1781 ,
3421 1730 3553 1787 spec
3571 1744 3586 1757 -

267 1790 522 1859 dinosus,
550 1796 713 1847 etiam
752 1789 896 1862 quod
927 1791 1133 1864 legibus
1162 1802 1393 1857 velatur,
1421 1790 1656 1847 all'ectat.
1686 1789 1877 1846 Omnis
1911 1806 1956 1869 Β
1987 1800 2272 1866 tauturque
2297 1795 2472 1852 adhuc
2501 1811 2595 1867 per
2621 1798 2809 1854 urbem
2856 1814 3033 1871 pecua:
3074 1803 3344 1859 cultorum
3371 1806 3496 1873 Dei,
3535 1808 3592 1863 iu

267 1887 441 1958 igitur
466 1886 605 1942 ratio
634 1886 689 1942 in
718 1900 784 1943 eo
813 1886 1016 1942 versari
1056 1886 1269 1950 debuit,
1303 1893 1363 1940 ut
1390 1886 1643 1956 quoniam
1686 1901 1871 1943 earum

266 1994 458 2036 rerum
485 1977 716 2048 impetus
761 1976 994 2034 inhiberi
1025 1993 1132 2034 non
1172 1985 1365 2049 potest,
1400 1993 1501 2034 nec
1527 1961 1708 2045 debet,
1747 1979 1873 2049 quia

268 2071 586 2128 necessario
633 2079 717 2126 est
743 2069 937 2127 insitus
966 2071 1034 2127 ad
1065 2071 1267 2128 tuenda
1294 2070 1471 2127 ofﬁcia
1500 2070 1647 2138 vitae,
1676 2070 1875 2142 dirige-

264 2175 428 2223 retur
474 2164 654 2241 potius
679 2164 735 2221 in
759 2165 900 2225 viam
920 2173 1145 2236 rectam,
1178 2165 1266 2222 ubi
1292 2166 1455 2222 etiam
1482 2179 1675 2223 cursus
1702 2163 1873 2227 cilcit-

267 2259 433 2317 sione
462 2274 527 2316 ac
553 2259 796 2332 periculo
824 2272 1028 2319 careat.

858 2374 1087 2432 CAPUT
1130 2373 1293 2431 XVII.

271 2494 361 2551 De
404 2490 673 2562 (meatibus
711 2504 773 2547 at:
814 2504 991 2549 eorum
1044 2504 1182 2557 usu;
1208 2490 1272 2547 de
1301 2489 1547 2563 patientia
1589 2499 1637 2546 et
1683 2506 1879 2547 summo

784 2584 914 2642 bona
949 2580 1374 2643 Christianorum.

352 2726 459 2785 Sed
489 2734 714 2784 evectus
741 2741 862 2783 sum
890 2725 1216 2797 coarguendi
1258 2725 1438 2783 studio
1465 2726 1712 2798 longius;
1756 2742 1882 2784 cum

273 2820 353 2879 sit
380 2820 510 2877 mihi
541 2820 869 2892 propositum
891 2860 907 2888 ,
933 2835 1020 2887 ea,
1048 2834 1169 2891 qua:
1202 2818 1332 2877 vitia
1378 2820 1684 2892 philosophi
1728 2831 1882 2893 puta-

275 2923 499 2982 verunt,
528 2914 815 2971 ostendere
840 2928 949 2971 non
977 2922 1182 2971 tantum
1207 2914 1338 2971 vitia
1377 2928 1489 2975 non
1517 2929 1658 2985 esse,
1696 2930 1883 2973 verum

276 3009 449 3066 etiam
474 3023 699 3079 magnas
724 3022 848 3064 esse
894 3008 1143 3065 virtutes.
1176 3006 1260 3063 Ex
1302 3006 1423 3063 aliis
1456 3007 1685 3065 docendi
1709 3010 1885 3080 gratia

276 3117 516 3168 sumam,
546 3117 666 3169 quae
691 3101 967 3173 pertinere
992 3100 1058 3155 ad
1084 3115 1198 3157 rem
1223 3099 1456 3159 maxime
1482 3108 1631 3171 puto.
1661 3100 1882 3170 Metam,

1980 1886 2174 1957 quibus
2198 1887 2572 1944 excruciaudis
2596 1904 2737 1945 nova
2761 1900 2817 1947 et
2846 1891 3099 1948 inusitata
3130 1901 3396 1952 tormenta
3425 1911 3594 1954 exco-

1980 1980 2147 2051 gitata
2187 1991 2333 2037 sunt.
2367 1980 2502 2038 Nam
2529 1981 2598 2038 de
2620 1983 2813 2039 mortis
2840 1986 3129 2057 generibus
3154 1984 3341 2045 horret
3383 1990 3596 2046 animus

1981 2073 2289 2141 recordari;
2334 2090 2457 2132 cum
2504 2077 2821 2134 immanium
2876 2079 3193 2148 bestiarum,
3226 2084 3366 2139 ultra
3416 2084 3590 2156 ipsam

1981 2178 2235 2237 mortem,
2268 2168 2580 2226 carniﬁcina
2606 2172 2862 2227 szevierit.
2914 2172 3023 2228 llas
3045 2182 3225 2231 tamen
3253 2178 3594 2235 execrabiles

1982 2274 2275 2331 corporum
2295 2261 2648 2319 lacerationes
2664 2263 2794 2320 felix
2809 2273 2971 2336 atque
2993 2266 3190 2322 invicta
3205 2269 3460 2338 patientia
3480 2272 3600 2327 sine

1985 2351 2094 2407 ullo
2114 2353 2315 2424 gemitu
2326 2355 2565 2424 pertulit.
2584 2356 2709 2412 Hrec
2720 2356 2889 2413 virtus
2914 2357 3165 2414 omnibus
3186 2360 3419 2431 populis,
3435 2375 3596 2432 atque

1986 2446 2313 2517 provinciis,
2343 2456 2400 2503 et
2430 2447 2561 2519 ipsis
2612 2448 2905 2506 tortoribus
2937 2450 3255 2507 miraculum
3302 2453 3595 2509 maximum

1919 2596 1927 2600 _
1988 2541 2246 2613 praebuit;
2283 2557 2406 2598 cum
2433 2542 2690 2613 patientia
2732 2543 3024 2601 crudelitas
3061 2545 3390 2603 vinceretur.
3437 2544 3603 2618 Atqui

1993 2635 2129 2689 hanc
2158 2634 2404 2691 virtutem
2420 2634 2553 2690 nihil
2564 2634 2730 2703 aliud,
2746 2651 2909 2707 quam
2935 2647 3112 2695 metus
3128 2636 3223 2694 Dei
3243 2638 3391 2695 fecit.
3411 2637 3601 2711 Itaque

1991 2725 2083 2801 (ut
2101 2726 2379 2802 dicebam)
2401 2744 2509 2786 non
2531 2731 2861 2799 evellendus,
2890 2740 2949 2788 ut
2972 2732 3160 2803 Stoici,
3190 2749 3365 2807 neque
3389 2746 3601 2808 tempe-

1991 2819 2191 2877 randus
2209 2821 2389 2890 tintor,
2404 2831 2460 2878 ut
2474 2820 2817 2894 Peripatetici
2838 2824 3054 2894 volunt;
3075 2826 3171 2882 sed
3190 2827 3245 2882 in
3262 2841 3442 2884 veram
3458 2826 3599 2883 viam

1992 2916 2304 2988 dirigendus
2338 2926 2442 2987 est,
2474 2917 2863 2991 auferendique
2888 2930 3015 2976 sunt
3056 2930 3265 2988 metus;
3293 2921 3392 2977 sed
3421 2921 3517 2991 ita,
3542 2928 3603 2976 ut

1990 3010 2081 3068 hic
2107 3012 2256 3067 solus
2285 3012 2642 3085 relinquatur,
2663 3014 2755 3085 qui
2770 3014 3027 3086 quoniam
3056 3014 3329 3085 legitimus
3352 3024 3417 3070 ac
3440 3026 3601 3070 verus

1994 3113 2096 3171 est,
2126 3106 2278 3161 solus
2301 3092 2488 3170 efﬁcit,
2520 3115 2577 3162 ut
2606 3108 2816 3178 possint
2841 3116 3036 3164 caetera
3057 3109 3238 3163 omnia
3269 3122 3375 3163 non
3399 3106 3598 3163 timeri.

277 3211 383 3253 seu
412 3195 660 3252 timorem
698 3194 756 3253 in
791 3193 1027 3251 maxime
1057 3192 1189 3250 vitio
1231 3201 1457 3264 ponunt,
1510 3207 1887 3267 summamque
1914 3186 1961 3254 C
1992 3196 2270 3269 Cupiditas
2310 3215 2528 3272 quoque
2555 3200 2700 3257 inter
2728 3200 2855 3258 vitia
2898 3209 3217 3261 numeratur
3247 3218 3261 3257 :
3288 3200 3384 3258 sed
3409 3202 3455 3258 si
3484 3200 3604 3256 inec

1616 3328 1980 3390 VARIOBUM
2017 3330 2248 3393 NOTAE.

359 3476 577 3534 Franci
596 3476 811 3548 imponi.
833 3474 904 3533 lta
928 3473 1169 3548 plerique
1185 3472 1313 3548 editi
1334 3487 1457 3548 cum
1475 3470 1727 3548 omnibus
1751 3487 1883 3548 mss.

278 3560 485 3623 praeter
500 3548 637 3623 _Jun.
670 3542 723 3604 in
750 3564 892 3623 quod,
928 3542 994 3601 ἰιι
1022 3542 1136 3603 inde
1164 3546 1420 3623 vulgatis,
1455 3552 1538 3623 est
1578 3545 1746 3623 [ruina
1779 3545 1877 3623 im-

278 3612 437 3695 poni.
473 3612 910 3695 Utraquelectio
936 3628 1206 3695 recepta,
1238 3612 1360 3671 vide
1405 3612 1538 3670 lul‘ra
1572 3616 1761 3695 [nanos
1784 3615 1886 3669 im-

283 3687 480 3765 ponere
527 3687 647 3762 cap.
692 3692 783 3755 25,
812 3692 1142 3765 pauloante
1172 3690 1369 3754 linem;
1402 3697 1598 3765 et_cap.
1635 3687 1720 3756 18,
1764 3696 1888 3761 post

280 3757 435 3823 inctl.
469 3757 634 3835 [νωηά
661 3757 963 3835 permittere.
996 3762 1201 3830 Sequor
1224 3775 1355 3835 mss.
1383 3757 1619 3814 codices.

363 3830 607 3893 Possunt.
636 3830 726 3891 Sic
756 3834 1037 3890 emendavi
1065 3848 1131 3887 ex
1159 3831 1410 3888 omnibus
1434 3844 1566 3885 mss.
1610 3837 1665 3885 et
1706 3830 1889 3886 multis

285 3908 480 3974 editis;
523 3908 575 3981 in
605 3907 879 3981 nonnullis
911 3903 1123 3977 possint.
1157 3902 1263 3961 Sed
1294 3909 1527 3975 possunt,
1557 3911 1726 3958 recte.
1752 3900 1891 3957 Vide

284 3997 411 4052 seq.
442 3990 490 4035 et
513 3980 721 4035 maximi
742 3988 974 4052 possunt.
1126 4045 1155 4052 _
1581 4040 1595 4052 _
1642 4006 1647 4007 ν

367 4040 466 4124 Sin
488 4068 603 4124 vero
630 4040 1092 4124 appetit‘alienum.
1122 4045 1539 4124 Scilicettorum
1563 4040 1633 4101 de
1656 4060 1890 4124 quo_su-

331 4140 415 4183 ra.
448 4118 476 4182 1
509 4114 726 4193 Begu"!
757 4118 933 4184 0011)..
1025 4120 1172 4189 Lips.
1216 4128 1278 4193 et
1302 4118 1394 4193 ed.
1442 4116 1610 4193 Turn.
1652 4114 1715 4172 ac
1753 4116 1892 4172 Sou-

333 4214 479 4262 ron.,
509 4188 697 4250 aliane.
715 4190 1004 4265 —Appetit
1029 4188 1226 4265 aliena.
1246 4190 1483 4265 Alienum
1506 4188 1557 4242 in
1582 4199 1773 4265 neutro
1794 4205 1888 4265 su-

288 4285 411 4325 mas
436 4260 488 4323 in
517 4277 703 4322 nostro
721 4260 1000 4330 loco;'non
1028 4264 1172 4317 enim
1196 4263 1353 4317 debet
1378 4260 1443 4314 ad
1468 4270 1644 4319 torum
1675 4260 1888 4326 referri,

288 4344 420 4413 quia
453 4355 669 4395 omnem
712 4334 1245 4413 libid_in.em_lcgibus
1270 4333 1511 4400 vetitam,
1542 4348 1651 4388 non
1682 4341 1889 4387 tantum

290 4406 618 4469 adulterium
651 4407 955 4481 proscribit.
989 4406 1123 4463 BUN.

1991 3491 2114 3534 mor
2141 3477 2211 3533 de
2258 3494 2366 3551 quo
2397 3479 2484 3535 hic
2532 3479 2875 3545 Lactantius,
2908 3479 3042 3535 nihil
3088 3476 3232 3534 aliud
3278 3487 3392 3548 est,
3435 3493 3598 3551 quam

1991 3564 2172 3623 amor,
2207 3566 2312 3621 quo
2338 3549 2431 3606 ﬁlii
2457 3553 2582 3608 boni
2633 3561 2882 3622 parentes
2931 3552 3182 3623 prosequi
3223 3551 3400 3607 solent
3428 3549 3601 3622 {quia

1991 3620 2082 3675 hic
2107 3620 2258 3677 amur
2286 3624 2479 3678 timore
2507 3620 2685 3693 aliquo
2716 3620 3013 3693 permixtus
3041 3620 3154 3692 est,
3179 3631 3306 3679 tunc
3341 3620 3599 3679 reveren—

1993 3693 2065 3748 tia
2096 3693 2319 3759 Latinis,
2351 3695 2465 3748 sive
2496 3697 2656 3749 etiam
2689 3697 2966 3750 veneratio
2995 3694 3214 3749 dicitur.

2068 3764 2324 3835 Spectata:
2348 3775 2465 3819 sunt
2482 3766 2615 3819 enim
2641 3782 2861 3836 semper,
2885 3775 3276 3837 spectanturque
3301 3764 3492 3820 adhuc.
3522 3766 3602 3822 Ita

1995 3851 2186 3892 omnes
2210 3853 2376 3907 prope
2399 3853 2529 3893 mss.
2556 3838 2615 3893 In
2643 3840 2679 3892 2
2709 3838 2916 3895 Bonan.
2945 3849 3002 3893 et
3025 3837 3157 3892 Tax.
3186 3846 3272 3893 est
3306 3852 3602 3908 semperque

1997 3918 2328 3979 spectantur;
2355 3910 2409 3965 in
2432 3908 2594 3965 Cauc.
2631 3917 2686 3966 et
2716 3910 2741 3964 1
2766 3908 2922 3966 Colb.
2954 3919 3012 3965 et
3035 3910 3071 3966 9
3100 3909 3260 3966 editis
3282 3908 3436 3966 deest
3470 3925 3603 3965 sem-

2034 3996 2108 4035 er.
3644 3988 3653 3996 ’

1996 3998 2263 4109 perilorret
2290 4054 2491 4110 animus
2515 4054 2797 4110 recordari.
2822 4053 3054 4123 Antiqua
3071 4053 3359 4123 elegantia,
3380 4052 3604 4124 optimis

1996 4125 2299 4194 quibusque
2325 4126 2577 4181 sitiemni.
2606 4125 2806 4192 Livius,
2835 4125 2928 4181 lib.
2958 4140 3019 4191 tt,
3039 4139 3091 4181 c.
3118 4126 3187 4181 57
3219 4142 3233 4179 :
3268 4124 3457 4180 Horret
3481 4125 3605 4179 ani-

1999 4211 2132 4262 mus,
2182 4213 2244 4250 ne
2269 4197 2391 4262 quid
2419 4197 2709 4252 inconsulte
2737 4214 2797 4251 ac
2829 4209 3012 4252 temere
3039 4198 3150 4266 ﬁat.
3179 4196 3403 4263 Plinius,
3455 4196 3492 4250 l.
3526 4211 3603 4260 Vl.

1995 4267 2155 4334 epist.
2184 4267 2289 4323 20:
2314 4269 2522 4324 Animus
2539 4270 2829 4324 meminisse
2850 4275 3039 4322 horret.
3070 4267 3244 4335 Lact.,
3272 4269 3308 4322 l.
3335 4266 3604 4334 vu,c.15:

1998 4336 2191 4393 Horret
2213 4341 2417 4395 animus
2448 4340 2635 4394 dicere.
2664 4339 2947 4395 Bonarum.

2067 4409 2384 4466 Immanium
2428 4412 2722 4467 bestiarum.
2764 4411 2867 4465 Hic
2906 4408 3155 4481 intelligit
3192 4407 3601 4481 crudelissimos

371 4506 477 4562 Sed
504 4479 807 4560 iracundum
840 4517 962 4556 esse.
994 4499 1219 4554 llabitus
1247 4511 1376 4567 ergo
1402 4495 1628 4551 vitiosus
1653 4502 1737 4549 est
1761 4511 1773 4547 :
1796 4508 1893 4567 su-
1918 4479 1973 4540 D
1998 4482 2248 4567 homines
2281 4480 2851 4567 ιγττιηηοε,λιιὶρξίιμεξ⁸
2880 4479 3112 4567 quorum
3154 4479 3455 4567 ministerio
3480 4480 3602 4567 Vim-7

288 4580 443 4636 bitus
471 4576 639 4632 animi
670 4584 867 4641 mutus,
900 4573 1200 4642 praesertim
1227 4585 1293 4624 ex
1316 4566 1467 4642 iusta
1508 4581 1697 4622 caussa
1716 4607 1730 4630 ,
1760 4566 1891 4620 vitio

291 4659 464 4717 caret,
504 4651 661 4719 juxta
691 4638 862 4701 illudi
885 4638 1200 4719 Irascimini,
1239 4650 1285 4719 et
1317 4638 1472 4719 nolite
1514 4653 1740 4719 peccare,
1781 4647 1889 4719 etc.

292 4706 701 4780 Animadvertis
741 4733 869 4788 ergo
894 4713 1343 4791 _circumstantias
1372 4710 1439 4791 ad
1472 4706 1679 4791 caussa:
1705 4706 1896 4791 defen-

292 4796 508 4850 sionem
556 4782 842 4862 plurimum
886 4788 1086 4862 facere.
1140 4782 1518 4862 liachalratri
1571 4782 1893 4862 imprecari,

294 4850 576 4937 peccatum
596 4873 681 4919 est
703 4879 716 4915 :
743 4861 841 4937 sed
863 4860 1110 4937 videmus
1130 4854 1424 4937 Apostolus
1446 4850 1793 4934 praeceptoris
1813 4851 1898 4934 sui

294 4927 553 5006 exemplo
595 4937 711 4991 sine
738 4931 968 4991 crimine
994 4946 1101 4986 non
1128 4927 1298 4985 semel
1330 4927 1381 4982 in
1410 4927 1519 4981 iras
1548 4927 1817 4981 exarsisse
1842 4927 1895 4977 in

294 5010 446 5065 vitia.
479 5011 685 5064 BETUL.
1043 5072 1062 5077 _
1138 5070 1171 5077 _
1564 5067 1622 5077 ,Α
1741 5066 1754 5077 .
1836 5065 1867 5077 Α.

370 5081 472 5135 Aut
502 5097 617 5135 cum
653 5096 755 5135 non
792 5084 1007 5150 oportet.
1043 5072 1099 5129 in
1138 5070 1171 5129 7
1208 5070 1424 5143 scriptis
1466 5077 1519 5125 et
1558 5067 1627 5124 12
1667 5066 1901 5140 vulgatis

297 5162 406 5216 est,
434 5164 522 5209 aut
550 5152 650 5207 cui.

376 5209 572 5279 Earum
596 5239 763 5279 rerum
791 5222 1029 5291 impetus.
1059 5215 1257 5274 Addidi
1285 5233 1475 5285 rerum,
1504 5230 1569 5269 ex
1601 5228 1731 5269 mss.
1760 5209 1900 5283 quod

298 5305 359 5355 in
388 5297 556 5370 'i‘liys.
588 5294 807 5370 e_tgGa|l_.
834 5294 1006 5348 deest.

376 5361 584 5425 Currat.
612 5368 743 5424 Mss.
774 5366 810 5422 5
832 5381 944 5423 rec.
968 5373 1023 5420 et
1043 5361 1078 5417 5
1107 5362 1263 5429 edil.,
1294 5370 1449 5417 caret.

380 5463 655 5520 Summum
681 5470 889 5515 metum.
939 5458 1217 5513 Summum
1266 5470 1374 5510 non
1420 5455 1475 5509 iu
1522 5468 1612 5517 se;
1643 5460 1727 5507 est
1762 5449 1906 5506 enim

302 5552 429 5594 cum
455 5548 640 5589 amore
658 5541 715 5588 et
743 5531 927 5606 lartitia
973 5529 1293 5599 coujunctus
1320 5544 1335 5580 :
1362 5526 1735 5606 sed_respcctu
1765 5524 1904 5604 ejus,

302 5609 398 5677 qui
426 5605 706 5670 metuitur,
733 5609 825 5673 qui
846 5605 1035 5677 utique
1065 5596 1308 5655 summus
1327 5608 1430 5677 est.
1465 5596 1906 5677 Timorctu‘euiut

305 5666 405 5736 i'lei
438 5666 706 5748 intelligit,
724 5666 899 5748 quem
928 5666 1105 5748 verius
1142 5671 1470 5748 reuerentiam
1494 5668 1673 5748 dicas.
1702 5666 1869 5720 CRLL.

382 5752 483 5818 Qui
511 5739 873 5803 artteinb'eunt
902 5746 1101 5808 metuit,
1131 5756 1235 5818 etc.
1268 5743 1382 5818 Non
1410 5739 1910 5818 utjudiccmseve-

302 5808 454 5893 rum,
481 5822 574 5897 qui
599 5824 758 5880 timor
779 5818 994 5879 servilis
1016 5814 1335 5897 atheelogis
1348 5812 1674 5872 nominatur.
1704 5808 1817 5870 Sed
1840 5809 1907 5866 ti-

1999 4568 2124 4624 pera
2135 4562 2277 4608 tores
2302 4551 2353 4607 iu
2382 4553 2640 4608 vexandis
2656 4551 2975 4608 Christianis
2994 4551 3300 4617 utebantur;
3324 4551 3605 4624 multoties

1999 4621 2141 4697 enim
2174 4626 2222 4697 iu
2253 4624 2464 4680 cineres
2496 4636 2791 4697 martyrum
2831 4625 3075 4697 smvitutn
3117 4633 3220 4697 est,
3247 4632 3307 4679 ut
3334 4637 3474 4676 novo
3503 4621 3606 4697 hoc

2000 4696 2335 4752 crudelitatis
2365 4691 2673 4752 commento
2703 4711 2918 4765 omnem
2936 4691 3243 4752 Christiano
3289 4691 3608 4765 resurgendi

2001 4782 2152 4837 spem
2210 4768 2582 4834 praeciderent.
2619 4767 2750 4823 Vide
2764 4758 2938 4839 ‘caput
2960 4768 2996 4822 2
3028 4767 3148 4823 lihri
3180 4766 3267 4839 de
3292 4758 3610 4839 Mort.'per-

2002 4835 2188 4922 secuta
2208 4841 2298 4896 ubi
2342 4840 2520 4922 legere
2547 4848 2660 4905 est,
2687 4855 2802 4895 ossa
2848 4835 3307 4922 '(martyrumliu
3351 4837 3610 4907 pulverem

2004 4913 2316 4967 comminuta
2344 4909 2602 4983 inv/lumen
2631 4922 2719 4966 aut
2763 4909 2903 4966 mare
2930 4909 3165 4983 projecta
3206 4909 3389 4983 fuisse.

2078 4983 2249 5039 Metus
2282 4976 2483 5040 βάζω
2510 4994 2614 5053 est,
2644 4976 2947 5040 reverentia
2972 4976 3059 5038 vel
3086 4988 3248 5036 metus
3279 4976 3511 5037 hominis
3540 4994 3612 5036 ne

2006 5056 2118 5113 Deo
2148 5058 2447 5127 distiliceat.

2081 5120 2365 5200 Auferendi
2386 5136 2504 5183 sunt
2525 5136 2710 5182 metus.
2732 5124 2963 5200 Pluralis
2988 5133 3174 5181 nostro
3197 5120 3618 5200 frequens._l_.ib_.

2006 5217 2061 5269 v,
2088 5192 2211 5271 cap.
2239 5200 2344 5265 20;
2376 5200 2467 5255 lib.
2494 5215 2566 5254 vit
2590 5213 2708 5267 cap.
2755 5195 3104 5271 16;_Seneca
3133 5192 3386 5271 epistJll’i
3413 5213 3432 5271 ς
3462 5192 3618 5271 Nulli

2012 5267 2118 5327 tum
2148 5267 2443 5342 perniciosi,
2468 5280 2573 5342 tam
2596 5267 2969 5342 irrevocabiles,
3000 5285 3150 5341 quant
3180 5267 3623 5342 lyntpltatici_mc-

2011 5354 2091 5399 tus
2117 5338 2254 5399 sunt.
2284 5343 2457 5413 Epist.
2487 5339 2560 5397 24
2590 5359 2605 5398 :
2636 5339 2921 5413 Vanosesse
2948 5338 3228 5413 inferorum
3264 5338 3619 5413 metuaﬂtttj.

2090 5415 2158 5471 Ut
2202 5416 2285 5469 llic
2316 5408 2456 5469 solus
2501 5413 2839 5481 relinquatur.
2884 5411 2977 5467 Sic
3004 5408 3227 5467 restitui
3254 5425 3321 5466 ex
3364 5412 3532 5480 antiq.
3564 5408 3624 5464 2.

2013 5484 2249 5551 Bonon.,
2274 5487 2308 5541 7
2328 5486 2486 5555 Reg,
2511 5485 2546 5540 4
2563 5485 2717 5540 Colb.
2737 5484 2965 5554 aliisque
2987 5484 3087 5555 e15
3107 5482 3347 5555 excusis:
3368 5481 3398 5555 'i
3420 5482 3618 5555 Script.

2012 5576 2126 5615 rec.
2151 5568 2203 5615 et
2227 5558 2295 5612 12
2321 5552 2521 5629 vulgati
2543 5557 2745 5612 habent
2769 5565 2822 5611 ut
2852 5552 2896 5610 is
2915 5570 2934 5619 ;
2955 5554 3043 5609 ed.
3074 5553 3231 5608 lium.
3262 5552 3421 5619 H70,
3444 5563 3498 5607 ut
3519 5553 3622 5607 his.

2084 5653 2371 5719 Cupiditas.
2399 5652 2492 5706 Est
2513 5650 2863 5715 desiderium;
2891 5648 2968 5703 sic
2994 5647 3136 5719 apud
3164 5646 3378 5702 Celsum
3407 5647 3588 5719 reuerti
3606 5648 3628 5691 ι

2014 5718 2273 5793 cupiditas
2300 5724 2430 5790 cibi;
2459 5733 2511 5778 et
2531 5722 2672 5791 apud
2700 5722 3012 5788 Quintilian.
3032 5718 3188 5795 lucis
3202 5719 3477 5795 cupiditas.
3511 5718 3585 5775 (ἔτι
3605 5740 3631 5752 ·-

2013 5791 2206 5877 piditas
2229 5811 2340 5856 non
2359 5804 2441 5853 est
2463 5795 2647 5853 vitium
2676 5794 2780 5853 nisi
2809 5808 2931 5853 cum
2962 5795 3103 5852 malo
3125 5791 3384 5851 adhaeret.
