4090 6354
538 261 643 316 69?;
1614 263 1798 319 FIRM.
1841 263 2212 320 LACTANTII
2254 262 2458 321 DIVIN.
2502 261 2743 320 INSTIT.
3712 265 3795 323 696

535 395 656 452 quae
683 355 894 436 terrena
924 389 1066 446 sunt,
1095 379 1458 449 concupiscat,
1489 379 1676 435 vitium
1697 389 1815 446 est;
1847 380 2014 435 virtus
2042 395 2134 434 au-
2161 382 2213 443 Α
2238 378 2556 446 descendit;
2586 392 2708 434 cum
2757 378 2825 434 sit
2855 387 2912 435 et
2941 378 3305 450 voluptatibus
3333 378 3707 451 ahStiucnduin,
3755 397 3797 441 ei

539 483 670 540 tem,
697 477 740 530 si
769 475 1028 530 caalestia.
1061 473 1161 540 Qui
1189 475 1330 529 enim
1371 473 1763 546 juStitiaui,qui
1813 475 1998 539 Deum,
2046 473 2138 544 qui

541 569 708 623 vitam
733 578 1066 639 perpetuam,
1097 568 1185 637 qui
1212 567 1382 622 lucem
1404 565 1808 638 sempiternam,
1832 582 2000 637 eaque
2023 581 2139 621 om-

535 661 783 730 nia,qua2
815 659 958 715 Deus
983 658 1188 714 hOmini
1219 660 1518 730 pollicetur,
1542 659 1978 732 consequicupit,
2009 675 2139 731 opes

537 751 692 817 istas,
715 761 771 807 et
824 751 1084 821 honores,
1117 763 1170 808 et
1217 762 1542 824 potentatus,
1575 764 1630 810 et
1657 769 1817 825 regna
1861 754 1974 824 ipsa
2004 767 2137 809 con-

538 854 761 901 temnet.

610 961 761 1017 Dicet
790 960 1015 1018 fortasse
1035 961 1269 1028 Stoicus,
1303 962 1578 1018 voluntate
1612 978 1748 1034 opus
1778 977 1899 1019 esse
1925 963 1992 1018 ad
2027 963 2142 1019 inec

538 1054 942 1124 consequentia,
997 1069 1104 1110 non
1134 1054 1425 1125 cupiditate
1461 1072 1474 1109 :
1507 1055 1615 1109 imo
1645 1070 1773 1110 vero
1819 1071 2006 1125 parum
2057 1063 2143 1110 est

537 1147 699 1203 velle.
732 1147 881 1202 Multi
913 1149 1055 1203 enim
1100 1149 1285 1203 volunt
1317 1166 1329 1201 :
1363 1148 1458 1204 sed
1486 1163 1607 1204 cum
1653 1148 1810 1206 dolor
1847 1149 2143 1205 visceribus

539 1241 854 1307 accesserit,
873 1241 1121 1296 voluntas
1135 1241 1299 1308 cedit,
1322 1241 1586 1312 cupiditas
1604 1251 1944 1313 perseverat;
1962 1257 2084 1313 quas
2097 1242 2141 1297 si

543 1333 730 1400 efficit,
757 1345 814 1389 ut
838 1336 1169 1405 contemptui
1200 1334 1310 1389 sint
1360 1335 1570 1400 omnia,
1600 1350 1718 1405 qua:
1747 1350 1775 1388 a
1805 1335 2017 1390 caeteris
2044 1349 2142 1407 ap-

535 1437 814 1501 petuntur,
836 1443 1044 1483 summa
1066 1429 1235 1483 virtus
1252 1437 1357 1495 est,
1386 1427 1652 1499 siquidem
1670 1428 2015 1484 continentia:
2037 1443 2146 1485 ma-

535 1533 622 1578 ter
661 1531 762 1577 est.
798 1522 1032 1591 Ideoque
1080 1521 1206 1576 illud
1252 1521 1428 1592 potius
1477 1520 1695 1578 efficere
1739 1522 2038 1588 debemus,
2087 1531 2146 1577 ut

537 1613 800 1682 allectus,
829 1615 1022 1686 quibus
1046 1629 1211 1684 prave
1237 1616 1312 1670 uti
1351 1615 1537 1679 vitium
1583 1624 1696 1681 est,
1742 1614 2035 1685 dirigamus
2089 1615 2145 1670 in

535 1718 766 1765 rectum.
817 1708 951 1765 Nam
997 1710 1112 1765 ista:
1167 1710 1555 1766 concitationes
1608 1709 1910 1764 animorum
1957 1709 2144 1780 juncto

2242 473 2486 543 pecunia:
2519 472 2740 530 minime
2787 473 3216 544 temperandum.
3271 473 3404 530 Nam
3437 489 3620 546 parce,
3647 475 3692 531 id
3714 487 3798 546 est,

2241 565 2588 622 mediocriter
2638 567 2712 620 uti
2763 567 3030 637 pecunia,
3080 567 3230 637 quasi
3282 568 3523 639 quaedam
3575 569 3801 639 pusillitas

2240 657 2406 713 animi
2431 668 2534 725 est,
2562 669 2651 713 aut
2676 660 3047 730 prmtimentis,
3076 674 3143 716 ne
3168 660 3268 716 sibi
3301 659 3479 728 desit;
3530 671 3617 716 aut
3642 663 3806 734 despe-

2243 751 2431 816 rantis,
2461 764 2620 821 posse
2649 766 2707 806 se
2736 750 2881 807 illam
2905 766 3186 823 reparare;
3221 761 3315 808 aut
3341 763 3692 824 contemptum
3719 765 3805 812 ter-

2242 845 2497 901 restrium
2530 862 2634 901 non
2663 847 2944 917 capientis.
2976 845 3084 903 Sed
3119 847 3193 902 illi
3237 862 3429 902 rursus
3457 864 3599 917 eum,
3619 849 3704 920 qui
3743 851 3805 907 rei

2245 937 2496 993 familiari
2526 953 2640 994 suae
2669 955 2775 994 non
2809 949 3015 1010 parcat,
3047 938 3331 1010 prodigum
3369 950 3579 996 vocant.
3611 940 3727 995 Nam
3749 942 3806 998 ita

2245 1032 2523 1088 liberalem
2547 1032 2882 1105 distinguunt
2910 1048 2942 1088 a
2972 1033 3222 1104 prodigo,
3251 1033 3398 1104 quod
3429 1033 3713 1095 isliberalis
3735 1036 3807 1103 sit,

2244 1128 2333 1197 qui
2366 1135 2420 1181 et
2443 1125 2583 1182 bene
2615 1125 2844 1191 meritis,
2874 1136 3067 1182 etcum
3119 1136 3362 1197 Oportet,
3393 1135 3450 1182 et
3478 1136 3716 1197 quantum
3742 1143 3811 1183 sa-

2247 1219 2314 1271 tis
2340 1225 2422 1272 est
2441 1259 2456 1283 ,
2479 1217 2763 1288 largiatur;
2796 1218 3050 1290 prodigus
3073 1233 3223 1284 vero,
3253 1219 3346 1290 qui
3375 1227 3432 1274 et
3474 1234 3576 1274 non
3604 1219 3809 1290 meritis,

2246 1320 2300 1366 et
2327 1327 2448 1366 cum
2473 1326 2610 1384 opus
2634 1326 2740 1368 non
2768 1320 2871 1377 cst,
2900 1320 2955 1367 et
3002 1312 3120 1368 sine
3156 1321 3414 1383 respectu
3453 1312 3531 1366 rei
3571 1311 3811 1367 familiaris

2247 1403 2509 1459 ell’undat.

2317 1521 2458 1592 Quid
2488 1523 2658 1594 ergo?
2689 1521 3055 1592 Prodigumne
3092 1520 3343 1577 dicemus
3386 1536 3532 1587 eum,
3562 1521 3647 1591 qui
3675 1520 3812 1578 mise-

2247 1613 2498 1670 ricordiae
2528 1629 2688 1670 causa
2724 1613 2924 1669 tribuat
2954 1614 3246 1684 egentibus
3262 1612 3503 1668 victum?
3530 1612 3681 1684 Atqui
3702 1612 3813 1667 mul-

2250 1719 2361 1762 tum
2413 1706 2578 1763 refert
2623 1716 2878 1762 utrumne
2926 1707 3123 1762 scortis
3173 1714 3402 1778 propter
3448 1705 3815 1760 lihidiucmlar-

539 1803 722 1859 currui
760 1803 969 1859 similes
998 1811 1162 1871 sunt;
1198 1803 1250 1858 in
1297 1818 1402 1874 quo
1443 1813 1590 1858 recte
1635 1801 1967 1858 moderando
1996 1817 2142 1857 sum-
2171 1787 2220 1848 Β
2246 1802 2414 1873 giare,
2445 1816 2512 1855 an
2542 1799 2756 1856 miseris
2796 1811 3014 1872 propter
3060 1799 3464 1857 humanitatem
3497 1817 3510 1854 :
3552 1811 3715 1854 utrum
3741 1813 3816 1870 pe-

540 1911 691 1951 mum
723 1897 951 1952 rectoris
978 1895 1214 1952 oflieium
1245 1905 1348 1963 est,
1380 1896 1592 1951 utviam
1618 1901 1835 1952 noverit
1862 1915 1875 1950 :
1907 1911 2069 1966 quam
2100 1895 2143 1950 si

534 1989 768 2055 tenebit,
814 1989 1108 2060 quamlibet
1137 1990 1407 2047 concitate
1457 1989 1600 2054 ierit,
1643 2004 1749 2044 non
1777 1987 2034 2044 ollendet.
2088 1988 2144 2046 Si

537 2091 717 2138 autem
749 2081 1102 2144 aberraverit.
1143 2082 1268 2138 licet
1297 2081 1505 2152 placide
1560 2096 1624 2138 ac
1669 2083 1860 2138 leniter
1899 2093 2008 2147 eat,
2056 2092 2147 2138 aut

538 2190 637 2246 per
665 2174 981 2247 confragosa
1002 2175 1306 2240 vexabitur,
1335 2186 1426 2230 aut
1455 2192 1550 2246 per
1579 2177 1870 2248 prmcipitia
1901 2177 2144 2245 labetur,

539 2279 630 2321 aut
658 2277 824 2332 certe,
856 2283 964 2339 quo
987 2283 1092 2322 non
1121 2277 1205 2324 est
1231 2283 1366 2338 opus
1393 2310 1406 2334 ,
1425 2266 1719 2324 deferetur.
1738 2269 1828 2324 Sic
1841 2283 2033 2325 currus
2059 2270 2148 2326 ille

541 2361 690 2428 vitae,
718 2362 806 2430 qui
834 2359 1135 2428 alfectibus,
1159 2361 1305 2418 velut
1329 2361 1483 2433 equis
1507 2362 1816 2432 pernicibus
1844 2362 2078 2430 ducitur,
2102 2363 2149 2418 si

541 2453 682 2507 viain
715 2463 918 2509 rectam
947 2461 1147 2518 teneat,
1183 2453 1434 2524 fungetur
1459 2452 1657 2510 ofﬁcio.
1690 2454 1861 2510 Metus
1888 2455 2068 2525 igitur,
2096 2465 2153 2512 et

553 2548 844 2619 cupiditas,
875 2548 920 2603 si
967 2548 1317 2620 projiciantur
1344 2549 1396 2603 in
1426 2559 1660 2613 terram,
1695 2551 1819 2606 vitia
1853 2551 2008 2618 fient;
2053 2552 2152 2606 vir-

544 2649 690 2696 tutes
737 2651 942 2707 autem,
975 2643 1018 2696 si
1051 2641 1117 2695 ad
1149 2641 1329 2719 divina
1386 2642 1706 2698 referantur.
1754 2642 2149 2699 Parcimoniam

545 2741 734 2787 contra
757 2732 969 2788 virtutis
1010 2733 1129 2788 lOCo
1158 2733 1354 2788 habent
1388 2752 1399 2786 :
1430 2750 1551 2804 qua;
1572 2735 1615 2790 si
1657 2735 1888 2790 studium
1922 2745 2004 2792 est
2059 2736 2154 2790 ha-

540 2829 724 2895 bendi,
758 2844 863 2884 non
896 2837 1071 2896 potest
1095 2845 1218 2885 esse
1246 2831 1448 2894 virtus;
1483 2831 1607 2901 quia
1645 2831 1698 2885 in
1740 2831 2032 2900 augendis,
2064 2831 2153 2888 vel

549 2921 764 2976 tuendis
812 2922 1158 2978 terrestribus
1197 2922 1356 2978 bouis
1384 2932 1494 2978 tota
1524 2930 1787 2981 versatur.
1817 2923 1925 2979 Nos
1975 2934 2153 2980 autem

550 3030 822 3071 summum
849 3016 1048 3072 bonum
1076 3031 1182 3073 non
1209 3016 1494 3073 referimus
1515 3017 1581 3072 ad
1608 3032 1834 3090 corpus;
1880 3017 1975 3075 sed
1997 3034 2159 3076 omne

551 3109 791 3165 officium
823 3111 989 3166 solius
1016 3113 1210 3168 animae
1238 3113 1648 3168 conservatione
1700 3114 1970 3170 metimur.
2004 3115 2158 3184 Quod

2249 1895 2468 1951 euniam
2503 1903 2648 1948 tuam
2678 1893 3051 1964 perductores.
3080 1893 3359 1964 aleatores
3386 1935 3400 1960 ,
3431 1894 3737 1965 lenonesque
3753 1893 3816 1948 di-

2249 1988 2483 2058 ripiant;
2521 2002 2590 2042 an
2642 1986 2790 2042 illam
2826 1987 3011 2057 pietati
3042 2002 3104 2041 ac
3150 1986 3262 2042 Deo
3307 1994 3533 2056 przestes
3562 2007 3574 2044 :
3605 1993 3815 2042 utrumne

2250 2080 2395 2136 illam
2425 2081 2598 2135 ventri
2632 2094 2694 2134 ac
2722 2079 2862 2150 gula:
2891 2079 3140 2150 ingeras,
3172 2095 3242 2134 an
3274 2080 3328 2133 in
3364 2079 3611 2134 thesauro
3629 2078 3814 2148 iustitia:

2253 2192 2508 2248 reponas.
2554 2175 2626 2234 Ut
2675 2191 2804 2246 ergo
2850 2175 3037 2230 vitium
3084 2184 3204 2242 est,
3266 2174 3554 2231 effundere
3580 2175 3628 2229 in
3658 2173 3814 2228 malam

2253 2281 2462 2343 partem
2493 2288 2507 2325 :
2533 2269 2688 2325 sicin
2722 2269 2944 2335 bonam,
2978 2269 3169 2323 virtus.
3197 2266 3255 2322 Si
3285 2268 3458 2323 virtus
3483 2276 3583 2332 est,
3607 2280 3700 2321 non
3720 2279 3814 2334 par-

2253 2380 2378 2420 cere
2409 2364 2626 2434 opibus,
2655 2377 2775 2433 quae
2805 2370 3033 2433 possunt
3068 2361 3338 2430 reparari,
3365 2369 3424 2415 ut
3450 2358 3671 2415 hominis
3689 2359 3816 2411 vitam

2254 2466 2548 2525 sustentes,
2566 2471 2686 2528 qua:
2712 2455 2951 2525 reparari
2978 2470 3083 2509 non
3109 2462 3329 2526 potest;
3351 2454 3536 2508 vitium
3561 2453 3704 2523 igitur
3722 2466 3818 2521 par-

2254 2549 2486 2606 cimonia
2504 2557 2605 2603 est.
2626 2547 2806 2616 Quare
2829 2545 2959 2604 nihil
2978 2545 3123 2601 aliud
3146 2545 3412 2612 dixerim,
3437 2561 3592 2616 quam
3615 2545 3814 2608 insanos,

2255 2645 2344 2716 qui
2377 2643 2676 2709 hominem,
2699 2641 2832 2697 mite
2864 2655 2928 2697 ac
2957 2641 3158 2696 sociale
3179 2641 3406 2708 animai,
3436 2640 3624 2696 orbant
3648 2652 3818 2694 suono—
3868 2657 3872 2660 ~

2255 2736 2441 2802 mine;
2481 2736 2573 2804 qui
2603 2733 2806 2790 evulsis
2833 2730 3115 2789 affectibus
3139 2773 3154 2798 ,
3203 2732 3407 2802 quibus
3434 2731 3605 2785 omnis
3645 2735 3819 2786 constat

2245 2815 2599 2896 humanitas,
2633 2827 2700 2883 ad
2739 2826 3075 2882 immobilem
3118 2835 3402 2895 stuporem
3446 2823 3632 2880 mentis
3657 2821 3816 2892 perdu-

2257 2938 2384 2980 cere
2415 2922 2648 2986 volunt;
2685 2919 2812 2976 dum
2863 2919 3081 2974 student
3109 2919 3352 2974 animum
3385 2912 3818 2990 perturbationibus

2259 3015 2510 3082 liberare,
2541 3022 2596 3070 et
2625 3012 2704 3085 (ut
2745 3011 2847 3083 ipsi
2881 3009 3086 3080 dicunt)
3134 3011 3378 3081 quietum
3411 3007 3812 3080 tranquillumque

2261 3109 2513 3166 reddere.
2544 3107 2701 3176 Quod
2733 3107 2849 3162 fieri
2877 3121 2985 3160 non
3014 3114 3219 3160 tantum
3250 3119 3358 3159 non
3387 3112 3580 3173 potest,
3613 3099 3720 3171 quia
3745 3099 3807 3151 vis

550 3201 595 3256 si
629 3199 725 3268 (ut
753 3188 912 3272 supra
943 3203 1137 3286 docui)
1184 3204 1508 3273 patrimonio
1559 3202 1780 3259 minimc
1829 3178 2154 3277 parcendum
2187 3178 2233 3242 C
2266 3213 2320 3259 et
2346 3202 2483 3258 ratio
2526 3203 2644 3271 ejus
2684 3200 2736 3255 in
2769 3210 2917 3255 motu
2965 3207 3082 3265 est;
3117 3197 3213 3253 sed
3255 3213 3326 3253 ne
3371 3204 3579 3270 oportet
3620 3191 3815 3286 quidem.

558 3303 663 3359 est,
687 3303 741 3347 ut
766 3293 1174 3362 humanitatem,
1200 3295 1571 3367 justitiamque
1598 3306 1906 3362 teneamus;
1938 3314 2045 3353 non
2076 3307 2159 3354 est

557 3385 727 3442 virtus
759 3388 896 3458 frugi
926 3403 1046 3444 esse
1076 3404 1090 3442 :
1127 3389 1271 3460 quod
1304 3405 1498 3444 nomen
1530 3389 1744 3445 virtutis
1798 3391 1976 3460 specie
2023 3390 2160 3448 fallit

556 3495 622 3537 ac
648 3482 868 3554 decipit.
918 3482 1015 3538 Est
1063 3484 1207 3538 enim
1250 3484 1544 3553 frugalitas,
1594 3484 1912 3540 abstinentia
1943 3485 2157 3556 quidem

554 3575 887 3646 voluptatum
927 3593 940 3630 :
971 3575 1065 3632 sed
1087 3590 1153 3632 eo
1182 3575 1390 3644 vitium,
1423 3576 1547 3648 quia
1593 3591 1658 3632 ex
1693 3577 1923 3634 habendi
1974 3594 2161 3634 amore

2266 3296 2401 3362 Quia
2429 3299 2571 3350 sicut
2591 3307 2730 3364 aqua
2761 3305 2977 3362 semper
2998 3289 3186 3360 jacens
3218 3299 3271 3345 et
3299 3289 3480 3360 quieta
3509 3283 3764 3341 insalubris
3779 3287 3820 3335 et

2268 3390 2436 3461 magis
2473 3387 2685 3443 turbida
2727 3396 2810 3442 est
2843 3403 2857 3440 :
2905 3385 2983 3440 sic
3029 3385 3244 3439 animus
3277 3383 3536 3437 immotus
3560 3397 3618 3434 ac
3644 3386 3819 3444 torpens

2269 3483 2475 3539 inutilis
2497 3489 2580 3537 est
2599 3481 2760 3536 etiam
2784 3478 2884 3535 sibi
2915 3496 2930 3542 ;
2965 3492 3065 3534 nec
3091 3479 3257 3532 vitam
3279 3478 3451 3548 ipsam
3483 3474 3612 3530 tueri
3636 3468 3810 3543 poterit,

2268 3578 2394 3650 quia
2427 3589 2529 3631 nec
2558 3573 2718 3630 faciet
2746 3571 3064 3645 quidquam,
3098 3585 3200 3626 nec
3227 3569 3484 3640 cogitabit
3512 3585 3526 3622 :
3559 3577 3671 3623 eum
3702 3560 3817 3632 cogi-

1929 3713 2285 3773 VARIORUM
2323 3710 2554 3770 ΝΟΤιΕ.

635 3854 955 3911 Potentatus.
987 3854 1182 3909 Rarius
1207 3852 1469 3920 verbum;
1495 3868 1591 3907 nec
1623 3862 1800 3908 tamen
1833 3851 1954 3907 ideo
1984 3851 2162 3907 minus

564 3925 834 3981 Latinum.
857 3923 1038 3981 Caesar
1060 3926 1192 3980 Bell.
1225 3924 1442 3991 Gallie.,
1468 3925 1559 3979 lib.
1589 3939 1628 3989 ι,
1660 3940 1780 3992 cap.
1809 3925 1872 3979 51
1906 3941 1918 3976 :
1957 3922 2026 3976 Hi
2047 3940 2166 3978 cum

564 4005 829 4065 tantopere
851 3997 913 4050 de
938 4007 1198 4064 potentatu
1222 3997 1353 4048 inter
1378 4012 1432 4050 se
1474 3996 1661 4048 multos
1690 4012 1852 4049 annos
1894 3995 2166 4049 contende-

565 4079 699 4122 rent.
716 4069 779 4121 Et
797 4067 999 4131 Livius,
1028 4068 1063 4120 l.
1081 4083 1154 4130 vr,
1171 4085 1219 4120 c.
1239 4067 1307 4121 38
1327 4085 1338 4118 :
1362 4065 1580 4120 /Emulo
1600 4077 1888 4134 potentatus
1909 4067 2163 4120 inimicus.

645 4138 931 4193 Purumest
951 4140 1096 4192 velle.
1123 4138 1411 4209 Eleganter
1428 4137 1679 4208 exprimit
1708 4137 1794 4191 illa
1822 4136 1998 4193 Ovidii
2027 4139 2061 4191 l.
2087 4153 2167 4204 tu,

571 4209 640 4266 de
667 4210 839 4266 Ponto
871 4227 907 4278 l,
946 4209 1016 4266 55
1048 4228 1061 4263 :

670 4301 674 4306 ’
697 4323 842 4375 Velle
868 4337 1037 4388 parum
1063 4333 1163 4388 est;
1188 4327 1376 4389 cupias,
1415 4331 1464 4374 ut
1488 4337 1542 4375 re
1560 4322 1779 4388 potiaris,
1805 4330 2012 4387 oportet.

572 4440 728 4497 Adde
780 4451 896 4498 not.
938 4441 1003 4496 ad
1052 4443 1197 4497 Lact.
1233 4459 1308 4509 Vl,
1354 4458 1403 4497 e.
1453 4441 1567 4496 15:
1608 4440 1946 4512 prwstabilius
1989 4440 2174 4494 bonum

579 4529 779 4596 cupere
799 4531 997 4596 “quam
1027 4513 1183 4594 velle.
1214 4514 1346 4596 βυΝ..

650 4583 937 4648 Quamlibet
960 4587 1208 4638 concitate
1242 4587 1375 4639 ierit.
1411 4587 1436 4640 l
1473 4584 1601 4656 Reg.
1633 4594 1764 4652 τοι,
1796 4585 1817 4640 1
1851 4584 2003 4640 Colb.
2061 4592 2116 4640 et
2141 4584 2173 4638 7

575 4656 697 4712 edd.
735 4658 847 4710 licet
870 4673 1020 4726 quam
1047 4659 1294 4710 concitate
1315 4657 1449 4712 ierit.

655 4727 757 4782 Per
786 4729 1112 4800 confragosa.
1143 4727 1317 4799 Supra
1343 4743 1461 4798 cap.
1490 4729 1521 4781 7
1552 4737 1606 4783 et
1632 4728 1685 4795 5,
1718 4728 1849 4781 viam
1893 4731 2174 4800 confrago-

577 4816 705 4856 sam.
742 4800 798 4854 ld
828 4810 929 4865 est,
946 4816 1198 4866 asperam.

655 4871 744 4928 Sic
764 4888 944 4926 currus
968 4873 1056 4925 ille
1099 4873 1231 4926 vitaz.
1263 4869 1336 4925 Ita
1381 4869 1633 4924 meliores
1673 4885 1800 4924 mss.
1838 4868 1974 4924 Vide
2018 4884 2178 4938 supra

579 4944 791 5009 currui;
821 4953 875 5000 et
906 4942 1009 5001 hic.
1046 4945 1188 5012 equis
1215 4943 1517 5014 pernicibus,
1534 4942 1756 5014 ducitur.
1778 4941 1905 5014 Alii,
1940 4957 2140 5014 cursus.

653 5015 853 5069 Anima:
882 5011 1275 5069 conservatione.
1325 5013 1449 5069 Mss.
1498 5011 1708 5068 2Colb.
1739 5022 1792 5067 ct
1839 5011 1969 5067 edit.
2018 5011 2175 5068 Rom.

583 5087 726 5142 1740
744 5129 756 5148 .
789 5088 1190 5142 conversatione.

661 5157 752 5211 Est
775 5160 906 5211 enim
929 5158 1222 5228 frugalitas,
1243 5166 1347 5212 etc.
1381 5156 1633 5234 Suntqni
1653 5160 1981 5234 σωφροσύνην
2009 5171 2186 5227 grmce

587 5229 784 5283 dictam
836 5239 1235 5300 putantzquam
1267 5237 1442 5283 tamen
1473 5228 1665 5283 Cictsro
1716 5228 1824 5282 tuin
1874 5238 2182 5296 temperan-

584 5300 739 5363 tiam,
771 5311 876 5354 tum
929 5302 1348 5356 tuoderatiOneni
1400 5300 1540 5354 solet
1593 5301 1894 5370 appellare,
1939 5315 2184 5355 nonnun-

587 5387 746 5441 quam
776 5374 933 5426 etiam
976 5373 1310 5428 modestiam.
1352 5371 1508 5426 Certe
1536 5370 1852 5437 frugalitatis
1881 5371 2019 5441 apud
2051 5371 2187 5425 Lac-

586 5443 821 5516 lantiunt
841 5444 1082 5516 definitio
1123 5443 1368 5512 congruit
1415 5458 1536 5498 Clllll
1569 5459 1668 5510 ea,
1720 5459 1821 5516 qua
1871 5444 2043 5499 Graeci
2096 5448 2186 5503 τήν

584 5513 908 5588 σωφροσύνην
929 5515 1205 5588 definiunt.
1235 5516 1440 5570 Βετυι..

714 5587 1024 5658 rwtimenlt's.
1055 5585 1144 5642 Sic
1173 5588 1378 5642 restitui
1402 5585 1694 5641 exleditis
1720 5596 1774 5643 et
1804 5602 1933 5642 mss.
1964 5588 1998 5643 8
2026 5586 2184 5658 Reg.,

591 5657 625 5711 '5
651 5656 887 5714 Colbert.
921 5658 1147 5728 aliisque
1176 5657 1612 5728 plurimis.Quod
1641 5659 1860 5713 verbum
1892 5671 1971 5716 est
1996 5656 2188 5714 Plauto

589 5730 846 5804 usitatum
869 5731 929 5804 in
959 5727 1208 5804 Prologo_
1236 5731 1507 5804 A_uiphitr.
1532 5745 1587 5796 v,
1633 5728 1726 5804 29.
1785 5729 1982 5804 Scripti
2009 5731 2040 5787 7
2072 5746 2182 5790 rec.

589 5817 711 5860 cum
744 5801 986 5874 pluribus
1013 5799 1170 5860 editis
1195 5799 1396 5860 habent
1422 5803 1752 5872 pertimentis.

2339 3847 2556 3902 Rursus.
2575 3843 2701 3900 Mss.
2721 3843 2756 3898 2
2773 3843 2906 3910 Reg.
2924 3858 3034 3899 rec.
3056 3842 3223 3898 Brun.
3244 3852 3299 3899 et
3316 3842 3404 3899 ed.
3428 3839 3618 3902 Betul.,
3634 3847 3816 3910 prorsus.

2345 3919 2445 3988 Qui
2492 3927 2540 3972 et
2587 3920 2708 3988 bene
2746 3905 2957 3970 meritis.
2992 3917 3080 3988 Sic
3110 3917 3232 3985 lego
3262 3931 3385 3988 cum
3415 3928 3542 3970 mss.
3591 3910 3651 3964 l0

2269 3993 2304 4046 2
2333 3977 2565 4054 Ιῖοηοηη
2596 3987 2638 4058 5
2659 3988 2896 4058 Colbert.
2930 3977 3451 4058 aliisque'pluribus,
3482 3993 3662 4058 etcum
3687 3977 3821 4058 7__edif

2274 4067 2358 4118 tis.
2392 4049 2586 4130 Seripti
2613 4057 2804 4123 Cauc.,
2832 4057 2990 4124 Pen.,
3020 4049 3379 4127 Jun.,'Lips.,
3410 4056 3548 4118 PaL,
3587 4055 3602 4107 l
3629 4049 3758 4131 tiolb.
3780 4055 3820 4127 et

2273 4123 2531 4202 8vulgati
2587 4135 2935 4202 interponunt
2978 4123 3160 4184 cibum
3209 4123 3378 4200 :qua:
3433 4143 3534 4182 vox
3584 4123 3740 4178 addita
3760 4123 3818 4170 ri-

2279 4206 2460 4261 detur.

2355 4275 2713 4331 Perductores.
2743 4275 2818 4329 lta
2848 4273 3056 4328 restitui
3083 4288 3149 4327 ex
3171 4286 3298 4343 mss.
3336 4270 3413 4343 l0;
3432 4271 3594 4343 Reg._,
3622 4266 3652 4321 5
3678 4260 3816 4343 Colit.

2278 4349 2314 4402 2
2338 4345 2777 4408 Clarom.,llrun.
2809 4354 2862 4399 et
2889 4345 2948 4399 ll
2974 4344 3151 4399 editis.
3176 4343 3232 4397 ln
3263 4342 3299 4396 2
3325 4341 3476 4397 Colb.
3504 4332 3555 4396 et
3579 4340 3624 4391 in
3646 4332 3820 4406 quihus-

2281 4422 2402 4474 dam
2445 4418 2658 4474 exeusis
2689 4425 2772 4472 est
2827 4416 3174 4486 productores.
3217 4414 3332 4470 Vox
3369 4413 3674 4486 perductores
3711 4408 3822 4486 etl‘al

2201 4477 2256 4539 Ι)
2282 4473 2420 4562 apud
2439 4490 2754 4544 Ciceronem
2779 4473 2837 4542 ni
2863 4488 2916 4542 in
2942 4486 3165 4562 Verrem
3194 4487 3260 4540 de
3287 4473 3455 4562 νηὶ)ιᾷ
3477 4483 3588 4537 urb.
3614 4493 3715 4562 cap.

2280 4548 2562 4626 L'enonum,
2591 4561 2870 4615 aleatorum
2896 4599 2910 4623 ,
2957 4558 3314 4628 perductorum
3345 4555 3487 4608 nulla
3533 4550 3700 4605 mentio
3732 4548 3818 4612 lia"

2277 4633 2378 4690 Ubi
2413 4632 2678 4688 Asconius
2695 4631 2962 4685 Pedianus
2989 4647 3000 4682 :
3033 4628 3262 4682 Lenones
3285 4637 3400 4681 sunt
3423 4632 3715 4700 scortorum;
3734 4630 3823 4700 μέτ’

2279 4706 2510 4759 ductores
2537 4707 2689 4758 etiam
2717 4703 2990 4755 invitarum
3024 4716 3374 4770 personarum,
3399 4699 3515 4752 etin
3548 4693 3708 4770 quibus
3740 4697 3822 4770 ttu-

2279 4795 2375 4847 pra
2401 4777 2621 4850 egercita
2644 4773 2839 4845 legibus
2861 4758 3205 4850 vindicantur.
3233 4758 3610 4850 Tertulliauu},
3634 4758 3819 4850 ῥειίξίςξ-

2280 4830 2399 4920 cap.
2423 4845 2495 4902 45
2523 4866 2534 4900 :
2569 4830 2819 4910 Lenones,
2860 4844 3207 4916 perductores,
3240 4841 3510 4914 aquarioli.
3536 4830 3612 4891 ex
3634 4830 3820 4920 Wstcu.

2353 4942 2434 4996 Ad
2472 4941 2778 4996 inmobilem
2824 4949 3102 5008 stuporem.
3147 4935 3306 5008 ven.
3336 4933 3492 5008 Mil,
3523 4928 3794 5008 etnRostqt

2283 5015 2516 5068 mobilem
2546 5027 2832 5082 stuporem,
2876 5000 3178 5082 perperam.
3214 5006 3520 5082 Vidﬁinfra.
3555 5000 3822 5082 βιυριξζξβξ·

2546 5062 3008 5151 eis—tridemtqltidc
3023 5079 3114 5151 _lra
3134 5121 3148 5144 ,
3163 5062 3212 5134 c.
3234 5078 3321 5151 l7,
3344 5076 3534 5151 Stupor
3548 5062 3818 5151 insensibili:1

2287 5131 2919 5225 BBi"fi§u'IJ'a{.ié"£i
2946 5131 3185 5206 E'D'emit
3202 5131 3410 5220 faciunt
3444 5131 3758 5202 immobilem,
3782 5131 3821 5184 id

2285 5237 2387 5288 est.
2418 5224 2808 5282 insensibilem.
2841 5224 2974 5279 Bun.

2359 5287 2598 5354 Animum
2636 5293 3092 5365 perturbationibus
3122 5293 3355 5348 liberare.
3401 5292 3473 5368 ita
3487 5299 3622 5368 voss.
3649 5287 3818 5335 omnes.

2286 5371 2344 5428 In
2375 5371 2580 5426 cunctis
2607 5356 2719 5425 fere
2749 5369 2906 5423 editis
2933 5368 3143 5436 legitur,
3171 5382 3203 5417 a
3227 5356 3736 5436 perturbationibus.“

2753 5418 2902 5494 'éi'c'I'
2917 5418 3328 5513 Similitudines
3371 5431 3497 5490 satis
3546 5418 3818 5513 probabiles-

2290 5515 2429 5570 Plin.
2463 5515 2558 5569 lib.
2583 5501 2739 5570 'xxxi.
2771 5527 2890 5581 cap.
2914 5510 2967 5564 5.
2997 5507 3266 5573 υιιςιξνίιυι·
3295 5507 3435 5581 inter
3462 5501 3821 5581 medicos.

2286 5587 2373 5657 jus
2398 5586 2613 5657 generis
2638 5598 2792 5652 aquae
2823 5573 2931 5636 sint
2957 5581 3273 5657 utilissimae.
3307 5578 3614 5657 Staguaptes

2289 5639 2616 5730 queornerito
2642 5639 2903 5730 damnant
2925 5652 3216 5730 ,__utilior_es
3243 5664 3364 5723 qUIB
3399 5639 3822 5730 itolluumiiiﬂ;

2290 5715 2519 5786 litantes.
2556 5730 2622 5784 lit
2652 5726 2822 5782 Varro
2840 5726 2907 5782 de
2929 5715 3010 5779 Re
3033 5723 3233 5780 rustica
3259 5715 3451 5794 aquam
3472 5720 3630 5776 vivam
3653 5715 3822 5766 celetis

2291 5801 2533 5874 prmfert,
2559 5800 2657 5861 lib.
2688 5815 2730 5868 ι,
2759 5811 2879 5870 cap.
2911 5798 2935 5857 1
2966 5795 3171 5856 Beroe.
