4090 6354
251 230 362 295 697

1428 229 1639 291 LIBER
1675 230 1767 290 VI.
1808 229 1899 289 DE
1938 229 2130 289 VERO
2166 227 2416 290 CUL'I‘IJ.

3454 221 3560 285 698

251 354 389 411 tatio
415 351 531 423 ipsa
561 349 693 409 nihil
711 350 856 410 aliud
884 350 974 423 sit,
1002 365 1160 426 quam
1191 352 1388 410 mentis
1413 350 1654 424 agitatio.
1686 350 1850 407 Deni-
1872 354 1928 415 Α
1951 348 2206 415 efficitur,
2237 358 2295 405 ut
2323 363 2499 422 neque
2523 346 2771 417 virtutes,
2793 361 2972 420 neque
2994 343 3251 403 virtutum
3278 344 3561 402 exactissi-

249 465 362 523 que
384 449 477 522 qui
502 448 643 506 bane
667 447 1099 505 immobilitatem
1128 447 1293 504 animi
1321 455 1609 516 asserunt,
1637 446 1851 520 privare
1888 450 1895 451 “

251 542 490 599 animum
534 542 640 597 vita
684 541 916 597 volunt:
962 540 1083 613 quia
1122 541 1231 597 vita
1280 548 1499 597 actuosa
1537 551 1651 604 est.
1703 553 1852 596 mors

249 635 457 706 quieta.
485 634 743 703 Quadam
765 634 928 690 etiam
971 642 1118 690 recte
1158 648 1257 706 pro
1284 634 1578 691 virtutibus
1609 632 1847 691 habent:

254 725 354 784 sed
387 742 572 783 earum
599 726 818 783 modum
848 742 955 783 non
985 736 1188 783 tenent.

324 820 515 878 Virtus
540 829 624 878 est
643 822 984 880 constantia:
1014 836 1120 878 non
1147 831 1202 877 ut
1225 819 1581 879 inferentibus
1602 819 1851 892 iniuriam

251 917 572 972 resistamus
595 957 612 985 ,
657 916 741 972 his
773 917 917 973 enim
954 915 1254 973 cedendum
1284 925 1403 981 est;
1436 916 1578 989 quod
1617 931 1713 972 cur
1738 915 1853 972 fieri

250 1009 491 1077 debeat,
544 1025 670 1066 mox
728 1009 937 1066 docebo
984 1009 1131 1067 :sed
1182 1019 1240 1066 ut
1289 1009 1603 1082 iubentibus
1679 1011 1855 1066 facere

254 1119 360 1160 nos
411 1111 601 1159 contra
649 1102 744 1159 Dei
799 1104 972 1176 legem
1027 1112 1323 1173 contraque
1360 1103 1658 1175 justitiam,
1691 1102 1855 1158 nullis

249 1198 459 1265 minis,
513 1207 606 1254 aut
655 1199 936 1271 suppliciis
996 1206 1298 1255 terreamur
1329 1240 1346 1267 ,
1414 1196 1703 1269 quominus
1761 1197 1855 1253 Dei

243 1290 547 1362 iussionem
593 1288 828 1346 hominis
864 1290 1094 1362 iussioni
1144 1288 1514 1362 praeferamus.
1578 1287 1712 1345 Item
1745 1289 1855 1345 vir-

250 1394 339 1441 tus
366 1393 451 1440 est
486 1426 502 1452 ,
555 1393 786 1441 mortem
833 1397 1223 1440 contemnere:
1255 1399 1360 1438 non
1393 1391 1451 1438 ut
1499 1390 1849 1453 appetatnus,

247 1493 481 1549 eamque
512 1479 651 1533 ultro
678 1477 834 1532 nobis
860 1476 1177 1543 inferamus,
1226 1476 1364 1533 sicut
1404 1475 1853 1548 philosophorum

254 1569 476 1641 plurimi
508 1578 562 1625 et
593 1569 813 1625 maximi
842 1584 986 1641 saepe
1026 1568 1298 1635 fecerunt;
1337 1569 1482 1639 quod
1512 1577 1597 1626 est
1624 1569 1857 1626 scelera-

247 1674 362 1721 tum
392 1680 455 1721 ac
479 1662 743 1720 nefarium
780 1683 793 1719 :
824 1664 917 1720 sed
949 1674 1008 1721 ut
1033 1664 1205 1720 coacti
1240 1662 1410 1720 Deum
1435 1661 1763 1736 relinquere,
1788 1678 1852 1719 ac

1952 460 2074 501 mos
2104 443 2300 501 limites
2337 458 2499 500 nosse
2529 453 2624 500 aut
2668 451 2858 509 tenere
2903 442 3072 515 possit
3100 442 3363 510 omnino,
3411 440 3560 514 quis-

1952 536 2075 610 quis
2103 545 2187 595 est
2222 552 2254 593 a
2283 536 2564 611 Religione
2597 537 2689 592 Dei
2719 536 3014 610 singularis
3039 534 3273 592 alienus.

2521 653 2752 712 CAPUT
2785 652 2975 711 XVIII.

2153 768 2233 826 De
2256 767 2558 842 quibusdam
2588 768 2684 824 Dei
2727 768 2986 824 mandatis
3023 778 3073 824 et
3113 768 3381 839 patientia.

2028 886 2133 945 Sed
2160 887 2475 943 omittamus
2514 886 2887 958 philosophos,
2921 887 3013 957 qui
3054 895 3147 942 aut
3178 887 3400 943 omnino
3429 886 3562 944 nihil

1954 983 2150 1050 sciunt,
2190 982 2348 1054 idque
2380 984 2550 1055 ipsum
2582 997 2680 1054 pro
2709 997 2918 1038 summa
2949 982 3171 1038 scientia
3224 981 3516 1052 prteferunt
3543 998 3559 1051 ;

1955 1088 2049 1134 aut
2072 1078 2163 1149 qui
2201 1092 2307 1133 non
2339 1077 2673 1149 perspiciunt
2725 1077 2887 1133 etiam
2931 1092 3054 1149 qum
3084 1078 3293 1143 sciunt;
3324 1087 3418 1132 aut
3446 1076 3559 1149 qui,

1954 1175 2207 1245 quoniam
2259 1182 2321 1230 se
2353 1181 2538 1243 putant
2579 1173 2721 1227 scire
2753 1188 2874 1242 quae
2904 1175 3169 1235 nesciunt.
3201 1174 3383 1246 inepte
3413 1189 3567 1231 arro-

1956 1274 2249 1337 ganterque
2291 1263 2582 1333 desipiunt.
2612 1263 2720 1319 Nos
2748 1279 2879 1336 ergo
2911 1264 2993 1338 (ut
3019 1265 3085 1319 ad
3116 1267 3449 1337 propositum
3479 1282 3565 1323 re-

1957 1359 2258 1428 vertamur)
2282 1356 2475 1427 quibus
2502 1356 2635 1411 solis
2662 1371 2691 1411 a
2723 1356 2834 1412 Deo
2855 1358 3054 1413 veritas
3079 1359 3311 1414 revelata
3333 1402 3350 1422 ,
3374 1369 3429 1415 et
3453 1376 3563 1418 caa-

1957 1452 2087 1509 litus
2113 1454 2279 1507 missa
2306 1452 2567 1520 sapientia
2598 1460 2702 1515 est,
2731 1450 2992 1507 faciamus
3018 1469 3138 1524 quae
3165 1454 3319 1524 jubet
3364 1454 3563 1510 illumi-

1957 1553 2115 1600 nator
2141 1556 2327 1600 noster
2359 1544 2500 1599 Deus
2526 1563 2540 1599 :
2570 1532 2937 1599 sustineamus
2968 1545 3231 1613 invicem,
3261 1554 3317 1602 et
3343 1546 3556 1604 labores

1958 1636 2116 1708 hujus
2136 1638 2185 1692 vi
2197 1648 2262 1692 tat
2286 1638 2489 1693 mutuis
2508 1638 2837 1710 adjumentis
2856 1638 3217 1709 perferamus:
3242 1657 3343 1698 nec
3362 1651 3565 1714 tamen,

247 1757 413 1814 fidem
447 1757 713 1829 prodere,
746 1768 978 1814 mortem
1006 1759 1283 1829 suscipere
1321 1732 1610 1825 malimus;
1634 1757 1855 1813 liberta-
1882 1755 1932 1817 B
1958 1734 2001 1790 3i
2028 1733 2156 1829 Ψξξά
2195 1732 2321 1788 δοηί
2360 1733 2540 1829 ορεξῖε
2572 1733 2889 1800 Γθθθτίηιυεν
2936 1735 3469 1829 8¹9¹⁹Ῐ³¹ηγοθβίθῐη¹¹ε
3498 1752 3567 1793 εἰ

245 1860 471 1925 temque
515 1850 869 1909 defendamus
898 1852 1157 1909 adversus
1207 1852 1579 1923 impotentium
1630 1852 1850 1907 stultam

244 1944 645 2016 vecordemque
671 1945 1008 2014 violentiam,
1036 1954 1089 2001 et
1126 1960 1316 2001 omnes
1358 1944 1542 2001 sarculi
1574 1942 1742 2000 minas
1767 1953 1851 2000 at-

245 2054 354 2112 que
385 2048 623 2096 terrores
652 2038 970 2095 fortitudine
996 2039 1162 2094 animi
1197 2053 1570 2109 provocemus.
1606 2037 1697 2093 Sic
1746 2052 1810 2093 ea
1835 2080 1851 2107 ,

245 2147 369 2206 quas
396 2133 491 2189 alii
519 2133 731 2199 timent,
763 2133 985 2189 excelsa
1014 2141 1069 2189 et
1112 2131 1463 2205 insuperabili
1492 2141 1670 2189 mente
1699 2130 1854 2187 dolo-

245 2242 364 2283 rem
395 2235 737 2299 mortemque
766 2228 1057 2284 calcamus.
1092 2226 1220 2283 Haec
1248 2236 1333 2283 est
1357 2227 1550 2293 virtus,
1579 2225 1696 2284 ha'c
1726 2241 1852 2283 vera
1890 2282 1897 2293 ,

246 2319 590 2387 constantia,
638 2318 691 2374 in
738 2317 841 2375 hoc
879 2319 1077 2375 tuenda
1120 2327 1177 2374 et
1212 2318 1584 2375 causervanda
1630 2319 1767 2386 solo,
1799 2327 1855 2375 ut

245 2412 429 2467 nullus
457 2425 558 2469 nos
589 2419 765 2468 terror
791 2452 806 2476 ,
858 2412 1007 2467 nulla
1036 2412 1117 2467 vis
1159 2426 1190 2467 a
1224 2412 1333 2467 Deo
1382 2413 1552 2483 possit
1586 2422 1849 2468 avertere.

247 2504 388 2562 Vera
420 2505 581 2575 igitur
600 2503 884 2561 Ciceronis
911 2506 1002 2561 illa
1036 2506 1301 2561 sententia
1330 2514 1447 2562 est:
1486 2524 1506 2559 ι
1541 2505 1731 2571 Nemo,
1766 2523 1850 2563 in-

250 2596 412 2669 quit,
437 2597 614 2666 justus
647 2605 826 2674 potept
854 2612 976 2654 esse
995 2641 1010 2666 ,
1044 2597 1136 2670 qui
1165 2607 1417 2665 mortem,
1450 2598 1539 2670 qui
1567 2598 1811 2655 dolorem
1834 2643 1849 2667 ,

245 2689 341 2763 qui
368 2691 591 2746 exilium
615 2732 634 2759 ,
663 2688 756 2762 qni
781 2699 1077 2763 egestatem
1111 2690 1279 2747 timet.
1314 2710 1333 2744 ι
1378 2691 1509 2747 Item
1543 2691 1764 2749 Seneca:
1800 2693 1852 2747 in

248 2782 405 2839 libris
435 2783 654 2839 moralis
671 2783 1036 2856 Philosophia:
1055 2785 1313 2840 dicentis:
1345 2784 1472 2840 illic
1487 2794 1573 2841 est
1589 2785 1674 2841 ille
1693 2787 1854 2841 homo

248 2876 533 2944 bonesms,
564 2893 670 2933 non
714 2878 898 2949 apice,
929 2893 1251 2950 purpurave.
1285 2893 1393 2935 non
1440 2880 1688 2935 lictorum
1722 2879 1854 2935 insi-

247 2971 369 3042 gnis
394 2970 697 3027 miniSIerio
722 3013 739 3039 ,
770 2971 865 3026 sed
896 2972 1037 3027 nulla
1085 2986 1143 3028 re
1176 2973 1351 3027 minor
1375 3014 1389 3036 ,
1441 2973 1532 3043 qui
1559 2988 1680 3047 cum
1712 2987 1857 3029 mor-

249 3073 359 3119 tem
389 3064 443 3117 iu
476 3063 667 3119 vicinia
698 3063 883 3131 videt,
918 3078 1024 3119 non
1053 3065 1132 3121 sic
1186 3065 1566 3135 perturbatur,
1600 3075 1851 3137 tanquam
1892 3108 1907 3128 .

246 3174 364 3215 rem
394 3173 589 3215 novam
622 3159 817 3217 viderit
847 3177 861 3227 ;
895 3161 1007 3233 qui,
1040 3162 1156 3218 sive
1187 3170 1299 3217 toto
1322 3177 1551 3233 corpore
1576 3171 1846 3217 tormenta

248 3252 501 3323 patienda
551 3260 717 3319 sunt,
748 3255 863 3310 sive
911 3255 1124 3310 flamma
1155 3270 1253 3311 ore
1298 3254 1551 3324 rapienda
1590 3266 1702 3323 est,
1735 3255 1851 3309 sive

247 3346 605 3403 extendendae
636 3363 732 3419 per
762 3349 1059 3418 patibulum
1096 3365 1286 3404 manus
1307 3391 1323 3415 ,
1376 3364 1480 3404 non
1511 3349 1699 3420 quaerit
1726 3348 1854 3420 quid

249 3439 503 3510 patiatur,
550 3440 645 3497 sed
682 3458 841 3513 quam
874 3443 1029 3498 bene.
1065 3462 1084 3495 ι
1119 3441 1219 3511 Qui
1250 3451 1430 3499 autem
1484 3443 1648 3497 Deum
1681 3442 1852 3511 colit,

248 3532 369 3588 haec
400 3533 640 3605 patitur,
691 3550 790 3592 nec
826 3535 996 3593 timet.
1031 3534 1174 3609 Ergo
1198 3536 1377 3608 justus
1418 3549 1522 3593 est.
1557 3537 1652 3593 His
1692 3537 1857 3593 rebus

1958 1843 2045 1883 eo.
2075 1826 2254 1882 Monet
2283 1828 2426 1883 enim
2457 1826 2619 1894 Deus,
2650 1837 2989 1897 operatorem
3010 1827 3235 1896 iustitiae
3266 1844 3369 1883 non
3398 1844 3565 1899 apor-

1959 1932 2075 1977 tere
2100 1934 2219 1976 esse
2238 1919 2531 1990 jactantem
2554 1936 2569 1985 ;
2596 1933 2663 1974 ne
2691 1935 2795 1974 non
2825 1928 2931 1973 tam
2962 1919 3229 1975 mandatis
3254 1920 3565 1976 coelestibus

1955 2012 2289 2085 obsequendi
2311 2056 2327 2081 ,
2358 2028 2519 2084 quam
2557 2013 2737 2068 studio
2765 2012 3034 2084 placendi,
3069 2013 3414 2069 humanitatis
3438 2012 3563 2069 offl-

1955 2109 2041 2165 cio
2085 2107 2301 2162 functus
2332 2121 2455 2163 esse
2506 2108 2789 2171 videatur;
2833 2104 3135 2177 habeatque
3173 2106 3283 2177 jam
3332 2106 3561 2179 pretium

1956 2201 2162 2274 gloriae.
2192 2200 2333 2270 quod
2378 2200 2652 2271 captavit;
2701 2214 2802 2255 nec
2838 2200 3123 2270 praemium
3154 2200 3393 2274 ccclesiis
3421 2199 3563 2256 illius

1956 2309 2020 2349 ac
2046 2293 2245 2348 divince
2272 2291 2538 2349 mercedis
2568 2292 2817 2363 accipiat.
2849 2290 3088 2360 Cmtera,
3120 2308 3240 2363 qua:
3268 2294 3562 2351 observare

1957 2390 2134 2444 cultor
2182 2388 2276 2444 Dei
2320 2388 2516 2453 debet,
2561 2386 2732 2442 facilia
2766 2398 2930 2453 sunt,
2961 2387 3065 2442 illis
3098 2387 3383 2443 virtutibus
3415 2404 3564 2445 com-

1956 2483 2277 2555 prehensis;
2302 2492 2359 2536 ttt
2388 2497 2494 2537 non
2528 2482 2818 2537 mentiatur
2858 2496 3091 2553 unquam
3125 2481 3427 2555 decipiendi
3471 2492 3565 2540 aut

1957 2576 2187 2632 nocendi
2236 2591 2421 2632 causa.
2471 2575 2565 2630 Est
2606 2573 2749 2630 enim
2805 2575 2990 2640 nefas,
3023 2589 3178 2640 eum,
3229 2577 3320 2647 qui
3349 2576 3563 2633 veritati

1956 2675 2195 2739 studeat,
2231 2675 2283 2730 in
2315 2674 2490 2746 aliqua
2521 2689 2580 2729 re
2622 2687 2743 2727 esse
2774 2671 3053 2741 fallacem;
3085 2683 3245 2743 atque
3290 2671 3359 2727 ab
3405 2671 3516 2743 ipsa
3542 2712 3558 2740 ,

1956 2784 2117 2841 quam
2148 2772 2425 2839 sequitur,
2474 2766 2701 2821 veritate
2728 2763 3034 2821 discedere.
3085 2764 3140 2819 In
3192 2764 3293 2821 hac
3334 2763 3561 2835 iustitia:

1957 2866 2321 2935 virtutumque
2352 2862 2589 2917 omnimn
2621 2861 2727 2929 via,
2755 2861 2935 2917 nullus
2965 2861 3248 2917 mendacio
3275 2862 3426 2916 locus
3454 2869 3557 2916 est.

1958 2958 2141 3029 Itaque
2164 2958 2336 3012 viator
2365 2956 2455 3012 ille
2482 2969 2645 3011 verus
2673 2968 2737 3011 ac
2775 2955 2952 3025 justus
2980 2971 3087 3010 non
3122 2953 3267 3010 dicet
3295 2953 3427 3010 illud
3455 2952 3563 3010 Lu-

1957 3052 2211 3109 cilianum
2243 3070 2256 3106 :

2076 3163 2274 3217 Homini
2290 3165 2447 3216 amico
2466 3178 2521 3215 ac
2536 3163 2759 3215 familiari
2777 3178 2874 3214 non
2896 3170 2973 3215 est
2989 3165 3186 3215 mentiri
3210 3177 3402 3228 meum,

1956 3272 2052 3329 sed
2079 3273 2241 3328 etiam
2272 3270 2493 3327 inimico
2519 3280 2685 3341 atque
2708 3270 2890 3341 ignoto
2930 3272 3274 3326 existimabit
3299 3286 3406 3326 non
3434 3285 3558 3329 esse

1960 3368 2173 3422 mentiri
2198 3382 2386 3431 suum;
2439 3380 2538 3421 nec
2576 3364 2872 3435 aliquando
2898 3365 3221 3431 committet,
3254 3373 3311 3419 ut
3339 3365 3522 3435 lingua
3544 3406 3559 3432 ,

1959 3464 2227 3532 interpres
2264 3458 2460 3525 animi,
2492 3474 2524 3513 a
2573 3473 2737 3514 sensu
2784 3467 2838 3514 et
2886 3458 3215 3529 cogitatione
3261 3458 3557 3514 discordet.

1958 3554 2251 3611 Pecuniam
2290 3552 2337 3609 si
2368 3566 2531 3623 quam
2562 3550 2879 3619 crediderit,
2913 3566 3020 3606 non
3061 3551 3290 3625 accipiet
3317 3567 3559 3619 usuram,

1539 3690 1905 3750 VARIORUM
1941 3688 2167 3747 NOTAE.

323 3823 515 3881 Mentis
534 3825 765 3897 agitatio.
804 3824 976 3893 Mens,
1003 3835 1060 3882 ut
1085 3825 1158 3882 ait
1180 3826 1398 3889 Thales,
1427 3838 1511 3882 est
1543 3827 1846 3883 substantia

245 3911 371 3968 quae
396 3911 631 3969 semper,
661 3906 714 3950 et
733 3912 798 3955 ex
823 3913 880 3954 se
902 3898 1014 3969 ipsa
1040 3907 1319 3964 movetur;
1351 3899 1401 3955 id
1425 3910 1504 3955 est
1537 3899 1649 3956 Deo
1672 3912 1848 3955 matus

245 3968 571 4039 principium
598 3969 779 4024 dante.

320 4037 739 4095 [mutabilitatem
766 4041 943 4096 animi.
978 4042 1104 4097 Mss.
1128 4041 1281 4098 Cant.
1309 4053 1362 4099 et
1387 4043 1420 4100 5
1463 4041 1588 4099 cdd.
1616 4052 1721 4100 vet.
1753 4042 1849 4098 im-

245 4112 661 4168 mutabilitatem.

326 4181 391 4237 Et
412 4200 603 4237 omnes.
642 4198 758 4266 .ms.
791 4183 947 4240 Cant.
976 4193 1030 4240 et
1067 4184 1102 4241 9
1144 4184 1275 4242 edit.
1318 4195 1373 4240 ut
1398 4206 1414 4241 ε
1441 4201 1561 4256 qua:
1594 4186 1852 4259 particula

246 4269 378 4310 mox
404 4268 700 4321 praecessn.

325 4325 457 4400 Παῖς
489 4342 606 4380 vera
632 4329 938 4400 constantia.
963 4327 1090 4383 Mss.
1117 4326 1154 4382 2
1174 4328 1309 4400 Reg.
1346 4344 1455 4384 rec.
1488 4327 1641 4397 Jun.,
1673 4330 1708 4384 2
1728 4327 1850 4385 Col-

245 4397 392 4457 bert.
429 4397 621 4463 Brun.,
657 4398 782 4455 licet:
811 4412 879 4454 est
901 4416 1017 4455 vera
1043 4397 1348 4455 constanliu.

327 4469 608 4562 eaeeae:
638 4482 766 4562 93.9.:
784 4472 1230 4562 chasmatiae:
1264 4471 1686 4562 ιῖυάειη..εηεκὲει
1705 4472 1847 4562 item
1873 4501 1930 4562 1)

246 4539 441 4614 Cicero
465 4539 519 4594 in
552 4555 609 4596 tn
637 4540 791 4599 Ollic.
813 4557 931 4614 Cap.
958 4544 1010 4611 8,
1044 4545 1118 4597 ait
1142 4543 1408 4599 detrahere
1440 4542 1589 4596 alteri
1608 4544 1686 4597 sui
1713 4560 1850 4597 cam-

249 4612 393 4667 modi
420 4630 574 4665 causa
606 4615 767 4683 magis
784 4612 893 4669 esse
920 4627 1376 4679 contranaturam,
1417 4631 1569 4684 quam
1596 4625 1808 4668 mortem
1832 4654 1847 4681 ,

247 4700 404 4755 quant
431 4685 659 4739 dolorem
685 4728 698 4749 ,
735 4704 886 4756 quam
915 4698 1118 4741 ctetcra.
1141 4686 1364 4744 Seneca:
1386 4688 1564 4742 nullus
1587 4686 1722 4741 liber
1749 4687 1851 4743 hoc

250 4756 411 4811 titulo
438 4766 581 4809 extat
614 4775 627 4811 :
663 4758 812 4824 periit
846 4760 1029 4823 procul
1060 4760 1240 4812 dubio.

327 4825 570 4899 Flamma
620 4846 706 4882 ore
750 4830 996 4899 rapienda
1030 4839 1121 4884 est.
1156 4830 1247 4886 Sic
1297 4829 1470 4884 ferunt
1513 4828 1638 4885 edd.
1687 4828 1847 4885 Rom.

252 4899 429 4973 H70,
457 4909 509 4951 et
531 4898 731 4973 cellar.
756 4898 1043 4969 cunctique
1062 4916 1190 4956 mss.
1212 4911 1407 4971 praeter
1432 4903 1450 4955 Ι
1482 4900 1613 4973 Reg.
1643 4900 1695 4955 in
1720 4918 1848 4971 quo,

248 4971 389 5043 sicut
420 4972 472 5024 in
500 4972 684 5026 multis
713 4972 893 5035 editis,
925 4974 1121 5035 legitur
1145 4973 1438 5043 recipienda
1459 4983 1550 5026 est.

328 5040 458 5095 ch
497 5044 914 5117 patitur.Picrr.,
947 5043 1138 5117 Pa_rrh.
1160 5086 1175 5110 ,
1208 5040 1331 5099 Ald.
1360 5085 1375 5110 ,
1403 5045 1576 5117 Crat”
1609 5042 1803 5117 Gymn.
1834 5063 1848 5098 :

252 5111 628 5197 βίῃ-ειυς..
669 5114 1222 5197 perliera'm.chcl-ius
1258 5131 1389 5197 mss.
1417 5111 1680 5197 et_Rosu',
1716 5115 1849 5197 Yon.

254 5183 417 5259 1471,
443 5183 759 5259 97,__l’aris.,
784 5185 949 5259 Fusii.
978 5186 1208 5259 Grypln,
1238 5188 1452 5259 reliqui,
1483 5186 1607 5242 ch
1635 5189 1846 5258 patitur.

249 5254 489 5328 Reitnm.
529 5255 640 5310 Hoc
669 5260 879 5328 patitur.
911 5258 1042 5314 BDN.

326 5326 789 5401 Ergojustusest.
812 5328 886 5383 Ex
921 5347 1050 5383 mss.
1085 5330 1456 5385 vetustissimo
1481 5330 1803 5401 Regio-Put.
1833 5373 1848 5397 ,

249 5398 287 5454 5
311 5396 570 5472 al.jlteg.,
600 5396 635 5451 4
680 5400 834 5472 Colb.
867 5402 1094 5472 aliisque
1144 5402 1178 5458 5
1208 5413 1261 5456 ct
1293 5403 1421 5458 edit.
1476 5404 1511 5459 5
1546 5396 1725 5459 ³⁷(Μίᾱί
1756 5396 1848 5470 est,

248 5468 396 5542 quod
418 5468 792 5542 necessarium
827 5468 1055 5527 videtur.
1721 5488 1733 5498 ‘

323 5540 479 5615 lyihil
500 5544 682 5597 sciunt.
716 5543 1072 5601 Academicos
1099 5545 1364 5615 intelligit.

327 5611 435 5689 Pro
461 5630 659 5668 summa
682 5616 920 5689 scientia.
950 5615 1217 5689 Redolent
1245 5611 1362 5673 haec
1391 5617 1588 5689 Stylum
1618 5617 1851 5673 Lactan-

252 5685 311 5773 tii
336 5687 455 5773 :lita
486 5687 729 5773 enim‘de
754 5687 857 5751 Ira,
880 5703 999 5759 cap.
1091 5707 1106 5746 :
1130 5688 1280 5773 b’tjd
1306 5685 1617 5773 ipsumnpiio
1641 5705 1851 5773 sum-ma

250 5756 498 5812 doctrina
528 5758 878 5833 profiteretur.
905 5756 1043 5830 quod
1089 5761 1218 5816 nihil
1254 5756 1383 5816 scire
1424 5756 1701 5816 didicisset.
1748 5760 1852 5833 ltro

248 5844 455 5891 summa
473 5830 684 5888 scientia
705 5874 719 5901 ,
760 5830 902 5888 idem
921 5842 1005 5891 est
1032 5847 1115 5902 ac,
1141 5843 1382 5904 tanquam
1417 5850 1666 5891 summam
1687 5830 1852 5890 scien-

1958 3824 2272 3899 tiam,quod
2303 3834 2487 3880 nostro
2518 3824 2761 3883 solemne
2784 3841 2834 3882 e.
2861 3842 2941 3897 g.,
2970 3827 3063 3882 lib.
3094 3844 3175 3892 nt,
3204 3842 3324 3899 cap.
3346 3830 3382 3886 5
3410 3846 3425 3883 :
3455 3828 3560 3885 Sa-

1958 3898 2201 3968 pientiam
2230 3914 2322 3967 pro
2337 3914 2536 3952 summa
2564 3899 2782 3952 stultitia
2804 3910 3084 3966 computat.
3110 3900 3244 3955 BDN.

2032 3966 2343 4042 Prcefernnt.
2370 3970 2440 4023 Ita
2458 3968 2672 4042 restitui
2694 3986 2758 4023 ex
2788 3984 2917 4042 mss.
2932 3972 3326 4042 antiquissimis
3347 3972 3382 4026 2
3398 3971 3557 4037 Bon.,

1956 4040 2211 4114 βαεκεηὸ
2243 4040 2403 4114 Rvg.,
2451 4040 2695 4114 5Com.
2729 4042 2762 4096 5
2791 4041 2939 4110 Lips.
2972 4052 3025 4097 et
3066 4040 3102 4099 8
3130 4043 3270 4098 aliis.
3302 4044 3495 4114 Scripti
3524 4044 3560 4099 2

1958 4112 2090 4180 Reg.
2125 4129 2234 4168 rec.
2256 4128 2317 4168 ac
2339 4111 2468 4169 editi
2498 4111 2583 4171 12.
2611 4128 2717 4183 pne
2736 4129 2790 4167 te
2817 4114 2987 4183 [erant
3012 4117 3193 4183 :quod
3227 4116 3366 4169 idem
3397 4111 3557 4171 valet.

2034 4183 2525 4257 Perspicittitt.iillss.
2549 4184 2584 4257 2
2608 4183 2742 4257 Reg.
2769 4187 3243 4257 recapraspiciunt.
3267 4186 3303 4239 2
3328 4187 3555 4251 Bonum,

2034 4204 2375 4254 rersptctunt.
2402 4204 2525 4238 aiss.
2549 4204 2584 4238 z
2608 4204 2742 4251 neg.
2769 4204 2881 4240 rec.
2942 4204 3243 4257 respiciunt.
3267 4204 3303 4239 Ζ
3328 4204 3555 4251 nonum,

1955 4258 1990 4312 5
2010 4256 2168 4327 Reg..
2198 4256 2348 4320 Jun”
2374 4256 2535 4324 Tux.,
2566 4256 2589 4309 I
2617 4254 2796 4322 C0lb.,
2818 4257 2853 4311 2
2872 4204 3108 4312 ἄδι-θυι.
3136 4254 3240 4312 υιιί
3260 4258 3416 4324 cdit.,
3443 4275 3558 4327 per-

1955 4331 2171 4383 cipiunt.

2078 4349 2091 4379 ι
2159 4370 2171 4383 .

2006 4347 2415 4468 péiiiiipreliensis
2438 4407 2533 4463 μη
2558 4439 2572 4463 ,
2616 4397 2739 4452 Νοη
2784 4399 3081 4455 mentiatur.
3107 4399 3179 4453 Ita
3209 4398 3446 4454 distinxi.
3482 4398 3550 4454 Ut

1955 4474 2181 4596 enimBh.
2217 4471 2249 4524 l.
2283 4470 2422 4525 idem
2449 4469 2701 4541 estquod
2726 4469 2947 4542 exempli
2965 4474 3160 4541 gratia,
3190 4473 3233 4526 si
3261 4472 3555 4543 genuinum

1955 4554 2055 4596 est.
2136 4558 2222 4596 ua.

1954 4554 2055 4599 εει.
2090 4554 2222 4597 ΒυΝ.

2028 4613 2222 4667 Nullus
2252 4612 2518 4686 mendacia
2540 4612 2680 4686 locus
2702 4622 2792 4669 est.
2824 4614 3007 4685 Apage
3035 4615 3214 4686 itaque
3253 4614 3551 4670 officiosum

1954 4686 2294 4739 mendacium
2346 4685 2563 4740 homine
2591 4683 2900 4741 Christiano
2943 4683 3241 4756 indignum.
3280 4686 3414 4741 Vide
3443 4687 3551 4740 Au-

1953 4759 2249 4826 gustinum,
2296 4756 2388 4810 lib.
2423 4756 2489 4811 de
2519 4756 2795 4812 Mendacio
2815 4798 2828 4819 ,
2860 4766 2913 4812 et
2953 4769 3138 4813 contra
3170 4756 3502 4812 Mendacium
3534 4774 3550 4822 ;

1955 4844 2055 4884 nec
2085 4844 2189 4883 non
2219 4830 2408 4884 lanam
2438 4829 2881 4884 Aurelianeusem
2911 4833 3242 4900 episcopum.
3272 4830 3366 4885 lib.
3401 4845 3437 4884 tt
3484 4828 3552 4884 de

1955 4901 2522 4977 Instittttiottc__|aicali,
2552 4916 2669 4972 cap.
2883 4974 2894 4977 _
2938 4973 2950 4977 _
3360 4972 3371 4977 _
3561 4960 3571 4977 ἱ

2026 4974 2272 5043 Accipiet.
2295 4974 2589 5027 Buneman.
2621 4976 2750 5038 legit
2773 4972 3024 5041 Accipiat,
3055 4987 3312 5041 suamque
3330 4972 3408 5028 sic
3424 4986 3545 5027 cou-

1954 5044 2133 5099 lirtnat
2155 5048 2434 5100 lectionem
2462 5063 2474 5097 :
2505 5075 2576 5084 —
2601 5062 2620 5095 ι
2648 5043 2958 5114 Legendum,
2990 5045 3161 5110 inquit
3180 5044 3549 5109 Heuutaunus,

1954 5116 2191 5187 accipiet,
2228 5116 2349 5186 quia
2384 5118 2678 5184 prmeessit,
2716 5117 2866 5178 dicet,
2898 5116 3223 5180 existimabit,
3254 5117 3546 5170 committet.

1956 5191 2022 5242 At
2049 5188 2177 5242 nihil
2210 5188 2521 5242 mutandum
2549 5206 2561 5240 :
2594 5201 2679 5250 ea,
2716 5201 2834 5253 qum
2863 5188 3051 5242 Cultori
3083 5187 3176 5241 Dei
3208 5187 3331 5242 dicit
3364 5187 3551 5243 obser-

1960 5261 2147 5325 vanda,
2174 5259 2327 5315 effert
2356 5262 2404 5312 iti
2434 5258 2683 5328 praesenti
2712 5258 3070 5327 coniunctivi;
3104 5274 3223 5327 quae
3252 5273 3372 5313 enin
3400 5260 3550 5313 illus-

1958 5341 2080 5395 trat,
2112 5336 2277 5386 variat
2300 5330 2353 5385 in
2387 5331 2737 5401 temporibus.
2763 5329 3039 5397 Prwcepta
3069 5331 3194 5384 talia
3225 5339 3343 5401 snttl
3378 5349 3390 5383 :
3427 5328 3547 5384 Non

1954 5404 2250 5469 mentiatur,
2282 5418 2438 5470 supra
2476 5400 2647 5457 :Non
2673 5401 2892 5472 accipiat
2933 5418 3162 5467 usuram,
3212 5400 3306 5456 iul.
3356 5401 3548 5456 Munus

1955 5492 2059 5529 non
2080 5477 2357 5541 accipiata
2385 5490 2625 5543 paupere,
2681 5474 2809 5527 ibid.
2871 5472 3009 5527 Male
3060 5474 3245 5527 dicenti
3288 5474 3549 5528 benedicta

1954 5547 2283 5616 respondeat,
2312 5547 2443 5600 ibid.
2479 5547 2662 5599 Caveat
2690 5562 2820 5600 ne...
2869 5546 3132 5616 inimt'cum
3178 5546 3368 5615 facint,
3413 5545 3545 5600 ibid.

1956 5615 2381 5673 Innocentiam...
2439 5618 2732 5682 custodiat,
2784 5626 2890 5672 etc.
2952 5615 3082 5672 BUN.
3143 5646 3215 5658 -—
3267 5616 3549 5672 Pecuniam

1955 5697 2000 5745 si
2050 5705 2199 5761 quam
2258 5689 2552 5761 crediderit,
2618 5706 2719 5743 non
2776 5689 2990 5758 accipiet
3050 5705 3280 5744 usuram.
3307 5691 3393 5745 Sic
3428 5691 3548 5757 lego

1955 5760 2077 5820 cum
2139 5776 2268 5815 mss.
2324 5760 2358 5817 9
2408 5761 2539 5832 Reg.
2596 5776 2823 5832 quorum
2876 5761 2984 5816 dtio
3045 5771 3171 5816 sunt
3236 5763 3545 5828 veterrimi,

1955 5834 1991 5889 2
2039 5833 2271 5903 Bonon.,
2322 5837 2358 5892 5
2394 5831 2573 5905 Coll»,
2618 5831 2774 5905 Jun.,
2824 5832 3111 5906 multisque
3150 5833 3291 5893 aliis.
3342 5832 3546 5892 Eodem
