4090 6354
338 387 445 452 701

1505 387 1715 447 ιω
1752 386 1842 445 γι.
1880 387 1972 446 οε
2011 385 2197 451 ’θωο
2227 387 2479 449 ωιτν.

3538 390 3643 451 702

342 509 509 567 deris.
533 508 630 565 Sin
676 516 856 563 autem
900 506 1243 579 provocatrix
1266 506 1363 562 illa
1391 506 1709 578 improbitas
1756 505 1934 575 impa-
1959 504 2013 568 Δ
2040 504 2226 563 lustius
2251 506 2320 562 ab
2342 507 2516 580 Appio
2540 509 2742 568 dictum
2772 513 2981 588 refert)
3004 508 3287 584 λθκετωξι,
3310 510 3486 570 voluit
3505 522 3643 584 quos

339 604 590 673 tientiam
618 603 721 659 sibi
743 616 1052 671 comparem
1077 610 1235 656 nacta
1260 609 1349 657 est
1368 642 1383 667 ,
1416 609 1670 672 tanquam
1716 598 1936 670 perfusa

240 770 243 773 _
340 698 487 765 oleo,
516 704 723 753 tantum
751 694 1009 758 excitabit
1030 693 1361 761 incendium,
1394 704 1454 748 ut
1490 693 1551 749 id
1594 706 1705 748 non
1736 691 1937 748 ﬂumen

227 814 271 863 ἠ,
338 788 560 863 aliquod
583 833 599 859 ,
631 789 727 847 sed
757 788 948 846 effusio
976 787 1191 844 cruoris
1212 788 1514 859 extinguat.
1542 786 1730 857 Magna
1756 786 1940 857 itaque

341 884 618 956 patientia:
642 883 783 940 ratio
808 891 891 938 est
913 923 928 947 ,
955 896 1115 952 quam
1141 881 1358 951 sapiens
1374 880 1542 935 homo
1567 879 1768 935 ademit
1795 879 1939 935 boue

341 979 482 1034 viro.
507 976 577 1033 Ut
619 975 763 1031 enim
800 973 931 1029 nihil
964 973 1229 1028 malorum
1258 973 1375 1035 tiat,
1420 974 1541 1027 inme
1582 971 1697 1027 sola
1726 968 1892 1027 efﬁcit
1921 987 1936 1026 :

339 1087 464 1144 quae
489 1070 535 1126 si
563 1069 723 1125 detur
768 1068 1045 1133 omnibus,
1072 1066 1280 1121 nullum
1310 1064 1509 1131 scelus,
1533 1064 1679 1120 nulla
1708 1062 1855 1119 fraus
1881 1063 1938 1119 in

338 1165 507 1222 rebus
533 1162 782 1218 humanis
799 1162 925 1218 erit.
955 1159 1095 1229 Quid
1116 1160 1281 1231 igitur
1307 1158 1453 1215 bono
1480 1158 1598 1213 viro
1625 1164 1800 1228 potest
1820 1171 1940 1215 esse

340 1268 456 1314 tam
502 1257 916 1323 calamitosum,
966 1265 1186 1325 tamque
1230 1253 1586 1318 contrarium,
1630 1266 1793 1323 quam
1844 1251 1940 1307 ira:

340 1354 510 1410 frtena
528 1351 841 1424 permittere
859 1365 875 1417 ;
895 1365 1014 1421 qua
1029 1349 1179 1405 illum
1201 1363 1307 1402 non
1323 1345 1648 1411 mmimboni,
1665 1343 1762 1401 sed
1772 1343 1937 1400 etiam

338 1446 575 1504 bominis
599 1444 961 1515 appellatione
982 1441 1275 1513 diSpoliet?
1306 1439 1588 1511 Siquidem
1630 1450 1827 1495 nocere
1854 1436 1941 1493 al-

342 1541 471 1607 teri,
499 1551 559 1594 ut
597 1538 713 1609 ipse
739 1536 1023 1593 verissime
1051 1536 1146 1601 ait,
1176 1550 1283 1591 non
1318 1544 1407 1591 est
1432 1532 1728 1590 secundum
1760 1531 1939 1588 homi-

339 1634 428 1690 nis
441 1640 712 1689 naturam.
740 1631 876 1687 Nam
894 1638 951 1686 et
971 1629 1204 1701 pecudes
1218 1629 1263 1684 si
1278 1628 1515 1684 lacessas
1532 1668 1548 1693 ,
1577 1638 1669 1688 aut
1682 1627 1832 1683 calce
1848 1635 1941 1682 aut

338 1743 513 1785 cornu
526 1732 827 1797 repugnant
842 1742 856 1792 ;
874 1734 930 1781 et
943 1734 1298 1795 serpentes‘ac
1310 1724 1459 1791 ferte,
1475 1723 1579 1778 nisi
1599 1722 1942 1794 persequaris

339 1832 399 1879 ut
416 1821 656 1889 occidas,
670 1820 944 1891 negotium
960 1834 1071 1874 non
1085 1818 1375 1885 exhibent;
1398 1826 1455 1873 et
1470 1815 1552 1889 (ut
1567 1817 1634 1871 ad
1657 1815 1939 1877 hominum

2043 612 2151 668 que
2178 598 2453 656 hominem
2483 604 2679 660 canino
2708 607 2872 663 modo
2897 608 3102 677 vivere,
3126 617 3191 666 ut
3214 607 3527 664 remordeat
3552 605 3639 659 la-

2044 691 2292 748 cessitus.
2318 693 2453 762 ρυω
2480 697 2763 753 retributio
2787 698 3131 759 contumeliae
3158 716 3319 775 quam
3338 700 3641 772 perniciosa

2043 783 2112 839 sit
2133 794 2187 840 et
2208 798 2346 856 quas
2371 786 2535 844 edere
2554 790 2728 847 soleat
2748 801 2975 865 strages,
3005 796 3146 852 unde
3170 794 3525 869 opportunius
3546 805 3644 864 βαι

2044 886 2189 934 tetur
2216 881 2543 952 exemplum,
2575 899 2733 954 quam
2756 902 2829 942 ex
2855 888 3024 958 ipsius
3050 889 3406 960 praeceptoris
3437 887 3642 944 tristis-

2044 974 2182 1030 simo
2226 986 2388 1043 casu;
2434 978 2524 1048 qui
2574 978 2699 1034 dum
2752 980 2837 1036 bis
2865 982 3311 1055 philosophorum
3359 981 3645 1052 praeceptis

2042 1066 2422 1138 obtemperare
2446 1072 2628 1141 gestit,
2656 1072 2775 1143 ipse
2796 1090 2858 1130 se
2880 1076 3152 1146 perdidit?
3168 1077 3326 1145 Quod
3350 1076 3397 1132 si
3422 1072 3646 1133 lacessi-

2044 1169 2132 1216 tus
2382 1164 2693 1233 patientiam
2750 1169 3047 1235 tenuisset;
3076 1170 3126 1225 si
3169 1169 3548 1235 dissimulare,
3592 1168 3644 1226 ei

2044 1252 2186 1309 ferre
2215 1257 2599 1312 contumeliam
2624 1258 2750 1314 boni
2777 1261 2876 1316 viri
2904 1275 3031 1318 esse
3056 1261 3368 1330 didicisset;
3398 1276 3501 1319 nec
3522 1262 3644 1318 illas

2044 1347 2255 1403 nobiles
2280 1350 2557 1405 orationes
2573 1353 2752 1409 alieno
2771 1355 2930 1409 titulo
2950 1356 3261 1427 inscriptas,
3288 1356 3642 1426 impatientia,

2044 1450 2099 1497 et
2128 1440 2341 1519 levitas,
2389 1452 2444 1500 et
2480 1444 2687 1500 insania
2738 1446 3104 1517 profudisset:
3154 1464 3427 1519 nunquam
3473 1449 3648 1519 capite

2043 1542 2145 1589 suo
2174 1542 2370 1602 rostra,
2400 1535 2452 1589 in
2477 1536 2669 1607 quibus
2693 1546 2819 1594 ante
2840 1537 3120 1608 floruerat,
3144 1550 3516 1607 cruentasset;
3548 1555 3647 1595 nec

2044 1626 2433 1696 rempublicam
2476 1628 2717 1685 funditus
2765 1633 3091 1701 proscriptio
3132 1633 3231 1688 illa
3258 1634 3514 1689 delesset.
3542 1633 3646 1688 Sa-

2045 1718 2245 1790 pientis
2268 1736 2402 1793 ergo
2428 1737 2493 1777 ac
2518 1724 2645 1778 boui
2675 1725 2776 1779 viri
2806 1738 2914 1779 non
2944 1735 3031 1781 est
3056 1726 3195 1782 velle
3219 1736 3451 1793 certare,
3500 1741 3563 1782 ac
3588 1740 3648 1782 se

2045 1815 2288 1885 periculo
2316 1816 2659 1874 committere
2683 1835 2696 1871 :
2721 1818 2984 1889 quoniam
3016 1827 3072 1875 et
3096 1814 3315 1875 vincere
3351 1832 3458 1874 non
3480 1831 3566 1875 est
3592 1820 3646 1874 in

336 1916 587 1986 exempla
616 1913 923 1985 redeamus)
945 1913 1179 1984 imperiti
1205 1925 1422 1983 quoque
1445 1921 1500 1967 et
1527 1910 1867 1981 insipientes,
1886 1909 1936 1965 si
1967 1917 2013 1977 Β
2041 1916 2227 1963 nostra
2254 1918 2546 1979 potestate,
2579 1919 2748 1967 etest
2772 1922 2978 1984 anceps
3004 1927 3166 1967 omne
3199 1921 3473 1967 certamen
3506 1930 3518 1966 :
3547 1912 3645 1967 sed

338 2009 556 2082 quando
583 2008 857 2079 accipiunt
884 2006 1133 2077 iniuriam
1157 2046 1172 2071 ,
1203 2018 1348 2059 cmco
1368 2011 1427 2058 et
1453 2001 1806 2057 irrationabili
1848 2000 1936 2055 fu-

338 2117 465 2159 rore
507 2100 799 2165 ducuntur,
840 2108 895 2154 et
940 2098 1028 2164 iis,
1051 2098 1141 2169 qui
1168 2096 1271 2152 sibi
1317 2102 1535 2160 nocent,
1575 2094 1747 2149 vicem
1775 2092 1938 2148 retris

337 2194 508 2250 buere
531 2202 819 2249 conantur.
848 2190 908 2245 in
940 2206 1048 2261 quo
1083 2189 1244 2260 igitur
1270 2188 1483 2257 sapiens
1514 2201 1579 2241 ac
1599 2185 1777 2241 bonus‘
1797 2185 1880 2240 vir
1905 2199 1936 2239 a

338 2289 499 2345 malis
528 2296 583 2344 et
608 2286 986 2359 insipientibus
1016 2283 1237 2349 diﬂ‘ert;
1268 2283 1373 2337 nisi
1392 2280 1540 2352 quod
1581 2280 1743 2336 habet
1766 2279 1938 2335 invic-

338 2392 449 2439 tam
478 2382 815 2454 patientiam,
843 2394 949 2450 qua
978 2377 1127 2433 stulti
1150 2385 1371 2439 carent;
1419 2374 1524 2430 nisi
1566 2372 1713 2444 quod
1742 2386 1934 2443 regere

342 2491 404 2531 se
432 2491 496 2530 ac
528 2474 776 2545 mitigare
805 2473 943 2528 iram
975 2486 1129 2526 suum
1162 2469 1332 2535 novit,
1356 2482 1518 2540 quam
1542 2468 1645 2534 illi,
1672 2468 1799 2538 quia
1827 2468 1939 2523 vir-

339 2579 456 2626 tute
481 2568 745 2639 indigent,
778 2565 1072 2623 reiraenare
1102 2578 1209 2619 non
1243 2560 1508 2633 possunt?
1532 2560 1642 2618 Sed
1685 2560 1936 2618 videlicet

342 2665 463 2720 lzzec
490 2664 640 2719 illum
670 2676 759 2718 res
786 2659 998 2723 fefellit,
1020 2657 1166 2729 quod
1198 2672 1325 2713 cum
1362 2656 1434 2713 de
1461 2656 1661 2711 virtute
1687 2655 1939 2726 loquere-

347 2767 456 2823 tur,
483 2758 537 2813 in
565 2769 904 2828 quacumque
922 2753 1271 2809 contentione
1290 2750 1555 2816 vinceret,
1583 2749 1788 2820 putavit
1813 2764 1936 2805 esse

339 2853 595 2918 virtutis;
627 2866 729 2907 nec
767 2849 953 2905 videre
1003 2847 1116 2902 ullo
1148 2847 1309 2902 modo
1340 2846 1513 2916 potuit
1540 2845 1813 2901 hominem
1838 2845 1937 2901 do-

341 2946 443 3002 lori
470 2955 528 3002 et
552 2946 648 3003 ire
672 2942 1141 3005 succumbentem,
1163 2950 1219 2996 et
1245 2941 1311 2996 iis
1341 2939 1622 2996 ail‘ectibtts
1651 2939 1934 3010 indulgen-

341 3049 473 3107 tem,
506 3038 703 3111 quibus
739 3036 901 3093 debet
928 3035 1104 3106 potius
1133 3034 1412 3100 reluctari,
1452 3043 1508 3089 et
1533 3044 1782 3090 ruentem
1805 3047 1936 3104 qua-

336 3148 571 3203 cumque
594 3130 907 3201 improbitas
935 3128 1261 3199 provocarit,
1320 3128 1531 3182 virtutis
1557 3126 1795 3182 ofﬁciunt
1827 3141 1934 3181 non

340 3239 547 3282 tenere.
564 3223 667 3292 Qui
686 3225 830 3280 enim
850 3223 1054 3279 referre
1070 3222 1319 3292 injuriam
1342 3222 1553 3287 nititur,
1579 3236 1703 3276 eum
1728 3221 1933 3292 ipsum,

2042 2010 2127 2056 est
2150 2002 2410 2072 sapientis
2430 2012 2591 2074 atque
2608 2004 2799 2075 Optimi
2820 2006 2946 2072 viri,
2972 2020 3077 2061 non
3104 2006 3480 2062 adversarium
3501 2005 3649 2062 velle

2043 2093 2264 2161 tollere;
2294 2096 2437 2166 quod
2468 2095 2591 2151 fieri
2614 2098 2734 2153 sine
2772 2096 2981 2154 scelere
3022 2112 3090 2155 ac
3120 2099 3361 2170 periculo
3407 2112 3513 2154 non
3542 2113 3645 2170 po-

2041 2195 2145 2244 test
2174 2206 2188 2242 :
2228 2188 2326 2245 sed
2364 2199 2641 2263 certamen
2680 2193 2880 2263 ipsum,
2910 2193 3056 2265 quod
3101 2195 3216 2250 fieri
3251 2203 3308 2250 et
3334 2195 3557 2263 utiliter,
3584 2203 3645 2249 et

2035 2280 2182 2351 justo
2212 2291 2407 2351 potest.
2432 2282 2658 2340 Summa
2685 2284 2849 2356 igitur
2871 2287 3048 2342 virtus
3094 2287 3340 2344 habenda
3386 2288 3645 2358 patientia

2040 2384 2123 2430 est
2152 2388 2169 2430 :
2200 2390 2359 2446 quam
2394 2386 2454 2431 ut
2478 2387 2695 2448 caperet
2721 2378 2882 2434 homo
2902 2378 3104 2449 justus,
3130 2380 3298 2435 voluit
3325 2374 3476 2434 illum
3502 2380 3643 2435 Dens

2041 2465 2062 2539 (
2076 2474 2138 2522 ut
2154 2480 2320 2538 supra
2343 2468 2548 2524 dictum
2575 2468 2691 2543 est)
2714 2484 2811 2541 pro
2837 2470 3014 2527 inerte
3035 2471 3330 2527 contemni.
3361 2470 3475 2526 Nisi
3496 2472 3641 2527 enim

2039 2563 2379 2618 contumeliis
2408 2563 2565 2619 fuerit
2590 2564 2816 2621 alit-ctus
2842 2606 2858 2635 ,
2901 2577 3159 2639 quantum
3200 2566 3397 2623 habeat
3423 2564 3640 2623 fortitu-

2039 2654 2182 2712 dinis
2222 2655 2277 2711 in
2300 2656 2482 2727 seipse
2511 2657 2840 2727 cohibenda,
2874 2660 3227 2732 ignorabitur.
3256 2658 3315 2716 Si
3353 2669 3534 2715 autem
3566 2658 3644 2715 la-

2038 2748 2269 2805 cessitus
2298 2750 2496 2819 injuria
2542 2752 2834 2809 laedentem
2880 2755 3130 2825 persequi
3168 2755 3421 2824 ceperit,
3469 2752 3643 2810 victus

2039 2853 2144 2901 est.
2176 2846 2237 2903 Si
2267 2862 2400 2903 vero
2424 2858 2635 2904 monitu
2680 2850 2835 2905 illum
2864 2851 3079 2907 ratione
3106 2850 3528 2921 compresserit,
3558 2849 3648 2904 hic

2040 2938 2201 3010 plane
2240 2941 2475 3010 imperat
2504 2941 2649 3009 tibi;
2692 2943 2781 2999 hic
2808 2956 2997 3014 regere
3034 2956 3098 3000 se
3137 2952 3335 3015 potest.
3367 2944 3499 3013 Quae
3531 2957 3652 2998 sus-

2040 3039 2266 3095 tentalio
2283 3036 2387 3103 sui,
2406 3046 2553 3093 recte
2574 3038 2826 3108 patientia
2846 3039 3156 3094 nominatur
3174 3056 3189 3097 :
3212 3055 3334 3111 qua:
3354 3054 3458 3094 una
3478 3056 3496 3091 \
3510 3038 3647 3094 irtus

2039 3130 2289 3186 omnibus
2310 3140 2393 3186 est
2405 3133 2653 3203 opposita
2666 3132 2807 3188 vitiis
2822 3142 2876 3187 ct
2891 3132 3195 3189 affectibus.
3219 3132 3343 3188 llaec
3360 3132 3646 3202 perturba-

2041 3234 2150 3279 tum
2174 3239 2241 3280 ac
2263 3223 2612 3280 ﬂuctuantem
2640 3225 2880 3280 animum
2909 3224 2977 3280 ad
3017 3225 3462 3295 tranquillitatem
3493 3239 3644 3279 suam

336 3336 369 3376 a
400 3336 507 3393 quo
529 3321 687 3375 laesus
717 3327 822 3385 est,
850 3318 1011 3387 gestit
1039 3315 1260 3371 imitari.
1291 3314 1365 3370 lta
1398 3315 1489 3388 qui
1520 3315 1722 3371 malum
1752 3316 1934 3371 imita-
1963 3324 2006 3388 ο
2040 3322 2262 3374 revocat
2290 3334 2303 3371 :
2337 3318 2451 3373 haec
2472 3318 2698 3390 mitigat,
2730 3314 2848 3375 hanc
2879 3319 3150 3373 hominem
3184 3318 3285 3374 sibi
3308 3316 3510 3372 reddit.

336 3422 451 3481 tur,
472 3412 646 3468 bonus
672 3426 793 3468 esse
816 3411 965 3465 nullo
994 3418 1154 3481 pacto
1185 3417 1387 3480 potest.

410 3506 630 3563 Duobus
676 3506 834 3575 igitur
875 3504 1056 3559 verbis
1083 3503 1219 3557 duas
1246 3503 1474 3557 virtutes
1503 3501 1768 3558 maximas
1790 3502 1938 3558 bono

336 3610 394 3656 et
422 3598 651 3669 sapienti
679 3599 814 3665 viro,
844 3596 1205 3651 innocentiam
1236 3596 1654 3667 patientiamque
1678 3595 1932 3651 detraxit.

334 3692 447 3751 Sed
494 3692 619 3764 quia
650 3691 763 3763 ipse
790 3690 1037 3746 caninam
1077 3687 1223 3744 illam
1275 3685 1578 3744 facundiam
1611 3686 1789 3763 (sicut
1816 3688 1937 3745 Sal-

2114 3412 2256 3483 Ergo
2283 3411 2537 3482 quoniam
2574 3423 2779 3469 natura:
2822 3426 3128 3483 repugnare
3173 3408 3511 3489 inIpQSSibile
3566 3418 3649 3466 est

2043 3516 2099 3563 et
2132 3506 2345 3574 inutile,
2377 3517 2435 3561 ut
2465 3521 2572 3561 non
2603 3521 3044 3562 commoveamur
3078 3505 3332 3570 omnino;
3370 3505 3520 3574 prius
3563 3512 3647 3557 ta-

2044 3613 2188 3662 men,
2232 3608 2393 3670 quam
2430 3599 2723 3654 commotio
2764 3596 2856 3653 illa
2906 3596 3149 3670 prosiliat
3191 3596 3258 3651 ad
3299 3592 3603 3652 nocendum
3632 3637 3647 3661 ,

2043 3689 2219 3762 quoad
2250 3686 2367 3747 fieri
2389 3670 2565 3771 potest
2593 3730 2610 3760 ,
2639 3691 2900 3751 maturius
2921 3690 3183 3764 sopiatur.
3215 3689 3478 3761 Praecepit
3510 3689 3651 3744 Deus

1672 3800 2040 3860 VARIORUM
2077 3801 2309 3860 ΝΟΤᾹ).

413 3955 739 4023 Compar-em.
784 3949 1103 4022 Improliitas
1140 3957 1194 4004 et
1215 3947 1560 4023 impatientia
1608 3947 1788 4023 liicut
1840 3966 1937 4023 pur

335 4021 696 4096 gladiatorum
751 4021 1188 4096 componuntur.
1214 4021 1335 4077 Vid.
1371 4021 1424 4096 _l.
1475 4037 1548 4085 γι,
1581 4035 1632 4076 c.
1661 4021 1733 4077 :20
1776 4032 1831 4096 et
1867 4022 1937 4096 de

338 4092 488 4169 Dpif.
519 4114 569 4154 c.
622 4097 805 4165 l9,in
850 4095 994 4151 notis
1027 4111 1039 4148 :
1071 4092 1191 4148 Nisi
1249 4094 1402 4165 fuerit
1446 4108 1671 4169 cutnpar
1720 4094 1935 4166 aliquis.

1444 4165 1722 4222 Buaeuau.

416 4242 557 4311 Quid
600 4241 791 4313 igitur:
823 4239 950 4295 Mss.
980 4237 1183 4313 _5_re_c.
1216 4245 1273 4293 et
1398 4237 1527 4313 edit.
1552 4239 1687 4313 Quid
1732 4253 1871 4313 ergo.
1906 4237 1933 4294 1

335 4306 735 4381 Bonumatitiq.
754 4311 944 4374 Cauc.,
976 4311 997 4364 1
1026 4306 1208 4369 Colb.,
1229 4323 1326 4378 pro
1351 4309 1527 4379 igitur,
1555 4309 1752 4363 habent
1780 4306 1936 4373 enim,

338 4385 487 4456 quod
532 4400 657 4440 mox
703 4383 1002 4457 praecessit.
1037 4382 1233 4438 Caeteri
1279 4382 1515 4436 maximo
1545 4396 1772 4436 numero
1798 4390 1854 4435 ut
1883 4382 1939 4437 in

337 4468 509 4514 ιυιιιι.

415 4527 569 4596 Quod
587 4545 701 4582 cum
732 4527 794 4581 de
820 4528 1022 4581 virtute.
1048 4523 1279 4594 RupOSui
1316 4523 1453 4594 quod
1482 4538 1552 4579 ex
1582 4524 1795 4581 cunctis
1822 4523 1941 4579 fere

337 4617 474 4656 mss.
504 4599 560 4654 lu
584 4601 618 4655 5
646 4614 757 4655 rec.
790 4609 845 4653 ct
871 4600 923 4652 in
955 4597 1115 4652 editis
1136 4598 1329 4667 legitur
1353 4597 1492 4664 quia.

412 4670 750 4740 Loqueretur.
778 4670 868 4726 Sic
894 4669 1100 4723 restituti
1128 4683 1192 4721 ex
1219 4682 1348 4722 mss.
1384 4668 1409 4721 1
1436 4669 1723 4735 Bonon.;et
1750 4668 1771 4720 1
1805 4666 1934 4735 Reg.

340 4745 727 4812 antiquissimis
760 4785 775 4805 ,
830 4740 868 4795 ‘2
917 4741 987 4794 al.
1024 4740 1177 4812 Reg,
1215 4754 1323 4812 rec.
1378 4753 1605 4812 quorum
1654 4744 1798 4793 unus
1853 4747 1940 4793 est

338 4808 559 4884 optimm
583 4827 743 4882 uotae,
776 4814 952 4883 Lips..
988 4808 1449 4884 Pal.,‘i‘Ct_illgert.
1482 4808 1669 4863 Marm.
1701 4825 1730 4862 a
1766 4814 1936 4884 prima

339 4879 527 4942 manu.
560 4879 757 4956 Scripti
800 4879 916 4940 8'et
943 4884 1033 4949 10,
1084 4882 1215 4956 editi
1264 4879 1462 4935 habent
1490 4890 1837 4951 quaereretur;
1871 4882 1935 4937 11

340 4976 477 5015 mss.
508 4974 621 5014 rec.
652 4954 706 5013 et
736 4958 1007 5027 7vulgati,
1040 4954 1304 5024 quaeritur.

415 5029 482 5083 Et
522 5040 754 5084 ruentem
790 5025 1111 5098 qudcumque
1154 5025 1453 5093 improbitas
1501 5025 1936 5098 provocmihita

339 5118 476 5157 mss.
498 5103 668 5156 ferme
689 5096 901 5155 omnes.
926 5098 1091 5153 Brun.
1112 5098 1473 5167 prouocauerit.
1492 5096 1935 5153 Subaudiendum

342 5183 506 5243 parte,
534 5173 675 5243 Quod
708 5188 774 5227 ex
803 5171 977 5243 glossa
1004 5171 1357 5224 fnrsan.mss.
1382 5168 1418 5222 2
1448 5168 1582 5240 Reg.
1606 5182 1718 5224 rec.
1741 5168 1938 5224 Canta-

337 5241 480 5315 brig.
506 5241 563 5299 et
590 5243 724 5298 edit.
744 5245 779 5297 3
805 5254 914 5296 vet.
952 5241 1108 5315 Rern.
1146 5248 1507 5315 receperunt,
1549 5257 1866 5315 quacumque
1886 5243 1939 5315 in

339 5312 519 5388 parte,
553 5316 891 5388 referentes,
922 5322 975 5368 et
1006 5314 1031 5367 1
1063 5312 1218 5388 Coll).
1251 5314 1309 5388 in
1350 5328 1517 5388 marg.
1562 5313 1877 5388 ln_vnlgat_is
1904 5314 1937 5388 8

338 5382 425 5442 est
449 5402 818 5458 quamcumque
843 5386 895 5438 in
919 5384 1380 5458 partemaExplica
1413 5383 1611 5457 (inquit
1628 5382 1934 5458 Walcbius)

339 5471 391 5514 et
417 5456 511 5528 per
542 5461 693 5513 etiam
710 5456 743 5524 ;‘
761 5470 953 5512 sensus
979 5456 1187 5528 carebit
1218 5456 1564 5528 obscuritate.

415 5531 731 5595 Quirinum...
767 5528 1079 5598 facundiam.
1112 5527 1305 5582 Plures
1335 5527 1400 5581 ad
1428 5527 1528 5582 hoc
1556 5528 1710 5596 Appii
1733 5529 1935 5583 dictum

338 5615 636 5673 provocant
687 5602 753 5657 de
791 5600 1158 5673 quouuberius
1190 5598 1387 5673 Wasse
1428 5599 1492 5652 ad
1526 5600 1745 5673 Sallust.
1774 5600 1933 5673 Frag.

337 5670 378 5733 Ι.
402 5692 474 5741 rt,
503 5692 555 5730 c.
586 5676 674 5737 ll.
705 5689 757 5742 p.
788 5673 876 5728 88.
897 5671 1096 5727 Omnes
1126 5672 1581 5742 prartermiserunt
1609 5670 1783 5725 locum
1813 5671 1939 5727 Hie-

338 5739 553 5818 ronymi
582 5739 935 5818 Lactantiano
961 5741 1348 5818 prosimumin
1375 5739 1531 5810 epist.
1563 5742 1640 5818 ad
1660 5742 1934 5800 Rttsticuut

336 5814 488 5873 Non.
523 5817 558 5871 f.
596 5816 663 5870 47
690 5835 701 5869 :
732 5815 1028 5870 Procedunt
1056 5815 1107 5868 in
1137 5814 1420 5882 publicum,
1449 5823 1503 5866 ut
1525 5814 1761 5867 caninum
1788 5832 1936 5869 exer-

337 5900 485 5944 ceant
532 5890 847 5960 facundiam.
890 5886 1147 5960 Isidorus,
1182 5886 1219 5940 Ι.
1269 5884 1440 5960 urile
1488 5884 1713 5960 Summo
1764 5886 1934 5954 Bono,

338 5976 390 6017 c.
426 5961 497 6021 60
522 5957 538 6018 ε’
558 5961 771 6033 Antiqui
812 5964 1065 6031 forensem
1102 5958 1439 6030 eloquentiam
1471 5957 1717 6017 caninam
1747 5960 1935 6017 facun-

2045 3950 2187 4005 diam
2238 3950 2630 4023 nuncupabant,
2664 3964 2724 4005 eo
2753 3949 2890 4021 quod
2924 3940 3257 4023 causidicivin
3286 3946 3651 4023 certaminibus

2045 4038 2341 4077 causam-um
2387 4019 2589 4077 omissis
2619 4035 2733 4094 qua!
2765 4019 2954 4093 agunt,
2981 4021 3138 4076 ueluti
3166 4034 3319 4094 canes
3347 4019 3651 4072 alterutrum

2047 4111 2100 4148 se
2128 4092 2644 4221 latrangjurgiaque
2692 4092 2973 4150 causarum
3012 4094 3080 4148 ad
3108 4092 3331 4164 injurias
3361 4106 3482 4146 suas
3508 4104 3650 4144 com-

2047 4177 2267 4221 mutant.
2344 4182 2436 4221 ou.

2044 4177 2267 4222 mutant.
2302 4177 2436 4223 BUN.

2047 4238 2319 4367 ωὲεὲῗτι.
2347 4238 2501 4310 Apud
2532 4236 2764 4293 Nonium
2789 4238 2842 4294 in
2856 4236 3082 4293 Rabula.
3108 4234 3511 4304 Quintilian.,‘l.
3540 4246 3644 4300 xu,

2047 4324 2165 4380 cap.
2192 4324 2250 4371 θ.

2110 4351 2314 4438 Em‘iino
2344 4384 2515 4437 modo.
2547 4382 2675 4439 Mss.
2707 4382 2742 4438 3
2772 4393 2884 4437 rec.
2912 4381 3099 4434 canino
3120 4394 3281 4432 more.

2117 4453 2324 4525 Petatur
2352 4455 2659 4525 exemplum.
2695 4454 2821 4508 Mss.
2855 4452 2888 4507 5
2913 4467 3028 4507 rec.
3063 4461 3119 4525 et
3142 4452 3177 4525 5
3203 4446 3646 4525 edd._Peteretur.

2116 4524 2476 4592 Prwceptoris.
2498 4521 2564 4579 'ln
2601 4528 2623 4581 1
2672 4526 2805 4594 Reg.
2856 4533 2911 4579 et
2942 4525 2994 4579 in
3026 4523 3185 4580 editis
3212 4530 3297 4578 est
3322 4521 3562 4588 doctoris,
3597 4522 3648 4575 id

1962 4577 2017 4638 D
2044 4606 2146 4662 est,
2168 4577 2452 4651 Cicéionis
2468 4577 2650 4667 ipsith
2673 4577 2872 4667 uane;

2119 4667 2270 4732 Quod
2297 4670 2339 4723 si
2368 4666 2654 4724 lacessitus.
2683 4666 2813 4725 Mss.
2837 4669 2962 4725 Jun.
2987 4677 3043 4725 et
3072 4667 3105 4724 5
3127 4666 3250 4724 edd.
3286 4666 3407 4733 Qui.

2118 4739 2390 4809 Orationes
2435 4742 2603 4795 alieno
2647 4742 2794 4796 titulo
2844 4743 3139 4811 inscriptas.
3198 4738 3646 4811 Philippicarum,

2045 4824 2179 4878 quas
2197 4813 2261 4866 ad
2279 4814 2633 4869 imitationem
2657 4809 3034 4869 Demosthenis
3053 4812 3154 4868 huc
3170 4810 3330 4866 modo
3349 4809 3646 4878 inscripsit.

2043 4883 2334 4939 Historiam
2368 4886 2483 4953 lege
2513 4889 2652 4955 apud
2684 4886 2826 4941 Plut.
2864 4888 2914 4939 in
2945 4885 3064 4939 Vita
3096 4886 3270 4938 Cicer.
3305 4892 3357 4937 et
3388 4882 3645 4955 Antonii:

2041 4956 2182 5025 apud
2213 4957 2512 5027 Appianum
2547 4960 2638 5013 lib.
2687 4973 2741 5012 tv
2786 4957 3056 5012 Bellorum
3086 4956 3363 5027 Civilium.
3412 4954 3509 5027 Vix
3543 4967 3644 5022 po-

2044 5024 2149 5082 test
2179 5024 2428 5083 exéusat-i
2453 5028 2666 5097 Cicero,
2698 5028 2789 5100 qui
2816 5030 3018 5084 illatam
3061 5029 3161 5084 sibi
3192 5028 3259 5081 ab
3288 5024 3524 5100 Antonio
3556 5039 3649 5100 po-

2044 5100 2168 5165 tius,
2203 5115 2362 5167 quam
2393 5101 2658 5171 publicam
2694 5096 2946 5169 injuriam
2976 5110 3082 5155 tam
3108 5100 3303 5171 acriter
3333 5096 3647 5171 vindicavit.

2118 5172 2286 5235 Quam
2316 5184 2369 5225 ut
2395 5169 2610 5242 caperet
2646 5174 2796 5227 homo
2817 5174 3019 5244 justus.
3052 5172 3126 5244 Ita
3172 5169 3381 5244 reatitui
3410 5180 3645 5244 'ex‘mss.

2041 5243 2430 5314 antiquissimis
2462 5239 2485 5299 1
2520 5245 2754 5312 Bonum,
2789 5239 2980 5313 illeg.
3044 5243 3276 5314 aliisque
3301 5240 3370 5296 18
3392 5256 3464 5314 3οῄ
3485 5239 3516 5293 7
3538 5248 3649 5294 vet.

2042 5312 2201 5388 editis
2232 5332 2248 5388 γε
2279 5315 2330 5369 id
2358 5325 2462 5378 est.
2487 5333 2645 5385 quam
2672 5326 2729 5371 ut
2752 5312 3233 5388 possct'cnntinere
3267 5313 3430 5367 homo
3448 5312 3646 5383 justus.

2043 5387 2242 5455 Scripti
2282 5388 2350 5443 10
2400 5387 2978 5460 ιοιὶᾱετηίμιενυιειηὶ
3024 5388 3237 5460 legunt,
3283 5402 3385 5457 qua
3432 5394 3488 5439 ut
3546 5398 3649 5439 non

2040 5468 2236 5530 careret
2270 5460 2423 5515 homo
2448 5462 2640 5530 justus.

2125 5529 2300 5585 Victus
2325 5542 2419 5585 est.
2444 5529 2467 5587 1
2495 5533 2731 5588 Clarom.
2764 5533 2928 5586 victus
2955 5533 3075 5598 erit;
3096 5531 3222 5589 Jun.
3247 5530 3409 5584 uirtus
3429 5546 3531 5584 non
3550 5539 3647 5593 est;

2043 5603 2069 5659 1
2118 5601 2324 5658 Bonou.
2372 5604 2666 5676 antiquior,
2712 5605 2873 5660 virtus
2918 5605 3063 5661 nulla
3110 5612 3207 5659 est.
3239 5603 3447 5675 ‘Cutteri
3486 5609 3547 5656 ut
3593 5601 3646 5653 in

2044 5681 2211 5730 textu.

2043 5816 2056 5830 .
2118 5745 2343 5829 imperat
2372 5747 2486 5800 sibi.
2524 5749 2547 5803 l
2584 5748 2719 5819 Reg.
2766 5764 2878 5807 rec.
2917 5760 2971 5807 et
3007 5749 3077 5805 η
3106 5748 3236 5830 editi
3278 5747 3483 5830 addunt
3514 5758 3645 5798 con--

2036 5817 2369 5891 jltltCﬁthtn
2400 5830 2466 5882 et.
2498 5817 2952 5891 qnam'reSpuunt
2980 5824 3160 5878 ert-teri
3203 5831 3259 5875 ut
3293 5817 3643 5891 superfluant.

2040 5888 2270 6016 metatio
2301 5890 2428 5960 line,
2456 5888 2576 5965 cap.
2607 5891 2695 5960 19,
2729 5888 2810 5949 hic
2838 5897 3069 5968 patient,
3099 5895 3181 5952 hic
3210 5888 3397 5964 fortia}
3429 5889 3510 5944 ἰει
3532 5902 3645 5957 1⁸⁸⁸*-

2062 5977 2121 6018 κε
2147 5971 2242 6018 081.
