4090 6354
444 342 554 407 703

1486 347 1675 411 “RM.
1716 352 2088 413 LACTANTI]
2126 355 2331 417 DIVIN.
2374 358 2622 418 INS'I‘IT.

3644 356 3749 422 7M

446 483 558 526 non
592 466 843 526 occidere
870 467 1052 527 Solem
1083 482 1245 540 super
1275 469 1411 525 iram
1452 482 1716 537 nostram,
1761 488 1829 527 ne
1855 472 2052 528 furoris
2076 479 2129 538 Α
2157 476 2242 531 nia
2271 476 2506 534 facinora
2539 478 2843 551 praecipites
2867 488 3063 549 agant;
3101 479 3200 548 ira,
3234 481 3521 554 cupiditas,
3556 480 3748 538 libido.

447 563 620 619 nostri
651 561 803 618 testis
825 560 1104 619 abscedat.
1130 561 1371 634 Denique
1396 563 1606 621 Marcus
1631 565 1843 622 Tullius
1863 575 2049 622 contra

448 671 604 714 auum
636 667 990 728 praeceptum,
1015 656 1085 714 de
1110 672 1217 729 quo
1247 658 1405 728 paulo
1424 660 1694 726 antedixi,
1723 661 2048 717 oblivionem

447 748 769 820 injuriarum
788 750 840 805 in
857 750 1065 821 magnis
1094 750 1342 807 laudibus
1371 752 1567 820 posuit.
1594 770 1613 806 ι
1636 752 1829 823 Spero,
1856 754 2046 825 inquit,

451 842 658 911 Ctesar,
711 844 801 914 qui
856 844 1101 900 oblivisci
1150 844 1282 900 nihil
1329 846 1507 913 soles,
1566 847 1666 902 nisi
1716 849 1963 917 injurias.
2025 869 2045 903 ι

450 936 604 1004 Quod
633 937 678 992 si
705 936 807 992 hoc
834 938 924 994 ille
947 937 1195 1005 faciebat,
1218 939 1382 995 homo
1407 954 1514 996 non
1539 956 1566 993 a
1588 940 1796 997 amicali
1819 950 2048 1010 tantum,

450 1032 545 1089 sed
574 1051 599 1085 a
624 1031 836 1104 publica
860 1048 1074 1103 quoque
1100 1033 1354 1104 civilique
1395 1033 1605 1103 jus-tilia
1627 1035 2047 1102 remotissimus;

450 1137 651 1200 quanto
682 1127 851 1197 magis
878 1126 929 1181 id
958 1141 1055 1184 nos
1093 1127 1273 1184 lacere
1304 1127 1588 1197 debemus,
1614 1129 1705 1201 qui
1734 1128 2045 1195 immortali-

454 1220 578 1277 tatis
606 1219 750 1277 velut
775 1214 1045 1277 candidati
1072 1222 1294 1277 sumus?

1044 1333 1274 1393 CAPUT
1312 1335 1453 1392 XIX.

501 1450 584 1507 De
606 1449 871 1520 affectibus
902 1467 1173 1524 eorumque
1197 1469 1321 1519 usu,
1352 1462 1501 1524 atque
1529 1453 1594 1508 de
1630 1455 1790 1509 tribus
1819 1455 1990 1527 fui-iis.

526 1587 745 1651 Stoicis,
778 1602 900 1643 cum
941 1587 1164 1644 allectus
1207 1603 1273 1644 ex
1322 1588 1564 1657 homine,
1611 1598 1864 1660 tanquam
1906 1604 2052 1646 mor-

456 1678 578 1748 bos,
627 1691 894 1736 conantur
934 1680 1194 1749 evellere,
1242 1680 1584 1752 Peripatetici
1626 1696 1686 1737 se
1728 1692 2040 1753 opponunt;

452 1790 655 1847 eosque
702 1791 808 1830 non
854 1775 1015 1832 modo
1060 1776 1324 1842 retinent,
1367 1775 1463 1832 sed
1509 1777 1672 1832 etiam
1715 1775 2047 1845 defendunt;

2152 569 2440 639 PrOpterea
2499 584 2670 643 poetze
2728 583 2837 629 tres
2882 572 3074 629 Furias
3131 589 3252 631 esse
3301 574 3576 641 dixerunt,
3628 591 3751 646 qute

2153 668 2366 714 mentes
2399 657 2681 714 hominum
2711 660 2983 732 exagitent
3013 679 3027 714 :
3060 660 3140 716 ira
3168 661 3427 717 ultionem
3452 659 3750 727 desiderat,

2152 751 2417 821 cupiditas
2457 767 2607 821 opes,
2652 752 2818 808 libido
2857 754 3180 825 voluptates.
3225 754 3330 810 Sed
3364 753 3451 809 his
3492 753 3753 808 omnibus

2155 843 2295 899 Deus
2325 856 2506 899 certos
2536 844 2734 901 limites
2771 847 2958 902 statuit
2984 864 2996 900 :
3029 861 3166 918 quos
3192 848 3236 903 si
3277 847 3740 914 transcenderint,

2152 937 2491 1009 majoresque
2516 953 2636 995 esse
2657 941 2941 1009 cmperint,
2965 956 3189 997 necesse
3211 951 3292 996 est
3324 951 3567 997 naturam
3592 956 3751 997 suam

2153 1028 2470 1100 depraveut,
2503 1040 2557 1086 et
2584 1031 2635 1085 in
2666 1031 2887 1087 morbos
2926 1047 2989 1088 ac
3016 1033 3143 1087 vitia
3179 1041 3474 1088 vertantur.
3507 1032 3609 1099 Qui
3654 1048 3758 1087 au-

2155 1129 2261 1177 tem
2285 1124 2393 1177 sint
2424 1123 2506 1178 isti
2535 1122 2752 1191 limites,
2778 1138 2886 1179 non
2909 1133 2990 1180 est
3013 1126 3190 1195 magni
3213 1125 3415 1181 laboris
3439 1123 3757 1181 ostendere.

2224 1204 2502 1284 Cupiditas
2548 1216 2615 1271 ad
2654 1230 2714 1270 ea
2744 1216 3105 1287 comparanda
3147 1217 3308 1274 nobis
3344 1218 3467 1273 data
3497 1226 3604 1285 est,
3631 1233 3759 1289 qua:

2155 1316 2279 1364 sunt
2303 1310 2370 1363 ad
2398 1308 2561 1385 vitam
2588 1311 2925 1375 necessaria;
2959 1309 3146 1377 libido,
3173 1309 3239 1365 ad
3280 1310 3525 1365 sobolem
3555 1324 3759 1380 propa.

2152 1402 2417 1473 gandam;
2448 1403 2542 1457 ira:
2566 1402 2812 1467 allectus,
2840 1401 2906 1457 ad
2944 1402 3241 1459 coercenda
3277 1411 3492 1474 peccata
3536 1418 3757 1467 eorum,

2153 1499 2241 1569 qui
2270 1506 2395 1553 sunt
2423 1497 2473 1551 in
2502 1506 2680 1552 nostra
2716 1506 3004 1567 potestate,
3032 1496 3084 1552 id
3113 1506 3216 1563 est,
3246 1507 3302 1550 ut
3330 1497 3567 1551 aretiore
3590 1494 3759 1551 disci-

2154 1589 2298 1661 plina
2330 1589 2505 1645 minor
2533 1598 2663 1645 mtas
2690 1592 2757 1644 ad
2799 1589 3121 1660 probitatem
3154 1589 3517 1660 iustitiamque
3547 1588 3757 1645 forme-

2154 1691 2271 1738 tur:
2299 1699 2419 1755 qum
2450 1684 2549 1738 nisi
2583 1693 2727 1738 metu
2752 1682 3085 1750 cohibeatur,
3114 1681 3327 1738 licentia
3373 1682 3547 1753 pariet
3571 1681 3759 1738 auda'

2153 1777 2313 1843 ciam,
2339 1793 2460 1849 qua:
2500 1777 2566 1831 ad
2604 1792 2766 1833 omne
2794 1777 3048 1847 ﬂagitium
3080 1785 3137 1831 et
3165 1775 3370 1831 facinus
3403 1777 3616 1831 evadet.
3651 1776 3763 1831 Ita-

455 1868 697 1940 nihilque
720 1867 772 1923 in
804 1868 1023 1926 homine
1044 1884 1165 1926 esse
1191 1869 1395 1936 dicunt,
1430 1870 1575 1940 quod
1612 1886 1719 1925 non
1749 1886 1938 1941 magna
1962 1887 2049 1927 ra-
2078 1890 2126 1951 Β
2152 1886 2258 1942 que
2302 1879 2359 1925 ut
2404 1871 2480 1925 ira
2521 1871 2596 1925 uti
2641 1870 2899 1926 adversus
2949 1869 3186 1925 minores
3229 1878 3286 1925 et
3312 1860 3529 1940 justum
3560 1880 3667 1936 est,
3699 1878 3764 1925 et

454 1961 603 2018 tione
630 1976 694 2017 ac
721 1961 1056 2033 providentia
1082 1964 1151 2018 sit
1178 1963 1441 2019 innatum.
1466 1964 1633 2019 Recte
1657 1964 1709 2019 id
1734 1963 1973 2035 quidem,
2003 1965 2051 2020 si

452 2054 783 2127 singularum
833 2069 1016 2110 rerum
1066 2071 1225 2111 veros
1282 2058 1543 2113 terminos
1595 2059 1823 2114 scirent.
1866 2056 2051 2127 Itaque

453 2147 595 2204 banc
638 2148 808 2219 ipsam
840 2148 997 2214 iram,
1030 2159 1207 2205 colem
1253 2149 1439 2206 dicunt
1481 2164 1602 2206 esse
1646 2150 1881 2215 virtutis,
1928 2158 2050 2205 tan—

454 2257 616 2313 quam
649 2256 807 2297 nemo
830 2242 1001 2312 possit
1026 2243 1289 2299 adversus
1317 2243 1501 2301 hostes
1529 2243 1740 2300 fortiter
1769 2246 2048 2310 dimicare,

457 2333 561 2389 nisi
604 2332 765 2389 fuerit
792 2334 867 2389 ira
904 2334 1225 2391 concitatus.
1260 2336 1377 2406 Quo
1406 2337 1563 2407 plane
1601 2338 1915 2406 ostendunt,
1946 2354 2049 2395 nec

453 2428 582 2500 quid
615 2429 684 2485 sit
707 2429 877 2485 virtus
897 2431 1037 2487 scire
1059 2447 1139 2498 se,
1169 2447 1267 2487 nec
1290 2446 1387 2486 cur
1415 2431 1618 2487 homini
1643 2433 1889 2489 tribuerit
1911 2435 2045 2490 iram

455 2521 623 2578 Deus.
653 2523 784 2591 Quae
812 2523 854 2578 si
887 2524 1041 2580 nobis
1072 2518 1192 2581 ideo
1224 2525 1348 2581 data
1378 2537 1482 2591 est,
1532 2536 1590 2581 ut
1624 2542 1685 2581 ea
1727 2534 1945 2582 utamur
1980 2529 2048 2584 ad

451 2613 777 2670 occidendos
819 2616 1084 2689 homines,
1119 2617 1248 2686 quid
1291 2617 1581 2673 immanius
1618 2618 1876 2675 homine?
1908 2621 2037 2692 quid

450 2706 680 2762 similius
707 2706 832 2763 leris
858 2707 1053 2765 belluis
1080 2710 1496 2766 existimandum
1533 2720 1636 2774 est,
1665 2727 1824 2783 quam
1856 2713 1907 2768 id
1937 2714 2053 2769 ani-

461 2799 593 2867 mal,
622 2803 764 2870 quod
810 2799 877 2855 ad
922 2803 1356 2859 communionem
1403 2813 1459 2860 et
1498 2803 1861 2861 innocentiam
1913 2807 2054 2863 Deus

454 2893 615 2951 fecit?
647 2894 781 2952 Tres
817 2906 943 2954 sunt
984 2897 1148 2970 igitur
1184 2898 1427 2967 allectus,
1457 2901 1548 2972 qui
1577 2900 1826 2961 homines
1849 2903 1903 2958 in
1936 2918 2055 2959 om-

2155 1963 2517 2019 necessarium
2551 1980 2564 2015 :
2598 1965 2677 2016 sic
2719 1969 2773 2017 et
2801 1960 3059 2016 adversus
3104 1974 3264 2031 pares
3302 1968 3356 2015 et
3385 1959 3759 2030 perniciosum

2154 2067 2255 2125 est,
2293 2069 2345 2112 et
2377 2057 2620 2129 impium.
2668 2056 2916 2128 ltnpium,
2958 2056 3101 2128 quod
3145 2055 3374 2110 violatur
3412 2056 3761 2120 humanitas;

2153 2154 2536 2225 perniciosum,
2569 2152 2743 2225 quod,
2772 2153 2879 2208 illis
2919 2152 3363 2222 repugnantibus,
3391 2158 3487 2205 aut
3524 2149 3761 2219 perdere

2156 2261 2378 2302 necesse
2402 2256 2503 2313 est,
2538 2256 2629 2300 aut
2668 2246 2860 2313 perire.
2895 2243 3047 2299 Hanc
3077 2253 3254 2297 autem
3285 2257 3447 2312 quam
3485 2241 3596 2296 dixi
3626 2255 3756 2297 esse

2153 2342 2442 2402 rationem,
2471 2354 2567 2395 cur
2592 2339 2793 2395 homini
2837 2339 2907 2392 sit
2945 2338 3040 2393 ira:
3067 2336 3293 2392 ali‘ectns
3329 2336 3508 2398 datus,
3540 2350 3611 2390 ex
3658 2335 3737 2404 ip-

2152 2438 2263 2493 sius
2296 2437 2387 2491 Dei
2416 2436 2699 2506 prmceptis
2731 2433 2956 2504 intelligi
2999 2441 3193 2505 potest,
3220 2431 3312 2502 qui
3341 2431 3495 2500 jubet
3522 2429 3597 2484 uti
3636 2444 3762 2484 ma-

2155 2530 2342 2586 ledicis
2381 2539 2436 2585 et
2475 2528 2793 2585 hedentibus
2848 2542 2955 2582 non
2986 2526 3312 2589 irascamur;
3352 2537 3547 2578 manus
3573 2531 3762 2576 autem

2156 2633 2369 2680 nostras
2400 2638 2562 2693 supra
2606 2622 2845 2676 minores
2885 2634 3102 2689 semper
3144 2618 3470 2681 habeamus;
3504 2616 3610 2671 hoc
3651 2624 3758 2680 est,

2154 2729 2213 2773 ut
2255 2726 2539 2788 peccantes
2561 2731 2657 2773 eos
2678 2713 2909 2770 assiduis
2938 2711 3255 2768 verberibus
3286 2711 3621 2777 corr'gamus
3645 2724 3660 2774 ;
3690 2722 3764 2762 ne

2161 2826 2345 2867 amore
2374 2810 2547 2865 inutili
2578 2820 2632 2865 et
2660 2805 2987 2876 indulgentia
3019 2805 3181 2859 nimia
3211 2803 3512 2858 educentur
3542 2798 3611 2855 ad
3642 2814 3760 2854 ma-

2157 2904 2306 2971 lum,
2341 2913 2394 2959 et
2424 2902 2491 2958 ad
2520 2901 2646 2958 vitia
2687 2901 3010 2956 nutriantur.
3052 2895 3158 2956 Sed
3196 2911 3378 2952 rerum
3423 2888 3665 2966 imperiti
3702 2902 3765 2949 et

1787 3024 2149 3104 vaatonun
2189 3044 2423 3102 nom.

529 3181 944 3239 Immortalitatis
976 3181 1108 3238 velut
1139 3180 1405 3236 candidati
1428 3197 1622 3237 sumus.
1646 3181 1736 3239 Sic
1775 3181 2056 3238 emendavi

457 3271 521 3314 es
542 3256 609 3312 12
632 3270 759 3311 mss.
784 3266 837 3310 et
861 3254 895 3308 4
911 3254 1091 3309 editis.
1116 3253 1193 3308 lta
1231 3253 1415 3321 legunt
1436 3264 1653 3309 veteres
1703 3254 1970 3311 editiones
1989 3272 2056 3309 xv

456 3329 660 3391 steoidi,
694 3326 835 3395 quod
864 3328 1025 3381 etiam
1056 3327 1244 3395 probat
1273 3325 1598 3380 Thomasius
1629 3342 1693 3381 ex
1723 3338 1891 3380 veter.
1924 3343 2055 3382 mss.

458 3399 690 3457 Gallteus
717 3401 769 3453 in
801 3399 1039 3454 editiOue
1075 3413 1170 3452 sua
1203 3397 1499 3465 rescripsit,
1539 3398 1941 3452 inmortalitatis
1970 3413 2053 3453 ve-

460 3473 650 3526 lamine
694 3471 984 3534 canditati;
1031 3480 1085 3524 et
1132 3470 1210 3523 sic
1257 3469 1458 3524 habent
1507 3485 1638 3526 mss.
1685 3469 1721 3523 2
1751 3470 1882 3539 Reg.
1919 3486 2058 3535 rec.,

463 3544 489 3599 1
522 3542 675 3599 Colb.
709 3558 739 3597 a
769 3543 1009 3598 secunda
1033 3557 1217 3606 manu,
1250 3541 1377 3596 Jun.
1406 3554 1459 3597 et
1485 3539 1796 3612 Cantabrig.
1830 3557 1894 3596 ac
1926 3558 2062 3597 non-

458 3615 589 3670 nulli
619 3615 950 3669 recentiores
978 3614 1128 3667 editi.
1156 3612 1214 3668 In
1245 3627 1375 3668 mss.
1412 3614 1438 3668 1
1472 3612 1843 3679 Colb.,-Nav.,
1871 3613 2057 3668 Marm.

463 3696 516 3742 et
555 3685 788 3751 Victam,
815 3686 1212 3739 immortalitatis
1237 3689 1347 3739 uelo
1382 3685 1650 3739 canditati.
1683 3687 1755 3741 At
1791 3686 1977 3754 optimi
2009 3695 2065 3741 et

462 3758 666 3828 antiqui
694 3757 908 3813 codices
937 3771 1067 3811 mss.
1109 3756 1350 3828 {Begu
1395 3758 1415 3828 1
1468 3756 1630 3820 Βοη..
1665 3756 1820 3825 Tax.,
1870 3756 2059 3823 Cauc.,

464 3827 608 3891 PaL,
637 3829 826 3892 Brun.,
860 3827 1221 3891 Emmanuel.,
1258 3828 1283 3882 1
1317 3827 1561 3883 Colbert.
1595 3844 1623 3880 a
1672 3829 1838 3897 prima
1873 3844 2062 3895 manu,

464 3900 554 3957 ed.
586 3901 785 3963 Betnh,
835 3899 926 3965 ls.,
968 3898 1448 3968 Spark.,Walch.,
1491 3900 1888 3954 immortalitatis
1930 3901 2066 3955 velut

466 3972 729 4025 candidati
753 3970 1167 4031 sumus.Recte;
1194 3968 1494 4024 faventibus
1516 3986 1646 4025 mss.
1676 3973 1709 4025 5
1738 3970 1891 4039 Reg,
1915 3970 2064 4035 Gat.,

468 4042 723 4109 Tornes.,
753 4043 778 4096 1
815 4042 1071 4105 Sorbnn.,
1093 4041 1127 4094 2
1153 4040 1411 4103 Clarotn.,
1453 4042 1617 4104 Cott.,
1654 4041 1807 4096 Bodl.
1851 4044 1940 4112 qui
1971 4043 2064 4097 ha-

469 4114 597 4167 bettt
624 4114 1007 4167 immortalitate
1030 4113 1160 4166 velut
1187 4112 1447 4166 candidati
1485 4130 1690 4178 sumus;
1748 4115 1772 4168 1
1808 4113 1939 4168 Bon.
1970 4130 2068 4168 an-

469 4184 569 4255 tiq.
597 4185 980 4241 immortalitate
1006 4183 1267 4238 candidati
1302 4201 1496 4239 sumus.
1533 4186 1597 4239 Et
1621 4184 1861 4249 profecto
1889 4187 2069 4239 candi-

470 4256 617 4310 datos
658 4257 1058 4311 immortalitatis
1114 4256 1248 4310 dixit
1286 4256 1596 4311 Lactantius
1644 4256 1834 4310 eodem
1867 4272 2065 4325 sensu,

469 4342 575 4398 quo
598 4327 902 4398 Cyprianus
928 4329 1158 4398 virgines
1187 4328 1489 4398 integritatis
1512 4337 1558 4382 et
1581 4329 1791 4398 pudoris
1821 4330 2070 4383 candida-

471 4408 569 4462 tas,
600 4416 709 4468 quo
738 4400 1100 4455 Tertullianus
1123 4401 1418 4472 proﬂigatae
1446 4400 1792 4454 conscientim
1823 4401 2068 4455 homines

471 4472 775 4525 candidatos
804 4471 995 4525 diaboli
1026 4485 1199 4534 v0cal,
1227 4471 1436 4541 sumpta
1460 4488 1489 4525 a
1522 4473 1882 4526 Romanorum
1916 4487 2067 4527 more

472 4543 843 4598 similitudine.
876 4542 1015 4613 apud
1040 4559 1175 4611 quos
1201 4546 1320 4597 alba
1343 4557 1459 4613 toga
1489 4544 1656 4598 induti
1682 4545 2064 4612 procedebant,

468 4615 558 4685 qui
588 4620 934 4685 magistratus
959 4612 1196 4668 ol‘licium
1228 4615 1573 4679 ambiebant,
1605 4625 1661 4670 ct
1695 4616 1770 4669 sit:
1800 4614 1969 4671 induti
1999 4616 2065 4670 ad

468 4686 683 4741 comitia
713 4685 1015 4745 veniebant.
1047 4694 1097 4738 ct
1128 4687 1178 4738 in
1208 4687 1344 4740 colle
1370 4687 1741 4740 considebant.
1776 4698 1825 4740 ut
1857 4691 1924 4740 ab
1951 4702 2067 4741 om-

470 4757 627 4812 nibus
656 4768 873 4825 possent
906 4756 1095 4811 videri.
1121 4754 1446 4810 Candidatos
1471 4758 1628 4819 igitur
1651 4758 2067 4813 iunnnrtalilatis

471 4829 710 4899 appellat
737 4829 1107 4891 Christianos;
1142 4827 1596 4894 quemadmodum
1630 4829 1900 4882 candidati
1933 4845 2063 4884 con-

471 4900 679 4955 sulatus
710 4902 791 4955 vel
840 4911 1084 4968 pra-tura:
1126 4900 1476 4961 dicebantur,
1514 4901 1546 4953 ii
1589 4900 1677 4968 qui
1728 4902 2067 4955 con~ulatum

469 4976 553 5027 vel
587 4985 875 5042 praeturam
916 4974 1188 5040 petebant.
1239 4970 1506 5042 Hoc_cum
1555 4987 1660 5025 non
1709 4972 2069 5042 intelligerent

470 5039 663 5099 scriba:
694 5039 1295 5113 quidamamanuenses
1321 5039 1429 5107 ,‘ex
1465 5044 1550 5098 illa
1579 5045 1766 5098 vocula
1798 5039 1954 5101 velat.
1990 5043 2066 5098 le-

470 5125 661 5199 cerunt
692 5117 980 5183 velamine,
1012 5116 1152 5186 quod
1177 5116 1335 5185 plane
1360 5115 1602 5186 ineptum
1630 5125 1733 5181 est,
1752 5114 1902 5186 juxta
1926 5114 2071 5171 Tho-

473 5202 724 5242 IllaSIUIH.

546 5280 757 5336 Stoicis.
790 5280 1013 5336 Veteres
1043 5281 1310 5336 editiones
1341 5297 1409 5336 xv
1439 5282 1622 5336 smcnli
1654 5282 1851 5337 habent
1880 5280 2066 5337 Stoici.

547 5349 703 5405 Recte
722 5352 777 5405 id
804 5353 1030 5423 quidem.
1060 5354 1135 5408 Ita
1171 5368 1300 5407 mss.
1327 5363 1382 5408 et
1412 5354 1535 5409 edd.
1570 5353 1829 5408 Francius
1862 5353 2068 5420 mallet,

474 5423 633 5479 Recte
663 5424 699 5474 ii
725 5424 955 5495 quidem.
984 5423 1178 5478 Verum
1216 5426 1266 5478 in
1294 5424 1396 5479 hoc
1426 5427 1600 5493 capite
1644 5425 1909 5495 improbat
1939 5423 2074 5479 Lac-

473 5496 677 5566 tantius
724 5493 1200 5566 Peripateticorum
1248 5497 1572 5558 doctrinam,
1618 5493 1970 5566 quiatlectus
2015 5498 2066 5550 in

477 5565 699 5620 homine
756 5573 1009 5634 tanquam
1070 5571 1403 5623 necessarios
1459 5584 1581 5624 esse
1640 5565 2071 5625 contendebant.

472 5635 738 5713 Lactantii
771 5635 1011 5713 doctrina
1044 5646 1153 5693 toto
1194 5641 1248 5713 in
1295 5640 1394 5695 hoc
1437 5642 1613 5713 capite
1653 5640 1897 5711 apprime
1935 5655 2071 5693 con-

478 5711 625 5782 gruit
653 5724 775 5762 cum
798 5707 1067 5782 catholica
1095 5711 1353 5767 veritate.

549 5781 726 5836 Cotem
772 5778 946 5833 dicunt
993 5797 1102 5834 esse
1155 5783 1373 5838 uirtutis.
1438 5784 1561 5839 Haec
1615 5785 1776 5839 lectio
1826 5792 1907 5837 est
1958 5796 2071 5836 ma-

479 5857 878 5926 nuscriptorum
907 5852 927 5909 1
949 5851 1289 5926 Regio-Pun,
1311 5853 1537 5923 lColb.,
1560 5855 1891 5923 Jun.,Ultr.,
1915 5853 2071 5923 Nav.,

488 5923 987 6002 Vict.,‘lilarm.,_2
1024 5925 1198 5999 Lips.,
1238 5923 1385 6001 Em.,
1426 5927 1593 5990 Brun.
1640 5938 1694 5991 et
1728 5926 1931 5990 codicis
1968 5941 2077 6002 quo

2084 3192 2129 3255 ρ
2163 3198 2293 3239 ttsus
2335 3192 2415 3236 est
2455 3181 2623 3238 Janus
2664 3176 2938 3237 Guilielmi
2987 3184 3041 3231 et
3080 3175 3114 3230 4
3145 3174 3765 3255 εάἰιιινιιιιι.ηξίι.ιιεςιε.

2166 3255 2314 3310 Haud
2344 3255 2502 3308 dubie
2527 3256 2670 3308 enim
2700 3263 2886 3306 auctor
2934 3258 3117 3304 noster
3153 3249 3417 3317 expressit
3449 3246 3583 3301 illud
3610 3246 3769 3302 Cice-

2162 3328 2308 3382 ronis
2334 3326 2641 3381 Academia.
2673 3324 2874 3393 Qtnest.
2911 3322 3005 3375 lib.
3036 3337 3107 3393 IV,
3136 3335 3254 3393 cap.
3281 3318 3349 3372 44
3379 3336 3392 3372 :
3425 3317 3770 3393 Iracundians

2164 3399 2482 3471 fortitudinis
2528 3398 2674 3463 quasi
2700 3391 2891 3471 'cotent
2924 3409 3038 3471 esse
3078 3391 3342 3471 dicebant,
3368 3403 3549 3471 “puta”
3570 3391 3771 3471 veteris

2163 3462 2466 3525 Academia:
2506 3475 2825 3522 sectatores.
2874 3468 2893 3519 1
2947 3465 3077 3530 Reg.
3122 3463 3315 3530 antiq.,
3364 3462 3398 3515 2
3437 3462 3702 3521 Golbert.,
3740 3463 3759 3515 1

2163 3540 2347 3606 Sorb.,
2382 3540 2529 3600 G'tt.,
2558 3540 2742 3604 Cant.,
2783 3537 2869 3593 ed.
2911 3536 2946 3589 9.
2982 3545 3120 3606 vet.,
3144 3534 3326 3599 Rom.,
3365 3533 3568 3588 Veneta
3607 3532 3768 3606 1490,

2167 3604 2358 3675 Fasit.,
2391 3612 2559 3682 Thys.
2595 3612 2777 3681 legunt
2812 3609 3066 3663 comitem.
3100 3605 3341 3682 Longius
3373 3606 3577 3659 abeunt
3617 3604 3769 3672 Ald.,

2166 3685 2418 3740 Parrltas.
2451 3680 2566 3740 ιιι-9
2594 3680 2667 3738 al.
2693 3682 2848 3745 edit.,
2874 3681 3101 3752 fomitem
3130 3680 3496 3747 pra:ferentes.

2241 3778 2368 3845 ρηω
2396 3777 2441 3831 si
2485 3776 2628 3829 nobis
2666 3773 2781 3828 ideo
2823 3772 2944 3826 data
2984 3779 3078 3825 est.
3116 3768 3491 3845 Reprehendit
3518 3782 3769 3823 caussam

2169 3843 2419 3914 ﬁnalem,
2469 3866 2587 3917 quae
2655 3860 2844 3900 novam
2903 3845 3070 3912 gignit
3130 3843 3523 3912 qumstionem,
3588 3850 3769 3917 utrum

2167 3912 2471 3976 Christiano
2488 3912 2642 3973 bella
2685 3932 2873 3989 gerere
2914 3917 3112 3989 liceat:
3153 3928 3314 3989 quam
3347 3927 3665 3989 suspensam
3717 3912 3770 3989 in

2168 3993 2345 4047 medio
2374 3990 2648 4047 brevitatis
2680 3984 2837 4043 causa
2863 3986 3254 4056 relinquimus;
3287 3984 3446 4037 homo
3476 3985 3622 4056 enim
3653 3984 3774 4038 ani-

2169 4065 2275 4117 mal
2302 4074 2385 4118 est
2424 4067 2535 4133 paci
2569 4070 2771 4115 uatum.
2804 4055 3027 4112 Videtur
3052 4067 3228 4133 autem
3263 4055 3569 4133 Lactantius
3594 4055 3773 4133 lti(_:_ea

2168 4126 2589 4204 reprehendere,
2619 4150 2737 4199 qua:
2764 4140 2891 4185 sunt
2926 4128 3066 4200 apud
3098 4130 3443 4183 Aristotelem
3476 4127 3528 4180 ιιι
3557 4142 3615 4182 ttt
3658 4126 3773 4181 blo-

2170 4208 2380 4272 ralium,
2409 4223 2528 4275 cap.
2563 4207 2614 4260 7.
2648 4204 2971 4260 BETULEIUS.

2241 4300 2429 4369 Agam.
2480 4299 2570 4354 Sic
2618 4299 2832 4366 reposui
2887 4310 2957 4350 ex
3015 4294 3181 4363 antiq.
3214 4290 3771 4369 __tnss_.ARegio-_Pnt_.,

2171 4361 2369 4435 Cattc.,
2404 4370 2529 4425 Jun.
2568 4361 2794 4439 aliis-que
2838 4379 3067 4436 septem,
3107 4361 3183 4439 ac.
3210 4364 3439 4439 Seditis
3473 4361 3584 4417 vel.
3608 4361 3670 4439 _lu
3708 4362 3778 4416 12

2170 4444 2384 4512 scriptis
2407 4453 2459 4497 et
2492 4440 2558 4496 14
2586 4436 2818 4512 vulgatis
2834 4451 2917 4493 est
2945 4444 3144 4512 agitat;
3173 4436 3283 4512 in_l_
3316 4436 3737 4512 Br_t_ttt.__faci_unt.

2245 4506 2518 4569 Dixerunt.
2544 4506 2712 4584 Urpli.
2733 4512 2785 4566 in
2810 4506 2996 4582 hymni
3022 4507 3331 4574 Eumenid.,
3357 4506 3545 4581 Virgil.
3576 4507 3672 4561 lib.
3699 4521 3777 4562 xu

2096 4600 2146 4662 Ι)
2174 4586 2302 4641 Ain.

2245 4680 2543 4753 Exagitant.
2576 4680 2652 4735 lta
2684 4678 2986 4753 restitutum
3018 4692 3083 4753 ex
3114 4675 3322 4753 cunctis
3352 4672 3524 4730 ferme
3555 4682 3780 4753 ms_s._et

2168 4753 2347 4819 editis,
2365 4745 2436 4806 'ut
2465 4767 2623 4824 supra
2661 4759 2856 4824 agantL
2867 4750 2955 4805 Sic
2980 4750 3139 4804 ctiam
3173 4749 3435 4824 editiones
3454 4749 3649 4824 Δεωςιιιι
3678 4745 3778 4801 de-

2169 4826 2293 4879 cimi
2338 4817 2548 4894 quinti:
2593 4817 2718 4878 Mss:
2754 4822 2788 4875 2
2826 4819 3208 4894 Βρεμι-εις.)νὲ
3234 4817 3413 4883 Colb.,
3444 4819 3469 4894 _l
3531 4818 3776 4873 Clarom.

2170 4911 2291 4951 cum
2323 4890 2588 4951 5'excnsis
2619 4895 2912 4964 exagitant;
2941 4893 3073 4947 alter
3102 4892 3337 4964 Claram.
3363 4890 3592 4964 agitant.

2241 4967 2444 5033 Libido,
2470 4967 2537 5020 ad
2567 4959 2788 5020 sobolem
2816 4962 3333 5035 propngandum.‘De
3362 4959 3441 5035 Ira
3469 4976 3518 5016 c.
3556 4961 3622 5015 18
3651 4959 3781 5035 ιΑιὶ-

2173 5040 2393 5094 bidinem
2426 5031 2770 5107 producenda
2795 5031 3183 5107 sabolis'gratia
3210 5033 3370 5088 dedit.
3398 5031 3544 5107 Epit.
3578 5048 3628 5088 c.
3664 5032 3729 5107 61
3761 5049 3775 5086 :

2172 5105 2432 5166 Libidinis
2456 5108 2670 5178 affectus
2702 5110 2768 5162 atl
2796 5107 3141 5178 procreandos
3166 5105 3350 5178 liberos
3388 5106 3580 5178 insitus
3615 5117 3673 5178 et
3693 5106 3779 5158 iu-

2172 5195 2321 5236 natus
2351 5193 2423 5237 est
2457 5175 2623 5236 :inde
2648 5175 2944 5249 coenoscas
2975 5182 3206 5248 copiam.
3237 5177 3401 5231 [sanus
3433 5177 3583 5246 legit,
3615 5175 3778 5231 libido

2172 5254 2241 5308 ad
2265 5254 2487 5308 sobolem
2521 5252 2913 5323 proci-eandem.
2942 5250 3056 5305 Non
3085 5251 3223 5323 male
3252 5249 3501 5323 quidem;
3529 5264 3659 5302 nam
3704 5250 3775 5323 ita

2173 5326 2306 5381 dixit
2338 5326 2374 5378 Ι.
2401 5340 2498 5384 vn.
2517 5319 2566 5379 ὸ.
2588 5325 2621 5380 5
2649 5343 2661 5377 :
2692 5322 2973 5378 Procrearc
2990 5319 3316 5375 sobolcntmt
3337 5320 3684 5378 librioinnes.
3711 5320 3781 5373 ad

2174 5398 2402 5452 sobolem
2436 5395 2860 5468 prapagandam;
2884 5404 2953 5468 ut
2969 5404 3154 5468 noster
3180 5392 3347 5468 dixit,
3368 5392 3402 5443 l.
3424 5406 3469 5468 _t_,
3486 5406 3541 5468 _c.
3565 5393 3619 5447 8.
3642 5391 3776 5447 lina.

2246 5468 2316 5523 Id
2342 5461 2445 5524 est;
2464 5461 2689 5523 Restitui
2717 5484 2782 5523 ex
2813 5466 3063 5521 omnibus
3087 5480 3214 5517 mss.
3246 5474 3298 5516 et
3320 5463 3352 5517 8
3374 5461 3552 5517 editis.

2250 5563 2543 5619 Matedicis.
2579 5562 2768 5618 Matth.
2797 5578 2876 5617 ιχ.
2910 5561 3001 5616 Sic
3036 5556 3323 5614 emendavi
3357 5573 3423 5611 ex
3464 5557 3782 5627 antiquissi-

2174 5636 2279 5692 mis
2306 5652 2434 5692 mss.
2470 5634 2819 5705 Ri-gio-Pnt..
2848 5631 3011 5688 Cauc.
3044 5642 3098 5686 et
3126 5629 3193 5685 16
3239 5627 3561 5705 ξιιιίεηιιεβ
3593 5629 3778 5705 editis,

2178 5723 2300 5763 eum
2348 5718 2501 5762 antea
2543 5699 2690 5761 Esset
2735 5705 3040 5769 maledictis,
3096 5701 3371 5763 mendose,
3405 5699 3457 5753 in
3486 5699 3524 5755 8
3562 5700 3782 5769 scriptis

2179 5795 2288 5835 rec.
2319 5790 2373 5834 et
2401 5781 2467 5837 15
2490 5778 2789 5847 iutpreSsis.
2820 5778 2878 5832 In
2904 5777 2928 5830 1
2951 5776 3156 5830 Bonon.
3187 5773 3300 5847 et?)
3331 5771 3593 5847 Reg_.-pro
3610 5771 3781 5847 male-

2179 5852 2307 5907 dicis
2337 5863 2419 5906 est
2443 5842 2693 5917 inimicis;
2723 5848 2883 5919 idque
2910 5848 3111 5903 dictum
3132 5855 3224 5919 est
3245 5846 3397 5919 juxta
3418 5842 3627 5901 Christi
3660 5843 3775 5900 Do-

2180 5925 2310 5984 mini
2337 5932 2668 5996 praeceptum
2693 5921 2762 5983 de
2789 5917 3019 5985 inimicis
3048 5917 3358 5991 diligendis.
3404 5928 3424 5991 ε
