4090 6354
270 234 376 294 705

1450 222 1657 284 LIBER
1693 221 1785 282 Vl.
1827 219 1917 283 DE
1954 216 2142 282 VERO
2178 214 2433 283 CULTU.

3471 216 3580 280 706

266 348 492 409 rationis
513 347 701 420 ignari,
730 358 825 403 eos
851 344 1096 411 all’ectus,
1120 343 1209 415 qui
1241 352 1366 399 sunt
1392 342 1598 398 homini
1625 341 1693 398 ad
1732 356 1859 398 usus
1887 341 1943 405 Α
1966 349 2218 412 tanquam
2257 357 2378 397 cum
2411 340 2712 398 domestico
2752 339 2915 398 hoste
2954 350 3242 413 pugnaret.
3285 336 3482 397 Cicero
3522 340 3579 396 in

264 445 437 502 bonos
467 441 600 504 dati,
640 440 1170 504 exterminaverunt;
1204 447 1260 493 et
1305 436 1486 503 latius,
1532 452 1690 507 quam
1732 436 1870 494 ratio

266 535 522 608 posmlat,
549 543 861 605 evagantur.
896 530 1031 588 lude
1050 531 1246 602 injuste
1274 540 1433 602 atque
1457 532 1620 601 impie
1650 531 1865 587 vivitur.

266 627 507 687 Utuntur
529 626 607 683 ira
634 638 821 683 contra
855 641 1009 697 pares
1041 643 1054 680 :
1082 624 1210 681 hinc
1245 624 1487 692 dissidia,
1522 624 1650 680 hinc
1677 624 1870 695 expul-

267 722 472 789 siones,
496 721 622 779 hinc
648 722 788 778 bella
810 729 998 777 contra
1026 719 1291 790 justitiam
1315 729 1434 775 nata
1460 729 1606 776 sunt.
1632 718 1872 776 Utuntur

267 815 563 885 cupiditate
606 813 672 869 ad
713 812 1085 885 congerendas
1112 827 1243 884 opes
1277 832 1291 869 :
1326 811 1449 867 hinc
1477 811 1715 878 frandes,
1745 810 1872 866 hinc

267 908 569 968 latrocinia,
603 906 725 961 hinc
766 904 945 961 omnia
975 905 1239 960 scelerum
1269 919 1468 975 genera
1503 915 1690 959 exorta
1722 912 1866 959 sunt.

272 998 507 1056 Utuntur
544 996 767 1053 libidine
804 996 870 1051 ad
914 995 1210 1066 capiendas
1257 1004 1462 1050 tantum
1513 995 1817 1065 voluptates
1854 1011 1869 1047 :

268 1090 396 1147 hinc
426 1099 633 1159 stupra,
675 1088 803 1144 hinc
824 1086 1113 1155 adulteria,
1152 1087 1276 1141 hinc
1320 1086 1647 1156 corruptela:
1682 1100 1874 1142 omnes

266 1181 585 1241 extiterunt.
618 1180 957 1251 Quicumque
983 1181 1143 1251 igitur
1170 1180 1287 1234 illos
1313 1178 1539 1235 affectus
1566 1180 1705 1235 intra
1737 1180 1874 1236 lines

268 1294 399 1336 suos
444 1276 713 1348 redegerit
755 1274 919 1349 (quod
968 1276 1278 1346 ignorantes
1328 1275 1498 1331 Deum
1556 1274 1736 1332 facere
1767 1290 1873 1331 non

266 1371 519 1448 possunt)
555 1371 639 1427 hic
669 1372 898 1442 patiens,
930 1370 1018 1426 hic
1040 1369 1216 1437 furtis,
1242 1370 1329 1426 hic
1350 1370 1530 1441 justus
1552 1380 1657 1427 est.

874 1501 1104 1559 CAPUT
1144 1501 1266 1559 XX.

267 1620 354 1678 De
388 1618 615 1675 sensibus
659 1628 707 1673 et
750 1632 927 1672 eorum
970 1616 1315 1685 voluptatibus
1375 1614 1639 1671 brutorum
1684 1626 1733 1671 et
1778 1615 1874 1670 Ito-

328 1714 514 1780 minis;
544 1722 695 1784 atque
721 1713 785 1766 de
812 1712 1083 1766 oculorum
1112 1710 1370 1779 uoluptate
1395 1719 1443 1764 et
1469 1709 1795 1781 spectaculis.

345 1847 537 1903 Restat
569 1857 627 1902 ut
656 1852 847 1901 contra
883 1844 1120 1916 quinque
1157 1858 1413 1899 sensuum
1455 1844 1762 1914 voluptates
1790 1842 1879 1898 di-

268 1955 394 1999 cam
426 1940 702 2006 breviter;
727 1954 853 1994 nam
885 1948 940 1993 et
971 1937 1140 2008 ipsius
1186 1936 1306 1992 libri
1340 1951 1592 1992 mensura
1618 1936 1730 2007 jam
1761 1952 1882 1991 mo-

270 2033 405 2092 dum
434 2033 639 2105 ﬂagitat
666 2051 679 2086 :
712 2048 834 2103 quae
864 2047 1088 2099 omnes,
1120 2031 1375 2103 quoniam
1406 2032 1616 2087 vitiosae
1641 2046 1706 2088 ac
1733 2047 1882 2087 mor-

274 2129 456 2186 til‘erze
487 2137 647 2196 sunt,
679 2126 876 2183 virtute
906 2126 1151 2198 superari
1190 2137 1351 2198 atque
1379 2128 1613 2197 Opprimi
1644 2127 1883 2196 debent;

283 2223 377 2280 vel
405 2222 585 2296 (quod
628 2221 788 2292 paulo
818 2230 947 2277 ante
974 2220 1219 2277 dicebam
1262 2220 1332 2277 de
1360 2221 1667 2293 aliectibus)
1697 2222 1763 2277 ad
1794 2237 1884 2278 ra-

276 2314 489 2371 tionem
533 2330 687 2370 suam
749 2313 1018 2371 revocari.
1065 2314 1288 2369 Caetera:
1331 2315 1639 2370 animantes
1685 2327 1888 2385 prmter

277 2422 447 2464 unam
489 2406 852 2478 voluptatem,
899 2420 1020 2478 quae
1081 2407 1150 2461 ad
1197 2406 1566 2478 generandum
1612 2409 1883 2478 pertinet,

280 2499 492 2556 nullam
538 2499 800 2555 sentiunt.
849 2498 1087 2556 Utuntur
1123 2513 1254 2569 ergo
1284 2499 1533 2556 sensibus
1562 2500 1631 2554 ad
1679 2512 1890 2557 naturae

279 2607 399 2650 sua:
431 2593 813 2650 necessitatem
852 2608 867 2645 :
914 2592 1128 2661 vident,
1176 2601 1233 2648 ut
1264 2602 1523 2662 appetant
1549 2609 1648 2663 ea,
1696 2596 1892 2666 quibus

282 2699 426 2758 opus
458 2693 543 2741 est
572 2683 637 2739 ad
664 2684 829 2739 vitam
859 2683 1113 2741 tuendam
1142 2702 1156 2741 :
1188 2684 1409 2739 audiunt
1435 2684 1690 2752 invicem,
1722 2702 1893 2757 seque

283 2780 653 2852 dignoscunt,
705 2787 763 2832 ut
803 2777 1014 2848 possint
1039 2776 1381 2848 congregari.
1415 2778 1546 2845 Qua:
1576 2779 1730 2833 utilia
1763 2790 1893 2836 sunt

284 2874 359 2930 ad
393 2874 622 2941 victum,
655 2880 747 2926 aut
790 2887 853 2927 ex
897 2871 1064 2926 odore
1114 2870 1431 2939 inveniunt,
1464 2882 1556 2925 aut
1586 2888 1653 2928 ex
1698 2888 1895 2944 sapore

290 2965 638 3038 percipiunt;
673 2963 878 3018 inutilia
908 2971 1207 3033 respuunt,
1249 2971 1343 3017 aut
1369 2972 1641 3018 recusant.
1684 2964 1895 3023 Edendi

286 3074 361 3115 ac
403 3056 622 3114 bibendi
666 3055 903 3112 ol'ticium
951 3056 1159 3111 ventris
1203 3055 1542 3126 plenitudine
1573 3057 1892 3115 metiuntur.

1971 434 2177 490 Catone
2209 435 2413 505 majore
2444 452 2457 489 :
2493 454 2513 488 ι
2546 435 2743 505 Stupra
2773 450 2936 500 vero,
2971 434 3177 508 inquit,
3206 446 3259 492 et
3290 434 3576 501 adulteria,

1972 540 2027 587 et
2075 546 2238 586 omne
2288 529 2549 602 ﬂagitium
2604 531 2766 587 nullis
2822 531 3052 587 excitari
3099 530 3223 586 aliis
3270 530 3578 599 illecebris,

1972 625 2076 680 nisi
2117 624 2432 695 voluptatis.
2463 625 2709 696 Cumque
2757 624 2962 680 homini
3014 624 3129 679 sive
3179 634 3408 692 natura,
3465 624 3582 680 sive

1972 720 2094 790 quis
2147 720 2292 776 Deus
2325 719 2461 774 nihil
2516 731 2697 776 mente
2752 719 3110 790 praestabilius
3144 718 3420 787 dedisset,
3456 719 3581 777 huic

1973 810 2160 866 divino
2191 811 2402 867 muneri
2448 826 2513 867 ac
2560 811 2705 868 dono
2751 812 2884 867 nihil
2932 821 3038 866 tam
3070 811 3344 867 inimicum
3370 851 3386 879 ,
3417 826 3579 882 quam

1973 907 2331 977 voluptatem.
2381 905 2492 960 Nec
2539 906 2682 961 enim
2717 906 2942 962 libidine
2986 905 3334 975 dominante,
3374 914 3584 976 tempe-

1976 1000 2164 1055 rantiae
2212 1000 2391 1055 locum
2439 1014 2598 1064 esse;
2646 1014 2823 1071 neque
2870 1001 2922 1055 in
2955 1000 3248 1072 voluptatis
3275 1016 3444 1071 regno
3475 1000 3583 1057 vir-

1975 1101 2144 1148 tutem
2193 1108 2352 1164 posse
2392 1094 2694 1149 consistere
2737 1110 2750 1145 :
2799 1110 2818 1146 ι
2874 1093 2968 1148 sed
3032 1109 3063 1149 e
3120 1094 3394 1150 contrario
3438 1093 3584 1150 Deus

1977 1186 2180 1242 idcirco
2218 1188 2473 1242 virtutem
2519 1186 2699 1254 dedit,
2741 1195 2798 1242 ut
2845 1197 3179 1259 expugnaret
3238 1204 3301 1244 ac
3345 1189 3585 1244 vinceret

1977 1282 2347 1355 voluptatem;
2396 1296 2625 1352 eamque
2671 1281 3042 1352 egredientem
3092 1282 3229 1338 lines
3278 1282 3380 1339 sibi
3426 1282 3586 1339 datos

1981 1378 2119 1433 intra
2149 1377 2523 1449 praescriptum
2554 1386 2866 1445 coerceret,
2895 1392 2963 1433 ne
2995 1377 3273 1433 hominem
3304 1378 3587 1434 suavitati-

1980 1472 2083 1528 bus
2104 1471 2395 1527 delinitum
2423 1481 2585 1541 atque
2613 1482 2828 1541 captum
2859 1470 3055 1527 ditioni
3100 1485 3213 1526 sua:
3248 1470 3546 1543 subiiceret
3566 1510 3583 1538 ,

1979 1581 2044 1621 ac
2074 1567 2403 1637 sempiterna
2430 1574 2605 1622 morte
2630 1567 2902 1623 multaret.

2056 1659 2317 1729 Voluptas
2360 1660 2640 1714 oculorum
2684 1659 2830 1714 varia
2878 1668 2930 1714 et
2960 1658 3247 1729 multiplex
3285 1667 3403 1727 est,
3456 1673 3581 1730 qua:

1902 1751 1949 1813 B
1977 1752 2187 1823 capitur
2233 1767 2299 1807 ex
2342 1761 2565 1823 aspectu
2608 1768 2790 1808 rerum
2835 1768 2955 1824 qua:
2999 1762 3125 1808 sunt
3154 1752 3208 1807 in
3266 1769 3366 1809 usu
3408 1753 3586 1809 homi-

1988 1858 2114 1898 num
2140 1885 2154 1910 ,
2184 1843 2271 1899 vel
2299 1853 2490 1899 natura
2516 1887 2531 1913 ,
2566 1844 2651 1901 vel
2681 1860 2848 1915 opere
2894 1845 3259 1901 delectabiles.
3291 1844 3440 1901 Hanc
3465 1845 3589 1918 phi-

1986 1936 2197 2009 losophi
2226 1937 2525 1993 rectissime
2537 1938 2891 1995 sustulerunt.
2915 1936 3081 1993 Aiunt
3106 1939 3249 1994 enim
3274 1939 3444 1994 multo
3467 1953 3592 1996 esse

1988 2031 2302 2100 praeclarius
2342 2040 2397 2086 et
2428 2031 2647 2087 homine
2676 2031 2890 2103 dignius
2911 2073 2926 2092 .
2956 2030 3152 2087 ctelum
3185 2033 3394 2102 potius.
3428 2046 3591 2101 quam

1987 2123 2176 2178 czelata
2220 2125 2414 2180 intueri
2456 2144 2468 2180 :
2502 2124 2685 2181 ethoc
2714 2125 3135 2195 pulcherrimum
3176 2139 3313 2196 Opus
3344 2123 3591 2180 intermi-

1987 2216 2234 2272 cantibus
2255 2228 2522 2273 astrorum
2548 2218 2842 2274 luminibus
2862 2261 2876 2287 ,
2903 2226 3155 2289 tanquam
3176 2218 3400 2299 ﬂoribus
3431 2218 3595 2273 ador-

1991 2321 2209 2379 natum,
2241 2328 2399 2381 quam
2453 2313 2624 2382 picta,
2673 2321 2730 2368 et
2769 2312 2925 2381 licta,
2959 2322 3014 2367 et
3056 2314 3287 2384 gemmis
3335 2313 3592 2369 distincta

1992 2403 2195 2458 mirari.
2222 2404 2327 2460 Sed
2350 2420 2474 2461 cum
2500 2404 2705 2461 diserte
2731 2404 2800 2460 ad
2839 2414 3208 2476 contemptum
3251 2407 3594 2463 terrestrium

1994 2512 2092 2552 nos
2123 2498 2392 2553 exhortati
2437 2509 2595 2567 sunt,
2630 2509 2686 2557 et
2713 2500 2779 2555 ad
2826 2500 2950 2557 εωιὶ
2979 2502 3351 2571 spectaculum
3385 2500 3590 2556 excita-

1993 2602 2187 2646 verunt
2208 2633 2223 2656 ,
2268 2601 2445 2647 tamen
2476 2595 2783 2664 spectacula
2817 2593 2934 2649 hare
2960 2594 3174 2667 publica
3207 2610 3313 2649 non
3344 2602 3597 2649 contem-

1993 2692 2149 2737 nunt.
2181 2682 2367 2753 Itaque
2395 2684 2478 2741 bis
2502 2694 2557 2740 et
2583 2685 2942 2755 delectantur,
2966 2697 3019 2742 et
3045 2687 3277 2743 libenter
3301 2687 3597 2743 intersunt.

1994 2775 2157 2843 Qum,
2187 2778 2440 2848 quoniam
2487 2778 2716 2834 maxima
2761 2789 2887 2836 sunt
2930 2780 3267 2836 irritamenta
3295 2781 3552 2836 vitiorum
3574 2820 3592 2849 ,

1996 2880 2051 2925 et
2098 2870 2165 2925 ad
2210 2873 2638 2943 corrumpendos
2684 2873 2897 2930 animos
2942 2876 3320 2945 potentissime
3369 2877 3600 2945 valent,

2000 2966 2235 3022 tollenda
2275 2977 2406 3023 sunt
2435 2968 2592 3023 nobis
2619 3010 2636 3035 ,
2665 2970 2790 3041 quia
2824 2986 2929 3025 non
2963 2969 3124 3025 modo
3167 2969 3235 3024 ad
3270 2969 3485 3025 beatam
3516 2968 3599 3023 vi-

2002 3070 2108 3116 tam
2158 3061 2290 3117 nihil
2340 3061 2660 3129 conferunt,
2707 3063 2803 3118 sed
2847 3064 3008 3118 etiam
3051 3070 3250 3117 nocent
3288 3062 3606 3133 plurimum.

288 3152 515 3209 Homini
559 3166 687 3207 vero
734 3148 1077 3206 solertissimi
1124 3147 1347 3205 artificis
1377 3149 1719 3220 providentia
1746 3151 1896 3209 dedit
1920 3157 1966 3221 C
1998 3154 2132 3211 Nam
2162 3158 2254 3228 qui
2286 3157 2558 3214 hominem
2578 3200 2593 3225 ,
2628 3160 2876 3228 quamvis
2907 3158 2976 3215 ob
3023 3158 3216 3214 merita
3246 3158 3561 3213 damnatum
3589 3198 3607 3225 ,

290 3247 634 3319 voluptatem
677 3245 943 3302 inﬁnitam
964 3285 979 3308 ,
1010 3253 1066 3301 et
1107 3243 1160 3299 in
1202 3244 1393 3299 vitium
1420 3245 1742 3313 cadentem;
1773 3249 1899 3319 quia

295 3341 589 3415 preposuit
612 3341 661 3396 ei
690 3339 943 3396 virtutem
965 3379 982 3407 ,
1010 3353 1132 3410 quae
1178 3352 1302 3394 cum
1345 3338 1626 3410 voluptate
1658 3353 1895 3411 semper,

2005 3252 2060 3307 in
2093 3264 2393 3322 couSpectu
2423 3269 2522 3310 suo
2562 3254 2794 3325 jugulari
2824 3269 2921 3325 pro
2961 3253 3240 3324 voluptate
3284 3260 3600 3322 computat,

2005 3344 2396 3403 conscientiam
2440 3362 2593 3403 suam
2643 3346 2868 3417 polluit,
2916 3355 3024 3402 tam
3067 3344 3311 3413 scilicet,
3357 3359 3518 3414 quam
3564 3339 3614 3398 si

1649 3456 2013 3518 VARIORUM
2048 3460 2281 3518 NOTIE.

378 3577 877 3635 Exterminaverunt.
910 3573 969 3630 ld
997 3580 1102 3637 est,
1126 3581 1278 3628 extra
1319 3570 1577 3626 terminos
1614 3570 1899 3628 miserunt.

298 3652 460 3710 Novo
493 3649 708 3721 quidem
736 3664 917 3721 sensui
931 3646 1304 3721 exterminare,
1338 3658 1436 3713 pro
1478 3654 1622 3721 extra
1660 3645 1905 3721 terminos

298 3739 425 3780 suos
464 3715 676 3775 mittere.
727 3720 860 3774 Hinc
904 3718 1126 3783 Nonius,
1169 3724 1555 3783 exterminatus,
1587 3715 1780 3787 inquit,
1828 3726 1903 3771 est

299 3806 453 3852 extra
475 3794 714 3847 terminos
744 3792 950 3845 missus.

384 3864 613 3921 Utuntur
645 3865 754 3921 ira.,
774 3863 899 3917 Mss.
931 3864 956 3917 1
995 3862 1126 3916 Βοη.
1170 3860 1339 3929 antiq.
1390 3857 1687 3927 interponit
1720 3860 1900 3929 impie,

302 3937 453 4010 quod
493 3951 614 3991 mox
650 3934 943 4006 praecessit.
976 3948 1075 3987 nec
1114 3940 1197 3987 est
1236 3932 1286 3985 in
1325 3930 1678 4001 sequentibus
1726 3948 1903 3988 mem-

305 4010 446 4067 bris.
1098 4018 1243 4055 mtér‘t

383 4080 759 4150 Congerendas.
800 4080 889 4135 Sic
932 4076 1195 4132 editiones
1239 4073 1433 4150 decimi
1458 4075 1659 4150 __quinti
1695 4076 1902 4150 saeculi.

310 4147 576 4219 Volgares
603 4152 730 4207 editi
762 4152 959 4204 habent
984 4147 1391 4219 congregandos,
1422 4147 1508 4219 alii
1537 4147 1810 4219 cogendas.

389 4217 590 4279 Exorta
615 4234 750 4277 sunt.
784 4222 917 4277 Cum
940 4217 1097 4273 editis
1119 4217 1283 4273 Turn.
1318 4217 1589 4273 Soubron.
1630 4230 1683 4273 et
1707 4217 1903 4275 Cellar.

310 4298 395 4353 sic
424 4297 604 4350 ferunt
632 4302 759 4347 mss.
786 4307 974 4347 omnes
1013 4304 1207 4359 praeter
1241 4295 1259 4344 ι
1299 4289 1428 4360 Reg.
1465 4305 1574 4344 rec.
1609 4292 1662 4344 in
1694 4305 1822 4361 quo,
1855 4300 1913 4345 ut

314 4369 373 4424 in
400 4367 632 4431 excusis,
667 4365 857 4436 legitur
881 4372 1003 4436 arta
1022 4373 1159 4436 sunt.

392 4428 741 4507 Corruptelw:
755 4436 810 4491 id
834 4444 937 4507 est.
959 4434 1262 4507 vitiationes
1291 4428 1563 4507 Virginum
1584 4448 1725 4507 :Aquo
1745 4447 1909 4488 sensu
1937 4440 1992 4502 1)

314 4511 508 4568 eadem
538 4503 638 4563 vox
667 4509 805 4577 apud
843 4506 1092 4562 Ciceron.
1129 4504 1221 4559 lib.
1251 4519 1267 4558 ι
1293 4503 1750 4577 deDivinatione,
1789 4520 1911 4573 cap.

317 4584 415 4647 53,
444 4591 499 4637 et
519 4575 741 4635 Suetun.
772 4580 823 4635 in
848 4577 1090 4641 Claudio,
1119 4577 1294 4643 capite
1322 4575 1411 4630 16.

394 4653 585 4709 Contra
603 4658 821 4722 quinque
840 4665 1087 4704 sensuum
1101 4648 1404 4717 voluptates.
1428 4646 1551 4722 Mss.
1633 4646 1804 4703 Vatic.
1825 4647 1915 4722 ha:

322 4728 482 4791 bent,
515 4719 692 4779 contra
728 4719 950 4794 Quinque
992 4736 1231 4794 sensuum
1271 4720 1502 4794 corporis
1534 4719 1816 4794 uoluptates
1836 4720 1912 4794 ,‘d

320 4789 477 4856 Bon.
512 4800 703 4865 antiq.,
736 4789 915 4848 contra
962 4792 1159 4858 iniquos
1207 4806 1381 4865 sensus
1411 4789 1707 4857 voluptatis.
1752 4791 1920 4860 Magis

325 4881 506 4924 tamen
538 4863 827 4921 'l‘homasio
857 4866 1031 4935 placet
1057 4873 1235 4935 contra
1263 4863 1462 4935 iniquos
1506 4878 1685 4935 sensus
1734 4865 1915 4931 volup-

326 4942 451 4995 tatis
482 4938 566 4993 vel
592 4933 948 5006 voluptatum:
983 4953 1001 4986 ι
1039 4933 1206 4989 Nttnis
1229 4974 1242 4993 .
1277 4934 1443 5004 inquit
1465 4973 1481 4999 ,
1524 4934 1809 4988 scolastice
1855 4948 1919 4990 ac

326 5011 609 5084 pueriliter
664 5009 897 5076 dicitur,
946 5016 1124 5062 contra
1170 5006 1393 5075 quinque
1448 5020 1691 5059 sensuum
1741 5007 1924 5077 volup-

329 5092 479 5139 tates.
522 5101 542 5135 ι

403 5153 616 5210 Cirtem:
654 5153 976 5217 animantes,
1027 5160 1131 5204 etc.
1181 5148 1551 5205 Hallucinatur
1607 5148 1923 5204 Lactantius

330 5227 580 5284 nonnihil
612 5228 662 5279 in
690 5225 765 5280 rei
791 5222 1049 5279 naturalis
1074 5223 1401 5291 cognitione.
1431 5219 1564 5275 Nam
1613 5237 1678 5275 ex
1712 5221 1922 5275 Arism-

334 5298 444 5355 tele
468 5309 629 5368 atque
658 5294 832 5368 Gellio
873 5293 1107 5368 evidenti
1139 5294 1595 5368 demonstratione
1637 5291 1922 5368 indicatur,

333 5369 482 5442 quod
508 5363 653 5424 visus
673 5409 688 5432 ,
719 5367 932 5421 auditus
952 5374 1006 5442 et
1027 5363 1254 5442 oll'at'tus
1287 5364 1516 5419 hominis
1545 5365 1744 5433 proprii
1773 5364 1884 5418 sint
1908 5404 1922 5426 .

337 5437 514 5496 [actus
542 5449 597 5495 ct
621 5449 807 5507 gustus
833 5454 954 5491 cum
982 5437 1177 5507 helluis
1202 5451 1525 5507 communes
1564 5453 1575 5489 :
1622 5451 1924 5504 quanquam

335 5514 555 5570 interim
583 5506 848 5578 exemplis
872 5506 1296 5563 evidentissimis
1342 5506 1628 5562 ostendere
1671 5521 1882 5573 possem
1910 5547 1925 5571 ,

338 5584 691 5639 animantium
724 5592 991 5636 mutorum
1036 5578 1281 5649 quaedam
1312 5578 1472 5632 etiam
1503 5593 1567 5632 ex
1599 5579 1798 5632 ollactu
1827 5592 1919 5631 vo-

339 5656 600 5726 luptatem
627 5668 849 5721 capere;
887 5661 1049 5726 atque
1091 5651 1228 5706 adeo
1257 5651 1447 5715 etiam,
1479 5649 1524 5703 si
1549 5662 1769 5703 necesse
1819 5650 1927 5716 sit,

341 5724 415 5783 ex'
438 5727 622 5781 auditu
649 5734 703 5779 et
726 5726 862 5779 visu.
895 5724 1099 5780 BETUL.

414 5798 693 5855 Recusant.
744 5795 970 5853 Edendi.
1022 5794 1131 5853 llas
1170 5793 1310 5852 inter
1342 5807 1505 5853 voces
1532 5790 1709 5866 lepide
1732 5800 1788 5851 et
1812 5790 1935 5850 bar-

2006 3575 2134 3631 bare
2182 3577 2510 3633 iuterserunt
2557 3577 2706 3644 Lips.
2754 3577 2790 3630 2
2848 3585 2903 3631 et
2948 3575 3183 3631 Reimm.
3234 3584 3494 3630 recusant.
3545 3574 3617 3631 Et

2007 3649 2161 3702 multi
2196 3651 2438 3703 homines
2459 3692 2473 3714 ,
2508 3665 2643 3716 quos
2674 3650 2788 3717 ipse
2818 3649 2976 3714 novi,
3011 3648 3193 3702 edendi
3217 3664 3276 3703 ac
3306 3645 3512 3702 bibendi
3535 3646 3619 3717 of-

2007 3720 2183 3788 ﬁcium
2211 3722 2397 3774 ventris
2426 3721 2741 3791 plenitudine
2768 3723 3067 3775 metiuntur.
3099 3719 3230 3775 Βωι.

2086 3793 2218 3859 Quia
2240 3788 2524 3864 proposuit.
2559 3794 2632 3848 Ita
2656 3808 2844 3848 omnes
2868 3808 2997 3848 mss.
3025 3802 3081 3847 et
3104 3791 3282 3848 cuncti
3308 3790 3419 3848 fere
3444 3788 3615 3860 editi;

2011 3864 2285 3935 nonnullis
2310 3874 2391 3918 est
2417 3865 2523 3935 qui.

2085 3933 2372 3990 Domestica
2400 3933 2561 3991 hoste.
2600 3936 2707 3991 Lex
2738 3935 2936 3999 carnis,
2972 3951 3094 4005 qua:
3123 3936 3285 3991 etiam
3314 3934 3403 3991 lex
3426 3935 3621 3992 mortis

2013 4014 2068 4062 et
2086 4012 2288 4077 peccati
2304 4008 2515 4075 dicitur,
2542 4008 2700 4063 hostis
2720 4007 3023 4062 dantesticus
3039 4018 3293 4079 estatque
3315 4007 3619 4063 intestinus.

2010 4160 2025 4171 η
2088 4099 2318 4170 Stupro.
2352 4110 2455 4155 etc.
2493 4099 2618 4155 [hec
2661 4099 2842 4155 addita
2895 4109 3065 4171 putat
3094 4100 3399 4154 lleutnann.
3459 4108 3624 4170 atque

2015 4170 2080 4228 ex
2104 4176 2345 4239 margine
2375 4176 2426 4226 in
2459 4184 2660 4227 textum
2691 4171 2953 4226 Lactantii
2984 4170 3196 4226 inducta
3231 4172 3417 4224 luisse.

2093 4244 2256 4298 Omne
2284 4245 2558 4314 ﬂagitium.
2598 4244 2623 4297 1
2671 4243 2875 4297 Bonan.
2911 4242 3080 4314 autig.
3105 4282 3119 4303 ,
3154 4241 3329 4295 omnia
3355 4241 3581 4314 flagitia.

2098 4311 2389 4385 Voluptatis
2429 4332 2604 4386 regna.
2656 4314 2783 4369 llaec
2826 4312 2967 4383 apud
3017 4311 3337 4368 Ciceronem
3381 4327 3489 4367 non
3540 4313 3624 4368 Ie-

2018 4399 2235 4459 guntur.

2039 4486 2045 4494 ‘
2092 4478 2338 4534 Cicero...
2381 4479 2675 4534 consistere.
2720 4476 2798 4532 ita
2827 4493 3018 4534 omnes
3065 4477 3211 4534 libri.
3267 4477 3624 4534 Heumannus

2021 4560 2171 4620 putat
2210 4549 2326 4604 haec
2372 4550 2554 4605 omnia
2584 4550 2712 4604 olim
2739 4550 2902 4605 fuisse
2930 4551 3157 4620 margini
3197 4550 3452 4616 inscripta
3480 4590 3496 4613 ,
3525 4563 3627 4604 nec

2019 4621 2282 4678 Lactantii
2314 4636 2436 4677 esse
2457 4664 2473 4687 ,
2500 4623 2803 4677 orationem
2837 4622 2902 4676 iis
2939 4623 3156 4677 omissis
3205 4621 3399 4676 melius
3443 4620 3629 4675 colue-

2021 4709 2173 4759 rere,
2208 4693 2409 4749 relictis
2439 4693 2506 4747 iis
2555 4692 2947 4763 impeditiorem
2975 4708 3133 4751 esse:
3167 4707 3267 4747 nec
3292 4700 3443 4760 putat
3487 4692 3627 4747 Lac-

2022 4766 2248 4821 tantium
2275 4767 2343 4820 ita
2378 4765 2544 4821 fuisse
2569 4776 2923 4836 scripturum,
2946 4764 3141 4821 Cicero
3167 4777 3348 4832 stupra
3368 4804 3384 4830 ,
3420 4764 3624 4832 inquit,

2023 4838 2273 4905 excitari;
2308 4836 2404 4893 sed
2437 4838 2507 4892 ita
2529 4881 2544 4902 ,
2573 4838 2761 4892 Cicero
2794 4856 2809 4892 :
2841 4849 3022 4907 stupra
3043 4876 3060 4902 ,
3085 4837 3287 4907 inquit,
3319 4837 3624 4907 excitamur2

2024 4908 2136 4964 Imo
2178 4925 2282 4964 non
2308 4908 2562 4965 Ciceroni
2593 4904 2936 4964 tributurutn'
2958 4910 3125 4963 fuisse
3160 4904 3279 4964 haec
3304 4908 3500 4975 verba,
3534 4904 3629 4962 sed

2023 4980 2177 5050 cujus
2206 4993 2331 5035 sunt
2351 5023 2367 5047 ,
2399 4986 2650 5052 Archyta:
2677 4980 2990 5052 Tarentino.
3034 4978 3169 5036 Bon.

2101 5051 2209 5109 Sed
2239 5070 2264 5106 e
2290 5050 2567 5107 contrario.
2601 5053 2713 5107 Huc
2740 5067 2909 5123 usque
2936 5050 3145 5107 Cicero.

2099 5124 2468 5180 Suavitatibus.
2501 5123 2762 5196 Voluptas
2789 5122 2914 5180 esca
2944 5124 3206 5180 malorum
3225 5163 3240 5192 ,
3265 5122 3418 5195 juxta
3449 5122 3631 5178 Plato-

2028 5210 2175 5252 nem.

2101 5287 2299 5344 Ditioni
2349 5304 2455 5344 sua:
2501 5288 2797 5359 subjiceret.
2852 5288 3115 5358 Voluptas
3164 5303 3272 5344 non
3326 5288 3491 5344 Deus.
3550 5285 3631 5344 Illi

2029 5362 2211 5424 enim,
2271 5362 2360 5431 qui
2409 5360 2635 5432 subjecti
2685 5369 2813 5415 sunt
2860 5361 3052 5415 ditioni
3102 5361 3425 5432 voluptatis,
3475 5359 3639 5429 eique

2032 5435 2189 5488 unice
2217 5433 2457 5487 serviunt
2477 5474 2492 5496 ,
2517 5431 2847 5501 sempiterna
2878 5444 3056 5488 morte
3085 5431 3436 5488 damnantur.
3465 5432 3634 5489 Cson.

2105 5502 2437 5571 Philosaphi.
2470 5504 2722 5559 Architas
2745 5545 2760 5569 ,
2792 5503 2960 5569 Cato,
2994 5502 3210 5559 Cit-ero.

2106 5575 2298 5630 Cottum
2342 5576 2545 5647 potius,
2576 5591 2731 5647 quam
2772 5575 2972 5630 caelata.
3023 5575 3458 5632 Prosonomasia.
3495 5574 3641 5630 Allu-

2033 5646 2113 5702 dit
2138 5658 2317 5721 autem
2347 5646 2512 5703 dubio
2540 5646 2741 5721 procul
2776 5647 2999 5721 ad__eam
3049 5650 3172 5705 caeli
3215 5649 3641 5721 etymologiam,

2034 5734 2194 5792 quam
2232 5717 2504 5792 Varroet
2540 5717 2749 5792 Plinius
2801 5717 3073 5788 alterunt,
3119 5717 3565 5792 quod'nimit'tnn
3612 5731 3646 5779 a

2040 5788 2285 5849 caelando
2308 5791 2379 5847 sit
2406 5789 2631 5847 dictum.
2677 5790 3004 5850 Beroasws.
