4090 6354
164 5952 193 6013 it

241 304 343 361 709

1410 299 1620 371 LIBER
1655 298 1744 355 Vl.
1786 298 1878 356 ΠΒ
1914 296 2104 355 VERO
2137 295 2389 381 CULTU.

3433 299 3542 363 ἨΟ

238 422 387 477 Settl?
419 420 551 488 Quis
597 419 844 488 dubitet,
873 419 1007 492 quin
1033 418 1231 492 impius
1255 418 1359 487 sit,
1392 419 1483 491 qui
1525 418 1717 475 alienas
1740 417 1841 473 mi-
1866 417 1913 479 Α
2016 414 2164 486 Ergo
2189 415 2235 471 si
2274 413 2625 472 homicidium
2658 414 2835 471 facere
2866 415 3017 472 nullo
3053 416 3221 474 modo
3246 418 3369 475 licet
3394 460 3410 486 ,
3444 434 3543 478 nee

237 514 547 571 sericordim
592 515 768 572 locum
810 514 1032 571 tribuit?
1070 514 1160 585 qui
1190 513 1399 569 etiamsi
1446 512 1720 582 contingat
1745 510 1833 580 ci,

240 607 380 681 quod
428 608 638 677 voluit,
699 615 756 662 ut
810 606 1008 673 alatur,
1061 605 1267 661 addixit
1312 612 1462 661 certe
1519 605 1836 677 sanguinem

239 716 415 765 suum,
440 701 527 757 vel
555 700 621 756 ad
644 700 957 757 servitutem
978 741 993 766 ,
1021 698 1105 754 vel
1134 698 1203 754 ad
1225 699 1471 770 lupanar.
1501 699 1631 766 Qum.
1656 705 1836 760 autem

241 796 485 865 possint,
515 793 601 850 vel
628 795 840 849 soleant
869 792 1115 848 accidere
1146 793 1201 847 in
1220 800 1452 863 utroque
1478 806 1612 848 sexu
1636 805 1730 861 per
1751 806 1838 847 er-

237 903 449 954 rorem,
481 887 604 959 quis
648 902 756 942 non
804 884 1096 957 intelligit?
1120 884 1240 957 quis
1284 884 1537 956 ignorat?
1563 883 1718 952 Quod
1754 881 1838 939 vel

237 980 398 1037 unius
427 979 726 1051 (Edipodis
755 979 993 1035 declarat
1018 977 1321 1049 exemplum
1341 1019 1358 1044 ,
1391 975 1588 1048 duplici
1631 975 1840 1033 scelere

237 1068 546 1128 confusum.
574 1071 708 1127 Tam
737 1069 1188 1144 igiturnefarium
1231 1078 1316 1125 est
1339 1084 1646 1147 exponere,
1676 1084 1839 1139 quam

243 1179 462 1221 necare.
493 1169 563 1219 At
592 1163 736 1221 enim
767 1162 1051 1235 parricida:
1074 1162 1384 1218 facultatum
1413 1161 1690 1233 angustias
1711 1175 1842 1216 con-

240 1266 572 1329 queruntur;
614 1272 715 1312 nec
754 1272 812 1311 se
852 1256 1096 1327 pluribus
1142 1255 1329 1312 liberis
1357 1255 1654 1312 educandis
1683 1254 1840 1311 sufﬁ-

241 1366 367 1407 cere
393 1365 556 1423 posse
588 1348 972 1422 praetendunt:
999 1349 1155 1422 quasi
1182 1365 1313 1407 vero
1337 1359 1429 1405 aut
1468 1349 1757 1408 facultates
1783 1351 1841 1407 in

242 1454 513 1518 potestate
542 1445 651 1501 sint
680 1444 1106 1517 possidentium,
1137 1454 1233 1500 aut.
1272 1460 1382 1503 non
1405 1443 1669 1516 fquotidie
1699 1445 1842 1502 Deus

241 1556 309 1597 ex
336 1540 599 1596 divitibus
631 1555 894 1611 pauperes
914 1582 930 1607 ,
958 1547 1014 1596 et
1058 1554 1127 1596 ex
1157 1539 1485 1611 pauperibus
1529 1538 1727 1595 divites
1756 1538 1840 1594 fa-

239 1633 367 1688 ciat.
404 1630 584 1699 Quare
613 1633 658 1687 si
689 1634 808 1703 quis
841 1632 1043 1687 liberos
1068 1631 1139 1686 ob
1168 1632 1481 1702 pauperiem
1506 1646 1613 1686 non
1641 1630 1842 1702 poterit

239 1727 508 1795 educare,
557 1725 727 1781 satius
757 1734 876 1794 est,
930 1735 989 1780 ut
1029 1740 1089 1782 se
1118 1727 1187 1781 ab
1234 1726 1419 1782 uxoris
1460 1726 1846 1797 congressione

1941 511 2209 567 interesse
2256 512 2477 567 omnino
2504 510 2837 579 conceditur,
2886 524 2957 568 ne
2998 513 3382 569 conscientiam
3414 530 3542 586 per-

1941 605 2130 661 fundat
2174 605 2316 661 ullus
2364 620 2527 660 cruor
2568 623 2587 660 ;
2623 604 2893 675 siquidem
2939 606 3138 676 populo
3182 607 3402 678 sanguis
3448 608 3545 666 ille

1940 707 2248 770 praestatur.
2282 697 2341 753 In
2368 698 2547 754 scenis
2567 713 2782 770 quoque
2806 700 2997 755 nescio
3022 714 3093 756 an
3118 702 3190 756 sit
3236 703 3542 773 corruptela

1941 792 2202 848 vitiosior.
2233 790 2367 846 Nam
2393 799 2446 857 et
2475 794 2700 847 comica
2720 791 2916 848 fabulae
2946 792 3015 848 de
3041 795 3245 864 stupris
3272 795 3543 867 virginum

1942 886 2258 957 loquuntur,
2304 894 2401 939 aut
2426 885 2703 939 amoribus
2730 885 3117 953 meretricum;
3145 895 3198 943 et
3224 902 3339 958 quo
3371 889 3544 961 magis

1942 987 2071 1034 sunt
2092 978 2408 1049 eloquentes
2436 1017 2453 1045 ,
2482 976 2573 1048 qui
2601 976 2800 1048 ﬂagitia
2831 976 2922 1032 illa
2949 978 3256 1048 finxerunt,
3288 996 3357 1036 eo
3375 980 3547 1053 magis
3622 997 3629 1000 '

1943 1071 2335 1126 sententiarum
2365 1070 2635 1141 elegantia
2667 1070 2993 1140 persuadent
3012 1111 3028 1135 ,
3053 1082 3105 1126 et
3138 1070 3351 1128 facilius
3378 1073 3549 1129 inhae-

1943 1173 2065 1220 rent
2093 1163 2426 1219 audientium
2448 1163 2728 1218 memorias
2747 1178 2937 1219 versus
2957 1168 3235 1223 numerosi
3261 1175 3317 1223 ct
3342 1168 3540 1224 ornati.

1946 1254 2081 1312 Item
2108 1252 2326 1325 tragicae
2355 1253 2597 1311 historic
2620 1254 2919 1326 subjiciunt
2946 1257 3121 1313 oculis
3148 1259 3435 1329 parricidia
3453 1302 3469 1327 ,
3491 1268 3549 1317 et

1945 1347 2155 1404 incesta
2200 1362 2389 1417 regum
2437 1348 2704 1405 malorum
2724 1390 2739 1415 ,
2771 1357 2833 1405 et
2865 1350 3188 1407 cothurnato
3218 1354 3426 1411 scelera
3456 1354 3553 1412 de-

1944 1449 2271 1497 monstrant.
2300 1440 2641 1497 ilistrionum
2659 1456 2877 1514 quoque
2894 1443 3353 1514 impudentissimi
3374 1458 3553 1505 motus

1946 1536 2074 1606 quid
2123 1534 2303 1601 aliud,
2356 1536 2459 1590 nisi
2509 1535 2763 1592 libidines
2807 1546 2869 1593 et.
2904 1537 3133 1607 docent,
3168 1548 3224 1595 et
3252 1540 3553 1612 instigant?

1946 1643 2176 1699 quorum
2206 1637 2458 1683 enervata
2485 1633 2769 1697 corpora,‘
2797 1638 2853 1685 et
2905 1632 2960 1687 in
3008 1632 3333 1689 muliebrem
3379 1636 3556 1691 inces-

1949 1734 2071 1776 sum
2100 1717 2453 1791 habitumque
2477 1722 2713 1791 mollita,
2765 1722 3068 1796 impudicas
3097 1724 3349 1783 foeminas
3391 1727 3549 1785 inho-

238 1820 547 1887 contineat,
579 1834 741 1891 quam
770 1818 1052 1875 sceleratis
1091 1817 1341 1875 manibus
1389 1817 1493 1875 Dei
1527 1832 1691 1888 opera
1721 1832 1845 1874 cor-
1873 1827 1921 1890 Β
1950 1814 2119 1869 uestis
2160 1813 2401 1885 gestibus
2447 1813 2800 1871 mentiuntur.
2844 1815 2985 1885 Quid
3021 1817 3091 1873 de
3130 1818 3313 1875 mimis
3358 1818 3551 1891 loquar

237 1924 478 1988 rumpat.

1945 1908 2378 1979 corruptelarum
2404 1907 2816 1980 praeferentibus
2836 1909 3181 1983 disciplinam
3199 1913 3225 1968 τ
3242 1912 3334 1986 qui
3360 1911 3557 1972 docent

1614 2020 1967 2083 VARIORUM
2003 2019 2236 2078 NOTE.

241 2145 427 2203 locum
454 2158 574 2215 pag.
605 2143 807 2200 7'50.—-
846 2143 1057 2201 Viscera
1089 2159 1204 2200 sua.
1239 2144 1305 2199 Η.
1344 2143 1384 2199 l.
1414 2142 1679 2209 infantes,
1710 2142 1847 2199 libe-

240 2233 338 2273 ros
368 2227 594 2273 tantum.
626 2217 771 2272 Alibi
797 2216 942 2273 enim
986 2219 1149 2273 etiam
1194 2226 1450 2287 parentes
1491 2225 1546 2271 et
1574 2215 1735 2271 amici
1777 2219 1848 2272 ita

242 2290 415 2357 dicti,
440 2289 595 2344 nobis
618 2288 758 2355 cari,
802 2304 899 2359 pro
942 2288 1241 2345 visceribus
1267 2331 1282 2356 ,
1318 2289 1393 2343 uti
1419 2288 1659 2345 ostendit
1687 2287 1852 2343 Pitis-

243 2375 347 2417 cus
371 2361 435 2414 ad
458 2359 608 2414 Curt.
629 2359 667 2413 l.
694 2375 765 2426 iv,
786 2374 834 2414 c.
860 2359 943 2415 14.
971 2361 1106 2416 Buu.

323 2431 374 2486 Ν
384 2448 471 2486 um
488 2440 766 2504 possunt...
786 2432 1232 2504 strangntassent?
1255 2430 1307 2485 Ν
1313 2446 1401 2485 um
1412 2446 1534 2486 cum
1554 2431 1852 2504 interroga.

246 2506 421 2565 tione,
448 2504 594 2558 velut
614 2503 791 2558 aerius
806 2516 861 2560 et
885 2501 1133 2569 validius,
1154 2504 1371 2574 reposui
1393 2519 1459 2558 ex
1477 2518 1604 2558 mss.
1631 2501 1855 2574 veterri-

243 2578 354 2632 mis
377 2576 415 2630 2
438 2575 599 2646 Reg.,
637 2574 656 2628 Ι
693 2576 903 2646 Bonan.
931 2576 1157 2646 aliisque
1185 2572 1389 2646 l2,nisi
1412 2576 1554 2645 quod
1581 2574 1632 2628 in
1656 2572 1691 2627 4
1715 2572 1849 2645 Reg.

244 2658 307 2704 et
347 2647 385 2702 2
421 2648 542 2701 aliis
569 2654 689 2714 est,
737 2645 880 2701 Nam
928 2645 1158 2717 possint;
1202 2652 1257 2702 in
1298 2647 1325 2701 1
1353 2645 1532 2714 Coib.,
1575 2658 1852 2718 extrangu-

246 2721 466 2775 lassent.

328 2791 528 2846 Aliena:
562 2790 944 2847 misericordiae.
978 2790 1132 2847 Rost.
1178 2790 1333 2846 alieni
1368 2789 1748 2845 misericordiae.
1778 2789 1851 2845 At

246 2864 345 2920 illa
363 2862 627 2920 solemnia
642 2864 697 2917 in
714 2862 815 2917 hac
834 2878 895 2919 re
916 2863 1097 2919 verba.
1122 2861 1347 2918 Tertull.
1369 2862 1407 2917 Ι.
1433 2877 1451 2916 ι
1497 2861 1712 2916 Nation.
1736 2864 1805 2917 16
1829 2879 1844 2915 :

251 2936 362 3002 Qui
411 2935 663 3006 infantes_
681 2936 866 2989 cliente
907 2935 1273 2989 misericordia:
1311 2934 1589 3003 exponitis.
1616 2933 1841 3006 Minue.

249 3007 377 3063 Fel.
414 3004 565 3062 c.50
594 3004 783 3077 :Domi
809 3015 956 3060 natos
994 3006 1281 3077 frequenter
1319 3006 1513 3061 alienae
1556 3004 1860 3061 misericor-

248 3080 362 3135 dia:
382 3078 654 3147 exponitis.
696 3076 828 3132 Bun.

334 3147 435 3215 Qui
460 3150 644 3203 cliente
667 3148 1028 3220 misericordia:
1049 3148 1219 3203 locum
1249 3147 1445 3203 tribuit.
1480 3149 1725 3220 Expunxi
1750 3164 1855 3203 non

248 3237 330 3279 ex
348 3235 479 3275 mss.
504 3220 541 3274 2
561 3219 945 3293 antiquissimis
964 3221 1096 3291 Reg.
1115 3220 1343 3293 aliisque
1358 3220 1393 3277 9
1406 3222 1492 3290 qui
1517 3219 1857 3291 negationem

249 3303 557 3361 respuunt;
588 3306 692 3347 nec
715 3292 804 3346 illa
833 3293 1042 3347 admitti
1069 3292 1235 3348 debet
1268 3310 1282 3347 :
1314 3294 1552 3362 alioquin
1580 3300 1858 3363 perverte-

250 3372 412 3421 retur
449 3367 686 3419 auctoris
726 3365 897 3418 nostri
938 3367 1226 3419 sententia.
1256 3365 1510 3434 Sequitur
1556 3364 1703 3419 enim
1729 3405 1742 3427 ,
1794 3364 1858 3420 Si

249 3437 523 3507 contingat
544 3436 589 3507 ei
612 3476 627 3502 ,
659 3435 796 3505 quod
826 3436 1016 3507 voluit,
1049 3445 1105 3489 ut
1134 3436 1326 3489 alatur.
1359 3434 1487 3491 HiBC
1517 3452 1651 3490 vero
1679 3436 1856 3491 aliena

251 3518 346 3564 est
372 3505 839 3562 misericordia.——
851 3505 1045 3561 Locum
1068 3508 1263 3561 tribuit.
1290 3507 1435 3577 Lips.
1459 3508 1517 3572 2,
1543 3507 1597 3571 ὅ,
1623 3508 1853 3562 Reimm.

252 3589 315 3636 et
343 3593 533 3634 omnes
556 3588 682 3633 ante
721 3578 1013 3633 Celiarium
1039 3580 1305 3634 editiones
1336 3594 1616 3649 perperam
1636 3619 1652 3646 ,
1690 3580 1859 3633 locant

259 3668 373 3706 non
398 3651 592 3704 tribuit.
624 3649 694 3704 At
719 3665 993 3720 exponere
1034 3656 1153 3705 erat
1192 3662 1342 3705 certo
1390 3661 1641 3720 respectu
1668 3651 1859 3705 alienae

256 3723 840 3781 misericorditelocnm
860 3724 1125 3785 tribuere;
1149 3723 1290 3777 unde
1308 3722 1524 3787 Paulus,
1552 3722 1588 3775 Ι.
1614 3737 1665 3776 iv
1696 3722 1761 3776 Ι).
1792 3723 1860 3777 de

257 3808 487 3866 agndae.
519 3805 574 3849 et
596 3794 805 3848 alendis
832 3794 924 3848 lib.
953 3796 1087 3848 scite
1112 3794 1280 3866 dicit;
1312 3791 1515 3866 Necare
1534 3793 1736 3866 ridetur
1759 3810 1860 3866 non

258 3864 467 3921 trimum
488 3867 561 3931 is,
590 3866 677 3936 qui
702 3875 906 3937 partum
930 3867 1187 3936 prmfocat
1231 3865 1410 3937 (Lact.
1439 3864 1614 3928 elidit,
1655 3865 1861 3937 ablidit)

257 3939 355 3993 sed
378 3947 426 3991 et
454 3938 497 3992 is
517 3979 532 4001 ,
557 3935 643 4007 qui
672 3936 890 4006 publicis
911 3938 1036 3992 locis
1052 3978 1066 4000 ,
1094 3935 1460 3991 misericordia:
1487 3952 1642 3990 causa
1662 3977 1678 4003 ,
1704 3935 1862 4003 expo-

261 4013 345 4064 nit
363 4051 379 4074 ,
401 4025 556 4077 quam
578 4011 685 4079 ipse
711 4024 810 4062 non
833 4010 1003 4063 liabet.
1045 4009 1178 4063 BUN.

338 4083 424 4135 Ad
450 4081 758 4134 servitutem.
795 4080 851 4135 Si
884 4084 954 4135 sit
981 4081 1269 4135 masculus.

343 4152 428 4206 Ad
455 4152 697 4222 lupanar.
732 4152 789 4205 Si
817 4154 883 4205 sit
912 4151 1148 4207 femella.

340 4222 647 4291 fEdipodis.
673 4223 774 4291 Qui
801 4223 988 4296 Laium
1020 4232 1225 4293 patrem
1248 4263 1260 4284 .
1295 4238 1325 4277 a
1352 4238 1459 4296 quo
1482 4222 1659 4278 inlitus
1692 4223 1867 4279 fuerat

261 4296 553 4365 expositus
570 4337 585 4362 ,
619 4311 743 4349 cum
765 4295 1125 4359 adolevisset,
1150 4296 1461 4365 imprudens
1485 4296 1786 4364 interfecit,
1810 4304 1868 4351 et

264 4367 786 4423 matremJocastatn
817 4381 1041 4421 uxorem
1064 4366 1614 4437 duxit.—zEdipodis.
1635 4367 1864 4422 Historia

266 4441 479 4509 tragica
525 4447 642 4499 est.
675 4438 951 4494 celebrata
978 4439 1049 4493 ab
1082 4440 1201 4507 ipso
1240 4439 1541 4508 Sophocle,
1584 4439 1635 4492 in
1675 4454 1738 4494 ea
1781 4438 1864 4493 fa-

1885 3107 1935 3172 C

2026 2137 2215 2222 Nescio
2239 2154 2308 2222 an
2333 2137 2638 2222 sia-Nescio
2665 2157 2735 2222 an_
2754 2184 2771 2209 ,
2800 2142 2944 2222 liaud
2967 2145 3073 2201 scio
3111 2164 3215 2222 an,
3244 2149 3420 2222 dubito
3450 2168 3518 2206 an
3537 2193 3555 2222 ,

1951 2211 2188 2289 speciem
2219 2211 2605 2289 dubitationis,
2639 2214 2735 2270 sed
2765 2216 3086 2289 plerumque
3108 2211 3558 2289 signiﬁcationem

1954 2284 2295 2366 afﬁrmandi-
2336 2284 2725 2366 li:ibent..._._....
2768 2284 3060 2366 interdum
3115 2284 3299 2366 tamen
3337 2296 3560 2366 _simpli-

1954 2356 2093 2409 citer
2120 2355 2502 2426 signiﬁcatione
2526 2356 2800 2412 dubitandi
2838 2361 3101 2418 dicuntur.
3134 2361 3289 2420 Prius
3335 2364 3425 2421 hic
3458 2355 3559 2423 bb-

1956 2428 2131 2503 tinere
2157 2426 2341 2503 credo.
2377 2426 2691 2503 HineEpit.
2714 2445 2857 2503 cap.
2880 2431 2949 2487 63
2981 2450 2995 2486 :
3037 2434 3176 2503 Quid
3195 2437 3386 2492 scena?
3414 2438 3558 2494 Num

1956 2494 2223 2573 sanctior?
2246 2498 2460 2563 Cicero,
2491 2494 2655 2573 lib.'n
2695 2501 2762 2557 de
2792 2494 2936 2559 'Nat.
2966 2494 3144 2573 δεδι..
3168 2523 3219 2564 c.
3251 2507 3325 2562 4:
3366 2507 3455 2564 Vir
3473 2528 3560 2565 sa-

1958 2571 2310 2653 pientissimus
2330 2610 2344 2635 ,
2378 2582 2530 2640 atque
2575 2570 2718 2628 haud
2744 2574 2858 2629 scio
2877 2616 2921 2653 ,_
2945 2570 3269 2653 anomalum
3308 2592 3559 2653 prtestan-

1956 2643 2695 2723 tt'ssimnsapeccatunrsttum
2715 2646 2921 2723 ,quod
2949 2648 3108 2703 celari
3138 2643 3346 2723 posset;
3396 2656 3559 2723 con/i-

1952 2714 2048 2767 teri
2077 2713 2279 2792 maluit,
2310 2722 2424 2792 etc.
2446 2714 2559 2768 Val.
2587 2715 2726 2792 Max.
2754 2713 2848 2792 lib.
2882 2734 2947 2786 ll,
2980 2734 3101 2792 cap.
3125 2713 3162 2778 9'
3186 2740 3199 2776 :
3235 2713 3350 2777 Hoc
3370 2713 3560 2780 crimEn

1951 2784 2120 2860 nescio
2150 2800 2218 2839 an
2249 2784 2513 2860 superiore
2539 2788 2726 2858 majus.
2759 2787 2878 2845 Lib.
2910 2784 2962 2845 tv
2984 2833 2998 2860 ,
3032 2784 3082 2848 ὁ.
3115 2809 3166 2850 vr
3197 2812 3210 2848 :
3241 2796 3350 2852 Sed
3390 2799 3560 2853 nescio

1952 2870 2020 2911 an
2040 2857 2150 2929 illoc
2172 2858 2379 2929 fortius.
2412 2856 2545 2912 BUN.
2615 2856 2626 2858 ⁷
2984 2856 2992 2860 ’
3138 2886 3147 2891 -

2025 2928 2092 2985 In
2120 2927 2502 3002 scenis‘nescio
2548 2945 2616 3002 an
2662 2930 2729 2985 sit
2775 2934 3072 3002 corruptela
3117 2935 3367 2993 uitiosior.
3415 2937 3563 2997 Idem

1962 2997 2275 3079 Lactantius
2302 2999 2441 3079 infra
2480 3018 2494 3054 :
2528 3000 2683 3079 Quid
2706 3003 2770 3079 de
2814 2997 2981 3061 mimis
3025 3008 3204 3079 loquar
3240 3015 3564 3078 corruptela-

1963 3088 2080 3151 rum
2110 3072 2503 3151 prteferentjbus
2551 3075 2918 3151 disciplinam,
2965 3081 3051 3151 qui
3081 3072 3263 3135 docent
3307 3072 3565 3137 adulteria

1966 3144 2089 3197 dum
2113 3142 2550 3223 ﬁngunt._Ludos
2580 3142 2828 3223 scenicos
2856 3142 2913 3223 ct
2950 3142 3167 3223 turpes,
3194 3163 3250 3208 et
3282 3170 3563 3223 quaecum-

1958 3230 2064 3293 quc
2090 3216 2397 3293 spectacula
2428 3216 2826 3293 Ecclesiasticis
2868 3221 2997 3276 viris
3024 3216 3379 3293 omnibusque
3409 3227 3567 3281 Chri-

1958 3288 2148 3357 stianis
2176 3287 2460 3357 interdicta
2498 3304 2717 3357 semper
2747 3292 2947 3356 fuisse,
2982 3302 3246 3350 testantur
3284 3287 3472 3352 Patres
3510 3309 3567 3353 et

1958 3355 2218 3435 Concilia.
2249 3355 2633 3435 Iinodicenum:
2656 3376 2776 3415 can.
2807 3359 2877 3416 54
2919 3380 2931 3415 :
2976 3362 3103 3418 Non
3140 3375 3337 3435 oportet
3378 3368 3567 3425 Sacer-

1959 3431 2102 3506 dotes
2128 3440 2216 3483 aut
2256 3428 2482 3506 _Clericgs
2520 3432 2923 3506 quibuscumque
2962 3428 3270 3506 spectaculis
3308 3439 3363 3493 in
3400 3442 3565 3496 scenis

1958 3501 2224 3557 interesse.
2253 3501 2383 3556 item
2406 3501 2621 3583 Coneil.
2646 3501 2853 3583 Iurou.
2886 3521 2949 3583 ut
2968 3501 3140 3583 {cat}.
3172 3511 3203 3564 7
3230 3551 3249 3577 ,
3278 3508 3565 3583 Carthagi-

1962 3589 2129 3627 ncnse
2156 3589 2245 3641 ut,
2268 3588 2399 3650 can.
2427 3574 2487 3629 tl
2511 3615 2524 3637 ,
2556 3575 2703 3650 addit
2722 3616 2738 3643 ,
2770 3577 3188 3650 quandoquidem
3217 3574 3250 3635 ἁ
3276 3574 3567 3650 spectaculo

1962 3655 2009 3698 et
2055 3661 2229 3699 omnes
2259 3644 2380 3698 laici
2417 3644 2809 3715 prohibeantur.
2840 3644 3058 3718 Semper
3101 3652 3237 3706 enim
3265 3644 3570 3710 Christianis

1963 3719 2199 3770 ontnibus
2232 3717 2327 3796 Itoc
2363 3718 2692 3796 interdictum
2721 3728 2930 3796 est_,_ut
2968 3717 3065 3796 ubi
3095 3721 3383 3796 blasphemi
3413 3735 3566 3792 sunt,

1965 3804 2070 3867 non
2100 3787 2607 3867 accedantﬂidendi
2632 3790 3023 3867 Tertullianus,
3054 3793 3153 3867 lib.
3180 3787 3249 3851 de
3278 3787 3573 3867 Spectacu;

1965 3858 2062 3925 lis,
2096 3860 2186 3913 ubi
2217 3874 2278 3915 ea
2308 3860 2619 3916 cliristianis
2664 3862 2916 3918 erunibus
2963 3858 3274 3924 interdicit:
3308 3858 3466 3926 vocat
3507 3886 3571 3926 ea

1966 3932 2158 4004 diuboti
2174 3933 2430 4003 negotium
2448 3933 2731 4004 Cyprium,
2756 3938 2913 4004 epist.
2935 3936 2986 4002 1;
3004 3936 3257 3993 Minutius
3281 3941 3330 3993 in
3358 3940 3571 3997 Octav.:

1966 4003 2019 4057 in
2041 4003 2260 4079 scenicis
2288 4019 2389 4057 non
2419 4003 2586 4079 minor
2607 4009 2755 4078 [uror
2778 4003 2805 4073 ,ί
2825 4009 3090 4079 turpitudo
3117 4012 3370 4079 prolixior
3395 4029 3415 4069 :
3436 4030 3574 4069 nunc

1967 4077 2104 4153 enim
2135 4076 2319 4153 titinius
2364 4076 2441 4153 uel
2488 4076 2697 4153 exponit
2725 4076 2982 4153 adulteria
3000 4120 3017 4147 ,
3046 4076 3128 4135 uel
3152 4095 3444 4153 monstrat;
3470 4088 3577 4141 Ar-

1969 4147 2095 4201 nob.
2121 4160 2175 4217 p.
2204 4147 2329 4214 172;
2360 4147 2710 4219 Augustinus,
2746 4148 2839 4205 lib.
2876 4150 2945 4207 de
2982 4154 3390 4209 Catechizandis
3422 4147 3570 4212 rudi-

1968 4218 2219 4290 busicap.
2254 4219 2354 4285 16,
2387 4218 2582 4274 llOtnil.
2634 4222 2736 4288 21,
2777 4221 2871 4275 lib.
2901 4239 2931 4277 ι.
2975 4220 3282 4290 Homiliar.,
3322 4235 3378 4282 et
3411 4227 3503 4283 lib.
3534 4243 3573 4285 ll

1969 4292 2038 4346 de
2063 4289 2222 4345 Civit.
2257 4291 2368 4356 Dei,
2398 4305 2517 4361 cap.
2546 4292 2581 4346 8
2602 4334 2616 4359 ,
2641 4294 2696 4358 9;
2729 4303 2784 4348 et
2808 4291 3116 4350 Ludovicus
3152 4289 3315 4353 Vives
3348 4299 3404 4353 in
3430 4298 3573 4355 hunc

1970 4362 2256 4448 Augustini
2286 4364 2484 4448 locum.

2044 4432 2265 4511 (lamiae
2285 4432 2572 4511 [nbulw‘de
2601 4434 2794 4511 stupris
2819 4432 3409 4511 virginumﬂloquuntur,
3437 4441 3575 4501 Ter-

264 4505 398 4567 buta
425 4526 544 4579 quae
565 4509 759 4582 OEidipi
786 4510 899 4582 sive
938 4505 1175 4582 Tyranni
1202 4505 1420 4565 nomine
1448 4511 1703 4582 inscripta
1738 4519 1822 4565 est
1847 4526 1862 4577 ;
1894 4507 1948 4570 D
1975 4505 2379 4582 tultiauus,li_b.
2402 4507 2469 4560 de
2490 4506 2847 4582 Spectaculis,
2877 4505 3183 4565 coiiimdias
3207 4519 3261 4567 et
3284 4516 3575 4582 tragoedias

264 4599 303 4638 a
329 4582 539 4637 Seneca
569 4584 621 4636 in
647 4580 920 4637 Thebaide
945 4580 1001 4637 et
1023 4581 1267 4651 (Edipo;
1305 4596 1336 4635 a
1367 4582 1538 4637 Statio
1564 4580 1629 4634 in’
1648 4597 1685 4636 ιι
1713 4591 1768 4637 et
1798 4598 1874 4639 xu

267 4653 604 4710 Thebaidos.
654 4653 921 4709 Scribitur
963 4653 1129 4709 etiam
1184 4653 1255 4708 ab
1299 4651 1528 4778 Hygini},
1558 4653 1724 4707 fabul.
1777 4652 1869 4710 67.

1531 4739 1692 4778 E'I'UL.

1531 4739 1692 4779 E'I'UL.

346 4795 562 4867 Duplici
605 4796 794 4851 scelere
840 4799 1129 4868 confusum.
1175 4795 1288 4851 [mo
1336 4798 1703 4868 quadruplici;
1749 4812 1872 4853 nam

266 4872 469 4942 patris
520 4869 834 4924 interfector
905 4868 1057 4937 fuit,
1140 4869 1329 4923 matris
1396 4869 1655 4942 maritus,
1747 4885 1878 4927 suns

266 4939 507 5014 proinde
528 4942 785 5007 vitricus,
817 4950 872 4996 et
897 4943 1131 4997 filiorum
1167 4941 1355 5014 frater.
1378 4940 1553 5014 Oros.
1586 4940 1685 5014 lib.
1724 4955 1770 5005 ι,
1821 4957 1871 4999 c.

269 5012 373 5070 12.
408 5012 543 5067 Vide
579 5014 859 5085 Platonem
892 5014 987 5068 lib.
1018 5029 1112 5068 vni
1148 5014 1218 5068 de
1257 5012 1527 5085 Legibus,
1565 5022 1622 5068 et
1663 5013 1877 5069 Plutar-

268 5086 444 5142 chum
470 5085 538 5138 de
564 5083 908 5140 Curiositate.

271 5229 297 5285 Ι
352 5155 426 5210 In
468 5164 728 5282 plagita“.
778 5156 973 5212 Addidi
1004 5172 1070 5214 ex
1099 5155 1351 5214 omnibus
1395 5171 1528 5212 mss.
1573 5165 1627 5212 et
1667 5162 1878 5218 cunctis

292 5242 399 5285 ere
445 5244 474 5282 e
518 5246 527 5280 ι
574 5245 622 5283 s.

292 5229 399 5285 'ere
445 5229 622 5283 editis.

356 5298 691 5373 ﬂauperiem.
723 5299 864 5355 Editi
897 5316 964 5355 xv
987 5302 1216 5366 saeculo,
1247 5299 1638 5373 Paupertatem.

358 5369 488 5425 Nec
517 5375 755 5426 interesse
794 5375 1000 5427 omnino
1041 5369 1378 5441 conceditur,
1409 5392 1471 5429 ne
1512 5372 1878 5429 conscientiam

271 5442 567 5517 perfundat
606 5444 745 5517 ullus
776 5460 946 5499 cruor.
981 5446 1094 5500 Non
1136 5447 1262 5503 licet
1286 5450 1435 5516 justo
1474 5448 1739 5502 interesse
1779 5445 1880 5499 ho-

270 5515 506 5573 micidio
545 5515 779 5570 hominis
811 5536 826 5571 :
859 5518 999 5571 adeo
1022 5518 1278 5573 abhorret
1322 5518 1559 5574 Ecclesia
1592 5532 1621 5570 a
1651 5533 1875 5585 cruore,

273 5588 361 5647 de
385 5602 488 5655 qua
516 5602 575 5660 re
594 5588 725 5643 «vide
747 5588 1034 5643 Minucium
1062 5589 1293 5645 Felicem
1322 5592 1374 5643 in
1402 5590 1623 5644 Octavio
1646 5589 1756 5660 jam
1789 5604 1881 5645 su-

271 5674 405 5734 pra‘
418 5659 685 5734 laudatum
712 5660 817 5715 col.
850 5662 974 5727 707,
995 5671 1108 5734 not.
1139 5661 1210 5715 Et
1230 5662 1523 5734 participes.

366 5729 663 5806 Sanguis...
693 5741 982 5806 prematur.
1032 5732 1093 5787 id
1121 5729 1241 5803 est,
1268 5729 1445 5790 cmde's
1486 5731 1885 5806 litpopuioad

273 5818 423 5867 eum
443 5803 840 5880 oblectandum.
868 5803 1020 5861 Lact.
1033 5806 1089 5880 _l.
1118 5820 1182 5873 v,
1215 5819 1334 5880 cap.
1388 5806 1443 5875 5,
1478 5803 1617 5862 lini:
1648 5803 1885 5862 Gloriam

281 5891 359 5937 ea:
401 5875 659 5947 sanguine
682 5892 999 5952 comparare.
1026 5875 1160 5935 BUN.

1978 4586 2154 4654 vocat,
2183 4574 2453 4654 libidinum
2479 4586 2527 4631 et
2542 4574 2801 4654 scelerum
2841 4583 3088 4636 auctrices
3107 4574 3395 4654 cruentas:
3412 4586 3571 4641 lasci-

1979 4663 2095 4714 vas,
2119 4649 2307 4718 impias
2350 4658 2396 4704 et
2428 4649 2693 4720 prodigas.

2011 4719 2151 4847 _bAut
2178 4720 2438 4775 amoribus
2468 4719 2810 4778 meretricum.
2839 4720 2874 4778 2
2900 4722 3034 4800 lieg.
3067 4734 3122 4783 et
3145 4727 3343 4796 Brom,
3369 4738 3569 4785 aurato-

2011 4809 2021 4845 l
2059 4808 2137 4847 us.
2807 4809 2819 4831 ‘

1976 4808 2137 4848 riuus.
2807 4809 2819 4831 ³

2051 4863 2365 4944 cothurnato
2380 4866 2589 4944 scelera.
2614 4865 2830 4944 Scilicet
2859 4869 3173 4940 mimorum,
3198 4887 3431 4944 quorum
3462 4874 3576 4931 eal-

1978 4939 2067 5018 c‘ei‘
2112 4939 2393 5018 sublevato
2447 4939 2642 4994 subere
2697 4939 2941 4996 altiores.
2970 4952 3145 5018 erant,
3179 4939 3258 5018 ut
3286 4947 3490 5018 Regum
3522 4954 3578 5001 et

1979 5010 2605 5089 Principumpersonam
2636 5024 2857 5089 agentes
2877 5053 2895 5081 ,
2917 5015 3221 5084 grandioris
3237 5010 3457 5074 statu'rm
3480 5034 3580 5089 ap-

1980 5092 2251 5161 parerent.
2294 5081 2479 5161 Itaque
2519 5081 2834 5161 Lactantius
2880 5081 3200 5143 cothuruata
3240 5091 3442 5145 scelera
3484 5081 3580 5161 ap-

1980 5152 2165 5230 pellat,
2194 5154 2416 5223 grandia
2444 5162 2499 5208 et
2526 5153 2689 5224 elata,
2713 5172 2835 5227 quae
2863 5170 2895 5212 a
2950 5162 3209 5230 tragoedis
3239 5152 3579 5219 exhibeban-

1981 5224 2086 5280 ittr.
2110 5224 2351 5280 Nounnv.

2053 5296 2122 5351 Et
2165 5300 2365 5376 docent.
2389 5294 2477 5376 lta_
2504 5297 2685 5376 scribo
2706 5314 2826 5354 cum
2855 5303 3104 5376 omnibus
3132 5320 3267 5362 mss.
3301 5316 3497 5376 praeter
3544 5307 3583 5363 '5

1980 5368 2115 5495 Reg.
2147 5383 2259 5425 rec.
2290 5367 2341 5421 in
2366 5370 2557 5438 quibus
2583 5371 3057 5444 deestconjunctio
3076 5386 3155 5446 et,
3179 5388 3236 5432 ut
3261 5367 3317 5433 id
3342 5381 3575 5435 excusis.

2094 5441 2382 5495 'wnn'nas...
2406 5441 2624 5495 aestibus
2643 5444 3200 5495 mntiunfurJItiIHnL
3229 5450 3381 5495 θηρί’-
3409 5452 3499 5495 lib-
3524 5467 3539 5495 ι
3562 5468 3575 5495 2

2094 5441 2382 5520 'wminas...
2404 5441 2624 5512 gestibus
2643 5441 3201 5520 mntiuntur.Colum.
3229 5450 3383 5520 praef.
3407 5452 3501 5508 lib.
3523 5467 3576 5506 1:

1952 5516 2194 5571 'Allonitt
2242 5528 2504 5591 miramur
2533 5523 2703 5584 gestus
2752 5514 3199 5591 εΙῙιειιιὶηαιοηιιιι,
3229 5514 3367 5591 quod
3407 5540 3441 5577 a
3488 5539 3584 5577 na—

1984 5596 2100 5664 tura
2128 5600 2305 5664 sexum
2325 5586 2443 5638 viris
2469 5585 2773 5664 denegatum
2790 5589 3021 5664 utuliebri
3065 5585 3203 5648 motu
3242 5585 3579 5664 mentiantur,

1985 5659 2343 5729 decipiantque
2366 5656 2540 5729 oculos
2563 5660 2921 5729 spectantium.

2060 5726 2198 5810 Quid
2220 5727 2283 5782 de
2312 5728 2499 5811 minus.
2559 5726 2637 5811 De
2685 5734 2768 5788 bis
2790 5734 3157 5811 _vide_'4caput
3202 5739 3293 5810 20,
3327 5739 3421 5795 lib.
3455 5755 3493 5805 ι,
3520 5748 3586 5811 et

2277 5814 2399 5874 cap.
2446 5802 2502 5867 6,
2552 5810 2715 5877 atque
2790 5801 3182 5869 Tertullianum
3247 5801 3583 5887 Apologetici
