4090 6354
245 260 304 320 ’1-1
315 261 354 320 5

1378 268 1586 330 LIBER
1625 273 1713 330 Vl.
1757 272 1845 330 DE
1885 269 2075 332 VERO
2112 269 2362 335 CULTU.

3449 289 3553 348 7M

243 396 429 440 eorum
471 385 775 443 consecrati
817 395 963 455 sunt,
992 387 1132 444 sicut
1167 388 1397 446 Sisinius
1438 392 1628 463 Capito
1675 393 1726 448 in
1775 393 1841 449 li-
1869 393 1925 455 Α
1949 392 2270 450 demulceat.
2301 395 2598 453 Persuadet
2639 406 2821 457 autem
2861 400 3119 472 quidquid
3168 418 3337 463 suave
3365 417 3468 475 est,
3495 419 3554 468 et

243 479 354 537 bris
392 480 831 552 Spectaculorum
873 482 1052 540 docet.
1078 484 1135 541 Si
1176 486 1298 555 quis
1322 485 1481 557 igitur
1517 488 1838 558 spectaculis

243 574 489 643 interest,
540 576 606 630 ad
641 592 763 648 qua:
801 576 1078 649 religionis
1127 578 1296 650 gratia
1347 583 1683 650 convenitur,
1731 582 1845 638 dis-

242 669 405 724 cessit
451 684 482 724 a
515 669 613 726 Dei
646 670 817 736 cultu,
854 679 912 738 et
937 671 1005 726 ad
1051 670 1184 728 deos
1225 686 1284 729 se
1323 673 1570 743 contulit,
1612 689 1841 746 quorum

245 760 449 818 natales
470 771 526 818 et
546 761 680 820 festa
709 763 1026 820 celebravit.

833 861 1066 936 CAPUT
1107 880 1249 937 xxx.
1312 911 1316 916 η

421 994 498 1051 De
521 996 724 1050 aurium
753 997 1119 1068 voluptatibus,
1148 1008 1194 1053 et
1223 999 1382 1055 sacris
1411 998 1633 1055 Litteris.

310 1130 538 1184 Aurium
567 1129 816 1200 voluptas
843 1145 912 1185 ex
942 1145 1136 1186 vocum
1182 1140 1238 1186 et
1280 1141 1535 1187 cantuum
1583 1133 1845 1188 suavitate

244 1222 572 1292 percipitur;
599 1237 719 1293 qum
745 1220 955 1278 scilicet
982 1231 1089 1278 tam
1120 1223 1316 1279 vitiosa
1341 1235 1454 1288 est,
1484 1239 1646 1293 quam
1690 1226 1843 1280 ohle-
1913 1222 1925 1233 ”

240 1315 406 1371 ctatio
437 1315 549 1380 illa,
577 1314 648 1370 de
671 1330 776 1386 qua
803 1315 1058 1382 diximus,
1091 1316 1394 1372 oculorum.
1418 1316 1551 1385 Quis
1570 1318 1715 1373 enim
1738 1333 1844 1372 non

244 1409 579 1488 luxuriosum
609 1422 674 1462 ac
700 1422 931 1476 nequam
962 1417 1114 1478 putet
1137 1424 1284 1474 eum,
1317 1409 1408 1480 qui
1431 1411 1676 1465 scenicas
1701 1419 1848 1464 artes

241 1501 388 1557 domi
435 1501 670 1558 habeat?
711 1501 874 1572 Atqui
905 1502 1039 1557 nihil
1068 1502 1256 1567 refert,
1289 1512 1542 1558 utrumne
1579 1502 1846 1557 luxuriam

241 1595 400 1650 solus
417 1594 586 1658 domi,
619 1609 686 1648 an
716 1610 836 1650 cum
873 1594 1071 1666 populo
1098 1609 1356 1650 exerceas
1394 1595 1447 1649 in
1480 1594 1711 1650 theatro.
1741 1594 1847 1650 Sed

237 1690 347 1760 jam
373 1688 442 1744 de
471 1688 796 1757 spectaculis
821 1688 1022 1743 dictum
1048 1697 1150 1744 est.
1177 1687 1366 1743 Restat
1391 1703 1576 1753 unum,
1600 1687 1744 1758 quod
1767 1695 1850 1741 est

241 1781 405 1836 nobis
445 1780 895 1850 expugnandum;
937 1796 1002 1835 ne
1047 1780 1324 1849 capiamur
1350 1780 1449 1848 iis,
1476 1794 1596 1850 quae
1627 1779 1693 1834 ad
1725 1793 1850 1835 sen-

243 1889 367 1930 sum
392 1875 638 1929 intimum
666 1881 969 1944 penetrant.
1002 1873 1132 1928 Nam
1166 1873 1254 1928 illa
1284 1873 1486 1939 omnia,
1521 1888 1642 1941 quae
1671 1873 1851 1928 verbis

241 1977 451 2032 carent,
484 1965 535 2020 id
557 1975 640 2021 est
674 1967 814 2022 aeris
840 1976 894 2021 et
921 1981 1207 2022 nervorum
1237 1979 1429 2020 suaves
1457 1967 1598 2033 soni,
1632 1976 1858 2035 possunt

241 2061 406 2116 facile
431 2059 728 2126 contemni,
763 2060 887 2130 quia
919 2076 1024 2113 non
1057 2060 1359 2126 adhaerent,
1403 2073 1504 2114 nec
1542 2060 1704 2115 scribi
1728 2073 1855 2131 pos-

240 2162 392 2210 sunt.
419 2152 652 2209 Carmen
682 2161 864 2208 autem
893 2151 1272 2222 compositum,
1303 2163 1358 2208 et
1384 2153 1559 2207 oratio
1586 2169 1708 2208 cum
1735 2169 1856 2210 sua—

243 2247 414 2302 vitate
443 2245 742 2315 decipiens,
766 2245 907 2314 capit
938 2253 1170 2310 mentes,
1193 2255 1248 2300 et
1273 2259 1380 2314 quo
1403 2245 1635 2300 voluerit
1663 2247 1854 2315 impel-

243 2338 328 2393 lit.
360 2336 489 2392 lude
544 2337 792 2392 homines
843 2337 1062 2392 litterati
1109 2350 1231 2392 cum
1283 2336 1350 2391 ad
1399 2335 1492 2391 Dei
1538 2335 1854 2407 religionem

245 2431 600 2497 accesserint,
644 2431 686 2484 si
717 2446 822 2484 non
855 2430 1058 2486 fuerint
1087 2430 1156 2486 ab
1192 2430 1375 2499 aliquo
1421 2430 1594 2498 perito
1633 2429 1856 2487 doctore

246 2523 485 2588 fundati,
509 2523 685 2578 minus
709 2523 960 2578 credunt.
991 2522 1209 2578 Assueti
1237 2523 1382 2577 enim
1407 2520 1653 2578 dulcibus
1679 2533 1733 2578 et
1762 2539 1856 2594 po-

248 2619 365 2676 litis
409 2620 523 2674 sive
571 2617 939 2683 orationibus,
983 2615 1098 2672 sive
1145 2615 1511 2682 carminibus,
1553 2615 1855 2673 divinarum

250 2711 562 2768 litterarum
604 2710 902 2780 simplicem
941 2723 1393 2780 communemque
1422 2723 1731 2766 sermonem
1762 2725 1859 2781 pro

249 2805 477 2862 sordido
501 2811 877 2877 aspernantur.
908 2802 965 2860 ω
996 2803 1136 2860 enim
1166 2811 1437 2874 quaerunt,
1471 2803 1613 2876 quod
1640 2819 1857 2861 sensum

1944 483 2126 540 animo
2174 485 2424 556 penitus,
2473 489 2600 544 dum
2649 489 2901 558 delectat,
2958 493 3164 550 insidit.
3214 497 3349 554 Nam
3388 500 3553 572 igitur

1950 575 2092 632 Deus
2121 586 2176 633 et
2201 580 2432 647 mentis,
2463 590 2517 636 et
2549 583 2734 651 vocis,
2776 591 2834 640 et
2875 586 3070 657 linguae
3116 590 3309 646 artifex
3355 592 3555 651 diserte

1948 667 2096 740 loqui
2119 686 2226 726 non
2251 673 2463 742 potest?
2485 673 2597 730 lmo
2619 690 2750 732 vero
2770 691 2980 733 summa
3005 682 3341 752 providentia
3362 700 3553 742 carere

1949 759 2073 816 l‘uco
2099 763 2268 819 voluit
2294 780 2357 820 ea
2386 781 2507 835 quae
2553 767 2736 824 divina
2784 780 2931 838 sunt,
2959 780 3021 827 ut
3050 789 3241 832 omnes
3281 777 3549 850 intellige-

1951 865 2073 909 rent
2097 871 2218 926 qua:
2246 858 2361 927 ipse
2389 860 2640 916 omnibus
2663 861 3003 933 loquebatur.

2027 951 2168 1021 Ergo
2195 952 2287 1022 qui
2328 954 2538 1008 veritati
2569 955 2790 1022 studet,
2819 959 2910 1028 qui
2938 975 3046 1016 non
3078 963 3192 1018 vult
3217 977 3277 1018 se
3315 964 3432 1035 ipse
3460 967 3554 1023 de-

1951 1045 2170 1113 cipere,
2214 1044 2435 1114 abjiciat
2479 1046 2726 1104 inimicas
2757 1065 2821 1105 ac
2847 1053 3036 1108 noxias
3068 1055 3397 1126 voluptates,
3432 1075 3552 1129 quae

1952 1141 2188 1195 animam
2221 1141 2321 1197 sibi
2352 1141 2610 1210 vinciant,
2643 1154 2702 1199 ut
2740 1160 2936 1217 corpus
2963 1148 3066 1203 cibi
3098 1149 3283 1205 dulces
3312 1169 3324 1204 :
3358 1152 3554 1222 pracfe-

1955 1242 2144 1288 rantur
2172 1233 2499 1301 veral'alsis,
2533 1247 2735 1292 aeterna
2767 1238 3019 1295 brevibus
3039 1283 3054 1305 ,
3086 1243 3237 1297 utilia
3275 1244 3551 1314 jucundis.

1953 1325 2098 1381 Nihil
2148 1338 2372 1397 aspectu
2413 1339 2622 1398 gratum
2670 1331 2761 1394 sit,
2795 1332 2893 1386 nisi
2923 1333 3065 1395 quod
3112 1335 3219 1402 pie,
3247 1337 3390 1405 quod
3413 1338 3558 1408 juste

1955 1419 2068 1474 ﬁeri
2099 1420 2313 1486 videas;
2345 1422 2474 1475 nihil
2496 1423 2680 1477 auditu
2703 1439 2889 1489 suave,
2908 1426 3008 1480 nisi
3027 1428 3168 1497 quod
3186 1429 3280 1482 alit
3297 1431 3553 1494 animam,

1955 1512 2340 1583 melioremque
2372 1523 2423 1568 te
2470 1515 2666 1568 reddit.
2697 1515 3035 1584 Maximeque
3082 1518 3169 1572 hic
3214 1535 3410 1575 sensus
3453 1539 3558 1577 non

1955 1613 2040 1659 est
2062 1604 2129 1659 ad
2158 1605 2343 1659 vilium
2371 1606 2800 1675 detorquendus,
2821 1611 2912 1677 qui
2937 1610 3092 1665 nobis
3122 1611 3246 1666 ideo
3274 1613 3432 1668 datus
3455 1624 3560 1680 est,

1955 1705 2014 1749 ut
2042 1694 2344 1750 doctrinam
2391 1698 2482 1752 Dei
2527 1699 2807 1768 percipere
2834 1715 3135 1769 possemus.
3167 1702 3349 1772 Itaque
3386 1707 3430 1760 si
3464 1722 3558 1760 vo-

1956 1785 2131 1857 luptas
2158 1797 2242 1843 est
2262 1828 2278 1853 ,
2307 1787 2494 1844 audire
2530 1802 2720 1845 cantus
2751 1801 2804 1846 et
2828 1793 3100 1858 carmina,
3137 1793 3226 1847 Dei
3265 1794 3452 1850 laudes
3477 1812 3567 1852 ca-

1960 1893 2088 1933 nere
2115 1889 2169 1932 et
2194 1879 2380 1935 audire
2412 1881 2706 1948 jucundum
2741 1882 2831 1937 sit.
2865 1883 2989 1937 llznc
3019 1891 3106 1938 est
3139 1884 3385 1954 voluptas
3411 1903 3560 1954 vera,

1961 1985 2081 2039 qua:
2105 1985 2288 2025 comes
2327 1981 2382 2026 et
2407 1973 2552 2026 socia
2577 1974 2785 2028 virtutis
2813 1983 2914 2029 est.
2945 1975 3072 2031 Haec
3102 1986 3185 2032 est
3227 1995 3332 2032 non
3361 1979 3564 2035 caduca

1961 2074 2016 2119 et
2060 2065 2240 2120 brevis
2269 2075 2328 2119 ut
2355 2065 2461 2121 illae
2491 2083 2622 2137 quas
2650 2051 2927 2138 appetunt,
2959 2071 3047 2139 qui
3093 2073 3334 2142 corpori,
3377 2081 3433 2127 ut
3476 2090 3568 2144 pe-

1929 2157 2148 2224 ‘cudes,
2182 2159 2458 2223 serviunt;
2483 2158 2578 2215 sed
2611 2171 2899 2232 perpetua,
2930 2173 2982 2218 et
3011 2163 3127 2219 sine
3158 2164 3262 2218 ulla
3291 2166 3565 2222 intermis-

1959 2251 2112 2307 sione
2150 2251 2448 2308 delectans.
2491 2252 2659 2323 Cujus
2706 2256 2966 2312 terminos
3007 2256 3051 2311 si
3093 2256 3216 2327 quis
3256 2261 3567 2325 excesserit,

1962 2344 2204 2416 nihilque
2235 2345 2381 2401 aliud
2429 2361 2497 2401 ex
2539 2347 2814 2417 voluptate
2855 2349 3101 2419 petierit,
3133 2352 3240 2407 nisi
3268 2353 3438 2420 ipsatn
3472 2370 3566 2408 vo-

1963 2439 2258 2511 luptatem;
2286 2441 2372 2496 hic
2396 2450 2625 2497 mortem
2653 2443 2962 2509 meditatur,
2991 2445 3114 2514 quia
3139 2445 3277 2500 sicut
3302 2447 3410 2520 vita
3439 2462 3564 2517 per-

1966 2547 2123 2605 petua
2155 2534 2210 2589 in
2244 2534 2446 2590 virtute
2473 2545 2576 2603 est,
2605 2535 2676 2590 ita
2703 2551 2850 2591 mors
2879 2536 2932 2591 in
2959 2536 3253 2607 voluptate.
3283 2538 3384 2606 Qui
3422 2540 3566 2594 enim

1966 2625 2284 2696 temporalia
2327 2627 2617 2694 maluerit,
2661 2627 2868 2704 carebit
2913 2630 3165 2696 internis;
3215 2634 3307 2701 qui
3352 2640 3570 2690 terrena

1967 2718 2289 2789 praetulerit,
2322 2719 2566 2777 coelestia
2594 2735 2698 2776 non
2729 2719 2965 2778 habebit.

1653 2944 2016 3004 VARIORUM
2055 2946 2288 3004 ΝΟΤΑΕ.

333 3087 558 3144 Sisinius
583 3086 787 3156 Capito.
848 3085 1190 3142 lieumannus
1217 3096 1368 3156 putat
1417 3086 1698 3157 legendum
1739 3101 1860 3142 esse

252 3160 473 3217 Asinius
500 3159 704 3229 Capito,
735 3157 888 3229 cujus
935 3157 1231 3212 doctissimi
1278 3160 1372 3212 viri
1421 3161 1748 3229 mentionem
1777 3159 1861 3211 la-

254 3233 340 3288 eit
367 3232 540 3286 Aulus
578 3228 794 3286 Gellius
825 3228 916 3282 lib.
967 3243 1022 3295 v,
1054 3243 1171 3298 cap.
1217 3229 1311 3292 ΞΟ.
1355 3230 1603 3300 idemque
1655 3228 1868 3284 Festus.

255 3303 529 3359 Eumdem
581 3312 758 3354 tamen
803 3300 1098 3355 Sisinnium
1125 3301 1443 3370 Capitonem
1472 3312 1627 3356 vocat
1660 3303 1716 3357 S.
1748 3301 1874 3356 Hie-

258 3372 791 3458 ron‘ytnus,‘Qu:§st‘..
813 3373 865 3425 in
912 3370 1166 3458 Genesitn
1190 3373 1254 3458 ad
1284 3388 1400 3443 cap.
1425 3389 1486 3458 Et:

338 3443 666 3500 Convenitur.
683 3443 794 3498 Soli
818 3458 948 3498 mss.
965 3443 1165 3513 antiqui
1189 3444 1322 3498 Bon.
1343 3455 1399 3499 et
1421 3447 1442 3498 1
1468 3445 1600 3514 Reg.
1619 3446 1870 3499 convenit.

339 3515 608 3570 Intimum.
643 3515 768 3569 Mss.
802 3514 836 3568 8
867 3530 975 3586 rec.
1009 3525 1062 3568 et
1091 3515 1178 3586 ed.
1219 3517 1375 3569 liotn.
1410 3515 1565 3576 1470.
1599 3517 1871 3586 integrum.

258 3619 342 3634 --
361 3589 586 3642 Sensum
609 3588 860 3640 intimunt.
889 3585 1077 3649 60th.,
1111 3585 1243 3640 Ven.
1274 3587 1604 3652 N71,Rost.
1633 3605 1646 3641 :
1673 3585 1878 3642 sensum

261 3664 552 3729 integrant.
593 3658 748 3729 Prius
790 3663 1000 3726 aptius,
1033 3658 1187 3729 cujus
1230 3658 1553 3729 elegantiam
1592 3655 1784 3714 et‘vim
1812 3674 1878 3712 ex

262 3728 533 3789 Cicerone
577 3728 882 3800 Gronovius
926 3729 992 3782 ad
1039 3728 1252 3784 Minucii
1299 3728 1408 3784 Fel.
1441 3745 1561 3799 cap.
1592 3732 1645 3794 1,
1668 3744 1790 3800 pag.
1821 3729 1876 3794 4,

265 3802 484 3860 Intimis
522 3799 774 3864 sensibus,
825 3802 1073 3855 illustrat.
1117 3799 1206 3855 Sic
1247 3802 1396 3858 Lact.
1436 3802 1528 3855 lib.
1554 3817 1592 3866 ι,
1618 3799 1739 3871 cap.
1767 3800 1876 3855 20:

275 3877 413 3944 Qua:
439 3874 666 3928 sensibus
693 3872 886 3944 intimis
915 3872 1122 3925 horrere
1146 3871 1442 3926 debuerant.
1485 3873 1616 3927 BUN.

351 3945 485 3999 Inde
509 3944 740 3997 homines
762 3943 993 3996 litterati.
1011 3944 1188 4011 Quare
1205 3945 1256 3997 in
1280 3946 1541 4012 promtnio
1567 3943 1730 4005 tertii.
1752 3943 1884 3998 Tul-

269 4019 475 4073 lianam
520 4015 619 4069 sibi
665 4015 868 4084 optavit
909 4013 1270 4083 eloquentiam
1306 4031 1317 4066 :
1349 4032 1455 4069 non
1487 4015 1629 4084 quod
1661 4015 1881 4080 veritas,

270 4089 436 4156 cujus
457 4100 634 4142 sermo
654 4087 879 4154 simplex
902 4095 1002 4150 cst,
1027 4087 1292 4140 lenocinio
1309 4089 1591 4141 verborum
1617 4085 1880 4154 indigeat,

273 4160 377 4216 sed
429 4169 646 4227 propter
691 4171 787 4210 eos
837 4156 926 4226 qui
955 4171 1187 4227 omnem
1243 4161 1539 4212 orationem
1586 4157 1686 4212 nisi
1731 4157 1886 4212 dulce

275 4226 542 4301 quiddam
579 4228 894 4301 tinnientem
942 4226 1236 4283 fastidiunt.
1274 4228 1467 4284 Verum
1515 4229 1626 4284 illic
1670 4228 1738 4284 de
1785 4230 1887 4283 hoc

277 4300 419 4358 satis
449 4311 529 4355 est
558 4300 780 4354 dictum.
816 4300 1139 4353 BETULEIUS.
1489 4344 1496 4350 .

361 4372 489 4426 Cum
523 4372 591 4424 ad
624 4368 720 4422 Dei
762 4371 1057 4439 religionem
1097 4371 1414 4424 accesserint.
1451 4371 1530 4424 Ex
1563 4369 1888 4425 anteceden-

1889 3093 1935 3156 ρ
1968 3088 2169 3159 fundati
2198 3087 2400 3160 :_deest
2442 3087 2486 3142 si
2529 3104 2631 3142 non
2673 3089 2882 3160 fuerint.
2927 3090 3055 3147 Mss.
3100 3092 3289 3155 Caue.,
3320 3091 3578 3160 .lun.,°16

1974 3160 2065 3214 alii
2089 3168 2143 3214 et
2173 3157 2237 3212 M
2268 3159 2418 3231 editi,
2452 3157 2776 3225 accesserint,
2800 3161 2862 3214 ab
2884 3163 3057 3231 aliquo
3095 3165 3331 3229 imperito
3372 3157 3579 3220 doctore

1976 3231 2216 3356 flnndati;
2247 3232 2281 3282 ‘2
2313 3230 2446 3300 Reg.
2490 3231 2542 3283 in
2570 3231 2742 3301 aliquo
2778 3233 3031 3302 imperito,
3057 3232 3156 3286 Ms.
3183 3233 3337 3288 Cant.
3369 3246 3423 3290 et
3451 3237 3576 3290 edd.

2031 3305 2199 3356 hom”
2231 3301 2396 3356 Thvs.
2426 3309 2480 3355 et
2505 3300 2668 3356 Gall..
2694 3305 3031 3356 accesserint.
3062 3305 3106 3356 si
3145 3322 3246 3356 non
3288 3309 3475 3356 fuerint
3513 3310 3576 3356 ab

2031 3305 2199 3376 l_tom._,
2231 3301 2396 3376 Thys.
2426 3309 2480 3355 et
2505 3300 2668 3367 Gall.,
2694 3300 3031 3376 accesserint,
3062 3305 3106 3356 si
3145 3322 3246 3358 non
3285 3309 3475 3376 fuerint
3513 3310 3577 3361 ab

1977 3373 2148 3441 aliqua
2174 3374 2429 3441 imperito,
2460 3384 2592 3437 etc.,
2623 3375 2844 3428 omnino
2873 3375 3032 3429 male.
3067 3377 3196 3442 Quae
3227 3373 3405 3430 omnia
3449 3394 3572 3432 cum

1978 3446 2109 3517 satis
2152 3457 2257 3498 neu
2305 3444 2410 3517 sint
2451 3445 2679 3498 enodata
2729 3445 2923 3517 inihac
2967 3447 3118 3500 Dom.
3159 3446 3314 3501 Juan.
3346 3447 3496 3517 Bapt.
3531 3449 3583 3506 le

1979 3515 2124 3569 Brun
2169 3514 2538 3577 annotatione,
2583 3531 2642 3570 ea
2693 3516 2854 3584 paulo
2901 3517 3069 3571 fusius
3116 3514 3434 3586 extvlicanda
3458 3536 3580 3575 esse

1979 3586 2326 3648 credidimus,
2347 3599 2402 3639 ut
2426 3586 2605 3651 lectio,
2622 3603 2780 3656 quam
2801 3598 2976 3641 textus
3003 3595 3188 3643 noster
3211 3601 3580 3657 reprzesentat,

1982 3657 2174 3712 melius
2203 3671 2266 3710 ac
2288 3657 2572 3711 dilucidius
2601 3658 2968 3713 conﬁrmetur.
2994 3658 3198 3713 Sensus
3217 3675 3346 3714 Vero
3366 3660 3454 3716 hic
3473 3675 3578 3726 est,

1982 3739 2040 3783 ut
2063 3729 2205 3782 dicat
2226 3727 2824 3800 Lactantius,homines
2849 3731 3114 3785 litteratos
3143 3741 3197 3784 et
3229 3731 3406 3800 politis
3435 3733 3580 3787 litte-

1982 3800 2057 3854 ris
2081 3801 2334 3864 imbutos,
2367 3814 2487 3853 cum
2516 3799 2581 3852 ad
2610 3802 2922 3869 religionem
2959 3799 3256 3865 accedunt,
3289 3803 3466 3857 minus
3493 3819 3584 3859 so-

1984 3870 2098 3925 lere
2125 3872 2368 3942 credere,
2387 3869 2528 3940 quod
2555 3870 2854 3940 despiciant
2884 3873 3284 3942 simplicitatem
3316 3876 3583 3929 sermonis

1985 3955 2258 3996 sacrarmn
2287 3941 2633 3996 Litterarurn.
2666 3943 2719 3996 ld
2747 3952 2920 3998 tamen
2952 3941 3056 3997 non
3087 3946 3322 4008 eveniet,
3354 3946 3400 3999 si
3430 3961 3584 4000 accc-

1986 4012 2174 4067 dentes
2203 4011 2270 4066 ad
2301 4027 2479 4067 veram
2509 4013 2823 4082 religionem
2849 4056 2862 4076 ,
2893 4014 3120 4069 habeant
3149 4018 3422 4070 doctorem
3458 4018 3584 4071 reli-

1987 4084 2160 4153 gionis
2185 4084 2534 4138 exercitatum
2566 4085 2616 4137 in
2650 4085 2808 4139 rebus
2830 4085 2998 4139 sacris
3018 4127 3031 4146 ,
3062 4087 3287 4154 peritum
3316 4098 3365 4139 et
3397 4088 3586 4143 litteris

1988 4156 2274 4208 itnbutum.
2304 4154 2545 4224 Vulgaris
2575 4157 2733 4210 lectio
2756 4157 2985 4210 habebat
3010 4158 3155 4226 prius
3175 4176 3188 4210 :
3212 4156 3342 4210 Inde
3358 4159 3586 4212 [marinas

1991 4227 2219 4291 litterati,
2246 4241 2362 4278 cum
2405 4226 2473 4278 ad
2505 4225 2598 4280 Dei
2637 4228 2932 4297 religionem
2972 4228 3295 4290 accesserint,
3324 4229 3386 4280 ab
3415 4231 3586 4297 aliqua

1988 4298 2222 4366 imperito
2259 4301 2464 4350 doctore
2507 4297 2711 4366 fundati
2751 4299 2916 4350 minus
2945 4298 3174 4349 credunt.
3202 4300 3331 4363 Quae
3362 4300 3585 4367 quidem

1991 4368 2238 4423 eumdem
2268 4367 2380 4420 fere
2403 4383 2618 4421 sensmn
2648 4376 3016 4435 repraesentat,
3035 4381 3097 4420 ac
3125 4368 3214 4423 ille
3238 4368 3328 4438 qui
3359 4369 3409 4423 in
3435 4379 3584 4424 textu

282 4447 359 4503 tis
376 4444 565 4511 capitis
580 4442 672 4502 ‘20.
691 4438 888 4507 lin.,ad
911 4439 1005 4494 Dei
1033 4441 1328 4511 religionem
1360 4442 1617 4505 accedere,
1642 4443 1780 4494 idem
1805 4450 1888 4495 est
1917 4490 1966 4511 η
2001 4449 2185 4493 nostro
2214 4439 2444 4511 legitur:
2477 4440 2570 4491 sed
2602 4442 2774 4492 oratio
2802 4439 2978 4492 minus
3005 4438 3219 4506 elegans
3241 4481 3254 4502 ,
3293 4454 3450 4510 atque
3488 4443 3590 4494 ub-

281 4490 1892 4588 ;gaaaaazaagiagainsuam;signinainriga:
1917 4490 1967 4550 ι)
1996 4490 2204 4588 eam...
2356 4506 2465 4588 tu...
2487 4490 2625 4562 γεμί
2644 4490 3421 4588 to...dq....~.'gzna.s,1...a
3443 4526 3588 4582 ss...

282 4579 430 4657 nem)
447 4603 500 4657 se
526 4587 788 4657 conferre;
815 4593 912 4657 aut
938 4584 1163 4657 iuvet-sis
1193 4583 1452 4657 verbisin
1485 4579 1622 4657 Epit.
1651 4579 1889 4657 cap._'b'3,
1996 4596 2103 4657 non
2136 4580 2381 4657 leguntur
2410 4579 2462 4633 in
2491 4579 2688 4634 veteris
2701 4579 2917 4657 eloquii
2940 4579 3096 4657 latini
3116 4584 3382 4657 sermonis
3407 4579 3593 4657 aucto-

285 4676 378 4732 pr.
407 4650 421 4711 Ξ
451 4650 670 4732 Retectis
707 4654 1173 4732 profanisritibus,
1205 4654 1271 4707 ad
1297 4653 1390 4732 Dei
1412 4650 1609 4708 cultum
1634 4650 1893 4732 transire;
1996 4651 2168 4732 ribus,
2201 4650 2448 4732 videntur
2466 4651 3195 4732 "latnen.injttt'isconSItltis,
3223 4653 3593 4732 qui‘funda’tos

291 4720 394 4786 aut
427 4744 493 4783 ex
525 4728 618 4783 lib.
650 4720 745 4791 vti,
782 4720 902 4795 cap.
927 4725 1036 4780 22:
1070 4725 1202 4779 Deos
1243 4727 1550 4794 relinquere,
1578 4736 1623 4779 et
1653 4725 1722 4778 ad
1745 4725 1896 4779 unius
1996 4725 2052 4776 in
2070 4723 2192 4795 jure
2218 4720 2422 4795 dicunt.
2454 4720 2646 4795 Fundo
2686 4723 2844 4790 igitur
2889 4723 3029 4777 idem
3073 4731 3155 4795 est
3201 4720 3264 4777 ac
3297 4720 3470 4779 doceo.
3503 4725 3593 4781 Sic

287 4819 349 4856 se
394 4799 487 4853 Dei
525 4798 718 4853 cultant
754 4793 1152 4869 religionemque
1192 4793 1516 4869 conuertere;
1547 4808 1635 4851 aut
1666 4797 1898 4866 denique
1999 4794 2137 4869 apud
2166 4793 2369 4869 Livium
2394 4793 2598 4869 legitur
2616 4794 2790 4869 leviter
2811 4796 3026 4866 fundata
3053 4794 3197 4869 ﬁdes.

212 4861 222 4868 “
291 4873 441 4929 idem
494 4872 635 4941 quod
686 4870 779 4922 lib.
820 4861 926 4934 vit,
973 4861 1091 4937 cap.
1145 4869 1207 4924 11
1241 4885 1253 4920 :
1285 4866 1551 4924 Caelestem
1606 4861 1899 4940 religionem
2009 4861 2284 4941 ΔἸηεὶιιὶι.
2317 4861 2600 4941 l_ta_cuncti
2631 4865 2747 4941 fere
2769 4861 2899 4941 inss.
2939 4875 2994 4920 et
3037 4864 3314 4941 ed._Ro_m.
3348 4865 3504 4922 H70.
3537 4866 3597 4941 in

292 4943 398 5000 Dei
424 4934 731 5012 (justitiam)
747 4941 907 5010 sequi.
949 4934 1227 4995 Bassum.
1692 4934 1720 5012 ί
1763 5011 1769 5012 ί
1834 5011 1837 5012 ν
2002 4937 2038 4992 2
2068 4946 2294 5012 rec._est
2322 4936 2541 5012 insistit,-
2570 4937 2620 4990 in
2653 4939 2675 4991 1
2708 4934 2861 4992 Colb.
2887 4945 2931 4990 et
2961 4936 3121 5000 sedit;
3147 4938 3198 4990 in
3223 4937 3257 4991 4
3289 4952 3396 4991 rce.
3429 4949 3484 4992 et
3531 4939 3593 4993 11

376 5007 574 5071 Simon
600 5013 791 5082 fuerint
812 5007 884 5065 ab
911 5013 1085 5085 aliqua
1121 5013 1286 5085 perito
1325 5013 1532 5065 doctore
1566 5011 1904 5085 fundati._D_e
2004 5007 2233 5085 vuljialis
2257 5007 2458 5085 ίηξίάεί·
2570 5081 2579 5085 -
2655 5078 2696 5085 --
3014 5077 3024 5085 -
3350 5029 3358 5034 -
3465 5080 3484 5085 ’λ

296 5089 424 5150 his,
454 5087 545 5156 qui
592 5077 768 5156 minus
811 5083 979 5138 solida
999 5077 1009 5082 ’
1029 5077 1372 5138 fundamenta
1414 5077 1736 5156 posuerunt,
1769 5083 1905 5156 dixit
2083 5078 2370 5156 Etmentis,
2393 5088 2442 5132 et
2470 5078 2847 5156 vocisaNeqne
2861 5094 2961 5133 vox
2983 5077 3098 5132 sine
3121 5087 3302 5133 mente
3329 5088 3430 5156 est.
3465 5080 3606 5134 Dici-

298 5149 728 5228 elegantiusrlib.
759 5170 812 5218 v,
840 5168 959 5223 cap.
990 5156 1014 5208 1
1047 5171 1060 5206 :
1092 5156 1325 5228 Quorum
1363 5149 1474 5228 non
1507 5155 1816 5228 est__stabilis
1843 5169 1903 5228 ac
2009 5159 2098 5228 tur
2123 5149 2346 5205 abusive
2371 5164 2472 5204 vox
2505 5149 2583 5228 _de
2631 5151 2881 5228 inanimis
2919 5165 3130 5228 (Linoque
3157 5165 3220 5203 ac
3252 5152 3432 5228 mutis,
3463 5160 3605 5228 stre-

299 5220 484 5286 solidis
513 5225 771 5281 radicibus
797 5220 1232 5300 fundataet'ﬁaa
1262 5225 1537 5300 sententia.
1554 5223 1905 5300 Nutantenim
2012 5223 2153 5300 pitns
2196 5232 2355 5300 atque
2401 5223 2608 5275 sonitus
2627 5261 2642 5288 ,
2673 5222 2895 5300 lautitiis“.
2929 5220 3260 5289 Quamquam
3289 5220 3610 5277 Aristoteles

303 5301 553 5374 plurimi,
595 5313 655 5352 ac
691 5291 912 5352 mamma
949 5297 1036 5366 qui
1068 5291 1352 5351 litterarum
1379 5296 1577 5374 aliqttid
1610 5299 1905 5368 attigerunt.
2012 5297 2176 5374 mutis
2213 5291 2373 5374 etiam
2403 5292 2820 5374 vocenttribuit.
2855 5293 3176 5374 BEELTLDiUS:
3218 5372 3225 5374 _
3491 5359 3506 5364 _

1488 5363 1764 5423 BUNEIA'N.
2085 5367 2271 5419 Carere
2301 5364 2439 5432 fuco.
2466 5364 2538 5418 De
2564 5365 2904 5435 simplicitate
2933 5363 3028 5418 SS.
3057 5364 3457 5433 Scripturarum
3489 5363 3614 5422 vide

385 5441 698 5519 Accesserint
721 5482 734 5506 ,
762 5441 806 5494 si
837 5457 938 5519 non
967 5441 1156 5519 fuerint
1188 5439 1251 5493 ab
1289 5440 1462 5519 aliqua
1501 5441 1914 5519 perito‘doctore
2017 5436 2206 5519 Isidor.
2242 5435 2420 5517 Peius.
2454 5435 2778 5519 lib..§|,.ED.
2913 5505 2955 5519 η
3096 5506 3110 5519 _
3166 5505 3207 5519 ἢ
3421 5507 3450 5519 Α,

309 5516 538 5590 fundati,
567 5514 734 5590 minus
759 5505 991 5590 credunt.
1018 5513 1083 5590 .Si
1107 5529 1244 5590 non,
1274 5505 1383 5566 etc.»
1423 5505 1548 5590 Huic
1582 5513 1744 5566 verba
1773 5512 1918 5566 delet
2022 5579 2042 5590 -
2068 5508 2472 5590 .Quw‘animam
2624 5507 2865 5590 cincinni.
2899 5505 3039 5590 ‘Mss.
3089 5506 3115 5559 1
3166 5505 3537 5590 Bonnantiq”
3591 5509 3612 5561 1

310 5577 601 5660 Heuman._
621 5584 815 5660 venum
848 5584 1195 5660 hunelocum
1225 5583 1296 5637 ita
1327 5581 1630 5660 restitui‘ex
1659 5597 1789 5660 mss.
1824 5599 1918 5660 a_n-
2021 5579 2168 5660 Lips.
2197 5586 2252 5660 et
2283 5578 2446 5660 Brun...
2464 5577 3619 5660 subiiciuntasm.legitur-apud_Bunem_an.:

314 5655 636 5728 tiquissimis
651 5658 680 5728 1
703 5655 910 5728 Βυιιοιιἐ
927 5655 1019 5728 eti
1040 5655 1196 5728 Reg,
1212 5653 1674 5728 consentientibus
1689 5659 1716 5728 t_
1734 5653 1924 5728 ἰξθεὶοο
2024 5680 2096 5728 ττ-
2115 5649 2353 5728 Animam
2386 5649 2480 5728 sibi
2506 5650 2802 5728 subiiciunt.
2842 5649 3060 5728 Conjeci
3105 5649 3386 5718 legendum
3414 5652 3620 5728 viciam,

314 5720 469 5793 Ptit.,
498 5730 522 5784 l
553 5730 622 5782 al.
645 5720 1380 5795 Reg.,2Colb.,lClarom.,
1405 5725 1441 5778 ‘2.
1468 5724 1740 5793 Lips.,ed.
1761 5720 1919 5780 Rom.
2026 5722 2081 5777 id
2107 5730 2206 5795 est_
2235 5721 2416 5795 vitiant
2449 5723 2594 5792 (nam
2643 5723 2794 5795 ltost.
2850 5720 2969 5795 fere
2998 5736 3238 5795 semper,
3257 5737 3320 5795 _e.
3349 5737 3400 5792 g.
3436 5722 3529 5775 lib.
3561 5738 3622 5795 ιι,

320 5792 486 5873 1468,
517 5801 572 5858 in
603 5792 796 5870 quibus
825 5808 908 5854 est
933 5795 1339 5863 accesserint,ab
1355 5792 1705 5867 aliquo’perito
1723 5799 1928 5854 doctore
2030 5808 2151 5865 cap.
2181 5792 2237 5863 2,
2269 5792 2456 5847 viciam
2491 5808 2586 5866 pro
2617 5793 2797 5848 vitiant
2849 5792 3081 5863 scribit).
3115 5793 3231 5850 Hoc
3255 5792 3414 5863 igitur
3464 5794 3630 5862 perti-

856 5892 1134 5954 Punon.
1184 5889 1290 5952 Vl.
2913 5884 2994 5949 23
