4090 6354
276 259 384 322 ⁸717

1405 251 1613 322 LIBER
1652 258 1740 320 VI.
1783 260 1873 317 DE
1918 259 2103 319 VERO
2140 258 2390 320 GULTU.

3475 267 3581 329 718

278 393 496 451 quoque
536 378 842 440 constituit‘:
872 372 951 443 et'
971 375 1232 449 pudorem
1262 374 1551 437 infelicium
1600 376 1883 432 mulierum
1911 378 1966 440 Α
1991 372 2224 431 maxima
2247 373 2551 431 adhibenda
2572 374 2746 431 virtus
2767 374 2892 442 erit,
2923 383 2982 432 ut
3000 376 3280 449 cupiditati
3297 383 3579 440 continen-

281 475 590 545 publicavit,
622 484 680 532 ut
716 472 947 530 ludibrio
988 472 1211 530 haberet
1254 480 1361 531 tam
1401 486 1496 528 eos
1524 472 1613 543 qui
1655 471 1873 537 faciunt,

279 582 439 638 quam
463 581 598 636 quas
628 567 736 636 pati
769 580 994 627 necesse
1019 573 1120 624 est.
1555 619 1558 623 .

353 658 446 712 His
473 657 917 714 obsccenitatibus
945 656 1172 721 animas,
1193 654 1261 716 ad
1278 655 1618 722 sanctitatem
1645 654 1874 725 genitas.

279 751 426 808 velut
462 751 516 807 in
560 753 703 808 caeni
742 752 954 822 gurgite
997 750 1276 817 demersit,
1324 749 1583 818 pudorem
1627 749 1876 812 extinxit,

279 843 593 916 pudicitiam
621 844 942 916 proﬂigavit.
967 843 1116 906 idem
1143 843 1304 904 etiam
1332 857 1508 898 mares
1527 840 1764 900 maribus
1788 840 1882 895 ad—

279 938 527 1004 miscuit;
557 947 613 994 et
637 938 898 996 nefandos
919 937 1093 998 coitus
1109 948 1296 996 contra
1319 946 1561 996 naturam
1590 944 1882 1006 contraque

279 1031 584 1088 institutum
618 1031 712 1088 Dei
742 1031 1078 1096 machinatus
1105 1040 1188 1090 est
1216 1049 1228 1086 :
1260 1032 1340 1088 sic
1371 1031 1562 1087 imbuit
1600 1028 1878 1095 homines,

281 1135 336 1180 et
361 1125 592 1180 armavit
618 1124 685 1181 ad
709 1125 860 1182 nelas
885 1139 1066 1182 omne.
1086 1123 1224 1192 Quid
1245 1123 1389 1180 enim
1414 1130 1590 1193 potest
1613 1135 1735 1177 esse
1757 1136 1882 1178 san-

283 1227 430 1274 ctum
463 1218 552 1283 iis,
575 1217 664 1288 qui
690 1226 902 1280 attatem
929 1217 1255 1278 imbecillam
1273 1226 1328 1274 et
1357 1215 1609 1286 prmsidio
1638 1215 1883 1284 indigen-

285 1319 416 1374 tem,
450 1309 658 1364 libidini
684 1325 798 1372 suae
837 1308 1268 1380 depopulandam
1313 1307 1723 1376 lmdandamque
1751 1306 1880 1362 sub-

280 1401 611 1460 straverint?
637 1401 752 1462 Non
782 1410 960 1472 potest
993 1401 1109 1458 hace
1136 1416 1225 1462 res
1251 1415 1347 1472 pro
1373 1398 1736 1470 magnitudine
1757 1413 1878 1460 sce-

282 1495 412 1552 leris
437 1495 699 1568 enarrari.
733 1492 875 1548 Nihil
905 1493 1135 1564 amplius
1164 1493 1298 1559 istos
1323 1492 1599 1563 appellare
1629 1505 1878 1561 possum,

284 1604 445 1659 quam
477 1587 671 1658 impios
692 1597 747 1654 et
774 1587 1093 1658 parricidas.
1126 1587 1320 1657 quibus
1351 1600 1460 1656 non
1488 1585 1687 1654 sufﬁcit
1722 1599 1883 1644 sexus

287 1699 316 1738 a
346 1683 458 1738 Deo
485 1682 664 1749 datus,
692 1681 797 1752 nisi
823 1681 984 1744 etiam
1015 1695 1173 1736 suum
1203 1679 1427 1750 profane
1475 1693 1538 1740 ac
1579 1678 1886 1750 petulanter

1985 470 2058 524 tia
2087 468 2397 524 reluctetur.
2428 467 2541 523 Nec
2565 479 2772 524 tantum
2795 470 3008 536 alienis,
3033 487 3155 542 quae
3184 474 3450 546 attingere
3474 493 3580 533 non

1984 560 2131 623 licet,
2177 576 2364 616 verum
2407 563 2571 616 etiam
2615 562 2846 631 publicis
2883 564 3225 636 vulgatisque
3262 570 3582 638 corporibus

1983 653 2384 719 abstinendum,
2443 654 2587 710 Deus
2632 656 2923 726 praecepit;
2977 656 3246 729 docetque
3286 676 3404 728 nos,
3457 679 3582 719 eum

1982 746 2090 802 duo
2117 748 2257 802 inter
2290 763 2350 802 se
2377 761 2604 818 corpora
2646 747 2848 804 fuerint
2875 751 3148 820 copulata,
3192 769 3354 810 unum
3387 771 3586 828 corpus

1983 838 2218 894 elticerc.
2244 838 2320 896 lta
2347 840 2436 909 qui
2462 854 2695 907 seeteno
2720 841 3084 910 immerserit,
3109 859 3265 906 coeno
3292 847 3364 902 sit
3385 849 3585 906 oblitus

1984 946 2207 990 neceSse
2249 941 2364 998 est;
2416 940 2470 988 et
2525 947 2724 1002 corpus
2767 934 2984 1004 quidem
3030 936 3137 993 cito
3182 937 3326 1004 ablui
3373 951 3584 1010 potest:

1985 1037 2138 1079 mens
2177 1031 2355 1078 autem
2384 1025 2705 1094 contagione
2733 1025 2992 1096 impudici
3023 1031 3273 1100 corporis
3311 1033 3588 1103 inquinata

1985 1131 2094 1173 non
2125 1123 2336 1184 potest,
2368 1117 2470 1180 nisi
2497 1126 2552 1172 et
2599 1117 2762 1188 longo
2800 1129 3080 1190 tempore,
3120 1133 3174 1178 et
3206 1126 3393 1181 multis
3431 1127 3589 1184 bonis

1987 1209 2278 1279 operibus,
2320 1210 2390 1266 ab
2427 1226 2492 1268 ea
2531 1227 2652 1279 qua:
2694 1213 2972 1276 inhaeserit
3009 1216 3316 1275 colluvione
3352 1224 3587 1292 purgari.

1986 1301 2213 1372 Oportet
2253 1318 2381 1373 ergo
2417 1303 2522 1360 sibi
2557 1319 2826 1376 quemque
2858 1322 3164 1377 proponere
3189 1355 3204 1378 ,
3241 1312 3469 1369 duorum
3501 1331 3590 1372 se-

1989 1411 2152 1452 xuum
2184 1396 2620 1467 conjunctionem
2641 1401 2936 1470 generandi
2966 1418 3128 1460 causa
3149 1404 3330 1463 datam
3362 1425 3485 1466 esse
3512 1412 3595 1467 vi-

1989 1488 2240 1550 ventibus
2263 1531 2277 1554 ,
2313 1505 2540 1560 eamque
2587 1491 2760 1563 legem
2797 1493 2883 1548 his
2917 1495 3200 1554 aﬂectibus
3232 1502 3463 1570 positam
3490 1545 3505 1568 ,
3539 1514 3598 1559 ut

1988 1581 2385 1646 successionem
2415 1593 2627 1652 parent.
2657 1583 2809 1644 Sicut
2829 1598 3011 1649 autem
3039 1588 3190 1651 dedit
3219 1593 3376 1650 nobis
3403 1595 3593 1651 oculos

1991 1672 2163 1738 Deus,
2198 1690 2303 1731 non
2335 1685 2392 1730 ut
2417 1685 2722 1745 spectemus
2748 1720 2766 1746 ,
2799 1681 3245 1756 voluptatemque
3274 1690 3554 1758 capiamus
3574 1734 3591 1759 ,

289 1774 534 1831 illudant.
567 1774 693 1838 Huic
735 1781 916 1832 tamen
953 1772 1094 1845 apud
1133 1773 1254 1836 illos
1299 1773 1470 1840 levia,
1501 1781 1556 1834 et
1583 1771 1736 1846 quasi
1784 1771 1884 1832 lto.

2002 1763 2087 1820 sed
2137 1772 2197 1820 ut
2250 1764 2530 1828 videamus
2564 1776 2783 1839 propter
2832 1785 2928 1829 eos
2979 1783 3152 1842 actus,
3199 1777 3290 1846 qui
3324 1780 3599 1847 pertinent

285 1882 440 1927 nesta
471 1881 613 1930 sunt.
643 1871 784 1941 Quid
808 1871 982 1931 dicam
1006 1869 1077 1934 de
1098 1869 1181 1936 iis,
1216 1869 1307 1939 qui
1334 1867 1750 1930 abominandam
1777 1882 1885 1928 non

288 1965 592 2032 libidinem,
609 1965 705 2032 sed
725 1965 986 2031 insaniam
1008 1963 1188 2040 potius
1211 1961 1494 2026 exercent!
1511 1960 1663 2032 Piget
1683 1960 1884 2018 dicere:

287 2061 390 2116 sed
421 2061 548 2130 quid
587 2060 669 2118 his
712 2060 825 2124 fore
864 2058 1168 2125 credamus,
1198 2071 1336 2128 quas
1366 2070 1472 2118 non
1502 2055 1648 2126 piget
1675 2053 1888 2115 facere?

288 2161 348 2208 et
373 2160 547 2208 tamen
576 2150 864 2218 dicendum
895 2150 1141 2221 est,quia
1163 2148 1239 2208 tit.
1270 2149 1344 2210 De
1371 2147 1487 2206 istis
1515 2147 1728 2218 loquor,
1754 2162 1890 2218 quo-

289 2258 414 2300 rum
456 2245 728 2308 teterrima
773 2242 940 2300 libido
985 2250 1040 2302 et
1082 2241 1400 2306 execrabilis
1443 2239 1597 2300 furor
1631 2255 1701 2296 ne
1729 2240 1892 2310 capiti

289 2335 512 2404 quidem
544 2335 736 2406 parcit.
766 2335 971 2402 Quibus
1003 2333 1107 2390 hoc
1134 2333 1332 2397 verbis,
1365 2341 1457 2394 aut
1495 2347 1596 2402 qua
1645 2332 1893 2402 indigna-

293 2429 443 2482 tione
468 2436 669 2484 tantum
698 2427 849 2496 nefas
875 2428 1207 2497 prosequar?
1239 2425 1412 2488 \‘ineit
1437 2423 1670 2486 ofﬁcium
1699 2425 1895 2495 linguas

291 2518 519 2584 sceleris
536 2517 866 2590 magnitudo.
888 2517 1021 2582 Cum
1050 2516 1209 2588 igitur
1237 2515 1402 2580 libido
1427 2515 1544 2572 haec
1563 2515 1690 2578 edat
1709 2531 1892 2586 opera,

291 2619 348 2668 et
382 2609 496 2668 haec
523 2611 755 2667 facinora
783 2610 1049 2680 designet,
1075 2609 1321 2678 armandi
1345 2607 1604 2676 adversus
1639 2623 1756 2668 eam
1789 2610 1897 2669 vir-

296 2711 414 2764 tute
458 2701 687 2780 maxima
735 2717 940 2774 sumus.
971 2702 1224 2772 Quisquis
1265 2700 1487 2768 attentus
1523 2700 1646 2766 illos
1670 2699 1898 2764 funusne

297 2812 411 2858 non
439 2805 640 2866 potest,
669 2795 921 2854 cohibeat
963 2810 1058 2862 eos
1098 2795 1238 2864 intra
1269 2793 1638 2865 praescriptum
1677 2793 1899 2864 legitimi

296 2891 494 2956 tori,ut
513 2899 566 2946 et
584 2890 735 2956 illud,
751 2889 893 2960 quod
916 2888 1072 2959 avide
1097 2889 1317 2960 expetit,
1344 2895 1720 2958 consequatur,
1737 2898 1788 2948 et
1815 2896 1899 2944 ta-

293 2999 424 3040 men
449 2985 499 3038 in
525 2994 802 3054 peccatum
831 2998 936 3038 non
966 2982 1184 3039 incidat.
1210 2981 1344 3036 Nam
1364 2981 1490 3052 quid
1521 2982 1621 3036 sibi
1653 2981 1900 3058 homines

297 3076 495 3146 perditi
543 3075 764 3130 volunt?
812 3074 1015 3144 Nempe
1055 3073 1278 3130 honesta
1319 3089 1484 3144 opera
1523 3057 1770 3143 voluptas
1810 3089 1898 3130 se-

1989 1857 2057 1914 ad
2080 1858 2204 1924 vitae
2234 1860 2610 1933 necessitatem
2629 1902 2644 1930 ,
2672 1863 2743 1918 ita
2769 1863 3058 1934 genitalem
3085 1869 3332 1939 corporis
3354 1881 3559 1942 partem
3583 1915 3598 1941 ,
3659 1911 3679 1926 .

1990 1952 2133 2024 quod
2163 1966 2357 2008 nomen
2389 1953 2563 2023 ipsum
2596 1953 2790 2020 docet,
2825 1957 2970 2016 nulla
3001 1958 3105 2016 alia
3145 1975 3308 2022 causa
3345 1965 3447 2020 nisi
3477 1965 3595 2022 elli-

1990 2044 2196 2102 ciendae
2224 2045 2432 2108 sobolis
2459 2047 2788 2127 accepimus.
2825 2049 2960 2114 Huic
3004 2052 3202 2112 divinas
3245 2055 3351 2127 legi
3392 2073 3601 2119 summa

1992 2139 2282 2200 devotione
2311 2140 2609 2210 parendum
2644 2151 2748 2198 est.
2779 2142 2900 2206 Sint
2930 2160 3140 2211 omnes,
3161 2148 3252 2217 qui
3280 2164 3339 2205 se
3361 2150 3603 2221 discipu-

1993 2233 2075 2290 los
2104 2233 2196 2294 Dei
2225 2235 2616 2305 proﬁtebuntur
2637 2277 2650 2299 ,
2678 2236 2747 2294 ita
2776 2239 2970 2299 morati
3009 2246 3065 2296 et
3093 2239 3361 2308 instituti,
3395 2254 3455 2299 ut
3493 2245 3598 2316 im-

2003 2341 2198 2396 perare
2221 2326 2321 2390 sibi
2349 2327 2578 2396 possint.
2605 2326 2738 2384 Nam
2769 2327 2860 2398 qui
2888 2329 3248 2399 voluptatibus
3281 2333 3560 2405 indulgent
3587 2378 3601 2399 ,

1995 2419 2086 2488 qui
2118 2417 2322 2474 libidini
2351 2418 2755 2490 obsequuntur,
2801 2419 2838 2478 ii
2889 2421 3129 2483 animam
3182 2438 3338 2486 suam
3388 2429 3607 2500 corpori

1996 2511 2304 2581 mancipauit
2328 2554 2341 2575 ,
2364 2511 2429 2568 ad
2452 2523 2792 2583 mortemque
2818 2513 3209 2578 condemnant:
3235 2521 3358 2590 quia
3389 2537 3447 2576 se
3473 2536 3596 2581 cor.-

1997 2605 2114 2674 pori
2157 2604 2514 2669 addixerunt,
2559 2604 2614 2662 in
2664 2607 2808 2676 quod
2857 2606 3019 2668 habet
3069 2623 3217 2668 mors
3262 2611 3604 2681 potestatem.

1999 2697 2377 2768 Unusquisque
2416 2698 2576 2769 igitur
2600 2710 2893 2769 ,quantum
2929 2710 3138 2770 potest,
3185 2703 3385 2766 formet
3428 2723 3487 2764 se
3539 2708 3607 2766 ad

1999 2791 2380 2869 verecundiam
2409 2834 2424 2858 ,
2471 2792 2732 2862 pudorem
2764 2795 2939 2858 colat,
2971 2797 3276 2858 castitatem
3321 2803 3609 2870 conscien-

2003 2886 2074 2942 tia
2097 2896 2151 2950 et
2173 2896 2353 2951 mente
2383 2895 2595 2944 tueatur
2619 2904 2633 2952 ;
2667 2902 2769 2946 nec
2798 2897 3002 2950 tantum
3026 2892 3234 2962 legibus
3261 2895 3486 2963 publicis
3515 2913 3612 2968 pa-

2003 2991 2155 3062 reat:
2193 2981 2288 3036 sed
2315 2983 2386 3037 sit
2412 2998 2572 3051 supra
2602 2998 2794 3039 omnes
2824 2984 2971 3056 leges
2997 3028 3010 3051 ,
3044 2988 3133 3058 qui
3166 2988 3340 3058 legem
3377 2993 3469 3047 Dei
3512 3010 3601 3049 se-

2003 3075 2202 3144 quitur.
2235 3073 2440 3142 Quibus
2466 3074 2622 3130 bonis
2653 3075 2698 3129 si
2725 3079 3061 3143 assueverit,
3091 3080 3202 3147 jam
3234 3084 3455 3150 pudebit
3479 3101 3603 3142 eum

296 3170 484 3239 quitur
514 3186 526 3221 :
557 3168 602 3224 si
642 3168 809 3239 ipsam
839 3183 936 3238 per
964 3183 1025 3223 se
1062 3174 1353 3238 appetunt,
1386 3166 1531 3254 iusta
1571 3177 1625 3222 et
1667 3167 1901 3252 legitima
1931 3179 1978 3243 ρ
2007 3165 2073 3220 ad
2099 3165 2371 3221 deteriora
2403 3165 2738 3222 desciscere:
2772 3168 2933 3222 modo
2955 3160 3204 3239 placéant
3243 3183 3390 3230 recta
3431 3187 3487 3232 et
3512 3178 3608 3232 ho-

298 3261 406 3318 frui
433 3261 575 3316 licet.

374 3353 529 3423 Quod
577 3352 623 3410 si
672 3351 849 3424 aliqua
913 3352 1212 3424 necessitas
1245 3351 1575 3426 prohibebit,
1618 3361 1731 3410 tum
1770 3366 1900 3418 vero

2009 3268 2159 3316 nesta
2184 3301 2198 3327 ,
2229 3275 2349 3330 quae
2376 3260 2689 3317 melioribus
2710 3261 3032 3345 jucundiora
3065 3276 3194 3340 sunt
3243 3284 3405 3344 quam
3436 3287 3606 3343 prava

2007 3362 2062 3426 et
2089 3353 2372 3420 inhonesta
2400 3353 2696 3424 peioribus.
3269 3347 3272 3352 ’

1646 3468 2014 3560 vantonuu
2053 3469 2286 3552 nom.

379 3583 692 3653 Pudicitiam
718 3584 1030 3656 proﬂigauit.
1061 3584 1150 3647 Sic
1196 3583 1364 3656 editio
1399 3583 1612 3656 cellarii
1656 3591 1711 3638 et
1755 3583 1899 3638 Heu-

301 3658 526 3725 manui,
569 3667 625 3714 et
669 3655 886 3725 quidem
928 3667 1102 3723 recte,
1132 3663 1190 3712 ut
1229 3655 1300 3711 sit
1335 3655 1609 3725 gradatio,
1641 3656 1902 3721 demersit,

301 3673 526 3725 mamu,
569 3673 625 3714 et
706 3673 886 3724 uideni
928 3673 1102 3723 recte,
1132 3673 1190 3712 ιιι
1229 3673 1300 3711 srt
1335 3673 1609 3725 graoauo,
1641 3673 1902 3721 aemerm,

301 3730 542 3795 extirwit,
572 3673 882 3799 proﬂigavit.
913 3727 1016 3782 Alii
1049 3727 1320 3799 ﬂagitauit,
1360 3728 1512 3795 quasi
1552 3727 1784 3799 diceres,
1816 3743 1905 3781 ar-

302 3801 501 3856 denter
529 3801 595 3855 ad
627 3798 808 3869 stupra
838 3809 893 3854 et
921 3798 1116 3868 ﬂagitia
1143 3798 1465 3863 sollicitare,
1500 3799 1590 3854 vel
1620 3798 1688 3853 de
1718 3808 1905 3868 stupro

302 3873 600 3929 instantius
632 3871 866 3941 aliquam
892 3871 1154 3940 virginem
1185 3870 1478 3940 appellare.
1510 3869 1636 3924 uss.
1656 3940 1662 3941 ί
1683 3869 1718 3924 6
1760 3869 1906 3925 Vati-

302 3945 453 4010 cani,
486 3945 510 3998 1
545 3942 678 4014 Reg.
709 3940 843 4008 rec.,
880 3944 901 3996 1
933 3941 1105 4014 Lips"
1126 3941 1168 4014 1
1201 3941 1439 4014 Claram.
1475 3950 1534 4014 et
1566 3940 1736 4014 Aldus
1764 3942 1908 3996 inter

304 4013 646 4072 emendanda
667 4022 842 4072 errata
870 4029 981 4078 suae
1009 4013 1261 4080 editionis
1286 4013 1484 4070 habent
1505 4013 1773 4083 ﬂagitiavit
1788 4029 1809 4077 ;
1831 4014 1910 4068 in-

305 4087 494 4145 solens
536 4087 779 4148 verbum.
812 4085 1000 4151 alarm.
1045 4092 1101 4142 et
1146 4086 1171 4140 1
1223 4084 1358 4153 Reg.
1401 4099 1432 4139 a
1470 4086 1705 4140 secunda
1748 4100 1907 4139 manu

307 4159 638 4233 proﬂigavit;
665 4159 701 4213 2
728 4158 1005 4233 (leg._rec.
1039 4157 1256 4233 fugavit.
1289 4159 1359 4233 At
1387 4171 1494 4233 non
1521 4157 1653 4233 mihi
1684 4156 1911 4233 placent

311 4227 588 4286 variantes
618 4234 734 4296 istae
763 4229 1042 4294 lectiones.
1072 4242 1171 4288 nec
1197 4227 1424 4284 Betuleii
1457 4243 1555 4286 nec
1579 4227 1696 4290 lsaei
1725 4243 1909 4283 corre-

308 4303 541 4359 ctiones.
587 4299 900 4366 Pudicitiam
938 4300 1212 4370 ﬂagitauit,
1244 4299 1294 4356 in
1323 4297 1504 4354 multis
1543 4315 1674 4354 mss.
1719 4301 1786 4354 Et
1833 4301 1911 4354 sic

310 4373 577 4444 Ulpianus
617 4372 687 4430 de
728 4372 918 4444 priﬂl-
951 4372 1133 4444 delic.,
1169 4369 1376 4444 cap.2,
1415 4380 1472 4426 et
1499 4370 1678 4444 legeﬁ
1707 4372 1905 4444 Digest.

308 4439 552 4516 de'priv.
583 4439 766 4513 delicI,
798 4443 827 4516 §
859 4443 914 4516 5,
952 4443 1196 4506 ancillam
1223 4439 1459 4516 alienam
1500 4443 1758 4516 ﬂagitare.
1777 4439 1909 4516 'ASed

312 4512 435 4573 haec
460 4517 590 4571 satis
615 4516 681 4570 ad
707 4512 822 4570 reni
853 4514 1032 4570 facere
1057 4530 1164 4568 non
1188 4513 1456 4568 videntur.
1477 4541 1548 4552 —
1573 4512 1908 4571 Pudicitiam.

313 4590 416 4645 llic
442 4587 716 4658 perpende,
755 4587 842 4651 illa
867 4586 963 4642 lib.
992 4603 1028 4653 ι,
1059 4601 1179 4655 cap.
1207 4584 1278 4642 20
1304 4603 1318 4641 :
1350 4583 1504 4640 Nulla
1535 4583 1812 4652 pudicitia,
1843 4583 1911 4658 li-

316 4653 575 4728 bidinibus
613 4653 888 4726 elframatis
917 4653 1142 4718 omnem“
1157 4673 1338 4713 sexum
1365 4665 1415 4711 et
1456 4669 1647 4711 omnes
1670 4653 1915 4729 corporis

313 4741 490 4805 partes
518 4730 1162 4805 contamittmttt'hus._'Buu.

395 4803 568 4858 Mares
608 4802 833 4869 maribus
880 4801 1173 4860 admiscuit.
1208 4799 1233 4856 1
1268 4798 1403 4854 Βοη.
1433 4799 1604 4870 antiq.
1645 4799 1911 4870 applicuit.

315 4874 536 4932 Crimen
578 4873 973 4940 sodomilicum.
997 4871 1131 4929 Vide
1148 4871 1374 4941 Epistol.
1401 4869 1468 4925 ad
1491 4869 1785 4934 Remanos,
1807 4885 1856 4924 c.
1881 4887 1916 4924 ι.

393 4947 696 5002 Institutum
717 4945 830 5000 Dei.
864 4945 954 5006 Sic
991 4944 1198 5001 restitui
1223 4958 1288 4998 ex
1317 4944 1381 4998 14
1412 4954 1520 4997 vet.
1560 4942 1718 4997 editis
1754 4957 1919 4996 cunc-

318 5020 499 5088 tisque
526 5033 681 5088 mss.,
700 5017 942 5086 exceptis
971 5016 1093 5075 Em.
1117 5026 1172 5072 et
1200 5016 1226 5070 1
1257 5013 1521 5082 Clarom.,
1548 5015 1601 5069 in
1627 5014 1819 5084 quibus
1841 5023 1922 5069 est

306 5087 572 5163 justitiam
597 5087 718 5163 Dei,
745 5099 799 5142 ut
825 5090 877 5142 in
901 5088 934 5142 5
956 5088 1204 5157 vulgatis.

395 5159 513 5215 Nisi
542 5162 691 5214 etiam
720 5176 868 5220 suum
897 5156 1132 5228 profane,
1164 5167 1271 5214 etc.
1317 5157 1390 5212 lta
1436 5173 1569 5214 mss.
1606 5157 1642 5212 2
1683 5156 1919 5223 Bonon.,

316 5233 482 5297 Tax.,
513 5233 644 5287 Pen.
674 5232 728 5286 ln
759 5231 945 5294 Cauc.,
977 5231 1103 5287 Jun.
1135 5240 1192 5286 et
1228 5229 1262 5286 8
1288 5230 1469 5294 editis,
1504 5245 1598 5301 pro
1626 5233 1810 5292 etiam,
1841 5237 1922 5283 est

317 5317 390 5360 et.
423 5304 620 5371 Scripti
648 5305 678 5358 7
716 5303 876 5374 Reg,
902 5303 1042 5358 inter
1069 5317 1205 5371 quos
1243 5311 1366 5356 sunt
1399 5303 1506 5356 duo
1533 5302 1839 5366 veterrimi,
1868 5309 1925 5374 et

319 5376 390 5432 11
422 5376 512 5430 alii
535 5391 646 5432 rec.
671 5371 889 5440 habent,
919 5375 1018 5434 nisi
1047 5377 1197 5430 etiam
1225 5390 1373 5429 suum
1397 5390 1573 5428 sexum
1599 5374 1813 5443 profane
1837 5389 1854 5435 ;
1883 5371 1916 5426 5

321 5461 439 5503 rec.
465 5448 795 5516 tetidemque
812 5446 962 5511 editi,
983 5447 1081 5500 nisi
1102 5455 1147 5500 et
1172 5461 1322 5500 suum
1343 5461 1518 5500 sexum
1541 5447 1772 5514 profane,
1801 5458 1920 5512 per-

321 5533 514 5590 peram
542 5529 851 5587 repetentes
880 5533 1068 5574 vocem
1099 5533 1295 5590 sexum,
1323 5533 1444 5586 quae
1469 5532 1595 5570 mox
1622 5517 1918 5583 praecessit.

400 5589 484 5643 Ne
524 5591 681 5659 capiti
723 5590 926 5661 quidem
965 5590 1161 5661 parcit.
1185 5589 1260 5643 De
1311 5590 1671 5661 19040809310
1706 5597 1924 5656 propter

324 5660 448 5731 ejus
473 5658 878 5717 obscmnitatem
907 5658 1037 5714 nihil
1063 5660 1311 5715 dicimus.
1340 5659 1497 5731 Yide,
1526 5658 1571 5713 si
1599 5665 1750 5731 potes
1780 5660 1926 5731 salva

324 5729 674 5804 verecundia,
699 5749 820 5804 qua;
840 5732 1002 5788 refert
1022 5733 1315 5804 Suetonius
1340 5730 1410 5804 de
1435 5742 1677 5804 monstro
1695 5729 1929 5786 hominis

327 5803 582 5874 Tiberio;
611 5801 738 5872 uani
769 5807 823 5861 in
853 5804 954 5860 hac
983 5819 1042 5861 re
1068 5803 1246 5860 scelus
1272 5803 1438 5859 fuerit
1486 5801 1754 5858 eruditum
1785 5816 1926 5859 esse.

1937 4486 1990 4545 D

2008 3584 2086 3665 De
2113 3583 2215 3639 hoc
2243 3593 2464 3665 peccato
2491 3585 2704 3665 abunde
2736 3595 2925 3665 tractat
2950 3589 3168 3647 Hieron.
3187 3593 3410 3665 Magius,
3445 3610 3502 3656 ut
3531 3603 3613 3658 vi-

2006 3655 2138 3712 dere
2164 3665 2248 3712 est
2279 3657 2332 3710 in
2363 3657 2640 3713 Thesauro
2661 3658 2847 3716 Critic.
2873 3662 3086 3718 Gruteri
3107 3673 3248 3752 item;
3269 3655 3328 3734 ἦ,
3361 3655 3412 3739 ρζ
3447 3655 3606 3731 1553,

3098 3735 3183 3791 Ea:
3209 3735 3465 3799 GALLIeo.

2082 3798 2450 3882 Consequatur.
2482 3800 2715 3882 Restitni
2737 3817 2802 3857 ex
2825 3803 3103 3882 ed._'l‘orn.
3128 3809 3399 3870 Soubron'.
3422 3825 3476 3871 et
3493 3832 3610 3882 om-

2011 3870 2193 3961 nibus.
2215 3873 2648 3961 msshprzeterni
2678 3873 2811 3961 Reg.
2855 3877 2941 3931 cui
2971 3887 3052 3932 est
3072 3893 3376 3961 exequatur.
3411 3870 3447 3941 9
3474 3870 3610 3961 Reg.

2011 3957 2123 4017 rec:
2146 3942 2446 4017 et_3ﬂC_olb.
2470 3957 2534 4000 ac
2565 3944 2632 4000 16
2664 3942 2812 4012 editi,
2845 3959 3160 4017 asscquatur.
3183 3942 3198 3968 "
3481 3942 3582 3972 "‘0.

2084 4013 2401 4088 Proltibebit.
2434 4016 2535 4088 Ms.
2569 4017 2629 4079 1.
2662 4017 2794 4088 Reg.
2837 4013 3117 4086 cohibebit;
3143 4023 3234 4080 alii
3263 4027 3297 4082 8
3320 4044 3431 4085 rec.
3477 4033 3533 4088 et
3575 4033 3609 4087 6

2015 4085 2432 4162 edd.‘_prohibet;
2458 4089 2483 4141 1
2508 4087 2662 4162 golb.
2685 4085 2992 4162 prohiberet.
3017 4085 3214 4150 Castori
3238 4140 3251 4162 ,
3279 4109 3337 4153 ut
3361 4102 3410 4155 in
3436 4085 3610 4160 testu.

2090 4158 2466 4244 Alienis-,qttte.
2505 4159 2645 4244 ‘Post.
2681 4161 2891 4244 alienis_,
2940 4165 3092 4244 multi
3140 4158 3274 4223 mss.
3324 4158 3612 4244 cunctique

2015 4229 2130 4308 fere
2156 4229 2290 4308 editi
2319 4229 2531 4308 addunt
2548 4232 2706 4295 toris,
2741 4234 2880 4301 quod
2927 4242 3074 4308 stare
3116 4253 3223 4292 non
3267 4251 3443 4308 potest
3485 4229 3608 4301 cum

2015 4300 2241 4355 relativo
2270 4317 2399 4370 quae.
2438 4303 2464 4355 1
2497 4303 2630 4372 Reg.
2658 4300 2769 4357 rec.
2795 4300 3281 4372 quom—Attamen
3302 4300 3603 4371 Buneman.

2015 4372 2180 4447 habet
2218 4373 2400 4425 alienis
2439 4375 2562 4447 toris
2605 4382 2659 4447 et
2707 4384 2888 4447 notam
2927 4388 3243 4447 sequentem
3295 4384 3513 4441 exhibet
3556 4390 3611 4444 in

2017 4443 2158 4526 hanc
2185 4443 2665 4526 vocanti—Alienis
2687 4445 2834 4512 toris,
2863 4443 3339 4514 quea—Constanter.
3365 4457 3434 4512 ita
3463 4459 3605 4526 libri;

2019 4523 2075 4570 ut
2103 4513 2568 4595 dicatur‘utroqu’e
2613 4529 2809 4595 genere
2849 4513 3034 4595 turus,
3066 4531 3263 4591 torum,
3297 4530 3422 4595 tori,
3459 4513 3572 4586 tarn

2014 4595 2073 4638 ut
2102 4579 2268 4657 (oms,
2310 4573 2505 4657 forunt',
2533 4573 2712 4651 tectus,
2745 4573 2948 4646 lectum.
3298 4573 3422 4595 "ﬂ,
3592 4573 3606 4597 ’

2141 4655 2405 4743 reponere.
2425 4655 2813 4743 §icnernendavi
2835 4678 2899 4743 ex
2923 4662 3270 4743 edit-_Cellar.
3290 4655 3610 4743 cunctisque

2020 4742 2152 4782 mss.
2191 4737 2386 4798 prmter
2421 4729 2786 4813 aliegnrec.
2834 4742 2888 4790 et
2929 4735 2952 4788 1
3001 4734 3240 4793 Claram.
3287 4744 3378 4813 qui
3431 4729 3612 4804 ferunt

2022 4814 2318 4870 prwponere
2334 4843 2347 4861 ,
2381 4810 2438 4855 ut
2465 4801 2532 4857 18
2566 4801 2695 4862 edit.

2109 4871 2253 4947 Hgio.
2286 4888 2393 4927 ms.
2424 4871 2449 4928 1
2479 4873 2683 4947 Borion,
2717 4875 2886 4946 antiq.
2912 4875 3026 4932 Cui.

2203 4954 2520 5017 mortemque
2548 4942 2908 5017 condemnant.
2938 4949 3014 5003 lla
3052 4951 3261 5009 restitui
3290 4969 3354 5011 ex
3394 4972 3527 5015 mss.
3559 4972 3616 5017 et

2024 5015 2424 5092 omnibuslere
2459 5015 2696 5092 editis._-l
2741 5017 2950 5072 Bonon.
2979 5023 3146 5092 antiq.
3181 5025 3357 5091 solus,
3389 5039 3443 5083 et
3472 5015 3612 5088 non;

2024 5086 2160 5162 nulli
2188 5087 2543 5162 typis‘escusi
2568 5087 2769 5145 habent
2792 5131 2806 5153 ,
2839 5101 3093 5162 morteque
3112 5086 3477 5156 condemnant.

2125 5156 2740 5250 lasset._l%c'PfL_:'3°.s
2759 5156 3083 5250 sataesa-
3121 5165 3352 5250 Reposui
3381 5175 3518 5246 quod
3547 5191 3617 5250 ex

2024 5242 2155 5312 mss:
2187 5229 2227 5312 ἓ
2255 5229 2640 5312 antiquissimis
2670 5229 2828 5312 Reg“,
2859 5233 2984 5312 a_l_.
3020 5236 3151 5312 Reg.
3184 5229 3404 5312 optima;
3432 5229 3571 5312 nota;

2024 5300 2152 5382 et“?
2187 5300 2347 5382 prun.
2375 5289 2431 5382 In
2483 5302 2513 5354 7
2562 5289 2719 5382 Reg.,
2751 5289 2826 5358 f6,
2863 5289 3130 5371 Colb.,ii§

2023 5371 2155 5444 edit.
2188 5371 2380 5440 legitur
2410 5372 2461 5444 in
2488 5388 2606 5444 quo.

2098 5441 2377 5529 Pudorem.
2411 5441 2609 5529 Scripti
2643 5444 2711 5527 lli
2753 5455 2808 5504 et
2862 5447 3102 5529 12_edit._
3125 5450 3328 5514 addunt
3366 5475 3491 5529 que,
3523 5462 3620 5529 sed

2026 5514 2256 5588 fmg'm;
2288 5530 2314 5566 ³
2347 5502 2760 5588 Sequentihmm
2795 5502 3328 5580 membro
3366 5502 3491 5529 7""
3523 5502 3546 5532 ’ἶ

2100 5585 2184 5638 Ad
2221 5585 2472 5666 deterion
2503 5586 2794 5666 desciscere.
2830 5589 2920 5666 SJc
2947 5593 3154 5649 restitui
3187 5613 3250 5652 ex
3282 5614 3416 5655 mss.
3461 5605 3482 5657 1
3517 5605 3620 5666 Bo-

2183 5657 2821 5756 :a‘u't‘i-ql.,Il‘nalzﬁﬂjlteg.,
2852 5649 3065 5720 favente

2035 5731 2156 5814 είοι
2183 5730 2249 5814 in.
2266 5744 2373 5814 suo.
2406 5729 2947 5814 Issiwrdeuesserc:
2976 5729 3351 5814 οοτιςυριετρτο
3377 5729 3625 5814 uaces}.

2037 5800 2112 5856 Ῠε.
2145 5800 2198 5856 In
2231 5800 2296 5856 16
2328 5800 2544 5871 scriptis
2571 5812 2624 5858 et
2652 5801 2718 5860 19
2749 5805 2908 5862 editis
2933 5818 3017 5864 est
3059 5800 3377 5871 descendere.
3419 5800 3582 5822 “”τννς
