4090 6354
278 334 379 394 721

275 558 401 600 men
429 548 535 608 est,
565 544 620 600 in
670 542 774 600 hac
814 558 977 600 omne
1025 543 1302 601 delictum.
1360 545 1494 602 Nam
1525 548 1627 607 etsi
1675 562 1873 619 corpus

274 638 421 694 nulla
467 636 544 693 sit
569 637 691 694 labe
732 637 1081 703 maculatum,
1113 654 1222 694 non
1268 649 1480 696 constat
1505 650 1685 697 tamen
1716 641 1873 713 pudi-

274 731 417 790 citia:
439 732 600 798 ratio,
633 731 680 787 si
708 733 922 788 animus
946 732 1187 788 incestus
1212 739 1327 799 est;
1360 748 1461 790 nec
1486 733 1687 790 illibata
1711 736 1874 791 casti-

277 839 361 885 tas
390 825 565 881 videri
587 834 786 896 potest,
807 825 899 881 ubi
921 825 1310 883 conscientiam
1328 826 1597 898 cupiditas
1626 828 1875 897 inquina-

273 921 373 976 vit.
402 918 517 975 Nec
567 934 699 975 vero
728 919 923 991 aliquis
952 920 1246 981 existimet.
1274 919 1497 976 difficile
1524 935 1646 977 esse
1675 922 1874 977 fraenos

273 1013 557 1084 imponere
612 1011 928 1083 voluptati,
974 1027 1204 1080 eamque
1238 1026 1430 1082 vagam
1493 1022 1546 1069 et
1603 1025 1873 1069 errantem

274 1104 540 1160 castitatis
562 1103 938 1175 pudieititeque
966 1101 1226 1159 limitibus
1247 1102 1555 1170 includere;
1587 1119 1708 1159 cum
1741 1118 1874 1175 pro-

272 1198 512 1270 positum
534 1197 604 1251 sit
629 1195 937 1252 hominibus
953 1195 1116 1251 etiam
1142 1196 1379 1263 vincere,
1406 1211 1469 1273 ac
1495 1197 1710 1267 plurimi
1737 1197 1870 1254 bea-

273 1299 381 1345 tam
411 1298 577 1360 atque
631 1289 999 1359 incorruptam
1044 1288 1291 1360 corporis
1348 1289 1715 1358 integritatem
1744 1289 1875 1345 reti-

268 1383 528 1445 nueriut;
563 1380 825 1452 multique
876 1379 986 1435 sint
1021 1380 1112 1451 qui
1148 1380 1251 1436 hoc
1275 1381 1486 1437 caelesti
1517 1396 1722 1453 genere
1749 1380 1873 1437 vita:

272 1474 589 1530 felicissime
618 1474 980 1544 perfruantur.
1013 1473 1171 1543 Quod
1215 1474 1432 1546 quidem
1466 1475 1609 1532 Deus
1664 1491 1770 1531 non
1802 1476 1875 1533 ita

269 1565 389 1623 fieri
420 1566 699 1636 praecepit,
724 1576 998 1638 tamquam
1026 1568 1309 1639 astringat,
1332 1569 1455 1640 quia
1507 1571 1754 1642 generari
1778 1569 1875 1625 hu-

272 1659 460 1714 mines
484 1666 697 1730 oportet
727 1677 740 1713 :
773 1660 867 1715 sed
903 1669 1175 1730 tamquam
1202 1660 1364 1715 sinat.
1395 1660 1511 1716 Scit
1533 1661 1677 1717 enim
1701 1677 1874 1732 quan-

270 1760 385 1807 tam
439 1750 524 1806 his
560 1751 839 1808 aﬂ‘ectibus
872 1752 1193 1824 imposuerit
1221 1751 1626 1810 necessitatem.
1660 1755 1714 1809 Si
1748 1756 1872 1825 quis

851 404 855 409 θ
1413 312 1662 394 ’ῂιθιηῖῐι
1701 338 1788 396 vn.
1816 322 1921 395 ‘os
1966 338 2146 396 VERO
2181 340 2428 402 crum.

276 449 473 506 bidinis
501 447 735 505 fructum
758 448 1086 521 cogitatione
1105 450 1515 522 complectitur:
1543 454 1596 509 in
1627 452 1731 509 hac
1756 453 1869 510 cri-
1899 452 1952 516 Α

3474 344 3581 402 722

2559 450 2788 518 CAPUT
2827 457 3018 519 XXIV.
3490 478 3493 481 λ

2144 611 2235 689 ὀε
2258 637 2576 708 pauitantia,
2606 638 2671 694 de
2693 641 2859 708 venia,
2901 659 2962 697 ac
2990 646 3255 718 praeceptis
3282 647 3399 704 Dei.

2046 814 2159 872 Nec
2187 824 2365 871 tamen
2410 817 2625 874 deficiat
2673 820 2890 892 aliquis,
2922 832 3013 879 aut
3041 824 3110 881 de
3137 840 3197 881 se
3229 826 3344 898 ipse
3377 827 3574 899 despeo
3618 802 3624 811 ἱ

1976 917 2080 972 ret,
2112 908 2157 963 si
2188 916 2283 963 aut
2324 909 2616 979 cupiditate
2668 912 2859 979 victus,
2893 925 2984 969 aut
3026 916 3247 973 libidine
3281 920 3567 990 impulsus.

1976 1008 2070 1055 aut
2109 1013 2296 1055 errore
2349 999 2628 1071 deceptus,
2660 1014 2753 1058 aut
2806 1004 2859 1061 vi
2897 1016 3139 1075 coactus,
3192 1007 3260 1063 ad
3300 1009 3575 1080 ίιιῇιιειίιὶω

1977 1093 2115 1148 vium
2166 1092 2348 1165 lapsus
2389 1103 2493 1149 est.
2522 1095 2708 1152 Potest
2735 1098 2880 1153 enim
2910 1099 3118 1169 reduci,
3165 1116 3229 1156 ac
3259 1101 3496 1170 liberari,
3525 1103 3575 1161 si

1976 1203 2101 1246 eum
2135 1190 2395 1258 poeniteat
2417 1200 2682 1257 actorum,
2712 1200 2767 1247 et
2791 1191 2858 1247 ad
2891 1193 3114 1249 meliora
3141 1208 3457 1258 conversus,
3486 1211 3575 1252 sa-

1979 1280 2210 1336 tisfaciat
2242 1281 2375 1336 Deo.
2405 1280 2561 1349 Quod
2609 1282 2723 1339 ﬁeri
2768 1297 2927 1354 posse
2962 1283 3157 1342 Cicero
3202 1303 3307 1344 non
3339 1290 3569 1357 putavit,

1976 1374 2133 1444 cujus
2158 1373 2274 1429 haec
2303 1374 2357 1430 iu
2378 1374 2704 1431 Academico
2735 1378 2897 1433 tertio
2925 1379 3088 1435 verba
3114 1388 3240 1434 sunt
3258 1396 3273 1434 :
3294 1399 3312 1433 t
3340 1381 3495 1451 Quod
3524 1382 3577 1438 si

1977 1466 2167 1525 liceret
2220 1479 2276 1524 ut
2320 1469 2388 1525 iis
2414 1470 2504 1541 qui
2548 1471 2598 1525 in
2630 1470 2827 1527 itinere
2860 1469 3282 1543 deerravissent,
3315 1476 3393 1532 sic
3429 1476 3567 1532 viam

1975 1561 2188 1618 deviam
2215 1573 2432 1619 secutos
2473 1566 2748 1637 corrigere
2774 1578 3020 1623 errorem
3062 1570 3395 1638 paenitendo,
3436 1571 3567 1626 faci-

1978 1654 2083 1711 lior
2103 1666 2250 1711 esset
2278 1657 2587 1713 emendatio
2638 1663 2975 1716 temeritatis.
3012 1681 3031 1715 ι
3064 1661 3216 1718 Licet
3239 1666 3416 1735 plane.
3444 1663 3579 1721 Nam

1978 1749 2024 1804 si
2064 1748 2267 1805 liberos
2298 1760 2538 1818 nostros,
2568 1766 2690 1808 cum
2716 1751 3037 1810 delictorum
3066 1770 3285 1811 suorum
3304 1758 3585 1813 cernimus

270 1845 402 1912 hoc,
432 1845 630 1915 inquit,
662 1846 840 1903 facere
860 1846 1116 1917 potuerit,
1143 1846 1364 1904 habebit
1389 1846 1644 1903 eximiam
1666 1847 1873 1904 incom-
1902 1853 1950 1915 Β
1980 1842 2267 1913 pmnitere,
2293 1854 2569 1899 correctos
2590 1859 2712 1900 esse
2727 1845 3076 1914 arbitramur,
3102 1856 3157 1902 et
3181 1848 3458 1905 abdicatos
3480 1852 3579 1906 ab—

270 1938 685 2010 parabilemque
736 1940 1065 1998 mercedem.
1121 1941 1275 2012 Quod
1323 1941 1673 1998 continentiae
1701 1957 1872 2014 genus

276 2030 430 2100 quasi
462 2031 730 2102 fastigium
760 2039 865 2101 est,
885 2034 1236 2105 omniumque
1266 2035 1668 2090 consummatio
1693 2036 1865 2091 virtu-

275 2131 414 2178 tum.
444 2124 516 2177 At
539 2138 701 2195 quam
726 2125 770 2180 si
810 2125 930 2196 quis
973 2125 1102 2181 eniti
1133 2134 1295 2197 atque
1351 2126 1575 2182 eluctari
1614 2128 1871 2197 potuerit,

271 2213 422 2271 hunc
470 2228 686 2271 servum
715 2216 990 2285 dominus,
1048 2216 1193 2273 hunc
1251 2217 1574 2289 discipulum
1617 2222 1876 2291 magister

270 2317 575 2379 agnoscet;
604 2308 692 2364 hic
746 2318 945 2365 terram
989 2310 1386 2383 triumphabit;
1427 2310 1517 2368 hic
1537 2313 1643 2369 erit
1693 2314 1877 2370 cousi-

269 2401 419 2458 milis
448 2402 580 2468 Deo,
608 2403 700 2474 qui
738 2403 996 2459 virtutem
1028 2404 1124 2459 Dei
1153 2405 1339 2476 etrapit.
1371 2404 1501 2462 Huic
1530 2406 1747 2478 quidem
1776 2407 1880 2463 dif—

272 2495 437 2552 ﬁcilia
450 2494 705 2553 videntur
732 2513 745 2550 :
779 2496 875 2553 sed
896 2496 964 2553 de
991 2511 1058 2553 eo
1084 2496 1376 2569 loquimur,
1401 2499 1487 2554 cui
1524 2499 1743 2556 calcatis
1764 2515 1883 2557 om-

271 2589 436 2645 nibus
488 2589 752 2655 terrenis,
798 2589 902 2645 iter
947 2590 1000 2644 in
1042 2589 1242 2646 caelum
1282 2600 1521 2662 paratur.
1576 2591 1711 2647 Nam
1755 2595 1880 2665 quia

280 2684 457 2742 virtus
493 2686 546 2741 in
571 2685 665 2741 Dei
692 2685 966 2757 agnitione
984 2686 1255 2754 consistit,
1285 2686 1465 2741 omnia
1496 2686 1682 2758 gravia
1724 2697 1877 2758 sunt,

275 2776 408 2833 dum
437 2777 694 2849 ignores;
737 2777 828 2834 ubi
855 2778 1195 2849 cognoveris,
1235 2778 1431 2835 facilia.
1474 2778 1579 2836 Per
1608 2780 1753 2851 ipsas
1774 2780 1879 2837 dif-

274 2870 544 2926 ﬁcultates
595 2869 754 2927 nobis
780 2869 1088 2928 exeundum
1118 2878 1223 2939 est,
1255 2871 1348 2942 qui
1374 2870 1443 2928 ad
1480 2886 1751 2929 sumntum
1778 2875 1876 2931 bo-

274 2979 407 3020 num
434 2963 723 3022 tendimus.

1973 1934 2261 2008 jectosque
2313 1952 2501 1994 rursus
2541 1945 2721 1994 tamen
2776 1939 3119 2011 suscipimus,
3166 1940 3434 2008 fovemus,
3463 1957 3580 1998 am-

1978 2033 2301 2104 plectimur:
2330 2048 2428 2089 cur
2482 2034 2835 2103 desperemus
2877 2036 3220 2093 clementiam
3272 2039 3365 2094 Dei
3412 2041 3581 2110 patris

1979 2126 2295 2199 pteuitendo
2323 2141 2483 2199 posse
2534 2128 2779 2198 placari?
2821 2128 2964 2201 Ergo
3021 2129 3163 2186 idem
3219 2131 3484 2188 Dominus
3512 2147 3577 2188 ac

1980 2234 2177 2292 parens
2208 2219 2705 2292 htdulgentissimus
2749 2220 3103 2277 remi~surum
3151 2237 3210 2278 se
3262 2223 3573 2294 ptenitenti-
3626 2220 3633 2227 ’

1987 2313 2091 2370 bus
2112 2326 2329 2386 peccata
2361 2315 2650 2385 promittit,
2694 2325 2749 2370 et
2772 2314 3207 2370 oblitteraturum
3247 2331 3439 2374 omnes
3475 2316 3582 2372 ini-

1985 2408 2219 2479 quitates
2243 2408 2384 2479 ejus.
2415 2408 2507 2479 qui
2548 2408 2810 2478 justitiam
2858 2408 3039 2465 denuo
3083 2413 3311 2482 coeperit
3345 2413 3582 2483 operari.
3662 2452 3672 2463 .

1987 2500 2139 2559 Sicut
2168 2502 2311 2557 enim
2336 2500 2469 2557 nihil
2494 2498 2709 2572 prodest
2735 2501 2876 2557 male
2910 2501 3114 2558 viventi
3135 2511 3263 2559 ante
3287 2512 3423 2560 actte
3450 2505 3575 2561 vitas

1978 2594 2248 2666 probitas,
2275 2596 2400 2665 quia
2451 2592 2840 2662 superveniens
2890 2592 3128 2663 nequitia
3161 2594 3389 2666 iustitiae
3414 2610 3582 2666 opera

1986 2686 2186 2744 delevit
2217 2703 2231 2740 :
2266 2686 2338 2741 ita
2369 2684 2505 2740 nihil
2534 2683 2782 2740 officiunt
2822 2692 3044 2755 peccata
3095 2693 3277 2741 vetera
3307 2696 3580 2753 correcta,

1987 2782 2109 2855 quia
2142 2778 2535 2852 superveniens
2558 2777 2763 2849 iustitia
2790 2775 2966 2832 labem
3017 2776 3140 2833 vitae
3168 2778 3366 2849 prioris
3395 2778 3581 2835 abole-

1983 2876 2080 2931 vit.
2107 2874 2158 2931 ls
2200 2873 2345 2930 enim
2372 2885 2532 2943 quem
2573 2867 2700 2924 facti
2732 2871 2815 2923 sui
2843 2869 3095 2940 ptenitet,
3123 2884 3367 2926 errorem
3421 2883 3580 2926 suum

1982 2969 2267 3042 pristinum
2305 2964 2585 3035 intelligit;
2612 2961 2843 3047 ideoque
2867 2961 3047 3019 (ἔτωοὶ
3068 2960 3262 3019 melius
3284 2969 3340 3017 et
3368 2960 3575 3034 signiti-

1604 3103 1963 3164 VARIORUM
2001 3103 2233 3163 NOTAE.

353 3218 607 3304 L_ibid_i_nis
620 3221 855 3304 fructum
871 3218 1179 3304 cogitatione
1194 3218 1570 3304 complectitur.
1591 3218 1877 3304 Augustin.
1907 3219 1953 3285 C
2061 3218 2216 3304 Quod
2239 3218 2284 3304 si
2308 3219 2482 3304 litieret
2516 3225 2570 3293 ut
2597 3216 2680 3282 iis,
2706 3224 2811 3272 etc.
2855 3213 2955 3270 Hic
2988 3212 3267 3273 Ciceronis
3297 3214 3448 3271 locus
3475 3231 3583 3273 non

273 3301 466 3348 contra
493 3289 728 3347 Manich.
773 3289 1032 3346 :Justitia
1076 3298 1224 3363 tenet
1254 3291 1367 3345 sola
1412 3292 1551 3343 mala
1601 3289 1879 3363 voluntate,

272 3364 508 3431 quamvis
564 3364 699 3432 quod
746 3364 1000 3418 voluerint
1030 3403 1045 3421 .
1097 3361 1310 3429 implere
1362 3363 1694 3432 nequiverint.
1757 3361 1881 3420 Sal?

282 3436 457 3501 vian.,
490 3450 541 3490 νι
565 3453 580 3491 :
604 3435 733 3505 Ipsa
754 3435 827 3490 rei
849 3436 1012 3505 turpis
1035 3434 1292 3505 cupiditas
1322 3449 1416 3503 pro
1441 3434 1641 3486 actione
1660 3433 1879 3488 damna-

273 3518 380 3561 tur.
412 3503 687 3572 Ambros”
741 3507 822 3561 LI
861 3506 930 3561 de
966 3503 1124 3560 Ol'ﬁc.
1159 3522 1174 3557 :
1218 3505 1540 3558 Adulterium
1568 3521 1668 3558 non
1716 3507 1883 3560 solum

273 3579 405 3650 facti
425 3578 731 3645 colluvione,
756 3580 845 3633 sed
874 3588 919 3633 et
945 3586 1179 3647 aspectus
1222 3576 1495 3701 attentivuc
1529 3578 1876 3632 committitur.

1421 3662 1649 3701 RICEUS.

1404 3653 1649 3702 'RICEUS.

351 3720 480 3775 Cum
534 3720 851 3792 propositum
905 3721 968 3774 sit
1013 3719 1319 3792 hominibus.
1374 3718 1570 3789 Scripti
1616 3721 1649 3774 9
1681 3733 1790 3774 rec.
1821 3726 1879 3775 et

276 3793 350 3849 10
380 3793 513 3848 edit.
538 3791 676 3860 vet.,
707 3792 942 3845 omnibus
972 3791 1281 3845 hominibus.

349 3862 526 3917 Etiam
557 3865 777 3917 vincere.
811 3863 900 3917 Sic
933 3862 1243 3934 reposuiiex
1290 3862 1325 3917 5
1356 3870 1464 3916 vet.
1494 3862 1876 3934 impressis,ct

273 3935 530 3991 omnibus
552 3937 668 3990 fere
696 3950 829 3989 mss.
861 3932 1058 4005 praeter
1089 3938 1113 3987 1
1150 3933 1297 4001 Lips.
1330 3934 1415 3986 cui
1440 3942 1526 3989 est
1545 3942 1591 3987 et
1616 3949 1727 3987 eam
1764 3932 1874 3986 viu-

270 4023 425 4069 cere;
456 4009 477 4061 l
504 4006 660 4062 Colb.
683 4017 736 4061 et
761 4005 795 4061 8
824 4008 980 4069 edit.,
1009 4021 1123 4059 eam
1151 4005 1370 4058 vincere.

352 4076 465 4132 Hoc
487 4079 671 4131 calesti
702 4093 884 4148 genere
906 4079 1043 4131 vitat.
1082 4077 1135 4130 Id
1155 4086 1239 4131 est
1265 4075 1538 4131 caelibatu.
1566 4075 1834 4131 Fntscws
1856 4118 1870 4142 ,

274 4149 333 4205 in
363 4164 457 4204 ora
486 4149 608 4204 libri
637 4151 741 4203 sui.

352 4219 459 4276 Sed
489 4230 747 4289 tamquam
785 4220 939 4275 sinat.
970 4218 1030 4273 in
1058 4220 1175 4273 solo
1203 4235 1334 4274 mss.
1357 4220 1525 4291 Regio
1546 4217 1871 4291 antiqulore,

271 4293 366 4347 sed
417 4288 676 4359 tamquam
719 4293 805 4361 qui
834 4291 1115 4347 libertatem
1165 4293 1376 4347 arbitrio
1407 4288 1658 4361 largiatur
1687 4308 1698 4341 :
1727 4288 1872 4360 quod

272 4372 363 4419 est
381 4365 668 4431 glossema.

352 4434 564 4489 Terram
591 4433 944 4505 triumphabit.
976 4433 1031 4489 In
1089 4444 1283 4504 quarto
1335 4448 1464 4490 casu
1494 4476 1510 4502 ,
1564 4433 1702 4487 sicut
1744 4431 1871 4505 alibi

1984 3301 2129 3348 extat
2158 3290 2335 3346 hodie.
2360 3289 2557 3345 lsteus.

2066 3362 2214 3417 Viam
2261 3362 2479 3415 deviam.
2529 3359 2604 3414 Ita
2633 3356 2920 3413 emendavi
2956 3372 3022 3413 ex
3077 3356 3323 3428 pluribus
3361 3371 3495 3413 mss.
3528 3367 3587 3415 et

1986 3435 2165 3491 editis.
2200 3433 2425 3500 Gallice,
2459 3432 2513 3485 la
2533 3428 2929 3500 utauvaiseivoie
2956 3446 2976 3483 :
3004 3432 3181 3499 aptior
3208 3428 3391 3500 lectio,
3417 3445 3580 3497 quam

1984 3507 2139 3562 vitam
2171 3506 2367 3559 deviam
2397 3498 2624 3557 aliorum
2652 3500 2739 3556 10.
2770 3499 2984 3554 Etenim
3023 3509 3205 3555 no~tra
3233 3498 3586 3557 conﬁrmatur

1984 3593 2049 3634 ex
2094 3578 2214 3631 aliis
2263 3574 2525 3629 Lactantii
2573 3573 2740 3637 locis,
2771 3572 2806 3624 Ι.
2848 3586 2900 3625 tv
2935 3572 3048 3625 Div.
3084 3570 3243 3631 Iust..
3274 3585 3321 3624 c.
3357 3571 3449 3637 50,
3476 3572 3585 3627 vias

1982 3650 2080 3704 sibi
2107 3648 2280 3703 devias
2309 3644 2680 3708 condiderunt,
2709 3650 2766 3696 et
2791 3643 2829 3696 l.
2859 3657 2914 3707 v,
2942 3657 2993 3697 c.
3026 3643 3079 3703 1.
3104 3641 3166 3694 ab
3185 3641 3276 3695 illo
3296 3642 3475 3697 itinere
3495 3643 3584 3697 de-

1976 3722 2075 3775 vio.
2102 3720 2158 3774 In
2191 3720 2257 3774 iis
2282 3718 2487 3771 scilicet
2513 3715 2826 3769 Ciceronem
2865 3713 3105 3767 imitatus
3138 3722 3242 3766 est.
3275 3712 3586 3775 —-Legitur

1976 3794 2115 3861 apud
2151 3784 2667 3861 Bunem.:_-—_Vitam
2691 3786 2908 3861 devia_m.
2939 3782 3199 3861 Goth_an.,
3231 3783 3408 3861 Rust._,
3444 3782 3581 3861 ven.

1980 3855 2114 3918 M71
2142 3905 2156 3927 ,
2183 3860 2323 3916 1515
2343 3899 2357 3925 ,
2379 3858 2577 3920 Paris.,
2605 3856 2778 3922 Crat.,
2810 3856 3031 3927 Gymu.,
3064 3855 3318 3919 Tornes.,
3351 3858 3423 3910 sic
3449 3860 3584 3911 viam

1977 3935 2194 3987 deviam.
2213 3933 2305 3986 Via
2338 3930 2423 3985 hic
2453 3944 2558 3985 non
2593 3928 2751 3982 habet
2775 3928 2950 3982 locum
2979 3937 3033 3981 et
3057 3926 3386 3997 hiuctuelius
3411 3927 3581 3997 Lips.,

1978 4004 2209 4060 Beimm.
2223 4046 2236 4069 ,
2255 4003 2444 4065 Fasit.,
2462 4000 2694 4069 Gryph.,
2710 3997 3179 4069 Betul.,-Thomas.
3196 3996 3409 4066 reliqui,
3426 3996 3582 4052 vitam

1978 4078 2196 4131 deviam.
2226 4067 2316 4129 Sic
2367 4074 2465 4127 vita
2514 4067 2660 4125 devia
2686 4071 2881 4125 estvita
2908 4087 2939 4121 (ι
2969 4085 3087 4124 vera
3113 4067 3196 4122 via
3216 4070 3414 4124 virtutis
3440 4086 3587 4125 arer—

1975 4164 2055 4212 sa,
2078 4160 2299 4202 auctore
2328 4144 2541 4201 Graevio
2563 4141 2628 4196 ad
2651 4142 2853 4209 Cicer.,
2877 4142 3121 4204 Amicit.,
3146 4154 3265 4210 cap.
3297 4140 3390 4197 25.
3422 4140 3583 4197 Plura

1977 4219 2044 4274 ad
2073 4218 2248 4283 Lart.,
2278 4216 2372 4271 lib.
2400 4232 2476 4273 Ill.
2507 4230 2626 4283 cap.
2660 4214 2746 4268 11.

2051 4282 2300 4345 Facilior.
2334 4289 2424 4345 Sic
2452 4282 2660 4342 restitui
2710 4299 2775 4340 ex
2821 4282 3070 4337 omnibus
3096 4296 3229 4336 mss.
3254 4290 3309 4336 et
3334 4283 3584 4352 complu-

1976 4361 2127 4418 ribus
2151 4361 2340 4425 editis;
2377 4358 2582 4424 [elicior
2610 4365 2694 4409 est
2718 4356 2768 4409 in
2792 4354 2826 4409 9
2846 4355 3081 4407 excusis.

2048 4452 2258 4507 Liberos
2299 4459 2522 4504 nostros.
2553 4447 2686 4513 Qure
2737 4458 2828 4500 res
2858 4448 3135 4514 eleganter
3175 4443 3365 4501 efl‘ecta
3411 4454 3496 4501 est
3525 4444 3580 4501 in

273 4504 619 4597 dixit,nvitatit
657 4503 852 4590 vivere,
877 4516 1087 4597 mortem
1109 4503 1698 4597 occumberenmifitiam
1728 4503 1868 4597 mili-
1895 4535 1947 4597 ι)
1976 4503 2355 4594 miggpga'm";
2380 4520 2540 4574 Luca,
2563 4503 2662 4571 ἰν,

273 4588 405 4631 tare.
429 4578 530 4633 Per
557 4588 743 4632 terram
789 4578 1127 4648 triumphare,
1158 4576 1407 4648 intelligit
1436 4575 1780 4648 Lactantiusl
1802 4574 1871 4648 de

276 4651 512 4703 terrenis
540 4650 696 4705 bouis
722 4659 778 4704 et
808 4644 1173 4720 voluptatibus
1198 4644 1551 4719 triumphare.
1578 4645 1714 4701 Vide
1741 4644 1873 4716 Epi-

274 4731 438 4784 tom.,
468 4735 588 4787 cap.
623 4721 689 4777 51
739 4731 795 4776 et
820 4721 914 4777 66.

351 4790 515 4862 Cepit.
545 4791 697 4857 Jun.,
734 4792 760 4847 1
787 4793 940 4848 Coll).
968 4800 1024 4848 et
1052 4794 1087 4849 5
1116 4791 1274 4858 edit.,
1297 4791 1506 4862 ceperit.

350 4861 512 4936 Nam;
537 4866 657 4934 quia
688 4864 867 4920 virtus.
902 4866 926 4919 1
962 4865 1095 4936 Heg.
1120 4864 1334 4936 iantiq”
1358 4859 1483 4917 nam
1513 4861 1557 4915 si
1578 4876 1598 4925 ;
1628 4860 1792 4936 Bon.,
1815 4859 1871 4930 ιε

274 4933 441 5004 Begu,
474 4934 634 4998 Tav.,
668 4935 823 4999 Pen.,
846 4937 882 4990 2
911 4933 1143 5000 Colbl,2
1165 4933 1430 5000 Clarom.,
1454 4947 1669 5004 namque
1689 4933 1872 5004 virtus;

275 5002 471 5070 Βάκι,
493 5023 626 5078 nam
651 5008 893 5078 quoniam
918 5009 1097 5062 virtus.
1119 5008 1313 5061 Caneri
1336 5022 1456 5061 cum
1482 5002 1731 5060 ou‘mibus
1759 5002 1874 5057 edi-

276 5079 461 5150 tis,__ut
482 5076 541 5150 iu
573 5076 719 5133 textu
753 5096 767 5131 :
796 5080 941 5150 quod
965 5080 1176 5150 videtur
1201 5082 1400 5150 aptius.

350 5146 517 5202 Nobis
545 5143 836 5205 excanduit}
866 5160 959 5205 est.
989 5149 1168 5215 Exire,
1198 5143 1264 5204 de
1286 5163 1451 5219 opere
1475 5146 1667 5202 dicitur
1694 5143 1873 5200 studio

273 5227 338 5276 et
365 5219 552 5292 labore
572 5221 638 5275 ad
667 5225 827 5275 linem
850 5222 1132 5292 perducto.
1167 5222 1398 5277 Casaus.

350 5291 461 5364 Aut
479 5291 543 5345 de
590 5307 643 5346 se
667 5294 777 5364 ipse
801 5286 1051 5361 desperet.
1084 5294 1109 5348 1
1144 5292 1273 5364 Reg.
1307 5293 1503 5359 autiq.,
1535 5300 1651 5364 ac;
1673 5286 1870 5356 Bt'un.,

275 5362 344 5415 de
367 5363 576 5435 seipse.
614 5365 669 5417 In
689 5362 732 5418 ’8
761 5363 975 5435 scriptis
1004 5380 1114 5419 rec.
1137 5373 1193 5419 et
1219 5362 1250 5417 6
1280 5364 1404 5419 edd.
1433 5363 1585 5435 deest
1634 5362 1764 5435 ipse.

349 5433 431 5486 Ad
465 5430 738 5503 iujustitiae
767 5430 898 5489 viam
923 5440 1098 5503 lapsus
1152 5445 1244 5490 est.
1279 5435 1316 5489 2
1337 5435 1488 5489 Culb.
1528 5432 1763 5505 justitite,
1795 5430 1877 5486 vi-

277 5503 437 5579 tiose;
456 5506 610 5579 tirec.
630 5516 686 5561 et
709 5506 794 5561 ed.
823 5505 1020 5579 Betui”
1042 5524 1073 5559 α
1091 5506 1312 5579 justitite
1334 5508 1416 5579 via
1445 5503 1622 5575 lapsus
1636 5512 1727 5558 est.

354 5575 656 5631 Academico
684 5579 851 5632 tertio.
900 5575 1185 5633 Cicero'ad
1238 5577 1475 5633 Atticum
1508 5586 1690 5628 mouet
1739 5588 1874 5639 qua-

279 5656 404 5702 tuor
454 5663 512 5703 se
539 5649 608 5702 de
647 5649 984 5704 Academicis
1025 5650 1426 5715 QU:BSlitlllillus
1456 5647 1620 5701 libros
1649 5644 1715 5698 ad
1738 5644 1878 5715 duos

277 5713 1204 5797 contraxisse_.Citatur_tan_ienliber
1228 5733 1450 5797 quartus
1474 5732 1505 5772 a
1534 5715 1705 5797 Nonio
1733 5713 1878 5797 Mar-

275 5789 550 5868 cello,qut
573 5794 809 5868 _alter_ex
838 5792 1049 5847 duobus
1075 5789 1268 5868 estqui
1298 5789 1878 5868 estanusicttttertius

279 5875 312 5915 a
344 5859 645 5919 Lactantio.
682 5863 777 5922 llic
806 5874 984 5921 tamen
1012 5878 1134 5921 cum
1166 5859 1285 5920 aliis
1308 5862 1582 5936 plerisque
1612 5859 1834 5916 interiitt

2049 4614 2392 4685 Suscipimus,
2421 4613 2672 4682 fovemus,
2721 4609 3096 4680 amplectimur.
3140 4608 3365 4685 Mss._12
3384 4626 3496 4666 rec.
3525 4620 3581 4668 et

1974 4688 2105 4745 edit.
2135 4681 2383 4760 Gymnic.
2423 4681 2763 4760 'prtrponunt
2803 4692 3146 4736 sustentatum
3161 4684 3242 4760 .12
3273 4681 3407 4752 Reg.
3438 4696 3578 4760 quo:

1974 4777 2092 4816 rum
2126 4751 2262 4813 unus
2291 4763 2376 4811 est
2419 4751 2845 4825 a’ntiqttiSsimus,
2875 4762 3135 4822 respuunt
3172 4751 3438 4823 fovemus;
3462 4751 3515 4807 iu
3544 4751 3581 4808 2

1975 4832 2095 4886 aliis
2131 4831 2261 4899 Heg.
2286 4835 2345 4885 et
2387 4827 2551 4882 Brun.
2605 4825 2799 4897 legitur
2852 4825 3230 4896 suscipiamus,
3290 4827 3576 4894 faveamus,

1975 4902 2369 4957 amplectamur.

2048 4919 2351 5030 $23533;
2409 4985 2556 5042 posse
2608 4968 2824 5038 placari.
2858 4969 2884 5022 1
2940 4967 3148 5024 Bonon.
3191 4967 3361 5040 antiq.
3399 5009 3416 5036 ,
3472 4981 3578 5022 non

1976 5062 2170 5121 Ροεὲἕὴ-
2546 5110 2586 5121 ..
2715 5110 2727 5121 .
2825 5109 2836 5121 .
2996 5117 3005 5121 -
3154 5110 3186 5121 ,.
3268 5110 3279 5121 .
3345 5108 3357 5121 .

2054 5117 2495 5172 Oblitteraturum.
2546 5110 2671 5166 llmc
2714 5110 2875 5164 lectio
2929 5117 3011 5165 est
3076 5110 3579 5172 antiquissimorum

1975 5204 2106 5245 ωδε.
2141 5187 2408 5250 codicum,
2432 5183 2645 5246 28011.,
2670 5183 2701 5235 7
2720 5182 2876 5247 Reg.,
2910 5184 3072 5235 Cauc.
3108 5182 3162 5241 3.
3191 5181 3372 5247 Colh.,
3405 5181 3431 5235 1
3454 5181 3581 5235 Cht-

1976 5277 2144 5325 ruut.,
2177 5257 2337 5321 Ullr.,
2360 5255 2396 5308 2
2444 5256 2616 5325 Lips.,
2644 5253 2679 5325 2
2709 5253 2873 5307 Brun.
2912 5252 3060 5325 etgl6
3087 5252 3219 5325 edit.
3252 5251 3475 5325 ln_mss.
3504 5253 3573 5325 11

1978 5348 2089 5388 rec.
2123 5322 2176 5385 et
2194 5328 2228 5382 4
2253 5327 2480 5394 vulgatis
2506 5322 2587 5378 est
2622 5324 2922 5378 oblilurum.
2964 5323 3048 5376 An
3075 5324 3295 5392 respicit
3321 5322 3474 5378 Isaiae
3500 5324 3581 5379 lo-

1977 5417 2124 5466 cum,
2154 5415 2303 5464 xmtt,
2328 5398 2399 5452 25
2427 5415 2440 5451 ;
2475 5395 2578 5463 Qui
2608 5396 2749 5449 deleo
2777 5396 3069 5464 iniquitates
3090 5404 3205 5450 tuas
3233 5407 3446 5466 propter
3471 5412 3572 5462 me,

1979 5485 2025 5530 et
2054 5483 2376 5544 peccatorum
2396 5477 2599 5521 tuorum
2621 5484 2722 5520 nou
2752 5466 3079 5520 recordabar.

2058 5567 2275 5620 Peccata
2309 5573 2474 5617 vetera
2503 5570 2750 5615 correcta.
2781 5559 2807 5613 1
2836 5559 2965 5631 Reg.
3000 5570 3380 5631 rechorrccta,
3414 5559 3573 5631 male.

1980 5642 2007 5695 1
2042 5639 2111 5691 al.
2163 5637 2293 5704 Reg.
2322 5643 2574 5702 correpta,
2629 5631 2779 5701 pejus
2809 5647 2829 5695 ;
2860 5630 2884 5704 1
2914 5629 3076 5704 lteg.,
3107 5630 3360 5697 Torues.,
3389 5635 3410 5685 1
3448 5629 3574 5687 Cla-

1979 5725 2119 5768 rum.
2146 5703 2343 5761 habent
2371 5717 2538 5759 vetera
2560 5712 2825 5773 correpto;
2858 5703 2882 5757 1
2910 5703 3042 5774 ltcg.
3064 5705 3493 5775 antiquissimus,
3526 5711 3575 5756 et

1980 5784 2104 5840 vitia
2139 5787 2389 5833 correcta.

2055 5853 2114 5907 Is
2143 5851 2279 5907 enim
2321 5862 2469 5922 quem
2498 5845 2622 5919 facti
2659 5845 2744 5901 sui
2766 5848 2992 5919 paenitet.
3017 5845 3095 5903 lta
3125 5857 3255 5903 mss.
3304 5845 3581 5904 veterrimi
