4090 6354
229 315 347 375 729
1385 309 1586 367 LIBER
1629 307 1846 365 νινυΕ
1882 306 2073 367 VERO
2109 306 2357 366 CUL'I‘U.
3432 302 3537 365 730

226 391 576 509 honestoque
606 434 899 507 proposito.
952 431 1071 490 Non
1125 430 1326 502 templa
1370 430 1448 485 illi
1475 428 1746 500 congestis
1769 428 1825 483 in
1850 431 1906 491 Α
1928 427 2208 483 hominum
2236 425 2525 482 doctorum
2552 422 2920 495 disputatione
2944 434 3256 493 versantur,
3285 424 3421 482 nihil
3450 431 3536 481 est

225 514 570 586 altitudinem
592 528 738 586 saxis
762 525 1059 584 extruenda
1081 532 1210 579 sunt
1236 542 1250 577 :
1276 523 1327 578 in
1354 536 1454 578 suo
1475 520 1670 589 cuique
1698 533 1829 576 con-
1929 518 2178 592 profecto
2214 517 2595 590 praestabilius,
2626 533 2790 589 quam
2842 516 3006 590 plane
3051 518 3280 592 intelligi
3327 532 3428 575 nos
3457 516 3530 575 ad

225 622 529 697 secrandus
575 630 659 679 est
709 630 948 694 pectore.
981 638 1001 673 ι
1038 618 1232 677 Vestes
1271 618 1450 689 igitur,
1480 630 1745 688 gemmas,
1774 621 1831 670 et

224 728 451 782 caetera,
481 732 602 788 quze
652 716 921 771 habentur
964 713 1017 768 in
1053 711 1263 783 praetio,
1295 710 1342 767 si
1372 710 1492 781 quis
1534 717 1688 780 putet
1718 706 1831 764 Deo

231 809 428 879 chara,
457 812 501 866 is
528 810 709 881 plane,
729 807 857 881 quid
882 807 951 862 sit
974 809 1137 873 Deus,
1168 803 1362 871 nescit,
1392 802 1476 859 cui
1504 810 1657 873 putat
1680 800 1831 855 volu-

226 903 371 975 ptati
399 917 521 958 esse
548 916 646 958 eas
676 915 787 969 res,
810 913 945 971 quas
989 897 1152 954 etiam
1204 895 1368 951 homo
1396 894 1442 950 si
1484 903 1829 962 contempse-

223 999 323 1063 rit,
367 998 490 1068 jure
526 995 851 1052 laudabitur.
882 991 1023 1062 Quid
1072 1006 1205 1061 ergo
1267 998 1498 1053 castum,
1531 986 1657 1057 quid
1706 986 1829 1042 “Deo

224 1088 477 1159 dignum,
508 1088 613 1145 nisi
640 1086 784 1159 quod
834 1086 950 1157 ipse
976 1085 1029 1141 in
1061 1083 1155 1139 illa
1203 1081 1386 1138 divina
1436 1081 1556 1152 lege
1600 1093 1698 1134 sua
1724 1091 1827 1149 po-

225 1183 410 1254 poscit
428 1183 457 1236 ἲ

304 1277 425 1332 Duo
454 1284 597 1341 sunt,
630 1290 751 1347 quae
787 1271 973 1330 oﬁ‘erri
1014 1271 1269 1337 debeant,
1295 1268 1521 1334 donum,
1552 1274 1609 1323 et
1661 1265 1835 1322 sacri-

225 1369 458 1427 ﬁcium:
489 1368 692 1424 donum
742 1368 797 1423 in
850 1375 1190 1437 perpetuum,
1223 1362 1547 1419 sacriﬁcium
1576 1361 1646 1416 ad
1695 1369 1836 1417 tem-

224 1460 569 1533 pus.Verum
586 1460 728 1531 apud
757 1461 911 1525 istos,
929 1458 1021 1529 qui
1049 1457 1196 1513 nullo
1224 1455 1387 1512 modo
1410 1455 1676 1511 rationem
1699 1452 1837 1509 divi-

233 1557 429 1614 nitatis
465 1554 784 1625 intelligunt,
807 1553 1008 1609 donum
1048 1560 1154 1619 est,
1182 1549 1438 1623 quidquid
1468 1564 1603 1605 auro
1644 1563 1838 1619 argen-

237 1658 416 1720 teque
470 1647 805 1712 fabricatur;
858 1647 985 1702 item
1034 1644 1289 1717 quidquid
1322 1658 1555 1715 purpura
1582 1651 1640 1698 et
1666 1642 1840 1699 serico

226 1742 466 1799 texitur.
516 1739 855 1798 Sacriﬁcium
896 1748 981 1797 est
1021 1740 1262 1805 victima,
1293 1746 1350 1793 et
1401 1751 1757 1808 quacumque
1784 1735 1838 1790 in

1925 612 2187 685 justitiam
2228 625 2350 667 esse
2392 620 2567 666 natos.
2598 626 2619 663 ι
2654 609 2713 666 Id
2760 626 2890 683 ergo
2916 610 3093 667 solum
3118 611 3232 669 Deo
3262 610 3525 668 exhibere

1932 714 2093 777 atque
2134 704 2332 761 oﬁ'erre
2386 703 2649 760 debemus
2691 745 2708 771 ,
2751 703 2817 759 ad
2849 704 2992 775 quod
3048 704 3370 775 capiendum
3424 717 3526 761 nos

1931 798 2049 871 ipse
2100 798 2397 871 generavit.
2439 796 2552 853 Hoc
2598 808 2778 853 autem
2833 795 3031 869 duplex
3062 796 3313 853 sacriﬁcii
3348 811 3522 867 genus

1933 908 2096 965 quam
2127 892 2199 948 sit
2229 890 2594 959 verissimum,
2622 889 3010 963 Trismegistus
3036 889 3265 947 Hermes
3302 889 3533 947 idoneus

1931 986 2085 1043 testis
2106 994 2221 1052 est;
2251 986 2343 1055 qui
2366 986 2668 1051 nobiscum,
2694 980 2746 1039 id
2773 993 2876 1051 est,
2905 998 3030 1039 cum
3064 983 3363 1055 prophetis,
3391 997 3529 1055 quos

1940 1080 2240 1151 sequimur,
2262 1089 2370 1135 tam
2387 1078 2568 1135 verbis
2581 1094 2740 1149 quam
2763 1092 2823 1135 re
2843 1078 3088 1150 congruit
3110 1098 3127 1146 ;
3151 1080 3337 1149 sicque
3360 1078 3427 1134 de
3448 1078 3536 1151 ju-

1934 1174 2077 1230 stitia
2101 1175 2309 1229 locutus
2338 1182 2453 1228 est:
2480 1171 2623 1228 illoc
2644 1172 2889 1237 verbum,
2917 1187 2951 1227 ο
2973 1172 3070 1239 ﬁli,
3097 1171 3260 1227 adora
3281 1181 3337 1228 et
3352 1173 3524 1228 cole.»

1936 1265 2124 1322 Cultus
2136 1276 2313 1321 autem
2338 1265 2430 1321 Dei
2454 1279 2593 1319 unus
2607 1274 2707 1330 est,
2725 1263 2923 1320 malum
2942 1280 3046 1321 non
3064 1280 3203 1321 esse.
3220 1265 3352 1321 Item
3368 1265 3421 1320 iu
3439 1264 3533 1321 illo

1936 1374 2190 1415 sermone
2212 1357 2470 1429 perfecto,
2492 1374 2613 1413 cum
2636 1358 2945 1413 exaudisset
2960 1358 3266 1429 Asclepium
3284 1374 3353 1430 qu
3369 1374 3533 1414 Pren-

1937 1459 2045 1507 tem
2072 1467 2101 1505 a
2135 1450 2246 1506 ﬁlio
2276 1466 2396 1517 suo,
2413 1460 2589 1506 utrum
2616 1451 2851 1521 placeret
2877 1453 3016 1521 patri
3037 1452 3156 1522 ejus
3185 1451 3364 1507 oﬁ‘erri
3390 1450 3532 1519 thus,

1938 1554 1993 1601 et
2022 1545 2159 1599 alius
2179 1544 2378 1601 odores
2396 1544 2463 1600 ad
2485 1545 2807 1601 sacriﬁcium
2830 1545 2943 1611 Dei,
2962 1546 3287 1601 exclamavit
3310 1545 3532 1615 :tBene,

1942 1639 2080 1694 bene
2105 1638 2421 1701 ominare,o
2449 1637 2685 1709 Asclepi.
2706 1636 2802 1692 Est
2829 1639 2973 1693 enim
3003 1638 3234 1693 maxima
3268 1638 3534 1709 impietas,

1944 1731 2053 1788 tale
2078 1731 2206 1801 quid
2232 1731 2301 1786 de
2349 1745 2460 1785 uno
2488 1729 2579 1786 illo
2610 1746 2673 1786 ae
2720 1729 2977 1801 singulari
3027 1730 3169 1785 δοηο
3207 1731 3261 1786 in
3293 1730 3537 1786 animum

225 1852 328 1892 ara
352 1845 679 1893 cremantur.
702 1834 809 1892 Sed
836 1843 1069 1904 utroque
1098 1847 1207 1887 non
1232 1832 1399 1887 utitur
1419 1830 1568 1886 Deus
1595 1848 1608 1893 ;
1633 1830 1757 1898 quia
1783 1836 1839 1884 et
1867 1828 1917 1889 B
1943 1825 2219 1881 inducere.
2256 1825 2385 1880 Haec
2408 1836 2464 1880 et
2506 1824 2589 1880 his
2635 1823 2827 1879 similia
2880 1823 3004 1880 huic
3050 1839 3155 1879 non
3185 1826 3534 1880 conveniunt.

225 1930 358 2001 ipse
383 1928 731 2000 incorruptus
750 1936 854 1993 est,
880 1935 936 1982 et
963 1925 1094 1981 illud
1122 1934 1292 1980 totum
1319 1921 1700 1994 corruptibile.
1729 1922 1834 1977 lla-

226 2036 346 2094 que
372 2020 486 2078 Deo
514 2033 808 2092 utrumque
838 2020 1181 2091 incorporale
1231 2016 1571 2073 offerendum
1597 2025 1699 2083 est,
1729 2029 1836 2086 quo

227 2117 433 2173 utitur.
485 2115 695 2172 Donum
748 2125 834 2172 est
886 2114 1168 2186 integritas
1217 2111 1425 2179 animi;
1486 2109 1832 2175 sacriﬁcium,

225 2210 380 2278 laus,
420 2220 478 2268 et
508 2210 763 2284 hymnus.
811 2209 871 2267 Si
920 2208 1065 2266 enim
1097 2208 1238 2263 Deus
1288 2222 1394 2262 non
1423 2205 1659 2270 videtur,
1705 2218 1837 2274 ergo

227 2302 326 2360 his
365 2303 530 2360 rebus
551 2304 656 2360 coli
685 2302 870 2371 debet,
898 2317 1017 2374 quae
1058 2316 1165 2357 non
1194 2299 1466 2356 videntur.
1495 2297 1648 2353 Nulla
1675 2297 1836 2369 igitur

227 2395 340 2451 alia
373 2395 564 2467 religio
590 2403 675 2452 est
708 2410 856 2459 vera,
883 2395 987 2450 nisi
1014 2409 1135 2465 qua:
1166 2394 1366 2449 virtute
1390 2405 1453 2447 ac
1470 2390 1679 2460 justitia
1704 2405 1836 2446 con-

230 2496 368 2545 stat.
397 2486 679 2556 Quomodo
715 2496 893 2544 autem
950 2487 1090 2543 Deus
1113 2485 1322 2556 justitia
1367 2484 1601 2540 hominis
1634 2490 1833 2547 utatur,

230 2581 517 2639 intellectu
549 2581 706 2638 facile
731 2557 924 2638 esthi
954 2582 1101 2636 enim
1122 2580 1301 2649 justus
1330 2578 1491 2637 luerit
1521 2578 1707 2641 homo,
1734 2592 1828 2633 ac-

232 2684 403 2745 cepta
435 2674 863 2740 immortalitate,
896 2675 951 2729 in
1001 2682 1264 2729 aeternum
1312 2672 1425 2727 Deo
1476 2671 1698 2726 serviet.
1722 2670 1836 2726 lio-

228 2768 418 2824 mines
444 2776 624 2823 autem
658 2782 763 2823 non
795 2767 898 2822 nisi
922 2765 987 2821 ad
1010 2765 1273 2837 justitiam
1306 2765 1476 2830 nasci,
1509 2778 1631 2821 cum
1662 2763 1837 2834 philo-

227 2860 397 2934 δοριιί
425 2872 660 2926 veteres,
712 2869 824 2916 tum
861 2864 1027 2916 etiam
1056 2859 1249 2915 Cicero
1295 2861 1622 2927 suspicatur.
1655 2858 1840 2914 Disse-

228 2970 368 3012 rens
393 2956 538 3012 enim
564 2954 634 3011 de
655 2954 863 3026 legibus
896 2971 912 3010 :
942 2972 963 3005 t
1000 2953 1107 3009 Sed
1139 2952 1400 3020 omnium,
1432 2953 1623 3023 inquit,
1642 2967 1762 3021 qua:
1787 2952 1841 3007 in

1943 1917 2195 1976 Omnium
2225 1919 2369 1974 enim
2416 1931 2768 1989 qmceumque
2795 1925 2942 1983 sunt,
2975 1915 3164 1988 plenus
3195 1925 3299 1984 est,
3328 1925 3383 1972 et
3421 1932 3541 1972 om-

1944 2010 2092 2067 nium
2126 2012 2347 2067 minime
2373 2011 2639 2083 indigens.
2664 2011 2773 2067 Nos
2785 2027 2917 2067 vero
2944 2012 3146 2083 gratias
3165 2023 3389 2083 agentes
3410 2010 3541 2067 ado-

1945 2119 2149 2161 remus.
2180 2103 2351 2176 Hujus
2376 2105 2521 2161 enim
2549 2105 2894 2172 sacriﬁcium,
2921 2105 3036 2162 sola
3060 2104 3388 2163 benedictio.
3416 2122 3437 2158 ›
3470 2104 3541 2161 Et

1945 2210 2114 2259 recte.
2850 2266 2855 2275 ‘

2016 2296 2198 2353 Verbo
2217 2296 2363 2353 enim
2392 2296 2686 2353 sacriﬁcari
2708 2305 2925 2369 oportet
2939 2296 3079 2358 Deo:
3098 2295 3364 2368 siquidem
3401 2298 3539 2354 Deus

1941 2391 2168 2448 verbum
2200 2399 2302 2457 est,
2329 2399 2386 2446 tit
2414 2392 2528 2462 ipse
2557 2389 2839 2446 confessus
2864 2401 2967 2446 est.
2991 2392 3248 2448 Summus
3274 2392 3435 2463 igitur
3449 2407 3543 2449 co-

1942 2484 2089 2541 lendi
2124 2484 2217 2539 Dei
2249 2486 2386 2539 ritus
2410 2493 2599 2550 est,ex
2628 2498 2725 2539 ore
2742 2483 2875 2556 justi
2905 2482 3143 2540 hominis
3174 2485 3240 2539 ad
3259 2485 3427 2541 Deum
3451 2484 3539 2542 di-

1943 2590 2089 2635 recta
2113 2578 2347 2633 laudatio
2382 2595 2396 2633 :
2424 2593 2544 2648 quae
2573 2587 2754 2635 tamen
2780 2579 2894 2646 ipsa
2914 2588 2973 2634 ut
2994 2578 3105 2634 Deo
3128 2579 3198 2634 sit
3228 2590 3468 2651 accepta,
3486 2590 3545 2639 et

1945 2672 2269 2738 humilitate,
2300 2683 2354 2727 et
2381 2672 2667 2739 timore,et
2695 2671 2982 2730 devotione
3003 2673 3235 2728 maxima
3257 2689 3395 2743 opus
3423 2682 3540 2744 est;

1948 2782 2019 2822 ne
2043 2765 2167 2838 quis
2208 2765 2349 2822 forte
2374 2764 2702 2837 integritatis
2729 2775 2785 2821 et
2814 2765 3136 2822 innocentia:
3168 2764 3418 2821 ﬁduciam
3445 2781 3544 2839 ge-

1948 2873 2099 2926 rens,
2131 2860 2359 2916 tumoris
2407 2868 2462 2915 et
2498 2858 2821 2930 arrogantia:
2846 2860 3052 2913 crimen
3080 2857 3339 2925 incurrat,
3370 2874 3547 2929 coque

1952 2953 2094 3007 lacte
2122 2952 2348 3023 gratiam
2394 2950 2607 3007 virtutis
2651 2950 2879 3005 amittat.
2907 2948 3017 3005 Sed
3044 2960 3102 3006 ut
3126 2949 3196 3005 sit
3225 2950 3338 3005 Deo
3361 2964 3543 3018 carus,

1582 3069 1942 3126 V’ARIORUM
1983 3069 2120 3125 NOT
2125 3067 2217 3125 1E.
2236 3125 2241 3130 ,

311 3164 702 3221 Consecrandtts
720 3172 795 3219 est

230 3248 294 3293 et
327 3239 506 3292 cuncti
535 3252 675 3306 pene
719 3251 849 3291 mss.
905 3233 1078 3290 Simili
1121 3236 1391 3306 locutione
1435 3249 1562 3306 usus
1602 3245 1683 3289 est
1710 3233 1830 3288 La-

229 3310 475 3365 ctantius
497 3304 565 3363 ad
595 3310 816 3376 hujusce
849 3307 1040 3375 capitis
1085 3306 1267 3369 ﬁnem,
1296 3304 1478 3360 habeat
1509 3304 1672 3358 Deum
1699 3321 1832 3359 sem-

232 3398 333 3450 per
363 3382 427 3434 in
455 3380 607 3434 corde
654 3396 747 3433 suo
792 3388 1161 3450 consgcratum.
1201 3378 1327 3433 MSS.
1359 3377 1400 3450 2
1425 3377 1655 3443 Bonon.,
1679 3377 1831 3443 Jttn.,

230 3448 271 3508 3
304 3450 441 3517 Reg.
470 3467 609 3513 rcc.,
643 3452 668 3505 l
703 3450 883 3513 Colb.,
908 3448 1068 3515 Tax.,
1092 3449 1490 3504 consecrandum
1515 3460 1609 3503 est.

317 3524 455 3587 Quid
489 3527 555 3578 sit
584 3522 743 3577 Deus.
777 3521 1014 3588 Bonou.,
1046 3525 1073 3575 ι
1098 3521 1229 3591 Reg.
1259 3537 1371 3576 rec.
1400 3531 1450 3576 et
1483 3519 1648 3585 Tax.,
1675 3520 1790 3590 quis
1813 3538 1833 3587 ;

230 3596 264 3651 I
302 3594 438 3665 Reg.
468 3596 577 3666 qui.

316 3688 460 3755 Quas
486 3687 637 3742 etiam
666 3688 815 3742 homo
842 3689 886 3741 si
912 3688 1290 3756 contempserit.
1319 3686 1519 3742 Omnes
1548 3684 1676 3740 edit.
1710 3700 1844 3754 prm-

235 3771 329 3814 ter
358 3770 467 3815 vet.
496 3758 653 3815 Rom.
690 3770 810 3831 post
842 3760 888 3813 si
937 3759 1140 3813 addunt
1180 3760 1314 3830 quis,
1341 3759 1481 3831 quod
1506 3758 1766 3826 exptinxi,
1792 3766 1843 3812 el

233 3840 506 3888 resnuunt
531 3846 688 3886 manu
720 3832 921 3885 exarati
948 3831 1185 3885 codices.

317 3900 509 3956 Divina
531 3905 655 3972 lege.
692 3904 764 3956 De
790 3902 1080 3956 Sacriﬁciis
1108 3903 1157 3955 in
1187 3901 1423 3956 Levitico
1445 3900 1657 3970 agitur;
1691 3913 1753 3954 ac
1774 3899 1843 3955 de

233 3974 484 4028 donariis
511 3976 561 4027 in
593 3974 797 4041 Exodo,
831 3990 879 4028 c.
911 3989 1034 4036 xxv,
1086 3982 1190 4028 etc.

324 4042 513 4099 Verum
540 4047 680 4115 apud
708 4046 899 4101 istos...
933 4047 1124 4098 donum
1153 4057 1247 4109 est,
1280 4055 1384 4098 etc.
1418 4043 1577 4097 Errat
1609 4042 1839 4098 Lactan-

235 4116 351 4187 tius
375 4132 391 4181 ;
417 4132 574 4187 quam
598 4118 738 4172 enim
764 4117 856 4172 ille
905 4118 1121 4181 refutat,
1154 4117 1266 4187 ipsa
1290 4126 1372 4170 est
1402 4130 1527 4170 vera
1550 4124 1603 4169 et
1623 4116 1835 4185 propria

236 4186 547 4243 differentia
602 4189 743 4243 inter
797 4190 994 4242 denum
1044 4197 1096 4241 et
1142 4188 1504 4252 sacriﬁcium,
1535 4198 1591 4240 ut
1644 4188 1839 4240 ducent

235 4257 551 4331 Chrysost.,
579 4259 767 4314 homil.
798 4258 885 4327 18,
914 4261 964 4312 in
997 4259 1095 4331 Ep:
1129 4259 1192 4313 ad
1225 4259 1519 4331 Hebraeus;
1548 4257 1839 4331 'I‘heophy-

237 4329 371 4387 lacti
382 4372 397 4395 ,
417 4331 483 4385 ad
523 4347 642 4400 cap.
665 4345 760 4387 vm
783 4331 1025 4393 eiusdem
1059 4329 1344 4401 Epistulae;
1379 4332 1435 4386 S.
1461 4330 1694 4385 Thomas
1715 4329 1834 4395 2-2,

237 4412 441 4474 quq-st.
468 4401 570 4466 85,
600 4415 703 4456 art.
729 4401 992 4457 5.15.505.

320 4471 978 4546 ῖνίειηεθὲδιιιδ.Τνὶςιιιυε.
1006 4474 1059 4528 in
1081 4471 1352 4546 Pimand.,
1385 4488 1432 4527 e.
1463 4472 1548 4526 12.

318 4542 500 4599 Cultus
518 4542 692 4599 autem
719 4546 810 4599 Dei
828 4542 955 4598 unus
983 4556 1075 4605 est,
1101 4545 1294 4598 malum
1321 4560 1422 4597 non
1448 4560 1570 4597 esse.
1598 4543 1713 4598 Non
1744 4558 1835 4599 so-

240 4616 360 4671 lum
395 4633 425 4670 a
460 4622 601 4671 malo
640 4618 912 4671 abstinere
962 4617 1163 4671 debent
1188 4616 1487 4675 Christiani,
1512 4615 1603 4668 sed
1627 4616 1839 4681 operari

239 4688 470 4746 bonum.
506 4698 561 4741 ut
585 4696 849 4741 testantur
875 4698 929 4741 et
967 4690 1188 4750 exigunt
1227 4684 1497 4753 Christus,
1531 4686 1833 4757 Prophetu-,

240 4759 518 4829 Apostoli,
552 4770 607 4815 et
639 4758 738 4814 SS.
771 4760 1028 4814 Ecclesim
1054 4759 1268 4829 Patres.

324 4829 391 4884 In
444 4831 534 4885 illo
574 4846 803 4885 sermone
857 4834 1103 4903 perfecto,
1127 4841 1230 4885 etc.
1261 4826 1335 4883 Ἐν
1377 4829 1507 4903 λόγῳ
1534 4830 1839 4903 τελείῳηψιί

242 4904 413 4960 ctiam
459 4918 642 4971 supra,
683 4903 719 4956 Ι.
755 4918 825 4963 tv.
852 4917 901 4956 c.
952 4900 1007 4963 li,
1035 4902 1227 4956 citatus
1254 4912 1356 4971 est.
1387 4900 1487 4955 ESt
1529 4900 1705 4954 autem
1742 4901 1843 4956 hoc

241 4970 616 5030 testimonium
713 4973 764 5027 in
822 4977 927 5027 line
976 4973 1228 5041 Asclepii.
1281 4970 1435 5027 Unde
1502 4986 1603 5043 ego
1650 4974 1841 5041 Apulei

243 5045 674 5110 trattslatiOnem,
718 5044 836 5111 quia
868 5044 1054 5099 Graeca
1098 5044 1251 5100 nobis
1294 5043 1511 5102 desunt,
1540 5043 1839 5099 adscribam

242 5116 431 5172 verbis
481 5115 641 5184 paulo
693 5116 853 5170 altius
897 5118 1136 5179 repetitis
1180 5113 1300 5169 :De
1339 5120 1495 5186 adyto
1522 5131 1636 5168 vero
1658 5116 1844 5186 egressi

243 5205 367 5243 cum
418 5186 583 5241 Deum
636 5203 784 5241 orare
839 5187 1105 5256 caspissent
1140 5227 1154 5251 ,
1188 5192 1260 5240 .in
1297 5198 1531 5242 austrum
1569 5188 1841 5257 respicien-

246 5271 323 5315 tes
376 5269 541 5314 erant.
600 5257 725 5313 Sole
776 5259 913 5312 enim
957 5258 1217 5313 occidente
1250 5300 1263 5322 ,
1327 5275 1445 5312 cum
1496 5259 1609 5328 quis
1676 5257 1843 5312 Deum

245 5346 404 5387 orare
465 5331 683 5384 voluerit
714 5372 728 5395 ,
775 5331 898 5383 illuc
936 5329 1080 5383 debet
1119 5331 1368 5399 respicere
1418 5331 1599 5383 :sicut
1646 5340 1691 5384 et
1738 5331 1845 5385 sole

247 5404 464 5468 oriente,
521 5403 574 5455 in
613 5402 840 5467 eumqui
869 5402 1172 5455 subsolanus
1205 5402 1411 5455 dicitur.
1450 5399 1574 5453 Jam
1627 5419 1746 5472 ergo
1772 5403 1846 5454 di-

245 5473 479 5528 centibus
519 5473 857 5539 precationem
881 5511 896 5535 ,
955 5473 1217 5540 Asclepius
1260 5475 1333 5526 ait
1361 5488 1379 5527 :
1409 5471 1693 5527 Snbntissa
1728 5488 1847 5527 voce

248 5546 421 5601 oranti
447 5560 779 5615 suggeramus
810 5543 977 5605 Patri,
1001 5545 1136 5612 quod
1150 5545 1397 5615 jusserit,
1422 5547 1645 5615 att/ture
1668 5545 1844 5597 addito

248 5627 301 5672 et
328 5613 618 5686 pigmentis,
652 5632 847 5685 precem
874 5616 1103 5669 dicamus
1136 5614 1263 5669 Deo.
1293 5614 1453 5681 Quem
1482 5613 1848 5686 Tristttegistns

251 5685 491 5753 audiens,
513 5698 666 5757 atque
703 5696 985 5742 commotus
1007 5688 1079 5740 ait
1108 5702 1127 5741 :
1150 5686 1360 5749 Melius,
1391 5685 1571 5739 melius
1593 5688 1842 5754 ominare,

250 5777 282 5814 ο
310 5759 533 5830 Asclepi.
572 5757 684 5813 Hoc
707 5760 843 5813 enim
886 5759 1166 5828 sacrilegiis
1204 5757 1372 5813 simile
1393 5767 1650 5830 Aest,_cunt
1683 5758 1846 5813 Deum

248 5846 425 5902 roges,
448 5828 563 5887 titus
583 5841 731 5899 atque
761 5839 944 5887 cetera
974 5828 1422 5895 incendere;uihil
1452 5828 1583 5885 enim
1612 5828 1749 5884 deest
1770 5832 1841 5899 ei;

1864 4409 1918 4469 D

808 3176 1026 3234 pectore.
1048 3163 1127 3235 Ita
1157 3162 1436 3226 Minucius,
1459 3178 1649 3217 omnes
1674 3163 1826 3235 editi,
1858 3163 1904 3226 C
1935 3164 2024 3235 qui
2049 3164 2159 3231 ipse
2183 3172 2257 3217 est
2293 3164 2484 3216 omnia.
2508 3161 2614 3219 Sed
2641 3180 2734 3217 nos
2754 3174 2961 3234 agentes
3003 3167 3217 3235 gratias,
3251 3165 3542 3221 adoremus.

1940 3233 2068 3289 ch
2086 3236 2217 3288 enim
2236 3243 2351 3307 sunt
2372 3233 2908 3307 summwinceusiones
2927 3233 3041 3301 Dei,
3060 3254 3174 3289 cum
3187 3245 3408 3306 aguntur
3425 3254 3549 3307 gra-

1940 3317 2055 3361 tesa
2073 3306 2390 3378 mortalibus.
2403 3306 2596 3360 Deinde
2619 3308 2846 3377 sequitur
2862 3308 3147 3378 gratiarum
3171 3309 3322 3362 actio.
3334 3306 3540 3363 BE'I'UL.

2011 3377 2300 3446 Asclepium
2329 3389 2632 3448 quaerentem
2662 3394 2694 3431 a
2724 3379 2834 3444 filio
2864 3396 2980 3434 suo.
3003 3378 3081 3433 Ex
3115 3394 3245 3434 mss.
3280 3388 3335 3432 et
3366 3380 3545 3434 omni-

1940 3447 2180 3523 busl‘ere
2210 3447 2377 3523 editis
2399 3450 2607 3504 restitui
2652 3460 2980 3520 qumrentem.
3007 3450 3063 3505 Iit
3092 3450 3251 3505 editis
3278 3448 3449 3523 Tltys.
3477 3458 3534 3506 et

1942 3519 2082 3576 Gali.
2114 3536 2250 3587 quae,
2277 3521 2439 3575 male.

2019 3589 2179 3655 Bene,
2214 3593 2335 3645 bene
2360 3592 2613 3664 ominare,
2645 3591 2928 3664 oAsclepi.
2960 3591 3051 3647 Sic
3090 3591 3332 3662 profecto
3359 3593 3544 3664 legen-

1949 3662 2077 3717 dum
2127 3674 2203 3717 est
2235 3678 2302 3717 ex
2353 3678 2482 3716 mss.
2507 3663 2786 3718 eodicibtts
2837 3663 3191 3733 llegio-Put.,
3215 3662 3543 3720 Bononiensi

1947 3735 2191 3804 antiquo,
2210 3749 2271 3788 ac
2296 3735 2527 3806 ipsumet
2551 3734 2819 3789 llermetis
2840 3735 3178 3806 'l‘rismegisti
3208 3735 3460 3806 Asclepio
3489 3736 3542 3791 in

1952 3806 2274 3872 prmcedenti
2300 3805 2680 3869 observatione
2710 3806 2906 3872 relato,
2921 3805 3132 3862 nconon
3155 3824 3219 3861 ex
3242 3805 3544 3877 Apuleiana

1949 3878 2219 3932 versione.
2238 3878 2403 3944 Regio
2424 3888 2478 3933 et
2509 3877 2833 3933 Bettoniensi
2859 3893 2990 3932 mss.
3014 3879 3348 3933 concordant
3367 3879 3541 3948 Lips.,

1948 3949 2063 4004 Pal.
2097 3959 2150 4004 et
2170 3950 2295 4003 editi
2345 3948 2567 4017 Spatk.,
2596 3948 2810 4004 Walch.
2848 3950 3040 4019 legitur
3067 3967 3097 4004 ο
3128 3952 3195 4004 mi
3218 3960 3356 4011 nate,
3391 3950 3441 4004 itt
3472 3950 3545 4005 ‘25

1948 4021 2166 4088 scriptis
2194 4031 2251 4076 et
2280 4021 2346 4076 ’18
2373 4022 2607 4076 excusis.
2644 4019 2972 4077 Litterarum
2998 4038 3025 4076 r
3044 4032 3099 4076 et
3130 4031 3170 4090 t,
3194 4023 3381 4077 eadem
3430 4021 3545 4077 fere

1949 4092 2112 4160 ﬁgura
2154 4104 2237 4147 est
2263 4092 2316 4145 in
2374 4108 2503 4147 mss.
2533 4093 2800 4161 Corrupto
2841 4093 3038 4163 legitur
3085 4094 3137 4147 in
3194 4108 3326 4148 mss.
3364 4093 3544 4148 Bono-

1946 4166 2119 4287 niettsi
2178 4164 2401 4235 antiquo
2431 4206 2446 4229 ,
2495 4180 2525 4218 o
2556 4162 2917 4235 Asclepiades.
2960 4162 3017 4218 In
3057 4164 3310 4235 Asclepio
3343 4206 3358 4229 ,
3415 4179 3539 4231 cap.

1947 4251 1979 4287 II
2007 4246 2154 4287 IIﬂlO.

1947 4237 2154 4290 ultimo.

2018 4307 2489 4376 Intpietas.Verum
2513 4306 2811 4375 quidem,si
2841 4307 2957 4361 solo
2976 4307 3133 4361 thure
3152 4314 3208 4361 et
3238 4305 3370 4360 solis
3400 4304 3540 4359 odo-

1946 4377 2095 4504 riblll;
2127 4380 2354 4434 velimus
2380 4394 2504 4433 eum
2525 4377 2706 4433 colere
2728 4395 2743 4444 ;
2769 4378 2914 4448 quod
2938 4377 3149 4433 videtur
3177 4376 3539 4448 sequentibus

1946 4466 2039 4504 ver
2081 4468 2144 4503 IS.

1944 4466 2144 4505 VCI'DIS.

2018 4520 2285 4592 lndigens.
2316 4521 2340 4575 l
2377 4520 2511 4573 Bon.
2534 4520 2727 4590 antiq.,
2758 4519 2975 4590 indiget.

2018 4614 2190 4684 Hujus
2204 4618 2336 4667 enim
2351 4613 2484 4668 sacri
2490 4613 2798 4681 ﬁcium,sola
2815 4615 3115 4671 benedictio.
3129 4613 3192 4670 Et
3209 4624 3359 4668 recte.
3375 4612 3540 4668 Verbo

1944 4687 2077 4740 enim
2119 4685 2422 4754 sacriﬁcari.
2456 4685 2583 4740 Mss.
2630 4685 2794 4741 Bruti.
2825 4687 3027 4741 addunt
3074 4697 3167 4752 est,
3192 4698 3315 4757 poSt
3338 4685 3545 4739 benedi-

1942 4763 2226 4819 ctio;mss.
2249 4757 2588 4811 Dxunicnses
2618 4767 2739 4827 post
2765 4757 2827 4813 Et
2854 4769 3003 4813 recte.
3031 4758 3085 4811 lu
3111 4759 3145 4812 5
3169 4757 3350 4821 editis,
3385 4757 3542 4823 hujus

1944 4829 2255 4898 sacriﬁcium
2272 4830 2383 4883 sola
2411 4828 2728 4895 benedictio;
2755 4840 2886 4885 recte
2906 4841 2997 4885 est.
3016 4828 3176 4882 Verbo
3202 4845 3321 4899 ergo
3343 4827 3544 4891 sacri/io

1944 4902 2072 4954 cari.
2121 4900 2217 4955 Ms.
2256 4903 2277 4954 l
2317 4900 2450 4955 Bon.
2483 4902 2678 4969 antiq.,
2708 4904 2857 4971 cujus
2884 4902 3193 4958 sacriﬁcium
3223 4910 3295 4953 est
3322 4900 3431 4953 sola
3458 4900 3544 4952 be-

1944 4973 2183 5027 nedictio.
2218 4972 2374 5027 Recte
2399 4990 2540 5037 ergo.
2576 4971 2657 5026 Eu
2707 4972 2809 5027 loci
2837 4973 3081 5027 doctrina
3126 4971 3392 5026 Lactantii
3418 4983 3543 5037 vera

1944 5055 2047 5109 est,
2077 5044 2199 5114 quia
2230 5056 2418 5098 contra
2449 5044 2689 5099 Gentiles
2714 5045 2970 5113 disputat,
2992 5058 3220 5112 quorum
3248 5052 3415 5097 totum
3450 5057 3544 5095 sa-

1944 5113 2206 5170 criﬁcium
2230 5118 2420 5169 eratin
2447 5116 2607 5169 donis
2641 5117 2909 5183 pretiosis,
2941 5115 3085 5169 nulla
3118 5115 3325 5169 ratione
3360 5113 3542 5166 habita

1945 5186 2141 5242 interni
2166 5185 2434 5250 sacriﬁcii,
2478 5186 2683 5239 scilicet
2709 5185 3052 5251 innocentim,
3087 5187 3328 5239 honesce
3355 5198 3417 5237 ac
3441 5185 3544 5253 pia:

1946 5261 2096 5324 vitie,
2131 5257 2446 5311 humilitatis
2472 5297 2487 5320 ,
2519 5257 2729 5311 timoris
2756 5268 2809 5310 et
2858 5258 3200 5327 integritatis.
3253 5254 3425 5324 Atque
3455 5254 3543 5309 hic

1945 5340 2030 5385 est
2058 5344 2253 5395 scepus
2273 5327 2627 5395 Trismegisti,
2645 5329 2797 5393 cujus
2826 5326 2991 5383 verba
3016 5328 3183 5383 rel'ert
3211 5327 3540 5382 Lactantius.
3640 5326 3649 5335 “

1947 5401 2037 5458 Sic
2066 5411 2121 5454 et
2143 5400 2203 5457 S.
2242 5399 2521 5463 Paulinus,
2552 5413 2640 5469 ep.
2674 5413 2769 5454 xtt.
2798 5399 2874 5454 Ita
2901 5400 3071 5453 sensit
3098 5410 3151 5454 et
3195 5397 3542 5452 'l‘humasius.

1945 5471 2333 5525 -—Benedictio.
2366 5469 2433 5523 Et
2474 5478 2609 5525 recte
2668 5471 2897 5541 Epitom,
2954 5487 3003 5524 (θ.
3036 5471 3107 5525 68
3140 5488 3152 5522 :
3184 5470 3345 5541 Stoici
3399 5469 3546 5523 aiunt

1949 5545 2212 5598 heminam
2243 5559 2397 5595 causa
2437 5545 2628 5612 factum
2676 5539 2800 5597 esse.
2853 5539 2920 5597 Et
2945 5552 3100 5596 recte.
3132 5541 3249 5611 Ipse
3276 5540 3465 5594 Cicero
3495 5541 3545 5594 in

1947 5615 2133 5678 Bruto,
2150 5629 2199 5667 c.
2228 5612 2291 5667 5|
2323 5612 2534 5677 :Plato,
2563 5614 2727 5683 inquit
2760 5612 3132 5679 Antimachus,
3156 5614 3279 5667 mihi
3309 5628 3438 5666 unus
3469 5613 3547 5665 in-

1942 5698 2053 5743 star
2083 5696 2155 5739 est
2181 5686 2407 5738 ontnium
2432 5685 2667 5738 millium.
2706 5685 2770 5739 Et
2800 5695 2950 5740 recte.
3005 5685 3135 5741 BUN.

2023 5757 2087 5811 Et
2146 5757 2453 5811 humilitate.
2502 5757 2775 5829 l’ra-posui
2832 5768 2881 5813 et
2907 5773 2973 5812 ex
3004 5759 3038 5813 9
3066 5766 3174 5814 vet.
3207 5756 3385 5825 editis,
3415 5769 3549 5812 cun-

1953 5832 2128 5900 tisque
2167 5842 2297 5887 mss.
2334 5838 2533 5900 praeter
2569 5828 2605 5884 2
2636 5830 2771 5889 Bon.
2803 5841 2858 5889 et
2887 5829 2923 5883 2
2950 5829 3085 5903 lieg.
3114 5843 3227 5892 rec.
