4076 6350
176 320 290 380 757
356 298 371 303 ’

1297 316 1504 381 LIBER
1542 316 1649 381 Vll.
1695 322 1781 381 DE
1820 320 1983 382 VITA
2019 320 2269 383 BEATA.

3372 330 3480 395 738

180 436 326 495 acies
377 448 565 492 eorum
635 433 866 493 terrenis
915 435 1293 507 cupiditatibus
1319 481 1335 506 ,
1395 455 1517 510 quae
1572 454 1767 498 sensus
1794 442 1841 502 Α
1872 439 2066 497 ell'ecit.
2114 440 2247 497 Nam
2275 442 2320 497 si
2349 440 2518 499 virtus
2568 450 2655 499 est
2692 443 2974 501 tolerantia
3021 445 3284 504 malorum
3315 490 3337 517 ,.
3366 466 3478 510 non

179 544 372 586 omnes
413 536 660 598 gravant,
703 529 1108 602 imbecillasque
1137 530 1433 605 reddunt);
1461 544 1553 589 ant
1609 533 1773 590 etiam

180 620 233 677 si
253 620 580 693 intelligent,
610 620 1025 678 dissimulabunt
1046 632 1248 692 tamen,
1281 635 1336 680 et
1363 625 1490 685 haec,
1507 639 1630 681 vera
1652 640 1775 682 esse

180 711 388 779 nolent,
414 714 539 785 quia
562 712 889 770 trahuntnra
921 715 1066 771 vitiis
1092 758 1107 782 ,
1135 725 1192 773 et
1212 717 1447 773 scientes
1475 719 1632 774 malis
1661 719 1775 775 suis

184 805 387 871 lavent,
416 822 646 877 quorum
675 808 938 863 suavitate
964 809 1268 879 capiuntur,
1301 817 1359 866 et
1399 811 1609 866 virtutis
1632 811 1774 867 viam

183 898 463 961 deserunt,
492 898 644 969 cujus
672 900 966 955 acerbitate
987 900 1353 958 oil'enduntur.
1379 901 1513 958 Nam
1538 904 1630 973 qui
1652 919 1777 958 ava-

181 991 326 1057 ritia,
359 1002 414 1045 et
456 1006 617 1059 opum
643 990 952 1062 inexplebili
979 993 1211 1063 quadam
1252 994 1338 1049 siti
1362 992 1609 1067 ﬂagrant,
1651 995 1774 1065 quia

184 1100 294 1140 non
322 1095 567 1156 possunt,
600 1084 828 1152 venditis
855 1085 1234 1158 antdilargitis
1270 1102 1393 1158 quae
1429 1097 1644 1154 amant,
1699 1097 1779 1142 te-

181 1178 276 1233 nui
317 1178 461 1234 cultu
505 1177 667 1233 vitam
695 1176 912 1248 degere,
944 1178 1062 1233 sine
1096 1177 1260 1234 dubio
1305 1179 1513 1234 malunt
1553 1178 1604 1233 id
1656 1192 1778 1234 esse

183 1269 416 1337 ﬁctum,
466 1287 572 1340 quo
620 1270 903 1326 desideriis
953 1271 1065 1326 suis
1122 1271 1439 1327 renuntiare
1490 1280 1773 1342 coguntur.

182 1362 343 1432 item,
367 1364 460 1435 qui
487 1364 766 1421 libidinum
793 1364 1023 1421 stimulis
1048 1364 1276 1432 incitati,
1306 1374 1364 1420 ut
1389 1365 1463 1420 ait
1487 1373 1642 1436 poeta
1664 1405 1680 1431 ,

340 1485 398 1535 In
416 1483 568 1535 furias
586 1485 855 1548 ignemque
876 1490 1042 1546 ruunt,

184 1616 368 1687 utique
398 1613 727 1669 incredibilia
755 1630 850 1668 nos
882 1613 1074 1668 aﬁ'errc
1106 1612 1325 1676 dicunt;
1354 1615 1476 1683 quia
1497 1614 1781 1669 vulnerant

180 1725 345 1765 aures
383 1724 566 1764 eorum
597 1717 857 1778 przeeepta
898 1706 1244 1762 continentia:
1268 1749 1282 1774 ,
1328 1722 1446 1777 quae
1476 1705 1596 1761 illos
1623 1721 1651 1760 a
1684 1721 1781 1760 vo-

180 1803 480 1873 luptatibus
504 1802 615 1857 suis
655 1802 960 1873 prohibent,
984 1802 1178 1873 quibus
1213 1801 1449 1856 animam
1480 1817 1630 1855 suam
1661 1816 1780 1855 cum

179 1912 412 1967 corpore
442 1896 900 1969 adjudicaverunt.
948 1894 1049 1961 Qui
1078 1910 1204 1949 vero
1233 1894 1526 1949 ambitione
1567 1892 1733 1948 inﬂati
1761 1933 1777 1960 ,

178 1999 277 2046 aut
302 2005 486 2047 amore
510 1989 760 2061 putentia:
788 1986 1124 2054 inﬂammati,
1158 2002 1319 2042 omne
1347 1985 1580 2042 studium
1622 2000 1779 2039 suum

179 2079 252 2147 ad
307 2081 540 2137 honores
582 2080 939 2153 acquirendas
996 2080 1359 2144 contulerunt,
1415 2094 1482 2134 ne
1517 2078 1564 2132 si
1611 2077 1780 2132 solem

179 2171 401 2244 quidem
454 2173 624 2244 ipsum
670 2183 942 2244 gestemus
969 2172 1022 2227 in
1056 2170 1323 2239 manibus,
1355 2170 1512 2226 iidem
1544 2185 1785 2225 commo-

179 2264 389 2321 dabunt
421 2267 468 2322 ei
502 2267 782 2333 doctrinm,
813 2266 933 2322 illos
970 2266 1123 2338 jubet
1148 2266 1295 2320 omni
1333 2264 1569 2337 potentia
1598 2274 1651 2319 et
1679 2264 1780 2319 ho-

182 2375 321 2417 nore
354 2370 661 2431 contempto
707 2359 941 2415 humiles
988 2358 1188 2426 vivere,
1233 2366 1393 2429 atque
1423 2358 1493 2411 ita
1525 2356 1779 2423 humiles,

181 2461 320 2509 utet
347 2452 591 2523 accipere
631 2452 881 2523 injuriam
914 2452 1150 2523 possint,
1195 2460 1249 2507 et
1280 2452 1483 2507 referre
1510 2438 1708 2517 nolint,
1738 2451 1782 2505 si

180 2548 513 2618 acoeperint.
549 2546 588 2601 li
641 2556 767 2602 sunt
813 2546 1083 2613 homines,
1131 2545 1224 2617 qui
1262 2555 1448 2600 contra
1501 2545 1781 2600 veritatem

180 2640 383 2696 clausis
411 2640 580 2697 oculis
606 2654 821 2711 quoquo
848 2639 1010 2696 modo
1049 2640 1263 2696 latrant.
1313 2638 1415 2708 Qui
1452 2647 1629 2695 autem
1668 2639 1782 2694 sani

182 2745 335 2801 sunt,
366 2736 448 2791 vel
486 2746 664 2804 erunt,
689 2734 740 2790 id
764 2746 867 2799 est.
901 2751 1009 2790 non
1041 2735 1111 2790 ita
1138 2734 1282 2790 vitiis
1311 2735 1570 2801 immersi,
1615 2743 1671 2790 ut
1700 2734 1788 2790 in-

181 2829 457 2886 sanabiles
486 2830 623 2897 sint,
657 2839 710 2884 et
737 2828 961 2885 credent
987 2829 1091 2896 his,
1141 2837 1195 2884 et
1225 2828 1460 2885 libenter
1487 2828 1783 2897 accedent;

181 2932 241 2980 et
271 2938 624 2995 qumcumquc
650 2921 900 2990 dicimus,
932 2933 1114 2993 aperta
1133 2964 1151 2989 ,
1183 2931 1238 2978 et
1282 2922 1465 2994 plana,
1494 2931 1549 2978 et
1576 2922 1784 2993 simpli-

181 3018 293 3082 cia,
347 3015 572 3088 etquod
602 3015 834 3071 maxime
862 3028 998 3085 Opus
1021 3023 1106 3071 est
1125 3056 1142 3083 ,
1170 3028 1296 3071 vera
1318 3024 1371 3071 et
1402 3012 1787 3085 inexpugnabi-

184 3111 258 3167 lia
281 3109 389 3166 illis
413 3108 759 3164 videbuntur.

1878 534 2094 605 capiunt
2121 549 2249 607 ergo
2274 536 2549 603 virtutem,
2572 537 2664 606 qui
2707 552 2923 608 semper
2949 538 3002 593 in
3032 539 3189 597 bonis
3217 540 3436 600 luerunt
3454 582 3471 613 ,

1877 628 2002 698 quia
2032 627 2172 682 mala
2217 643 2395 699 neque
2434 629 2644 699 experti
2687 638 2832 697 sunt,
2872 647 3048 704 neque
3076 631 3220 690 ferre
3246 647 3476 707 possunt

1877 719 2222 776 assuetudine
2267 734 2331 776 ac
2364 719 2635 777 desiderio
2673 721 2960 791 honorum,
2992 739 3113 796 quae
3142 726 3257 781 sola
3304 743 3472 786 nove-

1878 825 2022 869 runt.
2052 813 2130 870 Eo
2157 813 2235 879 ﬁt,
2264 823 2324 869 ut
2349 829 2616 886 pauperes
2642 825 2697 873 et
2725 816 2957 873 humiles
2985 818 3095 875 Deo
3123 821 3349 878 credant
3391 823 3472 879 fa-

1878 906 2056 975 cilius,
2088 908 2178 979 qui
2205 917 2330 963 sunt
2355 909 2628 980 expediti,
2661 926 2820 981 quam
2848 911 3068 982 divites,
3092 915 3185 985 qui
3214 925 3340 973 sunt
3368 918 3471 974 im-

1881 998 2199 1068 pedimentis
2228 999 2466 1069 pluribus
2496 1002 2749 1073 implicati
2776 1020 2790 1058 :
2824 1004 2988 1060 immo
3015 1020 3146 1062 vero
3166 1011 3397 1065 catenati
3419 1017 3476 1067 et

1880 1093 2170 1163 compediti
2216 1094 2461 1151 serviunt
2510 1096 2576 1149 ad
2636 1106 2819 1151 nutum
2862 1097 3097 1156 domina:
3142 1103 3472 1174 cupiditatis,

1880 1201 2001 1254 qua:
2053 1185 2177 1242 illos
2224 1187 2683 1247 inextricabilibus
2741 1190 2976 1247 vinculis
3035 1193 3308 1261 irrctivit;
3378 1211 3480 1254 nec

1880 1288 2107 1349 possunt
2129 1278 2186 1335 in
2205 1280 2400 1336 cmlum
2422 1282 2691 1351 aspicere,
2718 1285 2972 1355 quoniam
3021 1302 3175 1343 mens
3199 1279 3390 1344 earum
3420 1290 3477 1346 in

1883 1378 2078 1427 terram
2110 1387 2273 1440 prona
2320 1372 2573 1444 humique
2599 1373 2774 1430 deﬁxa
2801 1386 2902 1432 est.
2930 1377 3158 1434 Virtutis
3192 1391 3370 1436 autem
3393 1382 3477 1438 via

1884 1479 1991 1519 non
2007 1464 2151 1535 capit
2173 1479 2362 1536 magna
2389 1481 2553 1522 onera
2576 1477 2869 1538 gestantes.
2894 1472 3165 1542 Angustus
3184 1473 3476 1532 admodum

1885 1564 2084 1611 trames
2126 1567 2231 1621 est,
2262 1573 2357 1627 per
2383 1572 2540 1628 quem
2578 1559 2782 1630 jnstitia
2841 1562 3114 1620 hominem
3159 1566 3379 1623 deducit
3423 1568 3479 1625 in

1884 1648 2102 1704 C(Blllm.
2135 1648 2286 1703 llunc
2316 1657 2501 1705 tenere
2524 1666 2628 1706 non
2660 1661 2865 1722 potest,
2894 1654 2996 1710 nisi
3025 1656 3114 1727 qui
3132 1655 3294 1714 fuerit
3313 1674 3480 1731 expe-

1885 1741 2029 1796 ditus
2058 1751 2111 1794 et
2138 1741 2332 1796 nudus.
2364 1740 2495 1797 Nam
2520 1742 2607 1798 isti
2637 1745 2928 1816 locupletes
2968 1749 3149 1805 multis
3179 1760 3236 1807 et
3284 1753 3478 1826 ingen-

1813 1851 1859 1911 Β
1890 1832 2031 1887 tibus
2059 1830 2288 1889 sarcinis
2307 1835 2515 1889 onerati
2546 1848 2642 1905 per
2665 1837 2803 1891 viam
2834 1840 3023 1895 mortis
3045 1840 3322 1910 incedunt,
3355 1859 3479 1915 qu

1886 1922 2147 1984 latissima
2183 1932 2296 1990 est;
2331 1926 2584 1997 quoniam
2618 1927 2723 1983 late
2752 1929 2983 2000 perditio
3012 1932 3339 1990 dominatur.
3384 1934 3482 1993 His

1886 2017 2077 2074 acerba
2107 2028 2254 2086 sunt,
2286 2018 2369 2075 bis
2397 2035 2626 2088 venena,
2648 2037 2773 2094 qua:
2800 2024 2940 2081 Deus
2968 2026 3036 2082 ad
3057 2028 3316 2097 justitiam
3339 2044 3476 2103 prte-

1884 2110 2032 2180 cipit,
2063 2127 2288 2183 «tuaeque
2314 2128 2415 2170 nos
2440 2114 2532 2171 Dei
2563 2117 2874 2187 magisterio
2919 2119 2988 2175 de
3015 2121 3214 2177 virtute
3240 2137 3307 2178 ac
3332 2123 3477 2179 veri-

1887 2212 1996 2261 tate
2020 2204 2358 2263 disserimus.
2398 2207 2601 2277 Quibns
2628 2210 2674 2285 si
2716 2226 3013 2282 repugnare
3041 2215 3352 2285 audebunt,
3385 2233 3481 2274 ne-

1886 2312 2041 2354 cesse
2089 2309 2174 2355 est
2225 2300 2410 2357 hostes
2437 2300 2642 2358 seesse
2681 2303 2894 2363 virtutis
2916 2306 3250 2380 justitireque
3285 2309 3492 2367 fatean-

1889 2402 1994 2449 tur.
2027 2394 2324 2465 Aggrediar
2354 2412 2497 2453 nunc
2534 2398 2677 2468 quod
2728 2412 3008 2471 superest,
3064 2411 3123 2458 ut
3170 2403 3290 2460 ﬁnis
3334 2406 3490 2477 Operi

1887 2486 2060 2557 possit
2114 2489 2334 2558 imponi.
2397 2487 2451 2543 ld
2508 2500 2686 2547 autem
2739 2504 3033 2563 superest,
3083 2506 3139 2551 ut
3214 2496 3282 2553 de
3346 2497 3490 2568 judi-

1887 2580 1973 2637 cio
2026 2580 2120 2635 Dei
2162 2581 2494 2638 disseramus
2527 2600 2542 2637 :
2581 2584 2722 2656 quod
2770 2595 2880 2641 tum
2916 2588 3310 2657 constituetur,
3364 2606 3491 2649 cum

1892 2675 2152 2731 Dominus
2182 2686 2368 2733 noster
2397 2679 2621 2735 redierit
2645 2680 2697 2735 in
2732 2691 2963 2749 terram;
2994 2691 3053 2740 ut
3070 2685 3357 2757 unicuique
3385 2703 3484 2759 pro

1889 2771 2084 2825 merito
2113 2781 2205 2826 aut
2233 2772 2518 2842 prmmium
2562 2775 2856 2844 persolvat,
2883 2784 2977 2833 aut
3024 2792 3258 2848 pinnam.
3310 2778 3493 2851 Itaque

1893 2873 1950 2919 ut
1975 2862 2030 2918 in
2076 2876 2273 2934 quarto
2303 2865 2444 2921 libro
2469 2865 2538 2922 de
2566 2867 2740 2937 primo
2787 2868 3021 2925 adventu
3053 2869 3171 2941 ejus
3203 2870 3441 2927 diximus
3470 2913 3486 2939 ,

1890 2959 2040 3014 sicin
2072 2959 2174 3015 hoc
2200 2960 2498 3015 secundum
2518 2960 2816 3019 reteramus
2843 2963 3156 3034 adventum,
3189 2981 3353 3036 quem
3390 2966 3488 3022 Ju-

1890 3049 1992 3106 daei
2019 3065 2238 3122 quoque
2260 3061 2315 3106 et
2353 3052 2703 3122 conﬁtentur,
2742 3064 2799 3112 et
2827 3065 3049 3129 sperant
3073 3099 3090 3126 ,
3118 3058 3216 3115 sed
3243 3060 3448 3116 frustra
3468 3101 3489 3129 ,

1891 3145 2148 3218 quoniam
2198 3161 2423 3203 necesse
2466 3156 2550 3203 est
2578 3148 2645 3204 ad
2673 3163 2768 3206 eos
2792 3150 3209 3209 confundendos
3237 3164 3483 3210 reverta-

260 3247 435 3304 Nemo
458 3248 643 3306 virtuti
672 3246 832 3313 favet,
863 3247 963 3303 nisi
996 3248 1086 3319 qui
1103 3247 1254 3316 sequi
1277 3254 1484 3319 potest;
1513 3246 1666 3316 sequi
1696 3261 1788 3301 au-
1815 3252 1861 3316 ρ
1897 3251 2003 3305 tur,
2054 3240 2121 3296 ad
2166 3254 2303 3311 quos
2349 3242 2726 3298 convocandos
2756 3243 2904 3313 prius
2934 3254 3177 3324 venerat.
3209 3244 3341 3301 Nam
3392 3247 3488 3319 qui

186 3355 302 3401 tem
330 3358 435 3398 non
459 3342 613 3399 facile
627 3350 710 3399 est
738 3341 986 3413 omnibus
1019 3359 1031 3394 :
1064 3341 1100 3395 ii
1133 3351 1373 3412 possunt,
1406 3355 1541 3412 quos
1562 3354 1791 3411 pauper-

186 3450 276 3497 tas
300 3449 355 3496 et
396 3452 575 3496 rerum
606 3435 899 3508 indigentia
929 3437 1194 3507 exercuit,
1218 3445 1274 3492 et
1307 3449 1535 3507 capaces
1573 3432 1788 3490 virtutis

1897 3334 2234 3390 violaverunt
2286 3334 2449 3405 impie
2495 3335 2788 3404 humilem,
2840 3338 3074 3394 sentient
3116 3338 3172 3395 in
3220 3349 3490 3411 potestate

1897 3430 2194 3495 victorem;
2250 3444 2422 3500 eaque
2450 3431 2631 3487 omnia
2659 3447 2779 3502 quae
2806 3431 3013 3505 legunt,
3062 3442 3119 3490 et
3157 3450 3266 3492 non
3294 3436 3494 3493 intelli-

1546 3578 1635 3633 VA
1645 3574 1907 3635 RIORUM
1946 3570 2176 3630 NOTAE.

186 3705 217 3743 Γ
268 3702 440 3773 Opum
466 3700 759 3773 inexplebili
777 3698 1001 3773 quadam
1024 3699 1107 3756 siti
1132 3693 1533 3773 ﬂagrant._M_ss.
1568 3694 1696 3752 Jun.
1730 3701 1786 3750 et

189 3779 214 3833 1
272 3767 428 3832 Colb.
459 3767 681 3846 quadam
729 3767 1009 3843 cupiditate
1042 3767 1318 3846 ﬂagrant;
1365 3768 1391 3822 1
1444 3767 1653 3824 Bonon.
1686 3781 1785 3822 an-

190 3850 289 3920 tiq.
311 3842 659 3913 inexplicabili
686 3849 906 3915 quadam
931 3842 1208 3915 cupiditate
1235 3842 1477 3911 ﬂagrant.

264 3918 369 3981 Aut
398 3926 654 3994 dilargitis
688 3923 884 3981 lCnlh.
912 3923 1209 3996 delurgitis;
1232 3921 1267 3976 “2
1292 3926 1427 3995 Reg.
1457 3936 1595 3996 rec.,
1620 3918 1747 3996 Jun.
1772 3962 1786 3987 ,

192 3999 407 4083 i.C_olb.
432 4009 486 4053 et
514 3998 565 4052 ,5
606 3998 735 4052 edit.
766 3997 1011 4068 elargitis.
1050 3993 1173 4051 Mss.
1226 4000 1249 4050 1
1293 3993 1470 4068 Lips.,
1505 3994 1642 4061 PaL,
1688 3993 1792 4048 lar-

226 4083 335 4125 llis.

189 4090 224 4145 g
282 4141 562 4196 Vulnerant
592 4159 740 4195 aures
772 4158 966 4195 eorum.
1001 4141 1364 4212 Qumcumqne
1405 4141 1607 4212 ingrata
1630 4146 1683 4192 et
1708 4136 1792 4190 in-

186 4215 429 4288 jucunda
458 4215 676 4288 aurihus
699 4213 1086 4288 accitlunl_,__cas
1116 4209 1708 4288 tlicun_tur_tiil‘cttdere,
1742 4217 1797 4263 et

194 4283 419 4361 proprio
450 4286 614 4340 verbo
632 4283 916 4340 vulnerare.
942 4283 1091 4355 Virg.
1122 4299 1213 4339 vm
1238 4283 1482 4340 mucida

393 4467 406 4478 .
452 4469 463 4479 .
504 4468 518 4481 .
560 4467 570 4478 .
609 4469 619 4480 .
661 4468 673 4480 .
715 4468 726 4480 .
765 4431 972 4481 Gravior
990 4443 1054 4479 ne
1080 4431 1282 4480 nuntius
1301 4442 1450 4479 aures

390 4493 651 4544 Vulneret.

196 4624 343 4681 ilinc
373 4622 640 4678 scribebat
683 4621 1053 4677 Artemidorus
1073 4664 1087 4690 ,
1118 4622 1362 4674 nuntium
1398 4617 1689 4688 signiﬁcari
1721 4619 1804 4673 iu-

188 4696 519 4765 jucundnm,
565 4694 779 4763 quando
807 4695 927 4764 quis
958 4708 1116 4747 aures
1165 4692 1267 4746 sibi
1319 4690 1597 4746 verberari
1652 4703 1803 4745 som-

195 4770 336 4823 niat.
380 4765 621 4821 Benaco.
742 4784 747 4787 ·
1686 4781 1694 4793 ο
1750 4803 1757 4809 .

282 4836 365 4891 Ne
392 4839 436 4891 si
460 4838 618 4892 solent
655 4838 859 4907 quidem
886 4837 1052 4906 ipsum
1089 4846 1356 4906 gestamus,
1388 4842 1493 4907 etc.
1520 4832 1612 4888 Sic
1636 4831 1801 4907 resti-

192 4910 495 4979 ,tuimnsex
525 4911 556 4963 4
584 4904 763 4979 antiq..
795 4924 857 4961 ac
891 4904 1183 4979 potioribus
1232 4920 1369 4979 tnss.
1399 4904 1532 4975 Reg.
1561 4914 1616 4959 et
1642 4904 1805 4979 editis

196 4983 331 5036 Ald.
359 4978 524 5044 lSlfi,
553 4979 697 5034 Crat.
714 4976 780 5035 _et
807 4976 1010 5050 Gnipb.
1040 4978 1200 5034 '155'2.
1228 4978 1291 5032 Et
1322 4978 1399 5031 sic
1426 4976 1805 5050 quoquescri:

198 5052 445 5109 hendmn
477 5052 568 5105 lib.
599 5052 666 5107 de
696 5047 954 5106 Mortibus
982 5059 1415 5120 persecuturum,
1445 5047 1602 5119 capp.
1634 5048 1668 5103 4
1699 5047 1803 5103 et'l

198 5124 453 5194 uhiinec;
477 5124 620 5194 quod
648 5123 924 5178 annotavi.

279 5191 505 5264 Quoquo
528 5195 680 5249 modo
705 5194 915 5248 latrant.
944 5193 1039 5248 Ms.
1064 5191 1187 5247 Jun.
1234 5207 1435 5264 quoque
1467 5191 1625 5264 γυιοάο
1656 5191 1804 5246 dela-

201 5279 381 5331 trant;
413 5263 727 5337 Regio-Pal.
752 5265 1126 5335 quodammodo
1151 5264 1377 5337 latrant;
1404 5265 1426 5318 1
1463 5263 1669 5318 Βοηοη.
1709 5279 1806 5337 an-

203 5340 307 5409 tiq.
352 5335 536 5409 canino
562 5338 714 5409 modo
743 5338 967 5404 latrant;
994 5353 1113 5404 quae
1141 5336 1304 5390 etiam
1350 5337 1482 5391 satis
1523 5335 1805 5390 commoda

200 5407 393 5467 lectio.
426 5407 532 5465 Sed
563 5408 698 5464 nihil
734 5409 1121 5463 immutandum
1150 5420 1366 5463 censeo.

283 5502 389 5571 Qui
417 5513 586 5557 autem
612 5502 729 5557 sani
776 5511 929 5567 sunt,
982 5502 1059 5555 vel
1107 5500 1453 5571 erunt._Edit.
1505 5500 1653 5555 Crat.
1694 5499 1809 5571 sani

200 5584 349 5631 sunt.
380 5574 508 5629 Mss.
554 5573 590 5627 2
614 5574 749 5645 Reg.
780 5589 917 5642 rec.,
944 5573 1093 5645 Jun.,
1126 5571 1266 5638 PaL,
1290 5570 1464 5641 Lips.,
1494 5572 1651 5645 _Cant.
1692 5582 1744 5645 ct
1767 5570 1810 5645 _2

199 5656 321 5703 vel.
378 5646 507 5702 edit.
559 5645 673 5701 sani
701 5641 841 5700 'sunt
879 5641 958 5701 vel
1003 5652 1185 5707 erunt;
1236 5658 1298 5697 ac
1350 5642 1618 5714 praecipue
1647 5641 1813 5709 ,subl.‘

202 5715 377 5774 Canc.
410 5727 464 5772 et
490 5716 524 5772 4
553 5715 680 5773 edd.
709 5717 878 5771 sanati
902 5727 1069 5772 erunt.
1258 5765 1267 5769 -

286 5788 356 5845 Ut
379 5790 691 5860 insanabiles
724 5790 849 5843 sint.
880 5788 1009 5844 Mss.
1042 5788 1067 5842 1
1111 5786 1245 5860 Reg.
1266 5858 1275 5860 ἓ
1296 5800 1447 5860 rec.)
1480 5786 1503 5842 1
1564 5784 1806 5860 (Σειιικξιιζ

201 5871 264 5921 et
294 5861 424 5917 edit.
462 5862 608 5929 Ald.,
634 5858 822 5929 Fasit.,
846 5859 1047 5929 Betul.,
1081 5855 1368 5925 non'sint,‘
1392 5855 1582 5930 Cauc.,
1607 5855 1812 5931 Jun.,2

1887 3691 2020 3762 Reg.
2062 3705 2201 3757 rec.,
2227 3691 2261 3745 4
2310 3687 2631 3762 _Colbcrt.et
2661 3688 2727 3746 l0
2771 3689 2900 3744 edit.
2953 3699 3088 3756 vet.,
3131 3699 3187 3746 ut
3241 3693 3497 3753 sanabiles

1890 3760 2012 3819 sint.
2042 3762 2206 3829 Ultr.,
2242 3762 2264 3815 1
2298 3760 2478 3827 Colb.,
2510 3761 2701 3828 Brun.,
2731 3771 2787 3815 ut
2816 3762 3068 3816 sanabiles
3088 3764 3210 3818 sint.

1969 3855 2015 3928 li
2056 3848 2353 3928 possunt.4
2404 3854 2609 3909 Bonon.
2669 3854 2836 3925 antiq.
2894 3853 2949 3908 Ii
2984 3858 3124 3927 sequi
3176 3867 3424 3928 possunt;
3466 3861 3496 3918 1,

1893 3924 2136 3984 Colbcrt.
2171 3926 2218 3980 lt'
2239 3935 2379 3981 sunt.

1972 4000 2236 4056 Pluribus.
2276 3998 2349 4073 Ita
2374 3996 2674 4073 reposniex
2697 3995 2732 4051 4
2761 4006 2866 4053 vet.
2891 3997 3165 4073 impressis
3183 4001 3502 4073 cunctisque

1899 4087 2029 4128 mss.
2063 4081 2262 4143 printer
2289 4069 2324 4126 5
2348 4084 2484 4136 rec.,
2514 4068 2707 4140 quibus
2726 4079 2814 4126 est
2848 4072 2982 4138 suis;
3017 4074 3070 4127 in
3096 4074 3313 4128 caeteris
3337 4068 3502 4130 editis

1898 4144 2096 4216 legitur
2121 4143 2378 4216 plurimis.

1970 4212 2140 4270 Imma
2160 4229 2298 4269 vero.
2334 4214 2495 4268 Deest
2515 4228 2631 4267 vero
2662 4212 2713 4267 in
2743 4227 2872 4268 mss.
2909 4214 2933 4269 1
2972 4212 3106 4284 Reg.
3147 4215 3498 4284 rec.,Cauc.,
3536 4260 3541 4267 .

1898 4287 2023 4343 Jun.
2054 4298 2108 4343 et
2138 4288 2204 4342 l4
2227 4285 2419 4351 editis;
2442 4284 2493 4340 in
2519 4285 2767 4340 Gothano
2792 4293 2876 4338 est
2902 4285 3004 4336 imo
3022 4300 3175 4350 uere;
3204 4285 3257 4339 in
3283 4288 3309 4340 1
3340 4285 3497 4344 Colb.

1900 4361 2016 4416 ideo
2044 4374 2200 4420 vero;
2248 4359 2298 4412 in
2330 4373 2431 4411 tns.
2465 4355 2692 4411 Tornes.
2724 4371 2826 4408 uno
2854 4364 2966 4408 vota
2986 4358 3323 4411 concatenati.

1977 4452 2058 4507 Ad
2088 4461 2265 4506 nutum
2304 4449 2525 4503 domina
2550 4446 2868 4518 cupiditatis.
2892 4446 2927 4500 3
2953 4444 3088 4518 Reg.
3137 4463 3275 4513 rec.,
3308 4449 3336 4504 1
3376 4448 3505 4505 Col-

1815 4521 1879 4582 ⁸1)
1902 4526 2041 4581 hert.
2070 4539 2100 4577 a
2131 4521 2364 4577 secunda
2390 4535 2575 4583 manu,
2599 4528 2654 4573 et
2688 4517 2722 4572 5
2750 4526 2857 4572 vet.
2887 4517 3052 4588 edin,
3065 4520 3356 4588 cupiditati,
3390 4520 3503 4574 Da.

1906 4598 2099 4650 minam
2124 4592 2457 4661 cupiditatem
2485 4589 2617 4645 dicit
2651 4589 2888 4643 imitatus
2910 4587 3211 4656 Horatium,
3242 4593 3332 4663 qui
3372 4591 3505 4647 dicit

1904 4668 2082 4739 regina
2127 4663 2365 4739 pecunia,
2390 4663 2516 4739 quia
2560 4670 2789 4739 utraque
2816 4668 2930 4715 tum
2952 4663 3240 4732 cupiditas,
3273 4674 3380 4739 t_ut_n
3409 4679 3504 4739 pe-

1904 4733 2059 4795 co'nia
2077 4778 2093 4805 ,
2127 4734 2385 4791 mundum
2415 4735 2557 4790 hunc
2581 4734 2891 4789 universum
2915 4744 3128 4804 regunt,
3156 4749 3219 4789 ac
3245 4735 3295 4789 ei
3324 4733 3503 4791 domi-

1905 4820 2124 4866 nantur.

1980 4882 2150 4953 Onera
2179 4888 2461 4953 gestantes.
2483 4877 2573 4934 Sic
2602 4875 2812 4931 restitui
2844 4890 2913 4931 ex
2940 4876 3152 4932 cunctis
3180 4892 3312 4953 mss.
3362 4892 3504 4949 pra:-

1908 4964 1989 5010 ter
2013 4953 2048 5008 2
2067 4946 2248 5017 Colb.,
2268 4951 2358 5022 qui
2380 4950 2600 5017 habent,
2619 4964 2773 5019 opera
2795 4957 3070 5020 gestantes,
3098 4958 3154 5003 et
3174 4946 3210 5002 2
3225 4946 3376 5019 Reg.
3390 4964 3503 5006 rec.

1906 5042 2065 5081 onera
2093 5035 2373 5095 portantes.

1980 5090 2316 5154 His'uenena.
2346 5095 2373 5150 1
2410 5093 2619 5149 Βοηοιι.
2652 5093 2822 5161 antiq.
2848 5090 2929 5147 his
2948 5099 3216 5146 venenata.

1982 5187 2248 5259 Pracipit.
2280 5185 2504 5259 Ita_lego
2525 5197 2647 5259 eum
2686 5181 3079 5259 vet_nStioribus_
3101 5191 3156 5259 et
3184 5180 3508 5259 melioribus

1907 5273 2087 5327 mss.,,
2105 5254 2339 5323 Bonam,
2367 5255 2689 5326 Regio-Put.
2717 5254 2943 5327 aliisque
2970 5254 3173 5310 multis.
3206 5254 3265 5310 in
3294 5254 3414 5311 aliis
3441 5257 3504 5313 11

1907 5345 2019 5389 rec.
2047 5339 2103 5387 et
2126 5330 2357 5401 vulgatis
2378 5338 2463 5384 est
2479 5369 2495 5394 ,
2527 5326 2786 5398 praecepit.

1979 5425 2080 5499 Dei
2100 5424 2413 5499 magisterio.
2440 5422 2497 5479 1d
2522 5430 2627 5488 est,
2646 5419 2848 5477 Christi
2870 5419 3139 5489 doctrina,
3168 5429 3224 5477 et
3243 5420 3509 5493 Epitom.,

1908 5496 2343 5641 “initam-.1
2356 5564 2528 5641 _Colb.
2540 5606 2554 5630 ,
2576 5564 2880 5641 Aggrediar.
2905 5564 3074 5623 Brun.
3085 5607 3098 5631 ,
3114 5564 3510 5641 Aggrediamur,

1910 5637 2224 5697 non'male.
2270 5639 2405 5695 Vide
2441 5653 2601 5709 supra
2630 5637 2972 5704 disserimus,
3016 5647 3072 5693 et
3128 5639 3263 5693 inlra
3284 5638 3513 5693 dissera-

1909 5730 2065 5840 Μαξᾶ
2109 5800 2195 5839 eas
2225 5781 2638 5855 canfundendos.
2669 5780 2761 5838 Sic
2787 5782 3018 5855 restitui,
3055 5796 3118 5838 ev
3166 5795 3276 5836 uno
3327 5778 3514 5855 codice

1912 5856 2228 5922 Bruttiano;
2262 5850 2411 5913 et'ita
2462 5869 2654 5912 sensus
2682 5854 2942 5925 postulat.
2975 5853 3112 5912 Vide
3151 5850 3515 5926 prmccdentia
