4076 6350
186 276 286 336 ’141

1357 255 1561 340 Linea
1601 272 1712 344 vn.
1755 271 1846 343 ne
1874 259 2034 344 vim
2076 274 2326 346 usus.

3385 276 3499 352 ⁷ιὲ

186 360 346 442 Stoici
379 391 621 442 naturam
659 384 710 440 in
743 384 874 442 duas
905 392 1084 458 partes
1113 375 1395 444 dividunt:
1428 404 1588 458 unam
1611 429 1624 456 ,
1655 404 1774 461 qua:
1803 401 1856 462 Α
1879 405 2001 466 cum
2033 391 2253 459 mundo,
2283 392 2336 449 id
2366 399 2468 463 est,
2502 392 2656 465 operi
2684 407 2802 464 suo.
2838 394 2991 466 unde
3022 404 3105 468 agt
3135 395 3268 464 illud
3297 353 3479 473 νίτεί-

186 480 414 549 alliciat;
441 480 687 550 alteram,
720 495 838 566 quae
867 495 925 536 se
974 480 1039 535 ad
1083 479 1390 555 faciendum
1441 483 1780 544 tractabilem

186 574 439 644 prrebeat.
481 572 538 628 In
578 573 669 631 illa
700 575 870 644 prima
914 589 1035 630 esse
1065 573 1170 628 vim
1204 574 1512 641 sentiendi;
1557 577 1610 631 in
1657 577 1776 644 hac,

184 669 500 734 materiam;
530 683 628 724 nec
655 669 883 724 alterum
917 671 1036 726 sine
1064 669 1234 725 altero
1274 685 1453 740 posse.
1499 670 1782 738 Quomodo

184 771 356 832 potest
378 761 519 818 idem
551 776 675 818 esse
723 763 866 832 quod
904 755 1116 829 tractat,
1142 771 1196 824 et
1219 763 1364 834 quod
1398 763 1694 826 tractatur?
1721 763 1780 820 Si

183 857 295 923 quis
321 854 462 918 dicat
492 852 636 916 idem
666 869 788 914 esse
830 854 1048 924 ﬁgulum
1086 855 1230 924 quod
1262 855 1457 922 lutum,
1493 863 1586 910 aut
1609 857 1777 916 lutum

183 945 322 1012 idem
355 961 476 1007 esse
507 946 649 1016 quod
704 945 948 1017 ﬁgulum,
984 962 1162 1002 nonne
1202 957 1392 1018 aperte
1436 948 1672 1004 insanire
1708 950 1790 1003 vi—

182 1039 407 1094 deatur?
438 1041 507 1102 At
540 1040 628 1095 isti
671 1056 778 1102 uno
815 1052 1024 1096 natura:
1061 1041 1283 1104 nomine
1323 1040 1456 1104 duas
1489 1056 1577 1095 res
1607 1040 1787 1096 diver-

181 1133 422 1188 sissimas
450 1133 915 1202 comprehendunt
940 1176 955 1201 ,
985 1134 1151 1200 Deum
1183 1141 1237 1188 et
1284 1133 1546 1198 mundum
1571 1176 1584 1200 ,
1617 1133 1786 1188 artill-

180 1240 293 1280 cem
333 1232 387 1280 et
443 1239 613 1294 opus;
666 1223 959 1296 dicuntque
1001 1226 1230 1280 alterum
1271 1223 1391 1288 sine
1437 1225 1607 1279 altero
1649 1225 1786 1290 nihil

180 1332 357 1388 posse,
378 1326 627 1387 tanquam
647 1326 833 1386 natura
855 1317 925 1386 sit
945 1317 1298 1388 Deusmuudo
1315 1318 1630 1387 permixtus.
1648 1317 1780 1380 Nam

180 1411 448 1478 interdum
472 1412 549 1472 sic
572 1409 924 1480 confundunt,
953 1420 1009 1465 ut
1031 1411 1100 1465 sit
1122 1411 1257 1464 Deus
1282 1410 1398 1481 ipse.
1419 1426 1570 1472 mens
1593 1409 1780 1474 mundi

177 1511 230 1560 et
256 1501 486 1568 mundus
513 1504 583 1558 sit
613 1518 807 1573 corpus
836 1503 951 1564 Dei.
982 1502 1146 1570 Quasi
1175 1518 1303 1566 vero
1333 1503 1493 1568 simul
1517 1519 1640 1560 esse
1667 1519 1779 1560 cm-

178 1599 355 1668 perint
383 1598 635 1667 mundus,
665 1611 718 1658 et
740 1601 914 1667 Deus;
947 1615 1009 1655 ac
1040 1616 1145 1658 non
1178 1601 1290 1671 ipse
1330 1601 1589 1676 mundum
1631 1602 1774 1658 fece-

175 1693 245 1747 rit
274 1710 286 1746 :
317 1694 460 1764 quod
491 1703 544 1756 et
571 1695 672 1764 ipsi
702 1694 938 1751 fatentur
964 1695 1120 1760 alias,
1150 1711 1270 1756 cum
1303 1695 1578 1754 hominum
1610 1711 1772 1758 causa

176 1786 473 1856 praedicant
515 1802 636 1846 esse
676 1787 1015 1854 fabricatum,
1066 1797 1120 1844 et
1161 1789 1278 1848 sine
1324 1787 1527 1844 mundo
1557 1804 1699 1852 esse,
1731 1788 1776 1848 si

176 1881 328 1946 velit,
371 1881 572 1952 possit;
620 1882 882 1954 siquidem
930 1884 1068 1941 Deus
1117 1893 1200 1938 est
1246 1883 1425 1939 divina
1475 1892 1529 1938 et
1570 1892 1774 1940 mtcrna

175 1990 331 2034 mens
361 1991 390 2030 a
415 1991 639 2046 corpore
666 1971 840 2034 Soluta
869 1987 923 2034 et
949 1978 1134 2036 libera.
1162 1977 1329 2046 Cujus
1367 1978 1475 2034 vim
1519 1975 1777 2046 majesta-

174 2080 392 2141 temque
411 2070 662 2142 quoniam
681 2071 985 2146 intelligere
1013 2087 1121 2129 non
1144 2082 1418 2142 poterant,
1443 2072 1777 2128 miscuerunt

1806 1747 1855 1806 B

1888 483 2086 550 lianum
2117 503 2130 538 :

2390 624 2665 692 Totamque
2683 628 2840 677 infusa
2863 641 2954 692 per
2982 635 3119 680 artus

1980 685 2122 739 Mens
2140 687 2292 749 agitat
2313 689 2506 751 molem,
2529 685 2777 755 ct'magno.
2797 685 3082 755 Se'corpore
3101 694 3308 754 miscet.

1886 835 1986 900 Ubi
2011 847 2093 904 est
2121 852 2248 910 ergo
2278 837 2405 916 illud
2433 881 2447 904 ,
2476 839 2615 916 quod
2643 840 2803 922 iidem
2851 841 2950 918 ipsi
2982 843 3170 922 alunt,
3205 853 3259 920 et
3287 843 3487 922 factum

1890 947 2014 988 esse
2041 933 2217 1010 divina
2254 913 2611 1020 providentia,
2641 943 2695 992 et
2725 913 2956 1020 regilSi
2983 939 3126 1016 enim
3158 913 3284 1018 iecit
3313 921 3484 1008 mun-

1889 1029 2037 1097 dum,
2068 1029 2162 1084 fuit
2190 1045 2319 1106 ergo
2348 1031 2464 1086 sine
2489 1033 2709 1104 mundo.
2739 1032 2795 1100 Si
2823 1035 2978 1120 regit,
3011 1049 3118 1108 non
3145 1035 3327 1125 utique
3354 1036 3492 1108 sicut

1888 1138 2044 1199 mens
2093 1139 2290 1197 corpus
2319 1125 2477 1195 regit,
2507 1123 2602 1179 sed
2648 1135 2900 1204 tanquam
2952 1127 3200 1204 dominus
3243 1123 3486 1204 domum,

1890 1217 2065 1272 navim
2099 1218 2445 1296 gubernator,
2467 1203 2660 1294 auriga
2682 1201 2924 1296 currum.
2957 1218 3067 1300 Nec
3109 1201 3294 1296 tamen
3338 1201 3489 1300 mixti

1888 1322 2012 1371 sunt
2039 1314 2104 1386 iis
2132 1315 2312 1380 rebus,
2347 1330 2480 1386 quas
2507 1301 2721 1400 regunt.
2753 1316 2885 1396 Nam
2914 1316 2960 1398 si
2993 1317 3111 1398 llaec
3138 1319 3339 1396 omnia,
3371 1333 3490 1405 quae
3548 1342 3562 1357 ι

1886 1409 2150 1490 videmus,
2187 1410 2280 1472 Dei
2316 1410 2551 1478 membra
2604 1420 2758 1491 sunt,
2783 1411 2894 1492 jam
2949 1410 3276 1492 insensibilis
3302 1413 3368 1486 ab
3407 1413 3490 1470 his

1884 1505 2228 1584 constituitur
2251 1507 2389 1564 Deus
2415 1547 2428 1570 ,
2459 1507 2710 1586 quoniam
2752 1507 2989 1588 membra
3018 1523 3179 1589 sensu
3203 1517 3412 1580 carent,
3434 1519 3488 1564 et

1882 1601 2144 1678 mortalis,
2173 1599 2426 1679 quoniam
2455 1600 2695 1674 videmus
2726 1601 2968 1680 membra
2994 1617 3116 1678 esse
3145 1602 3410 1672 mortalia.

1950 1695 2174 1756 Possum
2216 1709 2569 1761 enumerare,
2612 1695 2820 1766 quoties
2857 1696 3154 1769 repentinis
3203 1704 3473 1772 quassatae

1888 1787 2118 1842 motibus
2145 1784 2232 1842 vel
2262 1784 2527 1841 liiaverint
2552 1794 2732 1854 terrae,
2759 1786 2843 1840 vel
2865 1785 3174 1852 desederint
3200 1787 3252 1842 in
3284 1788 3486 1856 abrupc

1886 1890 1996 1940 tum
2022 1897 2038 1945 ;
2087 1879 2298 1951 quoties
2330 1879 2592 1944 demersa:
2621 1881 2892 1952 ﬂuctibus,
2920 1891 2975 1937 et
3005 1882 3187 1948 urbes,
3217 1888 3269 1937 et
3296 1882 3487 1944 insula:

1886 1973 2118 2052 abierint
2163 1975 2213 2028 in
2258 1972 2622 2046 profundum;
2671 1972 2956 2044 frugiferos
2993 1990 3215 2050 campos
3263 1973 3486 2048 paludes

1887 2067 2287 2148 inundaveriut;
2319 2066 2539 2124 ﬂumina
2565 2077 2620 2124 et
2664 2078 2854 2140 stagna
2884 2069 3241 2140 siccaverint;
3277 2077 3488 2146 montes

1532 2205 1895 2268 VARIORUM
1934 2203 2163 2260 NOTIE.

245 2356 411 2414 Stoici
433 2367 687 2414 naturam.
713 2355 866 2427 Apud
890 2357 1202 2413 Ciceronem
1227 2356 1278 2411 in
1309 2353 1482 2427 primo
1504 2350 1763 2427 Academ.

170 2440 363 2504 quaest.
399 2422 775 2504 hancNaIurie
801 2429 1117 2504 divisionem
1145 2422 1480 2504 non-Stoicis
1505 2466 1518 2489 ,
1550 2422 1644 2504 sed
1676 2437 1769 2504 ye-

175 2496 279 2575 t'eri
308 2502 610 2575 Academim
638 2502 912 2575 assignat,
943 2512 1048 2575 etc.
1079 2499 1245 2575 Adde
1264 2499 1346 2552 his
1366 2538 1379 2563 ,
1423 2496 1562 2575 quod
1596 2496 1763 2575 Arist.

173 2573 273 2626 lib.
311 2589 346 2626 ιι
385 2574 546 2643 Phys.
579 2568 820 2626 naturam
851 2571 1116 2642 duplicem
1151 2570 1310 2636 iacit,
1357 2568 1770 2643 materianrsci-

171 2644 300 2700 licet
321 2653 376 2700 et
399 2638 644 2708 fortnam,
673 2643 896 2700 fortnam
926 2638 1106 2698 autem
1133 2658 1254 2697 esse
1283 2656 1500 2698 causam
1529 2638 1763 2696 ﬁnalem.

170 2715 468 2789 Macrob.i_n
487 2716 762 2789 Somnium
790 2715 930 2789 Scip.
960 2715 995 2788 l.
1021 2732 1058 2782 ι,
1082 2730 1130 2768 c.
1223 2732 1234 2766 ε
1260 2712 1601 2789 Alii,inquit,_
1624 2726 1769 2762 mun-

170 2788 297 2841 dum
327 2790 380 2841 in
410 2787 511 2840 duo
542 2787 854 2846 diviserunt:
881 2782 1097 2856 quorum
1127 2786 1343 2841 alterum
1373 2783 1516 2856 facit,
1550 2782 1768 2856 alterum

172 2860 389 2926 patitur,
429 2869 533 2914 etc.
579 2859 712 2927 Quid
763 2851 902 2927 quod
951 2857 1279 2928 Augustinus
1319 2851 1530 2927 quoque
1573 2853 1666 2907 lib.
1700 2851 1768 2906 de

168 2932 367 2987 Anima
395 2940 451 2986 et
477 2931 594 3001 ejus
620 2932 755 3000 orig.
784 2930 851 2984 ad
877 2931 1094 2985 Petrum
1126 2929 1522 3000 presbyterum,
1552 2940 1613 2988 ιι,
1642 2937 1764 2992 cap.

168 3002 219 3065 5,
275 3003 410 3058 duas
440 3003 600 3064 etiam
686 3015 866 3072 aturas
913 3003 1155 3071 agnoscit
1182 3019 1194 3056 :
1228 3009 1526 3062 creatorem
1582 3010 1764 3066 unam,

168 3074 340 3125 Deum
371 3067 604 3125 scilicet:
632 3018 877 3125 a’iteram.
903 3083 1204 3125 creaturam
1234 3087 1299 3125 ex
1325 3069 1451 3123 Deo.
1487 3067 1691 3121 BETUL.

167 3074 340 3128 Deum
371 3067 604 3140 scilicet;
632 3067 877 3140 alteram,
903 3067 1204 3127 creaturam
1234 3087 1299 3125 ex
1325 3069 1451 3123 Deo.
1487 3067 1691 3140 Barac.

247 3143 450 3210 Unam,
479 3138 794 3215 quw‘r/ﬁciat
817 3185 833 3210 ,
863 3138 967 3199 etc.
1001 3145 1206 3199 Seneca
1238 3142 1395 3212 epist.
1437 3139 1504 3194 6i
1533 3157 1546 3194 :
1576 3138 1768 3215 Dicunt

165 3217 336 3292 Stoici
385 3209 544 3292 uestri
606 3209 711 3270 duo
734 3209 840 3271 esse
887 3218 940 3269 in
969 3232 1137 3292 rerum
1178 3209 1403 3292 natura,
1457 3227 1520 3292 ea:
1575 3209 1769 3292 quibus

165 3289 345 3346 omnia
372 3289 519 3356 ﬁant,
551 3305 759 3344 causam
799 3298 845 3346 et
872 3289 1156 3342 materiam.
1190 3286 1406 3342 Materia
1441 3285 1580 3353 jacet
1608 3285 1764 3356 iners,

163 3376 247 3414 res
277 3360 346 3413 ad
367 3349 538 3414 omnia
568 3368 770 3431 parata,
803 3370 1061 3420 cessatura
1093 3359 1134 3414 si
1163 3374 1309 3412 nemo
1353 3349 1569 3409 moueat.
1602 3349 1768 3420 Causa

163 3442 363 3496 autem,
393 3431 446 3484 id
475 3444 566 3496 est,
590 3431 754 3495 ratio,
789 3432 1056 3484 materiam
1095 3434 1317 3500 format,
1360 3438 1405 3481 et
1447 3439 1767 3500 quocumque

163 3503 300 3569 vult,
330 3513 533 3556 versat:
568 3518 635 3556 ea:
678 3502 772 3555 illa
816 3503 958 3554 varia
1008 3496 1164 3569 opera
1213 3500 1466 3569 producit.
1503 3499 1568 3562 El.
1608 3496 1767 3566 paulo

163 3584 291 3644 post
333 3575 454 3627 aliis
499 3576 712 3629 verbis:
749 3573 946 3641 Nempe
974 3575 1210 3630 universa
1256 3587 1319 3625 ex
1353 3571 1579 3644 materia
1621 3577 1667 3621 et
1706 3583 1769 3620 ea:

162 3643 282 3698 Deo
310 3655 562 3699 constant.
599 3645 736 3698 Deus
763 3644 859 3718 ista
881 3654 1148 3718 temperat,
1172 3659 1286 3718 qua:
1314 3643 1625 3712 circumfusa
1652 3655 1764 3718 rec:

163 3726 329 3772 torem
360 3728 638 3784 sequuntur
682 3726 727 3770 et
757 3717 952 3769 ducem.
984 3710 1279 3770 'Potentius
1325 3710 1606 3766 autemest
1647 3710 1769 3784 quid

163 3790 317 3859 facit,
369 3782 506 3858 quod
560 3797 632 3848 est
687 3788 861 3863 Deus,
912 3787 1067 3858 quam
1118 3787 1332 3863 materia
1389 3785 1586 3854 patiens
1645 3782 1805 3856 ρει..

1273 3856 1621 3918 Garamans.

242 3952 358 4008 Nec
395 3957 608 4014 alterunt
655 3954 764 4008 sine
809 3953 969 4018 altero
1001 3968 1165 4022 posse.
1211 3950 1284 4011 lla
1333 3965 1453 4008 cum
1488 3958 1599 4022 vet.
1631 3949 1766 4022 edit.

163 4025 328 4090 Rom.
359 4040 548 4084 omnes
573 4042 704 4082 mss.
756 4037 950 4094 praeter
988 4019 1022 4078 2
1054 4025 1175 4094 lieg.
1229 4037 1337 4080 rec.
1369 4023 1424 4078 In
1465 4022 1500 4076 2
1529 4021 1601 4088 al.
1631 4019 1764 4094 Reg.

162 4113 282 4152 rec.
317 4114 408 4151 nec
430 4095 644 4151 alteram
669 4093 776 4150 sine
803 4097 964 4151 altera
992 4112 1096 4149 esse
1140 4093 1304 4164 posse.
1353 4096 1416 4148 Et
1458 4093 1770 4154 Lactantius

161 4171 332 4240 paulo
389 4168 647 4237 inferius,
697 4168 968 4239 dicuntque
1012 4169 1229 4226 alterum
1279 4166 1386 4224 sine
1425 4167 1586 4228 altera
1637 4165 1768 4219 nihil

161 4257 338 4309 posse.

243 4312 446 4369 Mundo
477 4312 777 4383 permixtus.
812 4312 937 4374 Mss.
981 4311 1068 4376 12,
1104 4311 1241 4368 inter
1268 4324 1404 4380 ιιιιοε
1444 4317 1570 4366 sunt
1594 4309 1763 4383 antiq.

166 4384 192 4438 1
229 4383 444 4448 Bonan.
475 4381 528 4438 et
553 4384 713 4439 Cauc.
751 4384 947 4447 ferunt,
980 4384 1185 4438 mundo”
1213 4384 1542 4446 terminatus,
1572 4381 1667 4436 sed
1693 4382 1769 4437 ci-

164 4466 249 4509 tra
283 4471 526 4521 censum,
559 4456 728 4525 inquit
758 4454 1045 4510 Betuleius.
1075 4454 1390 4520 Permixtas,
1425 4468 1551 4508 vera
1582 4453 1760 4508 lectio.

167 4527 314 4586 Vide
345 4526 476 4586 infra
497 4568 509 4588 .
541 4531 851 4592 miscuerunt
881 4543 992 4582 eam
1020 4527 1227 4583 mundo.

247 4598 320 4664 Ut
359 4600 424 4658 sit
468 4599 605 4660 Deus
644 4600 752 4664 ipse
794 4616 933 4660 mens
976 4600 1172 4652 mundi.
1201 4599 1280 4652 De
1323 4596 1423 4650 hoc
1453 4595 1653 4650 dictum
1683 4606 1767 4651 est

161 4670 267 4726 lib.
300 4686 339 4736 ι,
371 4685 488 4740 cap.
523 4672 576 4726 5.
616 4670 948 4740 Epiphanius
993 4671 1094 4724 hoc
1125 4669 1314 4740 dagma
1361 4669 1499 4722 inter
1535 4666 1766 4740 Zenonis

161 4757 390 4798 errores
419 4738 666 4797 recenset
711 4738 847 4796 libro
887 4757 969 4810 ιιι,
1001 4751 1148 4800 tonio
1194 4738 1250 4798 ιι.
1281 4739 1494 4799 Memini
1525 4754 1610 4794 me
1639 4738 1765 4793 alibi

161 4829 234 4866 ex
269 4815 523 4869 l’lennete
553 4814 800 4868 retulisse
833 4814 996 4874 Deum
1026 4827 1124 4868 nec
1179 4824 1440 4875 mentem,
1482 4825 1581 4865 nec
1609 4810 1769 4878 spiri-

163 4893 312 4950 tum,
342 4901 438 4940 nec
469 4886 646 4940 lumen
670 4900 812 4950 esse,
847 4886 940 4942 sed
961 4899 1174 4942 causam
1207 4895 1265 4940 ut
1291 4884 1380 4940 illa
1413 4883 1536 4937 sint.
1561 4882 1763 4937 BETUL.

245 4955 317 5010 Et
346 4958 566 5019 mundus
613 4958 676 5010 sit
727 4973 911 5025 corpus
957 4955 1072 5010 Dei.
1135 4957 1284 5010 Plato
1335 4956 1386 5010 in
1428 4955 1649 5018 'l'immo,
1682 4956 1766 5010 τὸν

161 5030 360 5101 κόσμον
405 5030 478 5085 ait
519 5034 643 5093 ζῶον
680 5027 920 5101 ἔμψυχον
950 5033 1034 5084 καὶ
1063 5026 1546 5101 é’wow._blundum
1580 5035 1766 5101 autent

161 5096 329 5156 Plato
354 5115 550 5165 corpus
585 5102 673 5156 Dei
704 5096 865 5165 facit,
883 5116 984 5154 non
1011 5102 1164 5168 primi
1200 5099 1342 5153 illius
1365 5098 1641 5161 creatoris,
1671 5096 1768 5152 sed

159 5172 340 5225 futuri
369 5172 667 5241 cujusdam.
702 5173 836 5226 Hinc
862 5171 1104 5226 fortassis
1132 5171 1336 5226 Plinius
1363 5185 1576 5239 quoque
1611 5185 1769 5224 mun-

157 5244 299 5303 dum
335 5258 530 5297 numen
561 5244 708 5298 credi
739 5259 831 5312 par
859 5259 979 5303 esse
1005 5244 1235 5298 censuit.
1270 5243 1470 5298 Beroe.

242 5317 321 5369 Ac
350 5332 453 5369 non
478 5315 587 5383 ipse
612 5311 856 5370 mundum
883 5316 1074 5385 fecerit.
1110 5313 1133 5366 Ι
1143 5331 1249 5381 pse,
1295 5316 1437 5383 quod
1478 5311 1656 5368 addidi
1703 5327 1769 5369 ex

155 5387 426 5442 omnibus
455 5402 586 5443 mss.
617 5396 672 5443 et
697 5387 1105 5457 quamplurimis
1142 5386 1332 5451 editis,
1362 5385 1515 5443 deest
1541 5386 1594 5439 in
1630 5399 1769 5440 non-

157 5460 338 5515 nullis
368 5473 476 5512 rec.

246 5530 532 5592 Hominum
556 5546 732 5588 causa.
763 5529 815 5586 id
840 5545 1025 5586 verum
1049 5537 1134 5586 est
1155 5529 1316 5588 etiam
1345 5528 1483 5597 apud
1507 5527 1766 5584 Gentiles.

155 5603 377 5662 Plinius
424 5603 474 5656 in
522 5605 782 5672 prooemio
806 5603 928 5658 libri
971 5618 1162 5668 χχχιιι,
1196 5603 1292 5668 ait,
1319 5603 1497 5657 omnia
1537 5600 1772 5655 hominis

153 5689 338 5730 causa
367 5689 486 5729 esse
515 5686 716 5729 creata.

245 5746 516 5815 Siquidem
545 5746 684 5808 Deus
712 5755 782 5806 est
814 5747 986 5804 divina
1011 5756 1057 5800 et
1097 5755 1288 5803 (eterna
1315 5761 1454 5800 utens
1497 5759 1528 5800 α
1558 5758 1773 5811 corpore

151 5819 364 5879 soluta.
401 5819 742 5886 Desideratur
771 5820 928 5878 estin
970 5832 1073 5877 ms.
1124 5819 1144 5875 1
1193 5817 1400 5876 Bonon.
1443 5817 1612 5888 antiq.
1652 5824 1707 5871 et
1737 5819 1772 5871 4

1788 4498 1842 4558 D

1873 2341 1995 2416 edd.
2028 2340 2288 2416 recnsed
2316 2341 2688 2416 legunttmens
2718 2343 2917 2416 dicatur
2943 2361 3156 2416 corpore
3176 2348 3365 2404 soluta.
3397 2348 3483 2405 Si-

1873 2413 2016 2469 milis
2042 2415 2134 2469 Dei
2155 2413 2400 2468 ‘deﬁnitio
2428 2429 2491 2467 ex
2517 2413 2758 2469 Socratis
2779 2426 2939 2485 atque
2974 2415 3210 2473 Platonis
3237 2417 3478 2475 doctrina
3555 2442 3564 2449 -

1872 2487 2119 2555 estapud
2163 2486 2304 2540 Plut;
2358 2487 2412 2559 in
2445 2485 2662 2559 Placitis
2691 2488 2782 2542 lib.
2831 2503 2889 2550 ι,
2937 2503 3056 2559 cap.
3111 2491 3162 2546 1.
3211 2493 3482 2547 (laetorum

1871 2559 2176 2633 Stoicorum
2208 2559 2308 2619 hoc
2339 2557 2530 2633 dogma
2557 2557 2738 2633 ιδεμ.
2770 2559 2835 2616 ad
2866 2557 3225 2633 Chrysippum
3265 2573 3320 2621 et
3346 2564 3480 2619 Pos-

1873 2576 2176 2619 blulCOl‘llm
2208 2576 2308 2619 nou
2339 2576 2530 2626 βοειηῆ
2557 2576 2738 2618 Laert.
2770 2576 2835 2616 aa
2866 2576 2974 2616 hlll'

1873 2631 2139 2698 Sidonium
2164 2639 2411 2684 auctores
2442 2627 2624 2700 rel'crt.
2659 2627 2859 2700 BETDL.
2882 2576 3012 2696 εὖ

1872 2693 2060 2755 roneni
2090 2701 2141 2754 in
2173 2693 2929 2770 fragtncntisrConsolationis,
2963 2714 3016 2758 et
3047 2693 3243 2761 Ilibroi

3023 2631 3311 2708 id_t_‘é_cti:ml
3327 2635 3482 2691 Cice-

3321 2723 3478 2761 llSCU-

1877 2773 2050 2827 lanar.
2087 2783 2308 2841 (ιιιωειη
2332 2787 2450 2841 cap.
2484 2769 2536 2836 5,
2569 2771 2730 2840 idque
2757 2773 2834 2828 ex"
2863 2773 3108 2830 Platone.

1957 2843 2312 2921 Virgilianum.
2336 2844 2415 2921 _Ex
2444 2843 2660 2921 Virg._yt
2679 2843 2920 2912 Eueni,
2950 2863 3031 2906 ys.
3061 2845 3188 2916 726,
3207 2861 3328 2918 sup.
3353 2862 3476 2921 cap.

1873 2917 1925 2980 5',
1955 2927 2016 2992 et.
2045 2917 2112 2990 tle
2142 2915 2225 2987 lt‘it
2259 2915 2373 2992 Dei,
2407 2930 2526 2990 cap.
2559 2915 2642 2992 ll.

1946 2981 2090 3068 Sicut
2122 2981 2261 3068 mens
2514 2985 3060 3068 t’eg‘il.-Mtlct‘0l)._ilb.
3101 3005 3160 3068 ιι,
3213 3005 3333 3060 cap.
3387 2991 3475 3059 Η,

1871 3058 1940 3113 de
1972 3059 2194 3114 Somnio
2219 3053 2494 3130 Scipionis
2523 3075 2536 3109 :
2569 3053 3001 3130 Knimajnquit,
3032 3055 3116 3130 qui
3146 3053 3296 3130 herus
3326 3053 3479 3117 homo

1873 3142 1967 3194 est,
1990 3132 2052 3184 ab
2101 3131 2238 3183 omni
2278 3129 2567 3183 conditione
2610 3129 2939 3184 mortalitatis
2981 3129 3150 3186 aliena
3196 3129 3270 3188 est
3296 3150 3315 3188 :
3347 3138 3480 3188 adeo

1871 3213 1925 3255 ut
1954 3202 2022 3255 ad
2049 3201 2382 3280 imitationem
2413 3200 2509 3280 Dei
2539 3201 2788 3280 mundum
2823 3204 3074 3280 regentis,
3109 3215 3255 3280 regat
3284 3216 3329 3270 et
3363 3207 3492 3280 ipsa,

1871 3289 2083 3342 corpus,
2118 3273 2238 3326 dum
2271 3289 2303 3324 a
2324 3289 2376 3326 se
2403 3274 2680 3344 animatur.
2704 3261 2844 3327 ideo
2872 3261 3073 3344 physici
3096 3261 3342 3340 "nitidum
3366 3261 3478 3329 fita-

1871 3361 2026 3415 guunt
2058 3345 2332 3406 hominem,
2364 3353 2410 3396 et
2435 3343 2686 3397 hominem
2737 3343 2929 3399 brevem
2946 3343 3208 3405 mundum
3255 3363 3364 3403 esse
3392 3348 3476 3400 di-

1871 3426 2056 3470 xerunt
2075 3457 2089 3480 ,
2118 3425 2222 3470 etc.
2257 3416 2466 3469 Bevus.
3345 3417 3350 3426 '

1945 3485 2015 3561 Et
2043 3486 2287 3561 mortalis.
2323 3486 2509 3542 Recte.
2540 3484 2676 3544 Vide
2717 3501 2878 3558 supra
2925 3502 3054 3544 mss.
3088 3489 3149 3544 11
3184 3497 3239 3544 et
3283 3489 3410 3547 edd.
3442 3491 3476 3547 9

1871 3558 2307 3700 édiilliiizlfrsciesse
2334 3631 2591 3684 mortalia.
2647 3631 2879 3686 Macrob.
2930 3632 3120 3700 eodem
3166 3630 3308 3698 loco,
3359 3639 3470 3691 tam

1869 3693 1937 3782 ex
1978 3704 2317 3782 antiquorum
2361 3700 2840 3782 philosophorum,
2880 3693 3039 3782 quam
3083 3719 3150 3758 ex
3193 3693 3476 3782 Ciceronis

1872 3773 2120 3848 doctrina
2160 3773 2956 3848 monet,_mund'um'quadam
2986 3774 3138 3848 parte
3189 3777 3474 3848 mortalem

1871 3845 2064 3920 videri,
2113 3853 2166 3900 ut
2200 3845 2395 3920 animal
2439 3841 2803 3920 exanimatum
2830 3888 2844 3912 ,
2877 3846 2961 3918 vel
2986 3841 3145 3920 'ignis
3176 3847 3472 3920 extinctus,

1871 3917 1956 3971 vel
1989 3917 2222 3972 siccatus
2250 3917 2464 3971 humor.
2497 3917 2705 3994 Βετυιι.
2951 3917 2955 3918 “
3031 3917 3049 3928 ⁷
3229 3917 3236 3922 “

1875 4028 2214 4158 mgiaverint
2235 4040 2400 4087 terrm.
2441 4029 2572 4090 Vide
2606 4030 2833 4092 Plinium
2866 4031 2960 4102 lib.
2995 4048 3068 4101 ιι,
3101 4047 3221 4103 cap.
3256 4031 3349 4102 80,
3380 4033 3476 4102 92,

1945 4173 2264 4229 Desederint.
2297 4174 2424 4229 Mss.
2457 4175 2491 4230 5
2518 4189 2628 4230 rec.
2652 4184 2708 4230 et
2748 4175 2814 4230 15
2857 4175 3041 4232 excusi
3081 4175 3476 4237 descenderint:

1873 4244 2084 4319 7_Reg.,
2107 4246 2257 4319 .luu.,
2285 4245 2502 4319 2Colb.
2545 4247 2742 4302 habent
2783 4246 3082 4319 deciderint;
3120 4248 3144 4302 1
3178 4247 3311 4319 Reg.
3347 4249 3476 4302 ceci-

1872 4317 2059 4372 derint.
2089 4317 2159 4372 At
2187 4318 2473 4372 desederint
2504 4328 2587 4374 est
2615 4318 3129 4384 quamplurimorum
3161 4317 3292 4373 mss.
3332 4321 3474 4373 inter

1871 4404 2007 4456 qtios
2044 4399 2167 4442 sunt
2193 4391 2548 4456 antiquissimi
2569 4389 2604 4441 ‘2
2628 4389 2834 4444 Bonon.
2869 4384 3034 4456 Cauc.
3066 4397 3121 4443 et
3143 4388 3272 4444 edit.
3303 4389 3338 4443 2
3360 4399 3468 4446 vet.

1872 4455 2031 4514 Rom.
2058 4459 2240 4530 anue
2268 4455 2427 4514 lectio
2457 4468 2539 4514 est
2561 4460 2818 4530 genuina,
2840 4467 2897 4513 et
2919 4455 3271 4516 Ciceroniana
3299 4479 3312 4515 :
3337 4461 3472 4517 desi-

1869 4531 1987 4584 dere
2012 4527 2265 4586 eniin'est
2304 4527 2626 4584 descendere.
2651 4527 2829 4586 Cicer.
2862 4547 2876 4585 t
2905 4530 2973 4586 de
3005 4530 3123 4588 Div.
3173 4533 3239 4590 97
3269 4550 3279 4586 :
3305 4531 3472 4588 Labes

1870 4604 1981 4672 agri
2013 4601 2477 4665 Privernatis,cum
2506 4603 2573 4654 ad
2595 4601 2849 4667 infinitam
2871 4602 3197 4660 altitudinem
3217 4613 3352 4659 terra
3383 4605 3474 4659 de-

1866 4675 2092 4729 sedisset.
2121 4673 2255 4728 lbid.
2282 4673 2350 4728 78
2373 4691 2385 4724 :
2415 4673 2582 4732 Multa
2605 4673 2796 4744 Oppida
2813 4676 3115 4738 carruca-int,
3147 4673 3321 4744 multis
3345 4675 3472 4729 locis

1869 4745 2004 4799 labes
2041 4747 2176 4872 [agit
2204 4746 2291 4812 sit,
2335 4754 2578 4816 terraeque
2616 4745 2918 4800 desederint.
2949 4745 3078 4806 Vide
3101 4745 3354 4811 Plinium,
3377 4745 3469 4802 lib.

1869 4833 1930 4872 ιι.
1950 4832 2066 4872 can.
2176 4855 2190 4870 .

1868 4832 2066 4886 n,cap.
2100 4819 2190 4872 9i.

1869 4961 1913 5016 Ο
1941 4887 2242 5016 (artiﬁci-os
2277 4904 2505 4958 campos.
2540 4886 2855 4959 Exemplum
2882 4897 2964 4945 est
3005 4904 3156 4946 mare
3181 4888 3470 4948 Hortuum.

1920 4977 1968 5016 ιιι
2014 5003 2026 5014 .
2079 4977 2095 5014 ι
2141 4976 2284 5016 .xv:

1920 4961 2026 5018 vid.
2059 4961 2152 5016 lib.
2178 4976 2246 5016 xv
2271 4978 2284 5014 ;

1993 5074 2106 5139 Eidi
2128 5074 2235 5139 ego\
2247 5073 2374 5136 quod
2398 5073 2563 5139 {iterat
2599 5074 2840 5139 quondam
2863 5075 3153 5139 solidissima
3172 5081 3325 5139 terra,

1996 5136 2117 5200 Esse
2137 5135 2316 5186 fretum
2347 5151 2356 5183 :
2387 5137 2482 5200 vidi
2503 5135 2654 5185 factas
2673 5152 2734 5185 ex
2756 5151 2960 5200 aequore
2983 5135 3142 5187 terras

1994 5198 2057 5249 Et
2084 5199 2248 5262 procul
2273 5213 2301 5247 a
2327 5199 2504 5261 pelago
2526 5201 2725 5249 concute
2745 5198 2949 5262 jacuere
2972 5203 3201 5259 marinae,

1997 5263 2056 5312 Et
2082 5261 2222 5312 vetus
2238 5263 2439 5312 iuventa
2460 5268 2539 5311 est
2557 5263 2609 5311 in
2626 5261 2872 5312 montibus
2894 5264 3107 5313 anchora
3129 5264 3350 5324 summis,
3374 5271 3470 5315 etc.

1872 5382 2006 5440 Vide
2030 5385 2182 5454 plura
2205 5382 2344 5456 apud
2376 5382 2657 5439 Philonem
2694 5383 2762 5439 de
2793 5384 3009 5452 Mundo,
3043 5395 3095 5440 et
3123 5384 3262 5456 apud
3286 5385 3474 5444 Vadia—

1872 5473 1997 5513 unm
2033 5458 2084 5510 in
2107 5456 2294 5510 Metam
2323 5455 2416 5509 lib.
2451 5471 2488 5521 ι,
2518 5457 2576 5528 in
2607 5471 2726 5526 cap.
2767 5457 2835 5512 de
2863 5457 3130 5514 Numidia.
3161 5455 3364 5514 BETUL.

1946 5529 2146 5599 Stagna
2165 5528 2484 5582 siccaverint.
2517 5526 2590 5581 ns
2619 5543 2751 5594 mss.
2779 5537 2833 5584 et
2859 5529 3008 5585 editi.
3045 5530 3256 5586 Siccarc
3282 5539 3476 5588 neutra

1873 5600 2282 5674 signiﬁcatione
2311 5599 2502 5667 accipi,
2535 5599 3274 5674 inauditum.—Siccauerint.
3307 5604 3477 5674 Spar-

1872 5670 1992 5728 kius
2014 5689 2026 5723 :
2051 5669 2356 5747 Tacentibus
2374 5687 2519 5747 rnss_.,
2539 5672 2741 5747 inquit,
2765 5689 2876 5726 mea
2894 5683 3014 5747 utar
3039 5669 3364 5747 conjectura,
3383 5677 3477 5730 (ιο⁴

1873 5761 1964 5798 nec
2013 5744 2192 5798 melior
2241 5758 2293 5796 se
2335 5741 2607 5807 obtulerit,
2658 5753 2702 5796 et
2747 5745 3008 5800 rescribo:
3045 5741 3198 5802 Sicca
3223 5749 3474 5802 aruerint.

1877 5815 2080 5871 Neutra
2098 5813 2232 5869 enim
2252 5813 2633 5885 signiﬁcatione
2654 5816 2840 5888 accipi,
2865 5816 2919 5871 id
2948 5827 3022 5874 est
3040 5817 3352 5875 inauditum.
3370 5818 3481 5880 Sed
