4076 6350
589 221 714 329 ’τιε

1715 257 1904 319 FIRM.
1946 252 2316 318 LACTANTII
2354 255 2557 319 DlVlN.
2598 255 2769 319 lNST.
3748 275 3819 334 iit

607 388 771 443 etiam
797 384 882 442 vel
913 380 1213 440 deciderint
1237 377 1487 448 abrupti,
1519 375 1604 434 vel
1631 377 1805 450 planis
1837 377 2034 434 fuerint
2059 377 2202 432 adre-
2226 380 2282 440 Α
2309 377 2514 434 Deinde
2543 378 2747 433 intulit:

607 481 774 550 quati.
827 479 1090 532 Plurimas
1117 475 1398 545 regiones,
1439 480 1494 526 et
1536 472 1825 526 multorum
1858 471 2203 526 hmdamenta

606 574 868 631 montium
892 572 1063 626 latens
1085 579 1138 624 et
1163 569 1406 624 internus
1431 567 1565 636 ignis
1595 565 1848 633 absumit.
1884 566 1949 619 Et
1978 565 2080 619 hoc
2112 580 2206 635 pa-

604 683 722 723 rum
753 678 858 732 e5t,
885 667 929 720 si
961 664 1219 720 membris
1244 661 1360 717 suis
1392 676 1498 715 non
1534 661 1703 730 parcit
1731 661 1889 724 Deus,
1920 662 2020 714 nisi
2041 659 2204 714 etiam

604 762 807 818 homini
837 759 1207 830 liceataliquid
1227 760 1277 812 in
1306 758 1399 812 Dei
1414 772 1644 828 corpus:
1671 757 1837 810 maria
1856 766 2200 819 extruuntur;

605 868 816 911 montes
842 853 1186 915 exciduntur,
1215 861 1268 906 et
1288 850 1353 904 ad
1373 849 1638 905 eruendas
1667 863 1799 920 opes
1829 847 2079 902 interiora
2100 855 2204 900 ter-

604 968 678 1007 ra:
711 951 914 1005 viscera
943 947 1292 1004 etl'odiuntur.
1323 946 1461 1014 Quid
1510 945 1653 1018 quod
1703 961 1770 1000 ne
1805 946 1942 1000 arari
1986 944 2201 1015 quidem

603 1044 720 1099 sine
750 1042 1076 1098 laceratione
1099 1040 1266 1096 divini
1293 1040 1535 1109 corporis
1569 1049 1741 1108 potest
1769 1038 1792 1092 ?
1819 1048 1875 1092 ut
1896 1039 2004 1108 jam
2033 1039 2205 1093 scele-

603 1139 702 1194 rati
735 1146 790 1192 et
823 1136 965 1206 impii
998 1138 1188 1200 simus,
1219 1135 1311 1206 qui
1356 1135 1445 1190 Dei
1478 1135 1716 1188 membra
1745 1133 2024 1188 violemus.
2061 1133 2203 1188 Pati-

606 1240 762 1285 turne
798 1244 930 1299 ergo
961 1227 1142 1302 vexari
1181 1243 1380 1295 corpus
1406 1242 1559 1280 suum
1593 1226 1753 1288 Deus,
1787 1236 1837 1280 et
1874 1225 2105 1280 debilem
2144 1242 2204 1282 se

611 1321 697 1377 vel
721 1323 836 1392 ipse
855 1320 1051 1385 facere,
1077 1320 1162 1374 vel
1183 1319 1484 1374 abhomine
1507 1317 1619 1373 ﬁeri
1643 1318 1809 1373 sinit?
1837 1317 1936 1372 nisi
1961 1319 2098 1374 forte
2123 1318 2205 1374 di-

617 1417 772 1470 vinus
796 1415 886 1469 ille
913 1429 1127 1482 sensus,
1159 1413 1250 1485 qui
1275 1412 1474 1468 mundo
1501 1422 1558 1468 et
1597 1413 1846 1467 onmibus
1874 1412 2059 1467 mundi
2089 1428 2204 1483 par-

613 1509 755 1563 tibus
795 1507 1092 1577 permixtus
1117 1517 1236 1572 est,
1283 1509 1506 1578 primam
1536 1517 1692 1561 terra:
1735 1505 1926 1561 faciem
1959 1506 2200 1576 reliquit,

603 1615 667 1653 ae
697 1617 754 1655 se
783 1600 834 1654 in
860 1601 962 1654 ima
985 1599 1266 1666 demersit,
1295 1615 1362 1654 ne
1391 1599 1517 1671 quid
1555 1599 1758 1654 doloris
1785 1600 1852 1654 de
1881 1600 2095 1655 assidua
2127 1601 2204 1654 la-

603 1695 875 1750 ceratione
913 1696 1162 1750 sentiret.
1192 1692 1345 1762 Quod
1387 1695 1429 1748 si
1463 1693 1564 1748 hoc
1596 1709 1790 1748 vanum
1821 1703 1876 1749 et
1903 1695 2196 1750 absurdum

2400 490 2648 560 Desipere
2673 498 2765 542 est.
2803 490 2926 550 Quid
2953 493 3084 560 enim
3109 493 3458 560 imntortaltbus
3479 501 3611 560 atque
3625 499 3756 552 beatis

2403 554 2569 617 Gratia
2595 565 2756 604 nostra
2796 562 2949 616 queat
2975 553 3202 617 largirier
3223 553 3549 616 emolumenti,

2405 616 2467 666 Ut
2491 626 2657 667 nostra
2677 619 2938 680 quidquam
2963 616 3106 667 cauSa
3132 630 3318 680 gerere
3339 623 3699 684 aggrediantur?

2377 744 2445 800 Et
2475 745 2684 801 merito.
2716 745 2797 800 Illi
2833 745 2975 800 enim
3006 745 3206 801 nullam
3250 745 3500 803 rationem
3542 749 3813 822 aderebant,

2306 854 2404 894 cur
2435 840 2728 895 humanum
2754 855 2924 910 genus
2945 840 3026 896 vel
3048 850 3309 908 creatum,
3339 841 3418 898 vel
3437 844 3742 902 constitutum
3763 863 3824 905 es-

2306 941 2390 988 set
2423 948 2454 987 a
2501 934 2626 988 Deo.
2673 932 2925 987 Nostrum
2977 932 3079 988 hoc
3103 933 3340 988 officium
3368 944 3468 1002 est,
3495 949 3824 996 sacramentum

2307 1027 2489 1082 mundi
2522 1040 2572 1082 et
2605 1028 2838 1083 hominis
2868 1043 3141 1098 exponere
3162 1069 3180 1096 ,
3231 1028 3385 1098 cujus
3409 1029 3479 1084 illi
3501 1042 3736 1100 expertes,
3758 1050 3820 1088 sa-

2307 1121 2536 1175 crarium
2561 1122 2798 1176 veritatis
2824 1136 2922 1176 nec
2943 1122 3232 1191 attingere,
3265 1137 3366 1177 nec
3386 1122 3558 1178 videre
3578 1135 3822 1194 potuerunt.

2307 1227 2435 1282 ergo
2465 1212 2546 1285 (ut
2573 1214 2729 1283 paulo
2767 1224 2892 1268 ante
2933 1213 3200 1284 dicebam)
3233 1229 3358 1269 cum
3399 1217 3764 1286 assumpsissent
3787 1218 3824 1273 id

2305 1307 2449 1379 quod
2475 1318 2591 1362 erat
2618 1324 2826 1373 verum,
2859 1308 2912 1363 id
2953 1319 3058 1375 est,
3089 1310 3346 1365 mundum
3375 1325 3406 1365 a
3445 1310 3548 1366 Deo
3573 1311 3766 1379 factum,
3789 1327 3828 1370 et

2306 1397 2582 1454 hominum
2607 1416 2768 1454 causa
2798 1416 2920 1455 esse
2945 1401 3138 1454 factum
3164 1418 3179 1466 ;
3223 1409 3421 1469 tamen,
3454 1404 3681 1471 quoniam
3700 1405 3825 1459 eosin

2305 1494 2761 1559 consequentibus
2812 1493 2948 1547 ratio
2976 1492 3196 1557 defecit,
3230 1508 3337 1548 non
3388 1504 3653 1561 potuerunt
3687 1495 3828 1552 delen-

2305 1583 2436 1638 dere
2464 1583 2513 1637 id
2554 1583 2694 1654 quod
2742 1593 3164 1652 assutnpserant.
3201 1584 3443 1654 Denique
3481 1585 3634 1654 Plato,
3671 1603 3726 1642 ne
3761 1588 3828 1644 Dei

2307 1694 2442 1748 opus
2491 1678 2815 1733 imbecillum
2862 1687 2918 1734 et
2956 1680 3234 1764 ruinosum
3286 1678 3507 1748 faceret,
3553 1682 3601 1736 in
3624 1693 3829 1738 :eteruutn

603 1798 686 1844 est
711 1830 726 1855 ,
779 1798 888 1842 tam
942 1786 1104 1857 igitur
1157 1787 1258 1856 ipsi
1303 1797 1586 1856 eguerunt,
1618 1803 1777 1858 quam
1810 1788 1926 1842 haec
1954 1787 2199 1859 indigent
2230 1784 2276 1843 Β
2306 1771 2438 1825 dixit
2465 1788 2586 1826 esse
2616 1786 2947 1836 mansurum.
2981 1771 3036 1828 Si
3069 1773 3345 1827 hominum
3373 1788 3526 1829 causa
3556 1773 3706 1829 factus
3742 1786 3828 1842 est,

575 1899 790 1953 ,sensu.
821 1885 910 1954 qui
941 1900 1046 1939 nou
1080 1892 1477 1953 perspexerant
1506 1882 1746 1937 divinum
1786 1883 2003 1953 quidem
2043 1884 2200 1953 spiri-

607 1985 720 2032 tum
751 1993 873 2032 esse
903 1977 1102 2046 ubique
1142 1975 1394 2030 dill'usum
1416 2018 1430 2041 ,
1481 1991 1652 2047 coque
1683 1977 1863 2030 omnia
1883 1976 2196 2041 contineri,

604 2085 714 2125 non
759 2080 936 2123 tamen
987 2071 1079 2127 ita.
1110 2080 1166 2122 ut
1212 2068 1356 2122 Deus
1384 2068 1528 2139 ipse,
1573 2069 1661 2138 qui
1713 2079 1791 2123 est
1835 2070 2198 2138 incorruptus,

605 2162 858 2233 gravibus
887 2170 942 2216 et
968 2161 1401 2230 corruptibilibus
1422 2161 1706 2216 elementis
1731 2163 2038 2216 misceatur.
2065 2161 2199 2215 illud

603 2273 732 2327 ergo
764 2257 982 2319 rectius,
1007 2256 1148 2327 quod
1175 2272 1204 2310 a
1239 2256 1459 2310 Platone
1487 2256 1563 2327 (in
1593 2255 1804 2325 Timteo)
1833 2265 2200 2326 sumpserunt,

607 2370 636 2407 a
672 2353 780 2408 Deo
810 2353 1005 2406 factum
1038 2366 1160 2406 esse
1199 2350 1479 2418 mundum,
1518 2361 1572 2406 et
1595 2350 1836 2420 ejusdem
1871 2351 2202 2422 providentia

606 2447 912 2518 gubernari.
943 2444 1238 2515 Oportebat
1264 2446 1423 2514 igitur
1459 2454 1512 2498 et
1558 2443 1835 2499 Platonem
1857 2485 1872 2509 ,
1905 2453 1958 2498 et
1994 2459 2087 2498 eos
2112 2444 2204 2514 qui

611 2541 752 2596 idem
802 2547 1109 2604 senserunt,
1141 2538 1337 2593 docere
1366 2548 1528 2608 atque
1549 2537 1824 2607 explicare
1845 2580 1857 2602 ,
1881 2554 2001 2608 quae
2021 2553 2202 2605 causa,

609 2648 728 2704 qua:
753 2632 891 2686 ratio
922 2631 1080 2685 fuerit
1108 2631 1238 2684 tanti
1277 2629 1458 2701 operis
1487 2628 1814 2695 fabricandi;
1855 2644 2025 2700 quare
2056 2627 2161 2684 hoc
2187 2670 2203 2696 ,

606 2738 700 2782 aut
730 2725 882 2796 cujus
910 2725 1079 2795 gratia
1110 2723 1319 2780 fecerit.
1993 2731 2000 2736 ‘

683 2822 754 2876 At
782 2820 940 2874 iidem
975 2819 1164 2885 Stoici,
1207 2817 1505 2884 hominum,
1537 2817 1820 2887 inquiunt,
1864 2831 2028 2872 causa
2055 2832 2209 2871 mun-

611 2914 713 2969 dus
733 2911 954 2967 etl'ectus
981 2922 1083 2966 est.
1119 2911 1314 2967 Audio.
1358 2911 1463 2968 Sed
1493 2910 1758 2980 Epicurus
1785 2910 2028 2982 ignorat,
2063 2911 2210 2980 ipsos

578 3055 587 3067 ,
616 3004 861 3059 homines
887 3018 1052 3074 quare
1073 3045 1089 3069 ,
1127 3010 1222 3058 aut
1259 3003 1379 3074 quis
1423 3001 1680 3058 effecerit.
1713 3000 1846 3056 Nam
1886 3003 2169 3058 Lucretius
2192 3043 2207 3068 ,

610 3113 734 3153 cum
757 3097 960 3153 diceret
987 3096 1244 3151 mundum
1278 3112 1382 3150 non
1405 3111 1528 3152 esse
1553 3111 1582 3149 a
1609 3094 1712 3150 diis
1732 3097 2106 3163 constitutum,
2133 3095 2211 3150 sic

609 3191 685 3248 ait
716 3192 826 3264 (lib.
859 3208 890 3245 v
915 3191 978 3245 de
995 3190 1197 3246 Natura
1223 3191 1416 3262 rerum)
1441 3208 1454 3245 :

736 3313 920 3378 Dicere
946 3326 1092 3378 porro
1111 3315 1358 3378 hominum
1382 3326 1528 3364 causa
1547 3313 1758 3364 voluisse
1781 3325 1957 3377 parare
1985 3328 2000 3376 ;

734 3376 1025 3428 Preeclaram
1060 3377 1224 3426 mundi
1248 3385 1473 3426 naturam

2304 1873 2358 1918 et
2383 1864 2453 1916 ita
2485 1861 2662 1919 factus.
2682 1874 2766 1919 est
2802 1873 2860 1918 ut
2893 1873 3039 1919 esset
3062 1874 3320 1931 internus,
3361 1882 3458 1922 cur
3481 1882 3599 1937 ergo
3623 1868 3709 1937 ipsi
3734 1884 3831 1936 queo

2306 1973 2424 2012 rum
2449 1973 2606 2012 causa
2637 1957 2806 2014 lactus
2827 1969 2933 2025 εει,
2959 1973 3064 2014 non
3091 1969 3218 2014 sunt
3244 1962 3553 2030 sempiterni
3572 1962 3592 2013 ?
3610 1962 3657 2016 Si
3679 1971 3830 2015 morta-

2305 2053 2406 2118 les,
2440 2067 2659 2122 propter
2683 2067 2817 2123 quos
2846 2051 3018 2107 factus
3040 2064 3143 2121 εει,
3177 2069 3306 2124 ergo
3327 2064 3385 2109 et
3413 2054 3523 2124 ipse
3552 2055 3757 2110 mortalis
3776 2065 3834 2108 at-

2304 2163 2409 2219 que
2448 2147 2710 2202 Solubilis.
2745 2147 2928 2218 Neque
2969 2147 3113 2202 enim
3145 2148 3310 2216 pluris
3340 2159 3426 2204 est
3456 2151 3594 2217 ipse,
3636 2163 3766 2218 quam
3790 2147 3832 2211 ii,

2305 2257 2531 2311 quorum
2558 2239 2726 2311 gratia
2757 2240 2928 2295 factus
2954 2249 3056 2295 εει.
3090 2239 3244 2308 Quod
3272 2239 3319 2296 si
3340 2242 3392 2296 ei
3424 2242 3557 2296 ratio
3579 2241 3832 2312 quadraret,

2307 2334 2631 2405 intelligeret
2662 2332 2954 2403 periturum
2982 2347 3125 2400 esse,
3157 2332 3278 2402 quia
3310 2332 3488 2389 factus
3511 2343 3606 2399 est;
3623 2349 3706 2388 nec
3721 2346 3837 2402 posse

2309 2431 2362 2485 in
2392 2441 2653 2486 aeternum
2682 2446 2920 2496 manere,
2952 2431 3052 2485 nisi
3083 2429 3228 2501 quod
3250 2431 3398 2502 tangi
3427 2446 3528 2488 non
3555 2439 3731 2502 potest.

2378 2525 2478 2592 Qui
2508 2534 2686 2578 autem
2719 2534 2876 2594 negat
2908 2523 3182 2578 hominum
3211 2539 3379 2580 causa
3405 2523 3618 2590 factum,
3645 2523 3719 2577 hic
3748 2521 3839 2578 nul-

2310 2620 2416 2675 lam
2461 2619 2722 2674 rationem
2757 2627 2924 2674 tenet.
2957 2619 3013 2674 Si
3051 2618 3194 2674 enim
3221 2618 3390 2687 dicit,
3421 2620 3590 2691 ipsum
3617 2619 3841 2675 fabricato-

2309 2729 2423 2770 rem
2450 2729 2546 2769 sua
2575 2729 2735 2770 causa
2785 2721 2928 2769 tanta
2977 2713 3092 2769 btec
3127 2729 3294 2785 opera
3341 2731 3468 2772 esse
3496 2717 3714 2772 molitum
3736 2757 3749 2780 ,
3773 2729 3843 2769 cur

2309 2822 2443 2878 ergo
2470 2823 2566 2862 nos
2597 2807 2704 2862 nati
2734 2807 2961 2862 sumus?
2984 2823 3082 2863 cur
3109 2809 3312 2864 mundo
3340 2809 3461 2880 ipso
3483 2809 3722 2866 fruimur?
3739 2805 3843 2876 Quid

2311 2901 2410 2956 sibi
2441 2902 2555 2955 vult
2584 2900 2798 2956 humani
2844 2901 3060 2972 generis
3097 2912 3532 2975 cazterorumqne
3557 2901 3845 2958 animantium

2312 2994 2497 3051 ﬁctio?
2529 2996 2636 3052 Cur
2665 2995 2838 3052 aliena
2868 2995 3152 3052 commoda
3184 2997 3596 3068 intercipimus?
3616 2996 3710 3054 Cur
3737 2993 3850 3050 deni-

2313 3104 2418 3158 que
2445 3103 2736 3160 augemur,
2769 3090 3080 3155 minuimur,
3111 3091 3437 3146 interimus?
3460 3091 3592 3160 Quid
3629 3090 3766 3144 habet
3786 3102 3849 3142 ra-

2236 3176 2282 3240 C
2319 3179 2480 3235 tionis
2510 3181 2624 3250 ipsa
2649 3181 2963 3251 generatio?
2991 3181 3118 3252 quid
3145 3194 3404 3253 perpetua
3427 3183 3707 3239 successio?
3730 3180 3855 3236 Nimi-

2315 3288 2434 3328 rum
2467 3272 2635 3328 videri
2663 3289 2762 3328 nos
2792 3274 2932 3330 Deus
2961 3275 3150 3341 voluit,
3173 3285 3228 3331 et
3247 3278 3360 3332 suis
3397 3279 3560 3333 variis
3589 3275 3849 3346 imaginibus

2311 3374 2565 3436 tanquam
2597 3366 2772 3438 sigilla
2813 3369 3146 3439 contingere,
3189 3369 3392 3440 quibus
3420 3386 3480 3427 se
3507 3369 3797 3431 oblectaret;
3819 3373 3858 3420 et

1936 3480 2299 3539 VARIORUM
2337 3481 2572 3538 NOTE.

612 3583 698 3638 cui
730 3582 970 3654 ignotum
1001 3589 1101 3644 est,
1124 3580 1298 3654 activa
1325 3581 1484 3654 verba
1515 3579 1724 3654 passive
1753 3594 1898 3654 smpe
1920 3578 2208 3654 usurpari?

617 3655 730 3709 Iloc
753 3650 891 3723 'ipso
917 3656 1081 3707 verbo
1106 3653 1324 3721 Apicius
1349 3653 1416 3707 de
1459 3655 1589 3706 Arte
1615 3653 1895 3711 culinaria.
1923 3650 1998 3705 lib
2050 3665 2204 3723 tv,_c.

614 3726 688 3780 9.:
722 3721 847 3779 Cum
877 3725 1174 3778 siccaveriut
1209 3724 1635 3793 superadsperges
1677 3724 1820 3790 piper
1848 3723 2044 3775 tritum.
2089 3721 2207 3774 Lib.

618 3814 694 3860 Ix,
728 3813 846 3864 cap.
883 3796 906 3848 1
947 3813 958 3846 :
993 3795 1058 3848 In
1087 3796 1333 3848 craticula
1359 3805 1600 3848 assantur
1626 3795 1836 3847 locusta:
1866 3809 1884 3846 :
1912 3810 2026 3845 cum
2052 3794 2216 3846 sicca-

619 3869 803 3923 verint.
827 3867 1037 3936 adjicies
1061 3867 1132 3918 eis
1154 3867 1205 3918 in
1227 3867 1476 3919 craticula
1501 3866 1696 3935 quoties
1721 3865 2041 3918 siccaverint.
2075 3865 2210 3918 BUN.

697 3937 896 3990 Montes
920 3939 1089 3989 etiam.
1123 3936 1323 3990 Plinius
1344 3937 1480 3991 inter
1508 3937 1762 3990 miracula
1793 3941 1978 3998 refert,
2007 3944 2218 3990 montes

622 4007 782 4065 etiam
810 4009 1250 4071 concucorrisse;
1284 4023 1441 4074 quem
1470 4008 1611 4071 vide,
1643 4008 1734 4062 lib.
1756 4023 1816 4071 lt,
1849 4022 1967 4074 cap.
1996 4008 2084 4062 83.

695 4079 946 4134 Absumit.
974 4078 1048 4132 Ita
1081 4080 1190 4132 fere
1211 4094 1398 4132 utnnes
1418 4095 1550 4134 mss.
1584 4079 1634 4131 itt
1656 4078 1926 4147 przcsenti.
1955 4078 2020 4132 Et
2045 4085 2208 4132 recte.

622 4151 814 4205 Plures
835 4151 976 4203 enim
1005 4150 1153 4219 ignes
1180 4151 1374 4203 interni
1409 4152 1703 4204 etiamnum
1724 4161 2010 4216 Stlpersultt
2039 4151 2088 4201 iu
2115 4149 2214 4203 Ita-

623 4223 708 4277 lite
739 4223 1028 4287 montibus,
1051 4219 1209 4275 {Etim
1236 4233 1288 4275 et
1307 4221 1554 4287 Vesuvio,
1587 4222 1638 4272 iu
1669 4221 1835 4274 insula
1861 4220 2076 4284 Lipara.
2102 4233 2208 4274 etc.

621 4293 728 4348 Mss
779 4295 805 4349 1
843 4293 1045 4348 Bunon.
1077 4294 1269 4363 antiq.,
1303 4292 1463 4360 'l'ax.,
1503 4295 1528 4347 1
1557 4291 1709 4347 Colb.
1741 4291 2047 4362 absumpsit;
2074 4290 2216 4361 quod

626 4375 800 4420 tamen
829 4366 1139 4420 lleumanno
1169 4365 1449 4435 probatur.

2386 3575 2750 3650 constitutum.
2798 3577 2856 3633 In
2904 3579 3136 3650 antiquis
3173 3580 3504 3639 editionibus
3533 3626 3545 3649 ,
3590 3583 3858 3641 institutum,

2314 3649 2457 3719 quod
2493 3647 2811 3717 lletnnauno
2845 3647 3121 3718 probatur.

2391 3720 2782 3794 Sacramenta»:
2806 3723 2981 3774 mundi
3011 3733 3057 3776 et
3075 3723 3313 3779 hominis.
3346 3724 3435 3782 Sic
3461 3725 3593 3780 infra
3621 3741 3725 3794 cap.
3753 3723 3796 3787 5,
3814 3718 3860 3775 ad

2319 3791 2527 3868 initi-uin
2550 3831 2568 3868 ,
2625 3793 2669 3845 si
2695 3803 3071 3868 sacramentum
3116 3795 3336 3850 hominis
3384 3814 3535 3852 omne
3558 3791 3860 3868 cognovissent.

2395 3860 2447 3915 Μ
2455 3863 2647 3916 uadum
2669 3880 2699 3915 a
2726 3863 2836 3917 Deo
2874 3869 3087 3931 factum,
3119 3881 3167 3919 et
3197 3869 3464 3922 hominum
3493 3860 3644 3923 causa
3662 3883 3754 3922 esse
3778 3869 3859 3934 fac-

2323 3943 2449 4009 tum.
2488 3935 2643 3988 Deest
2669 3944 2724 3988 et
2751 3935 2801 4009 iu
2829 3936 2851 3989 1
2881 3937 3012 4009 Bon.
3042 3939 3237 4007 antiq.,
3258 3942 3444 4009 scripti
3463 3941 3497 3996 9
3517 3955 3620 3995 rec.
3644 3949 3693 3994 et
3712 3939 3742 3994 9
3763 3936 3859 3991 edit.

2325 4005 2518 4080 habent
2540 4046 2556 4070 ,
2609 4006 2856 4060 mundum
2881 4024 2914 4060 a
2947 4007 3053 4062 Deo
3083 4005 3273 4080 factum
3303 4052 3318 4076 ,
3372 4005 3425 4066 et
3472 4013 3718 4066 hominum
3749 4022 3865 4062 cassa

2318 4092 2424 4131 esse
2451 4077 2662 4146 factum.

2393 4148 2453 4202 Si
2493 4155 2760 4206 mortales.
2793 4149 2898 4204 Pro
2924 4151 2968 4204 si
3002 4152 3040 4204 ii
3077 4163 3196 4206 sunt
3241 4156 3513 4209 mortales.
3541 4155 3612 4208 Ita
3659 4154 3865 4208 lleumsn.

2394 4217 2517 4287 Ipse
2548 4221 2798 4294 mortalis.
2831 4221 3024 4276 Minuc.
3058 4222 3170 4277 Fel.
3199 4240 3316 4294 cap.
3345 4227 3419 4280 54
3447 4226 3682 4294 :(Plato)
3707 4221 3866 4294 εκιπὶρ·

2321 4307 2434 4362 sum
2460 4291 2707 4344 mundum
2748 4303 3046 4362 perpetuum
3078 4305 3125 4348 et
3151 4291 3682 4351 insolubilem'diceret
3706 4309 3791 4349 esse
3813 4292 3866 4360 {ﬂ-

2321 4361 2593 4436 hricatum,
2625 4361 2768 4418 addit
2796 4361 2984 4436 tamen,
3015 4366 3115 4428 ipsi
3140 4369 3350 4436 artiﬁci,
3388 4367 3499 4423 Deo
3535 4371 3627 4423 soli
3662 4363 3865 4422 etsohdti-

702 4435 869 4489 Maria
906 4431 1227 4492 extruuntur.
1265 4437 1582 4506 Exemplum
1613 4444 1696 4490 est
1723 4434 1914 4505 Tyrus.
1945 4435 2084 4490 Plin.
2118 4435 2212 4488 lih.
2243 4435 2296 4496 D
2325 4431 2435 4506 lem_
2465 4443 2510 4485 et
2541 4450 2648 4488 esse
2683 4435 2973 4491 mortalem.
3006 4437 3140 4492 BUN.

624 4525 678 4574 ν,
698 4524 819 4575 cap.
843 4507 909 4562 19
931 4527 942 4558 :
963 4507 1145 4577 Tyrus,
1171 4508 1362 4574 inquit,
1386 4508 1642 4577 quondam
1656 4508 1824 4561 insula
1844 4509 2058 4573 praealto
2088 4507 2218 4559 mari

624 4581 954 4649 septingentis
981 4580 1210 4645 passibus
1240 4579 1423 4643 divisa,
1455 4596 1588 4633 nunc
1632 4595 1772 4642 vero,
1813 4579 2096 4634 Alexandri
2125 4595 2221 4648 op-

627 4651 902 4722 pugnantis
928 4652 1185 4717 Operibus,
1218 4651 1500 4704 continens.
1531 4651 1604 4706 De
1655 4666 1761 4720 quo
1790 4649 2011 4706 Curtius
2042 4651 2134 4705 lib.
2167 4665 2220 4705 tv

626 4726 865 4792 Copio~e.
900 4723 1100 4777 BETUL.

699 4791 902 4848 Montes
931 4793 1251 4847 exciduntur.
1282 4791 1506 4846 Videtur
1549 4793 1787 4848 alludere
1813 4794 1878 4850 ad
1925 4792 2183 4849 Isthmum
2204 4835 2218 4860 ,

625 4882 784 4938 quem
810 4865 1024 4935 quidam
1056 4865 1208 4920 irrito
1233 4864 1416 4918 labore
1443 4866 1521 4987 sut
1543 4863 1803 4918 Proverb.
1842 4866 2022 4936 habet)
2048 4865 2224 4932 perfu-

625 4943 752 4987 dere
776 4948 896 4987 sunt
925 4935 1104 4987 conati
1128 4955 1140 4987 :
1175 4935 1256 4987 vel
1285 4935 1351 4987 ad
1380 4937 1444 4987 At
1470 4951 1556 4987 ton
1588 4947 1845 4987 montem.
1879 4937 1945 4987 de
1969 4937 2124 4987 cuius
2148 4938 2224 4987 la-

625 4935 752 4994 dere
776 4948 896 4990 sunt
925 4935 1104 4990 conati
1128 4955 1140 4990 :
1175 4935 1256 4988 vel
1285 4935 1351 4988 ad
1380 4935 1556 4988 Athon
1588 4947 1845 5001 montem,
1879 4937 1945 4991 de
1969 4935 2124 5004 cujus
2148 4938 2224 4991 la-

628 5009 855 5064 titudine
894 5023 967 5063 ID
998 5023 1246 5077 passuum
1275 5005 1484 5078 Xerses
1525 5006 1818 5078 abscidisse
1864 5007 2060 5078 legitur
2083 5007 2223 5077 apud

628 5081 856 5136 Plinium
884 5076 1008 5150 cap.
1038 5078 1104 5134 10
1129 5079 1218 5132 lib.
1249 5093 1336 5143 IV;
1363 5076 1596 5132 Historia
1614 5078 1752 5147 apud
1779 5076 1988 5204 Herodi.3
2013 5079 2102 5132 lib.
2125 5076 2220 5134 vlt.

1993 5166 2150 5204 ετυι.

1993 5166 2150 5205 ETUL.

698 5222 970 5279 Eruendas
998 5238 1139 5293 opes.
1171 5221 1262 5277 Sic
1288 5220 1518 5276 Ovidius
1539 5220 1607 5276 de
1635 5219 1815 5277 ferreo
1837 5224 2071 5278 saeculo:

750 5323 1056 5374 Etfodiuutur
1075 5336 1216 5387 opes,
1238 5324 1544 5372 irritamenta
1565 5322 1820 5374 malorum.
1913 5333 1920 5344 '

627 5429 717 5485 Sic
739 5427 939 5484 Plinius
984 5429 1036 5482 in
1069 5427 1333 5497 prommio
1380 5426 1498 5481 libri
1538 5443 1702 5482 xxqu
1737 5447 1749 5481 :
1785 5427 1930 5484 Intus
1958 5429 2008 5483 in
2038 5431 2228 5486 viscera

628 5501 760 5569 ejus,
783 5509 827 5552 et
852 5500 905 5552 in
929 5500 1048 5572 sede
1072 5499 1304 5553 Manium
1317 5515 1436 5567 opes
1453 5500 1748 5572 quwrimus,
1774 5511 2016 5570 tanquam
2043 5520 2228 5572 parum

629 5572 846 5641 benigna
875 5571 1131 5640 fertilique
1156 5587 1359 5641 quaqua
1389 5571 1635 5624 calcatur.

761 5657 827 5694 on
859 5650 1047 5717 tamen,
1075 5643 1145 5717 ita
1167 5640 1380 5717 uilicus
1406 5643 1536 5717 ipse.
1569 5643 1695 5717 Mss.
1726 5642 1850 5717 Jun.
1888 5644 2074 5717 legunt
2103 5663 2226 5714 nec,

633 5726 739 5788 pro
756 5728 878 5788 non.
904 5713 1081 5788 Abest
1098 5715 1170 5766 ita
1196 5714 1264 5766 ab
1287 5729 1392 5788 u_no
1418 5713 1744 5770 Bononiensi
1765 5713 2004 5788 antiq.,a
2022 5717 2057 5772 4
2073 5713 2226 5776 Colb.

634 5780 688 5849 et
723 5785 744 5841 1
771 5782 1035 5851 Clarom.;
1066 5780 1134 5836 ita
1162 5794 1268 5837 uta
1302 5783 1430 5840 Pen.

2395 4503 2547 4579 Ratio
2592 4509 2885 4579 quadraret.
2927 4508 3016 4563 Sic
3051 4523 3171 4578 cap.
3217 4510 3273 4571 5.
3303 4510 3502 4575 initio,
3534 4527 3633 4566 non
3675 4506 3869 4579 quadrati

2322 4578 2604 4651 rationem;
2631 4591 2683 4631 et
2715 4579 2776 4651 iit
2796 4578 2903 4651 line
2928 4582 3120 4646 capitis
3151 4582 3206 4644 7,
3236 4583 3370 4635 ratio
3395 4600 3501 4636 non
3529 4578 3791 4651 quadraret.

2398 4647 2509 4704 Sua
2550 4665 2723 4701 causa.
2757 4649 2874 4703 Lib.
2919 4667 2998 4714 tu,
3035 4667 3154 4721 cap.
3190 4653 3292 4707 i7:
3327 4653 3520 4707 Omnia
3541 4647 3638 4708 sua
3664 4666 3794 4706 causa
3813 4651 3869 4717 μ’

2323 4735 2434 4793 cere
2475 4721 2774 4789 sapientem.
2807 4721 2927 4776 Lib.
2959 4738 3010 4787 v,
3051 4737 3169 4790 cap.
3207 4725 3273 4778 I7
3302 4724 3656 4780 :Virtutem...
3689 4732 3870 4793 expeten-

2325 4791 2445 4844 dam
2471 4807 2577 4844 esse
2601 4802 2745 4846 aiunt
2771 4811 2863 4846 sua
2888 4810 3067 4848 causa.
3097 4794 3228 4849 BDN.

2401 4861 2566 4916 Tanta
2594 4864 2702 4916 haec
2745 4881 2921 4932 opera.
2954 4864 3268 4935 Elegantem
3314 4866 3458 4924 hanc
3494 4869 3760 4924 lectionem
3781 4873 3871 4916 con-

2277 4999 2285 5007 η
2328 4933 2542 5007 firmant
2573 4936 2804 5007 Bonum,
2839 4938 2998 4990 Is:eus
3023 4933 3076 4989 et
3112 4938 3228 5006 ipse
3257 4937 3575 4995 Lactantius
3605 4942 3690 4995 lib.
3719 4945 3871 5007 tt,_c:tp-

2327 5005 2361 5080 8
2384 5023 2394 5055 τ
2423 5005 2535 5072 Qua
2559 5005 2817 5061 molitione
2837 5008 2930 5061 hoc
2951 5004 3148 5061 tantum
3174 5026 3302 5074 opus
3333 5013 3534 5080 fecerit.
3562 5004 3873 5080 Ben—Tt!”

2329 5077 2437 5149 ha'c
2477 5093 2630 5145 Opera
2654 5094 2761 5132 esse
2795 5081 3046 5133 molitum.
3083 5080 3209 5135 Mss.
3237 5082 3307 5136 24
3327 5077 3383 5137 et
3415 5083 3452 5138 ὃ
3471 5083 3602 5138 edit.
3632 5085 3680 5138 in
3708 5079 3875 5149 quibus-

2329 5147 2450 5202 dam
2474 5159 2668 5202 tantum
2694 5165 2713 5203 :
2735 5151 2829 5205 sed
2854 5152 3010 5206 male.

2402 5219 2809 5291 therorumque
2827 5224 3189 5279 animantium.
3214 5223 3288 5280 Ita
3315 5225 3516 5282 Cicero
3538 5227 3626 5281 lib.
3653 5240 3686 5279 ιι
3710 5223 3766 5276 de
3788 5217 3873 5291 Nll-

2330 5290 2516 5367 Deor.,
2551 5308 2669 5361 cap.
2705 5286 2774 5348 55
2807 5315 2820 5347 :
2855 5295 3084 5367 Quorum
3125 5297 3282 5367 igitur
3309 5314 3472 5352 causa
3500 5301 3614 5367 quis
3647 5293 3804 5350 dixerit
3824 5286 3876 5352 εἷ’

2331 5365 2520 5434 fectum
2547 5381 2654 5417 esse
2680 5367 2966 5420 mundum?
2990 5365 3187 5421 Eorum
3221 5369 3423 5424 scilicet
3454 5365 3772 5423 animantium
3795 5372 3876 5430 ιιιιεε

2331 5434 2528 5488 ratione
2556 5445 2786 5490 utuntur.
2827 5436 2896 5490 Ili
2923 5449 3037 5491 sunt
3069 5439 3142 5492 dii
3173 5455 3222 5492 et
3246 5441 3505 5494 homines.
3541 5441 3668 5496 BUN.

2419 5504 2588 5562 Videri
2633 5525 2725 5562 nus
2764 5508 2903 5563 Deus
2942 5510 3117 5563 voluit.
3164 5510 3252 5566 Sic
3299 5522 3521 5568 veteres
3557 5512 3809 5567 editiones.
3840 5501 3878 5579 in

2332 5592 2437 5651 ms.
2473 5581 2496 5633 l
2537 5581 2743 5635 BonOn.
2775 5583 2942 5651 antiq.
2974 5592 3029 5637 et
3055 5583 3089 5637 5
3114 5581 3244 5637 edit.
3279 5591 3364 5639 est
3404 5584 3597 5638 videre.
3639 5583 3688 5636 In
3721 5583 3878 5634 cete!“

2332 5648 2486 5705 deest
2516 5667 2628 5704 nos.

2408 5721 2619 5793 Sigilla.
2662 5721 2721 5777 ιιι
2750 5732 2854 5790 εει,
2897 5739 3056 5794 parva
3103 5725 3409 5783 simulacra.
3449 5728 3548 5783 Est
3585 5728 3717 5782 enim
3745 5722 3879 5778 homo,

2337 5805 2550 5852 servata
2580 5795 2949 5867 pr0portione.
2973 5796 3040 5852 ad
3070 5796 3356 5872 imaginem
3391 5799 3494 5859 Dei
3523 5805 3747 5856 creatus.
