4076 6350
277 284 386 343 715

1425 286 1631 344 LIBER
1670 289 1780 347 νη.
1824 288 1912 346 DE
1954 288 2112 349 VITA
2151 292 2402 353 BEATA.

273 400 630 463 nihilominus
666 409 869 501 tamen,
900 404 954 501 si
990 403 1268 501 itaesset,
1306 419 1451 501 cura:
1498 406 1720 463 haberet
1761 408 1876 462 ani-
1900 412 1950 469 Α
1979 408 2035 465 Si
2058 426 2186 483 ergo
2209 414 2327 470 sine
2358 430 2516 473 causa
2541 431 2643 475 nec
2666 429 2769 488 est,
2792 436 2893 478 nec
2917 422 2975 479 tit
2999 427 3218 484 omnino
3238 430 3526 501 quidquam
3554 451 3569 488 :

273 504 509 562 mautes,
536 495 914 568 precipueque
940 495 1236 564 hominem,
1260 498 1412 567 cujus
1433 501 1661 570 imperio
1681 510 1874 556 cuncta

274 587 527 658 subjecit.
559 588 660 657 Qui
697 597 879 645 autem
911 589 1100 645 dicunt
1127 604 1343 660 semper
1383 589 1550 649 fuisse
1591 595 1873 661 mundum,

276 682 470 737 amitto
502 681 652 749 illud,
675 682 819 754 quod
850 697 972 740 esse
1000 684 1116 753 ipse
1136 683 1255 739 siue
1280 684 1460 754 aliquo
1485 687 1747 757 principio
1767 702 1874 741 non

277 784 481 846 potest,
516 776 660 831 unde
681 776 951 832 estricare
980 792 1039 832 se
1057 785 1360 847 nequeunt;
1385 777 1478 832 sed
1507 777 1607 831 hoc
1636 778 1758 833 dico
1789 797 1801 833 :
1831 778 1876 833 si

276 866 514 923 mundus
541 882 759 939 semper
782 868 901 935 fuit,
926 868 1124 924 nullam
1160 876 1338 939 potest
1366 869 1565 925 habere
1588 870 1870 926 rationem.

275 961 413 1030 Quid
442 963 587 1017 enim
618 961 793 1032 potuit
822 961 875 1016 in
905 976 973 1017 eo
1013 961 1154 1018 ratio
1191 961 1391 1030 utoliri,
1422 961 1565 1033 quod
1603 978 1876 1033 nunquam

275 1054 510 1123 sumpsit
533 1051 855 1110 exordium?
880 1051 1014 1109 Nam
1044 1054 1194 1124 prius
1219 1068 1379 1126 quam
1410 1053 1504 1110 ﬁat
1534 1054 1756 1126 aliquid,
1787 1061 1881 1110 aut

277 1153 539 1212 struatur,
583 1161 718 1218 opus
756 1155 839 1201 est
865 1145 1116 1213 consilio,
1148 1157 1208 1202 ut
1247 1146 1457 1217 disponi
1497 1147 1668 1218 possit
1692 1162 1880 1218 quem-

276 1237 569 1294 admodum
601 1239 714 1315 tipt,
739 1254 837 1294 nec
877 1238 1040 1311 incipi
1066 1238 1355 1310 quidquam
1384 1248 1562 1309 potest
1601 1239 1720 1296 sine
1757 1255 1881 1309 pro-

274 1330 488 1387 visione
533 1331 776 1387 rationis.
820 1331 1004 1403 Itaque
1047 1346 1209 1388 omne
1249 1346 1385 1403 opus
1418 1331 1558 1387 ratio
1602 1330 1876 1403 praecedit.

275 1422 393 1479 Non
424 1423 587 1480 habet
605 1439 738 1496 ergo
761 1425 1045 1491 rationem,
1072 1423 1213 1497 quod
1238 1424 1438 1480 factum
1461 1440 1565 1480 non
1588 1434 1691 1480 est.
1716 1424 1877 1496 Atqui

279 1516 516 1572 mundus
551 1518 814 1573 rationem
849 1516 1031 1584 habet,
1061 1531 1164 1588 qua
1194 1526 1250 1573 et
1292 1525 1527 1581 constat,
1559 1526 1613 1573 et
1641 1517 1876 1589 regitur;

276 1623 409 1683 ergo
434 1620 491 1667 et
516 1611 688 1668 lactus
726 1618 811 1666 est
840 1628 855 1666 :
883 1612 928 1666 si
966 1611 1139 1666 factus
1170 1618 1273 1677 est,
1301 1620 1356 1667 et
1381 1611 1702 1667 resolvetur.
1740 1610 1882 1667 Bed-

278 1705 410 1759 daot
432 1719 561 1776 ergo
585 1705 671 1761 isti
693 1703 980 1769 rationein,
1014 1704 1057 1759 si
1091 1712 1338 1775 possunt,
1375 1718 1471 1760 cur
1509 1717 1600 1759 aut
1630 1704 1800 1760 factus
1824 1703 1878 1760 in

280 1797 544 1868 principio
567 1797 658 1863 sit,
691 1808 778 1851 attt
812 1809 998 1868 postea
1025 1797 1344 1853 resolvatur.

353 1889 509 1958 Quod
538 1889 660 1961 quia
703 1889 901 1945 docere
929 1906 1035 1944 non
1071 1897 1280 1960 poterat
1320 1888 1609 1960 Epicurus,
1640 1888 1755 1944 sive
1785 1889 1886 1945 De-

282 1984 564 2050 mocritus,
613 1998 707 2038 sua
754 1992 947 2053 sponte
990 1994 1173 2038 natum
1221 1997 1342 2038 esse
1389 1981 1545 2047 dixit,
1591 1983 1886 2038 seminibus

280 2078 427 2133 inter
460 2090 520 2131 se
553 2075 752 2147 passim
780 2076 1118 2139 coeuntibus,
1157 2076 1353 2146 quibus
1385 2075 1575 2130 iterum
1607 2075 1881 2145 resolutis,

284 2168 565 2225 dissidium
598 2177 758 2240 atque
794 2169 1070 2223 interitum
1101 2177 1434 2224 secuturum.
1466 2167 1716 2238 Corrupit
1756 2184 1884 2240 ergo

284 2260 428 2334 quod
461 2272 607 2317 recte
632 2260 861 2328 viderat,
895 2270 950 2315 et
985 2269 1150 2314 totam
1180 2262 1444 2315 rationem
1478 2260 1694 2330 penitus
1734 2260 1885 2331 igno-

284 2356 458 2413 rantia
488 2354 714 2410 rationis
730 2354 923 2410 evertit
944 2370 959 2420 ;
984 2353 1296 2425 redegitque
1318 2352 1597 2421 mundum,
1627 2362 1680 2409 et
1701 2354 1882 2410 omnia

284 2462 407 2517 qua:
430 2446 482 2501 in
511 2461 578 2502 eo
616 2455 893 2515 geruntur,
920 2445 986 2502 ad
1027 2445 1430 2502 similitudinem
1466 2443 1742 2515 cujusdam
1786 2459 1881 2500 va-

284 2538 493 2594 nissimi
526 2538 745 2604 somnii,
784 2537 1049 2608 siquidem
1083 2536 1245 2593 rebus
1275 2536 1531 2594 humanis
1570 2538 1708 2592 ratio
1735 2536 1882 2592 nulla

278 2629 562 2685 subsistat.
592 2626 727 2684 Cum
757 2644 886 2684 vero
906 2630 1188 2696 mundum,
1221 2645 1515 2701 omnesque
1542 2639 1721 2699 partes
1740 2629 1880 2702 ejus,

282 2730 344 2778 ut
365 2721 629 2788 videmus,
654 2720 915 2777 mirabilis
945 2723 1082 2778 ratio
1105 2723 1404 2793 gubernet;
1440 2722 1717 2778 eum-emli
1746 2732 1886 2779 tem-

285 2814 520 2887 peratio,
543 2824 597 2871 et
619 2815 841 2887 aequalis
869 2814 923 2869 iu
950 2814 1063 2887 ipsa
1096 2818 1355 2872 varietate
1387 2830 1576 2872 cursus
1609 2826 1881 2872 astrorum

281 2907 655 2977 luminumque
678 2906 1007 2972 ctelestium,
1042 2918 1342 2976 temporum
1375 2918 1630 2963 constans
1656 2924 1720 2964 ae
1746 2910 1882 2965 mira

284 2999 599 3069 descriptio,
630 3010 895 3058 terrarum
918 3003 1061 3057 varia
1090 3001 1435 3069 ftecuuditas,
1472 3003 1627 3072 plana
1656 3017 1880 3071 campo-

284 3109 408 3150 rum
434 3094 784 3161 munimenta,
815 3106 872 3151 et
892 3110 1116 3167 aggeres
1139 3095 1426 3164 montium,
1459 3096 1701 3152 viriditas
1724 3097 1883 3154 uber-

1978 503 2025 560 si
2061 514 2116 561 et
2146 510 2476 578 providentia
2508 516 2702 570 Summi
2739 516 2828 571 Dei
2860 534 2925 572 ex
2967 519 3321 591 diSpositione
3366 543 3569 598 rerum,

1978 607 2028 651 et
2059 599 2230 656 virtus
2251 618 2316 657 ex
2345 606 2730 675 magnitudine,
2755 618 2811 664 et
2840 620 3074 681 potestas
3099 630 3163 671 ex
3180 618 3574 687 gubernatione

1981 692 2262 751 manifesta
2302 707 2384 753 est
2411 716 2425 752 :
2457 700 2682 758 hebetes
2704 718 2832 774 ergo
2860 714 2913 761 et
2942 706 3135 774 insani,
3166 712 3254 779 qui
3289 716 3578 783 providen-

1985 784 2111 842 tiam
2145 803 2250 845 non
2280 806 2401 848 esse
2441 792 2710 850 dixerunt.
2757 796 2873 853 Non
2921 799 3311 871 improbarem;
3354 806 3401 862 si
3440 808 3573 865 deos

1981 880 2181 937 idcirco
2212 896 2317 938 non
2349 899 2471 942 esse
2509 885 2776 956 dicerent,
2822 899 2881 946 ut
2918 908 3082 949 unum
3122 894 3408 954 dicerent:
3449 916 3573 958 cum

1981 983 2161 1030 autem
2201 974 2326 1032 ideo
2356 987 2415 1033 ut
2454 980 2681 1051 nullum,
2710 982 2804 1054 qui
2838 999 2933 1039 eos
2969 984 3229 1047 delirasse
3261 1006 3366 1047 non
3399 1003 3573 1064 putat,

1982 1067 2096 1138 ipse
2119 1066 2330 1128 delirat.

2598 1165 2828 1226 CAPUT
2867 1171 2954 1226 IV.

1986 1294 2138 1363 Quod
2190 1298 2363 1352 otnuia
2414 1300 2467 1353 in
2522 1300 2741 1372 aliquem
2801 1320 2949 1360 usum
3004 1319 3176 1365 creata
3224 1324 3362 1379 sunt,
3422 1317 3576 1372 etiam

2055 1406 2169 1460 qua:
2216 1392 2355 1447 mala
2398 1393 2631 1450 videntur
2675 1413 2693 1449 :
2746 1414 2904 1467 quare
2948 1400 3099 1456 homo
3150 1404 3203 1458 in
3249 1419 3352 1461 tam
3400 1408 3578 1481 fragili

2055 1481 2267 1553 corpore
2293 1486 2490 1541 ratione
2513 1487 2733 1558 fruatur.

2055 1596 2160 1653 Sed
2191 1597 2260 1654 de
2303 1601 2636 1669 providentia
2668 1604 2801 1660 satis
2831 1608 2882 1660 in
2913 1608 3089 1670 primo
3128 1609 3269 1665 libro
3312 1613 3571 1672 diximus.

1985 1690 2118 1759 Quia
2149 1701 2204 1747 et
2241 1693 2286 1748 si
2333 1704 2438 1760 est,
2487 1706 2546 1751 ut
2587 1707 2812 1768 apparet
2851 1716 2916 1755 ex
2963 1701 3309 1762 inirabilitate
3347 1723 3574 1778 operum

1911 1810 1959 1871 Β
1986 1798 2243 1850 suorum,
2279 1802 2504 1845 necesse
2547 1792 2836 1846 estctiam
2892 1792 3187 1863 hominem,
3243 1812 3581 1874 emterasque

1990 1877 2315 1947 animantes,
2361 1880 2549 1937 eadem
2590 1883 2929 1952 providentia
2960 1889 3246 1946 creaverit.
3288 1891 3582 1952 Videamus

1989 1981 2142 2040 ergo,
2172 1986 2292 2038 quae
2320 1972 2457 2027 ratio
2485 1975 2644 2029 fuerit
2667 1976 2900 2045 tingendi
2930 1981 3145 2050 generis
3174 1984 3425 2055 hun’tani;
3458 2004 3583 2059 quo-

1988 2062 2131 2117 niam
2153 2073 2386 2131 constat,
2418 2064 2467 2120 id
2496 2067 2637 2137 quod
2667 2067 2834 2124 Stoici
2865 2071 3085 2137 dicunt,
3114 2075 3389 2133 hominum
3421 2094 3586 2138 causa

1987 2155 2246 2210 mundum
2288 2173 2409 2213 esse
2453 2157 2767 2215 fabricatum
2814 2181 2827 2217 :
2872 2180 3177 2236 quanquam
3218 2170 3269 2224 in
3316 2170 3418 2228 hoc
3466 2173 3586 2245 ipso

1990 2262 2095 2300 non
2137 2247 2484 2304 mediocriter
2521 2262 2768 2322 peccent.
2799 2255 2944 2323 quod
2984 2272 3091 2313 non
3140 2259 3375 2317 hominis
3419 2279 3585 2322 causa

1985 2338 2192 2406 dicunt,
2231 2342 2326 2397 sed
2355 2342 2658 2401 hominum.
2692 2345 2859 2402 Unius
2889 2350 3032 2404 enim
3072 2353 3362 2423 singularis
3398 2360 3589 2428 appel-

1988 2433 2118 2490 latio
2156 2444 2324 2491 totum
2363 2438 2776 2508 comprehendit
2805 2439 3096 2498 humanum
3128 2461 3319 2516 genus.
3350 2449 3456 2506 Sed
3486 2453 3589 2511 hoc

1988 2526 2128 2593 ideo,
2160 2527 2281 2598 quia
2312 2527 2558 2599 ignorant
2584 2547 2748 2587 unttm
2795 2533 3066 2592 hominem
3104 2554 3133 2592 a
3170 2539 3277 2596 Deo
3306 2557 3430 2599 esse
3476 2543 3587 2601 t‘or-

1988 2627 2214 2685 malum,
2274 2631 2570 2693 putantque
2627 2623 2873 2682 homines
2924 2628 2977 2684 in
3033 2633 3283 2689 omnibus
3339 2639 3497 2695 terris
3535 2648 3592 2696 et

1986 2713 2131 2784 agris
2153 2723 2404 2786 tanquam
2433 2716 2627 2787 fungos
2652 2734 2773 2776 esse
2796 2730 3104 2791 generatos.
3134 2725 3200 2780 At
3230 2726 3453 2784 Hermes
3481 2745 3588 2787 non

1987 2809 2251 2880 ignoravit
2291 2810 2587 2877 hominem,
2615 2824 2670 2869 et
2701 2830 2732 2869 a
2776 2816 2907 2884 Deo,
2947 2830 3000 2874 et
3034 2820 3100 2874 ad
3133 2820 3224 2876 Dei
3276 2824 3587 2884 similitudi-

1987 2919 2110 2962 nem
2139 2906 2341 2961 lictum.
2365 2906 2469 2963 Sed
2498 2907 2662 2962 redeo
2702 2909 2769 2963 ad
2816 2913 3167 2981 propositum.
3208 2915 3349 2973 Nihil
3388 2932 3465 2976 est
3506 2924 3591 2991 (ut

1986 2998 2203 3071 Opinor)
2228 2999 2369 3069 quod
2398 3002 2467 3055 sit
2502 3012 2721 3070 propter
2749 3001 2984 3071 seipsum
3029 3004 3223 3062 factum
3258 3025 3272 3063 :
3301 3011 3394 3067 sed
3433 3014 3591 3084 quid-

1986 3093 2114 3164 quid
2143 3096 2363 3150 omnino
2393 3094 2486 3161 iit,
2517 3094 2584 3149 ad
2623 3110 2776 3150 usum
2808 3096 3041 3168 aliquem
3075 3096 3188 3155 ﬁeri
3230 3118 3451 3158 necesse
3481 3116 3584 3162 est.

284 3185 474 3258 ta'sque
500 3186 780 3256 silvarum,
808 3187 1037 3243 fontium
1060 3189 1414 3246 saluberrima
1443 3192 1673 3259 eruptio,
1706 3191 1883 3247 tlumi—
1910 3207 1956 3271 ρ
1986 3186 2117 3257 Quis
2153 3197 2238 3243 est
2276 3187 2418 3242 enim
2457 3187 2541 3243 vel
2582 3197 2686 3241 tam
2726 3188 2959 3258 ineptus,
3004 3190 3083 3245 vel
3128 3201 3233 3246 tam
3267 3197 3493 3262 otiosus,
3532 3206 3592 3253 ut

282 3295 413 3335 num
438 3289 741 3351 opportuna
781 3280 1077 3350 inundatio,
1109 3282 1274 3337 maris
1302 3283 1552 3353 opulenta
1580 3292 1635 3339 et
1663 3284 1880 3355 copiosa

279 3371 586 3439 ittterl'usio,
618 3381 898 3429 ventorum
938 3373 1150 3430 diversa
1179 3386 1234 3431 et
1279 3374 1420 3430 utilis
1450 3375 1730 3447 aspiratio,
1777 3391 1882 3433 cae-

285 3476 509 3537 teraqne
554 3467 731 3521 omnia
764 3468 973 3522 ratione
1018 3482 1226 3522 summa
1275 3476 1527 3523 constent
1565 3486 1579 3523 :
1619 3469 1740 3540 quis
1770 3478 1880 3526 tam

276 3572 460 3613 ca-cus
491 3565 597 3625 est,
628 3568 686 3614 ut
706 3559 979 3627 existimet
1002 3561 1118 3615 sine
1143 3573 1305 3615 eausa
1335 3574 1457 3615 esse
1484 3559 1648 3628 facta,
1681 3563 1732 3617 in
1762 3562 1882 3633 qui-

273 3650 378 3710 bus
409 3654 544 3711 mira
572 3653 855 3724 diSpOSiliO
882 3654 1372 3727 providentissime
1409 3655 1635 3712 rationis
1659 3655 1880 3713 elucet?

1985 3283 2327 3355 aggrediatur
2378 3281 2581 3352 aliquid
2631 3282 2807 3338 facere
2848 3281 3068 3347 frustra,
3110 3301 3177 3340 ex
3232 3302 3338 3357 quo
3383 3292 3583 3347 nullam

1985 3379 2295 3444 utilitatem,
2344 3378 2551 3433 nullum
2593 3377 2936 3433 commodum
2976 3380 3195 3450 speret?
3223 3381 3324 3450 Qui
3365 3384 3587 3444 domum

1984 3470 2235 3537 aediﬁcat,
2269 3485 2374 3526 non
2406 3469 2608 3526 idcirco
2634 3469 2887 3536 aediﬁcat,
2916 3480 2974 3527 ut
2996 3475 3365 3531 tantummodo
3392 3478 3585 3537 domus

1984 3564 2055 3621 sit
2088 3581 2101 3619 :
2129 3563 2225 3619 sed
2255 3570 2315 3618 ut
2343 3563 2396 3618 in
2423 3578 2487 3618 ea
2515 3561 2683 3632 possit
2712 3561 2960 3619 habitari.
2989 3565 3090 3633 Qui
3113 3581 3304 3623 navem
3332 3568 3580 3643 fabricat,

1985 3672 2090 3713 non
2121 3656 2242 3712 ideo
2270 3654 2494 3710 insumit
2518 3668 2758 3724 operam,
2789 3662 2847 3709 ut
2871 3662 3074 3711 tantum
3098 3658 3251 3713 navis
3280 3671 3538 3731 appareat
3569 3681 3583 3720 ς

1601 3769 1963 3830 VARIORUM
2000 3770 2231 3828 ΝΟΤιΕ.
2250 3820 2260 3835 .

351 3864 385 3939 ζ
389 3882 504 3939 pse.
529 3865 619 3922 Sic
646 3864 838 3939 Aldina
864 3865 1033 3922 editio
1050 3866 1218 3939 salias
1246 3866 1431 3939 multae
1459 3866 1649 3939 ipntm.

353 3937 505 4010 Quod
526 3954 636 3992 esse
675 3938 843 4005 ipsum
885 3940 994 3993 sine
1031 3937 1204 4010 aliqua
1241 3937 1493 4009 principio
1536 3956 1637 3995 non
1684 3948 1868 4008 potest.

270 4007 478 4066 Subest
512 4010 596 4063 his
622 4010 842 4082 antiqua
882 4007 1358 4082 elegantiaquatn
1391 4010 1626 4082 editores
1658 4025 1873 4082 quoque

271 4088 636 4147 corruperunt
655 4078 706 4133 iu
734 4078 983 4149 Epitome
1005 4096 1123 4150 cap.
1151 4081 1242 4144 67,
1276 4081 1363 4135 ιι1›ἰ
1388 4089 1534 4136 recte
1563 4078 1874 4139 Pfal’tius—ex

272 4168 382 4222 nis.
413 4151 633 4206 Taurin.
660 4168 674 4204 :
708 4152 921 4218 Semper
946 4156 1104 4222 fuisse
1142 4170 1245 4207 non
1271 4160 1432 4221 potest
1471 4157 1609 4220 quod
1641 4163 1686 4208 el
1722 4162 1798 4208 est
1826 4163 1875 4209 et

270 4220 409 4278 nisui
435 4224 662 4348 sugjacet
678 4240 699 4290 ;
729 4224 902 4293 ipsum
931 4220 1066 4278 enim
1093 4239 1216 4281 esse
1248 4220 1359 4278 sine
1382 4225 1555 4294 aliquo
1591 4226 1737 4280 initio
1770 4242 1873 4280 nou

274 4304 463 4348 potest.
535 4309 625 4348 uri.

313 4304 463 4349 01881.
492 4304 625 4350 BDN.
882 4347 893 4356 ,

274 4313 785 4437 Ροὲῧῗὶιιῗιῗιιροιεει
833 4347 1015 4421 Ιιὰὺετε
1053 4366 1322 4421 rationem.
1369 4365 1425 4421 Id
1474 4375 1682 4437 est.7ut
1728 4377 1876 4424 recte

269 4435 1129 4532 ξὲῗδῖξῖῗὶῗῖἒέἛιξεῗηὲςτηἾἮΨ
1158 4439 1327 4532 ,ἱῗέθθ
1368 4436 1650 4508 dimi“
1694 4440 1874 4510 pm'i‘
1896 4472 1954 4532 Ι)

269 4509 596 4566 (lentissime
620 4508 842 4565 rationis
868 4510 1127 4565 elueeret.
1155 4508 1290 4565 Buu.

353 4580 493 4646 Quid
539 4580 693 4635 enim.
723 4580 813 4637 Sic
840 4581 960 4651 lego
995 4595 1117 4636 eum
1153 4580 1190 4634 2
1222 4589 1331 4636 vet.
1369 4579 1499 4635 edit.
1538 4579 1696 4636 Rom.
1742 4591 1798 4636 et
1835 4582 1872 4636 2

270 4667 390 4709 ree.
434 4654 748 4723 cunctisque
773 4668 905 4707 mss.
954 4662 1148 4721 praeter
1194 4652 1357 4708 Cane.
1397 4651 1450 4706 in
1477 4667 1606 4720 quo,
1641 4661 1702 4708 ut
1740 4652 1793 4707 in
1837 4652 1873 4709 9

270 4723 459 4785 editis.
485 4734 568 4778 est
601 4724 698 4789 Qui
717 4725 888 4788 enim;
914 4724 950 4778 2
979 4724 1218 4779 Colbert.
1255 4723 1543 4791 Quomodo.

352 4794 660 4858 Seminibus.
688 4794 742 4849 ld
770 4804 873 4861 est,
907 4795 1136 4849 Atntuis.

349 4864 655 4921 Diuidium.
703 4864 852 4936 Β]θεὶ
892 4867 1189 4930 dissidium,
1229 4864 1372 4935 quod
1414 4865 1677 4936 plurimos
1707 4864 1874 4922 libros

271 4937 455 4995 adhuc
481 4949 858 5006 occupaverat,
897 4938 1250 4994 etrestituiex
1269 4937 1414 5008 Lips.
1436 4947 1587 5003 tert.,
1608 4937 1871 5006 Renum,

272 5009 419 5067 Ven.
453 5009 615 5076 1171,
659 5019 887 5079 utraque
923 5009 1012 5076 78,
1051 5009 1340 5064 dissidium.
1383 5008 1612 5065 Reddidi
1658 5024 1875 5081 quoque

274 5083 374 5137 lib.
404 5096 477 5146 tv,
506 5095 627 5148 cap.
651 5081 742 5140 30.
771 5081 857 5136 ubi
892 5081 1074 5150 plura;
1110 5092 1166 5136 et
1194 5080 1262 5135 ad
1292 5082 1383 5134 lib.
1422 5097 1537 5148 vnt,
1566 5079 1690 5151 cap.
1728 5079 1799 5149 6,1
1819 5080 1872 5136 in

273 5165 430 5219 nuta,
458 5158 701 5222 corporis
729 5152 1013 5219 animaeque
1037 5153 1328 5206 dissidium.
1360 5152 1492 5208 BDN.

320 5246 325 5249 ·
353 5222 631 5280 Subsistut.
676 5225 800 5278 Mss.
833 5223 869 5276 ‘2
897 5223 1133 5279 Claram.
1165 5224 1430 5289 subsistit;
1463 5224 1622 5280 Cant.
1655 5223 1870 5278 substet.

355 5294 644 5367 Omnesque
685 5304 853 5365 partes
900 5297 1031 5367 ejus,
1078 5305 1132 5349 ut
1174 5294 1427 5367 uidemus,
1467 5296 1714 5351 mirabilis
1744 5296 1875 5367 ratio

349 5367 538 5420 beruet.
569 5365 641 5421 lta
673 5367 882 5423 restitui
921 5365 987 5421 ex
1027 5367 1091 5423 1'5
1117 5366 1276 5420 editis
1309 5369 1624 5438 cunctisque
1654 5382 1781 5421 mss.
1815 5366 1875 5422 ltt

362 5452 492 5494 non.
540 5439 708 5508 autiq.
754 5439 805 5492 itt
853 5446 962 5508 quo
1004 5448 1059 5491 ut
1104 5438 1335 5502 deletur,
1387 5438 1585 5508 legitur
1619 5438 1876 5493 videamus

272 5510 739 5582 quemadmodum;
776 5509 828 5563 in
871 5509 959 5564 ed.
993 5509 1161 5580 Thys.
1193 5520 1250 5565 et
1269 5509 1409 5565 Gall.
1440 5512 1669 5565 uidemus
1697 5526 1878 5579 quem-

273 5581 580 5634 admodum.
1386 5613 1390 5617 «

238 5627 244 5631 .
273 5582 580 5651 admodum.
1050 5634 1060 5651 ,
1230 5650 1243 5651 γ
1386 5613 1390 5617 <

353 5650 602 5722 Εᾳιιαιίε
642 5652 696 5707 in
740 5652 856 5723 ipsa
897 5650 1163 5708 varietate.
1201 5650 1492 5707 Harmonia
1531 5659 1615 5707 est
1653 5651 1879 5722 aequalis

278 5726 541 5789 varietas,
570 5740 692 5796 quas
717 5724 771 5779 in
806 5723 1046 5796 siderum
1078 5738 1242 5779 cursu
1272 5723 1511 5796 maxime
1533 5723 1877 5796 animadver-

278 5795 443 5866 titur;
477 5806 533 5854 ct
552 5794 667 5853 hiec
695 5804 782 5854 est
810 5795 972 5868 Sylva
998 5797 1276 5867 signorum
1305 5794 1643 5866 caelestium,
1672 5794 1867 5868 quibus

770 5891 1046 5957 Panos.
1097 5888 1198 5954 VI.

1980 3866 2225 3941 Gentiles
2253 3865 2619 3941 cognitionem
2646 3864 2759 3920 veri
2800 3865 2890 3920 Dei
2930 3864 3131 3921 habere
3161 3877 3490 3941 potuerunt,
3521 3884 3582 3932 ut

1982 3938 2143 3995 habet
2169 3937 2465 4008 Apostolus
2493 3936 2560 3991 ad
2584 3935 2813 4008 Roman.
2844 3951 2961 4008 cap.
2994 3952 3038 4001 t,
3071 3953 3127 3993 v.
3156 3937 3248 4005 ευ,
3281 3949 3338 3996 et
3364 3935 3579 4000 Plutar-

1978 4012 2114 4086 chus
2150 4007 2266 4076 ipse
2296 4009 2435 4086 libro
2463 4007 2822 4086 t_de‘_l?la_citis
2855 4007 3334 4086 Philosophorum,
3362 4028 3482 4086 cap.
3518 4018 3572 4074 6.

2053 4081 2114 4138 Si
2138 4092 2184 4136 et
2214 4079 2557 4153 providentia.
2584 4077 2674 4153 Sic
2697 4080 2816 4153 lego
2836 4077 3228 4153 crumgomttibus
3255 4077 3575 4153 prope-mss.

1978 4162 2035 4208 et
2062 4154 2296 4208 excusis.
2344 4152 2403 4208 Si
2444 4152 2729 4219 repetitum
2775 4151 2901 4205 t'acit
2943 4151 3288 4208 illustriorem
3331 4151 3572 4216 sensum.

1982 4225 2138 4281 Deest
2167 4225 2288 4279 etin
2313 4224 2339 4278 1
2368 4224 2573 4278 Bonon.
2593 4221 2650 4276 In
2671 4222 2704 4276 4
2728 4221 2905 4287 Culb.,
2933 4222 2959 4274 1
2986 4221 3224 4276 Clarum.
3244 4233 3300 4278 et
3320 4224 3463 4280 Brnn
3490 4242 3577 4286 est

1976 4298 2021 4351 si
2050 4306 2097 4352 et
2145 4297 2453 4363 prudentia;
2489 4294 2645 4348 male.
2682 4290 2813 4364 Vide
2844 4293 3073 4364 prreced.
3103 4301 3158 4346 et
3187 4308 3340 4364 seqq.
3372 4297 3482 4352 Sed
3508 4301 3574 4355 de

1979 4362 2298 4438 providentia
2322 4365 2445 4419 satis
2465 4366 2708 4438 in_prt_m_o
2734 4362 2862 4415 libro
2891 4363 3135 4438 diximus.

2053 4438 2190 4512 Quia
2230 4447 2278 4492 et
2305 4438 2350 4512 si
2387 4445 2482 4490 est.
2504 4434 2570 4512 _lt_t
2664 4433 2797 4487 Bon.
2841 4434 3011 4512 antiq.
3051 4444 3106 4488 et
3147 4435 3182 4489 5
3215 4436 3340 4492 edd.
3373 4437 3571 4512 legitur

1978 4504 2099 4580 quia
2119 4510 2164 4561 si
2192 4519 2300 4580 est;
2324 4508 2376 4561 in
2404 4506 2591 4580 multis
2619 4504 3084 4580 impressiquuw.

2048 4578 2230 4634 Stoici.
2259 4579 2414 4649 Apud
2456 4576 2629 4633 Cicer.
2663 4574 2872 4631 Lucull.
2908 4575 3039 4632 Vide
3064 4577 3158 4633 inf.
3188 4592 3307 4650 cap.
3335 4579 3366 4635 7
3396 4591 3450 4638 et
3468 4584 3564 4642 lib.

1974 4650 2043 4706 de
2069 4650 2150 4705 Ira
2186 4650 2277 4704 Dei
2307 4665 2429 4706 cup.
2461 4650 2549 4704 13.

2048 4720 2316 4777 Homines.
2349 4716 2482 4777 Vide
2507 4734 2667 4790 supra
2696 4719 2788 4775 lib.
2822 4736 2881 4786 tt,
2906 4733 2955 4774 e.
2984 4716 3075 4775 2|.
3396 4758 3405 4767 .

2049 4792 2316 4868 Tanquam
2346 4794 2552 4868 fungos.
2579 4790 2697 4848 Jam
2728 4806 2889 4862 supra
2914 4791 3004 4846 lib.
3029 4806 3101 4857 νι,
3131 4806 3250 4861 cap.
3277 4793 3363 4859 10,
3387 4810 3562 4868 nega-

1975 4864 2051 4920 vit
2072 4863 2321 4921 homines
2345 4863 2576 4934 sparsim
2613 4872 2768 4919 natos
2802 4879 2944 4926 esse,
2987 4872 3239 4933 tanquam
3269 4881 3338 4920 ex
3365 4863 3564 4925 draco-

1974 4936 2060 4992 nis
2088 4935 2322 4992 Cadmazi
2347 4935 2619 4992 dentibus.

2045 5007 2111 5062 At
2144 5006 2377 5079 Hermes.
2410 5008 2466 5062 lit
2499 5004 2853 5079 Posmaadrq,
2884 5020 2989 5058 non
3028 5005 3186 5075 longe
3215 5019 3245 5060 a
3279 5007 3562 5079 principio.

1975 5079 2294 5134 Adscribatn
2336 5076 2552 5134 Marsilii
2584 5076 2989 5132 translationem
3020 5094 3032 5127 :
3069 5080 3129 5128 At
3161 5088 3305 5146 pater
3331 5076 3561 5138 omnium

1975 5151 2282 5213 intellectus,
2302 5151 2402 5203 vita
2420 5159 2469 5203 et
2493 5148 2667 5220 fulgor
2685 5148 2926 5209 existens,
2951 5147 3207 5200 hominem
3225 5148 3323 5202 sibi
3347 5152 3563 5209 similem

1976 5222 2196 5277 creavit.
2226 5231 2376 5288 atque
2411 5221 2459 5275 ei
2496 5230 2738 5290 tauquam
2773 5220 2883 5287 ﬁlio
2914 5234 3007 5272 suo
3048 5220 3431 5289 congratulatus
3465 5236 3559 5281 εει,

1976 5292 2208 5364 Pulcher
2252 5292 2387 5347 enim
2436 5302 2576 5357 erat,
2619 5291 2878 5364 putrisque
2916 5290 2996 5343 sui
3034 5292 3227 5364 ferebat
3268 5291 3561 5364 imaginem.

1978 5363 2120 5420 Deus
2153 5364 2287 5419 enim
2325 5379 2497 5418 revera
2534 5362 2746 5431 propria
2775 5362 2941 5435 forum
2971 5362 3210 5435 nimirum
3249 5362 3560 5435 delectatus,

1978 5452 2132 5508 opera
2159 5437 2268 5506 ejus
2299 5435 2471 5508 omnia
2501 5435 2614 5508 usui
2633 5431 3319 5508 concessit/rumeno:Inest.

2050 5503 2277 5579 Eictum.
2299 5506 2406 5561 Sed
2420 5505 2592 5569 redeo,
2609 5514 2714 5579 etc.
2737 5504 2865 5579 Mss.
2879 5503 2913 5558 8
2930 5514 3110 5579 rec._et
3127 5503 3161 5557 6
3178 5504 3326 5571 edtti,
3345 5510 3561 5579 factum.

2052 5577 2274 5632 Idcirco.
2306 5578 2636 5651 Sic‘reposui
2678 5576 2806 5651 ett_5
2833 5582 2938 5630 vet.
2956 5575 3130 5651 editis
3160 5586 3216 5651 et
3255 5575 3384 5651 nugs.
3418 5597 3562 5651 pm.

1981 5660 2062 5706 ter
2083 5653 2116 5705 6
2149 5663 2281 5713 rec.,
2311 5646 2508 5719 quibus
2532 5656 2617 5719 est
2636 5657 2683 5701 et
2710 5647 2846 5719 ideo,
2870 5657 2927 5719 ut
2955 5648 3007 5700 iu
3034 5646 3103 5702 10
3134 5648 3377 5719 vulgatis.

1985 5768 1994 5774 .
2052 5721 2288 5795 Insuntth
2301 5717 2532 5795 operam.
2564 5717 3068 5795 Mss._.l_ttn.,_Colb._.
3085 5717 3209 5775 edd.
3243 5720 3367 5776 Ald.
3400 5723 3562 5795 1515,

1986 5795 2155 5853 Paris.
2191 5788 2352 5863 159.5,
2385 5790 2630 5867 Gymnic.
2666 5788 2826 5856 1559,
2860 5790 3102 5847 Assumit.

2929 5884 3045 5970 ,24

3466 317 3572 375 716
3654 320 3657 323 “
