4076 6350
284 374 388 431 755

1419 365 1623 423 LIBER
1664 362 1776 420 VII.
1821 360 1918 417 DE
1947 358 2107 417 VITA
2140 359 2390 417 BEATA.

3479 344 3583 402 754

279 493 464 549 habet.
497 491 646 547 Illam
676 489 901 560 primam
933 485 1236 542 nescientes
1259 483 1568 555 accipimus;
1626 480 1764 534 hanc
1791 491 1879 533 se—
1906 475 1959 539 Α
2058 476 2197 546 Ergo
2241 475 2362 545 quia
2403 475 2651 527 virtutem
2684 470 2960 542 proposuit
2998 467 3200 522 homini
3248 467 3419 530 Deus,
3456 464 3585 519 licet

278 586 509 644 cundam
531 585 767 640 scientes
785 598 799 647 ;
814 581 996 636 virtuti
1023 579 1186 643 enim,
1213 593 1318 632 non
1351 586 1553 630 naturae
1567 574 1743 636 datur,
1764 569 1886 641 quia

277 679 450 734 voluit
483 691 581 731 nos
613 677 750 730 Deus
780 673 943 728 vitam
984 671 1139 726 nobis
1170 671 1220 724 in
1249 670 1353 722 vita
1385 678 1722 737 comparare.

350 769 559 824 Idcirco
596 769 734 822 hanc
752 765 907 821 nobis
926 771 1246 837 prmsentem
1275 759 1442 822 dedit,
1464 769 1520 813 ιιι
1544 758 1686 812 illam
1705 769 1884 811 veram

279 873 334 919 et
367 872 684 934 perpetuam
712 858 965 914 autvitiis
990 855 1318 920 amittamus,
1339 864 1427 908 aut
1452 852 1647 906 virtute
1677 863 1886 904 merea-

278 972 424 1012 mur.
445 955 500 1009 ln
521 954 621 1009 hac
645 951 912 1021 corporali
943 967 1047 1004 non
1071 958 1154 1005 est
1183 962 1450 1003 summum
1495 946 1723 1009 bonum;
1756 955 1889 1012 quo-

279 1050 427 1105 niam
455 1048 594 1103 sicut
621 1045 948 1101 necessitate
978 1042 1157 1097 ditina
1185 1040 1338 1094 nobis
1373 1038 1495 1092 data
1525 1046 1626 1099 est,
1663 1037 1733 1090 ita
1771 1050 1889 1089 rur-

279 1156 400 1196 sum
425 1140 602 1195 divina
627 1137 946 1193 necessitate
967 1136 1227 1191 solvetur.
1261 1133 1334 1188 lta
1353 1129 1492 1202 quod
1515 1129 1674 1185 ﬁnem
1704 1127 1886 1192 habet,

279 1247 552 1288 summum
573 1233 768 1286 bonum
795 1244 898 1283 non
918 1227 1096 1282 habet.
1117 1226 1174 1281 ln
1200 1224 1285 1279 illa
1305 1238 1434 1278 vero
1454 1221 1703 1292 spiritali,
1729 1213 1887 1288 quam

279 1341 379 1396 per
406 1341 506 1379 nos
539 1323 636 1392 ipsi
658 1321 1009 1392 acquirimus,
1033 1333 1299 1373 summum
1330 1317 1528 1370 bonum
1557 1313 1887 1376 continetur;

280 1417 407 1489 quia
445 1431 545 1472 nec
575 1415 774 1470 malum
817 1421 995 1484 potest
1034 1411 1267 1474 habere.
1322 1423 1422 1463 nec
1453 1407 1636 1462 finem.
1673 1404 1770 1461 Cui
1814 1406 1888 1460 rei

282 1518 662 1582 argumentum
697 1516 887 1561 natura
911 1515 966 1560 et
989 1505 1128 1559 ratio
1158 1501 1404 1571 corporis
1431 1500 1652 1570 praebet.
1683 1497 1890 1551 Caetera

281 1617 521 1674 namque
544 1599 795 1656 animalia
850 1599 902 1653 in
933 1598 1152 1652 humum
1193 1604 1444 1663 vergunt,
1502 1592 1625 1662 quia
1676 1599 1888 1645 terrena

280 1706 410 1754 sunt
430 1714 443 1758 ;
465 1710 562 1751 nec
583 1694 802 1765 capiunt
827 1689 1305 1755 immortalitatem,
1362 1701 1480 1756 qua:
1509 1686 1578 1739 de
1603 1683 1742 1740 caelo
1785 1691 1886 1738 est.

283 1789 462 1845 Homo
487 1797 665 1842 autem
692 1795 873 1841 rectus
893 1773 949 1839 in
977 1782 1174 1838 coelum
1202 1787 1433 1850 spectat,
1458 1777 1583 1847 quia
1617 1774 1891 1846 proposita

1987 569 2164 624 anima
2188 577 2242 623 et
2261 583 2456 634 corpus
2470 565 2772 623 consociata
2796 565 2930 629 sint;
2956 572 3132 617 tamen
3151 560 3417 616 contraria
3436 568 3591 627 sunt,

1989 674 2043 720 et
2068 665 2383 734 impugnant
2425 660 2673 715 invicem.
2714 657 2889 710 Animi
2933 657 3104 722 bona,
3137 653 3276 708 mala
3308 659 3434 707 sunt
3460 666 3584 707 oor-

1989 759 2167 828 poris;
2201 754 2251 809 id
2283 763 2387 820 est,
2410 769 2570 822 opum
2598 752 2740 819 fuga,
2765 753 3097 819 voluptatum
3131 745 3457 808 interdictio,
3486 744 3587 798 do-

1988 851 2120 906 loris
2142 848 2438 918 mortisque
2461 853 2816 914 contemptus.
2843 844 2972 898 Item
2999 839 3242 918 corporis
3263 840 3421 900 bona,
3449 837 3588 891 mala

1990 953 2114 998 sunt
2144 913 2473 1005 animt-hnc
2512 947 2625 1004 est,
2669 913 2953 1004 cupiditas.
2999 944 3052 990 et
3079 913 3282 996 ’hbidO,
3315 931 3507 1001 quibus
3534 935 3590 984 et.

1990 1051 2120 1106 Opes
2147 1044 2468 1106 appetuntur
2497 1041 2550 1087 et
2593 1033 2887 1087 suavitates
2922 1029 3187 1083 variarum
3233 1025 3588 1094 voluptatum,

1990 1130 2184 1200 quibus
2232 1136 2516 1183 enervatus
2567 1125 2779 1179 animus
2823 1122 3167 1193 extinguitur.
3214 1119 3340 1175 Ideo
3371 1131 3592 1174 necesse

1992 1232 2093 1285 est,
2118 1223 2320 1293 justum
2351 1230 2404 1276 et
2431 1219 2725 1288 sapientem
2757 1218 2809 1271 in
2839 1215 3086 1270 omnibus
3111 1213 3264 1268 malis
3288 1226 3428 1276 esse,
3457 1224 3594 1280 quo-

1994 1318 2136 1372 niam
2185 1314 2446 1368 tnulorum
2477 1311 2661 1366 victrix
2703 1319 2785 1364 est
2830 1306 3119 1370 fortitudo;
3155 1303 3379 1374 iujustos
3408 1310 3592 1356 autem

1995 1409 2047 1464 in
2079 1407 2298 1470 divitiis,
2330 1406 2380 1458 in
2412 1403 2644 1465 honore,
2693 1401 2745 1455 in
2778 1405 3065 1470 potestate.
3099 1397 3223 1449 llaec
3261 1395 3404 1449 enim
3453 1393 3595 1447 bona

1994 1501 2292 1570 corporalia
2321 1507 2376 1554 et
2405 1509 2616 1553 terrena
2643 1506 2786 1549 sunt.
2819 1492 2896 1548 llli
2928 1501 3104 1546 autem
3134 1499 3398 1544 terrenam
3431 1488 3593 1541 vitam

1994 1602 2188 1664 agunt,
2233 1606 2332 1646 nec
2371 1589 2583 1658 assequi
2631 1585 3088 1642 immortalitatem
3117 1589 3341 1653 queunt,
3369 1579 3491 1649 quia
3537 1591 3597 1633 se

1993 1683 2359 1754 voluptatibus
2399 1679 2736 1742 dediderunt,
2783 1691 2904 1747 qua:
2933 1683 3056 1728 sunt
3103 1671 3314 1726 virtutis
3344 1669 3595 1724 inimicat.

1991 1776 2178 1849 Itaque
2222 1777 2324 1830 vita
2366 1774 2479 1828 hate
2522 1771 2831 1840 temporalis
2882 1768 2956 1827 illi
3005 1779 3221 1820 interna:
3271 1764 3432 1819 debet
3478 1776 3600 1816 esse

282 1894 372 1938 est
399 1883 474 1938 illi
505 1879 920 1942 immortalitas;
951 1891 1052 1932 nec.
1076 1884 1256 1930 tamen
1287 1872 1452 1935 venit,
1504 1870 1604 1925 nisi
1636 1869 1901 1924 tribuatur
1930 1868 1977 1928 B
2005 1873 2245 1942 subjecta
2266 1912 2281 1935 ,
2311 1871 2449 1924 sicut
2487 1883 2683 1937 corpus
2711 1867 2924 1920 aninuc.
2955 1859 3208 1930 Quisquis
3248 1873 3376 1928 ergo
3406 1855 3600 1909 animas

285 1974 495 2030 homini
537 1989 568 2028 a
599 1972 727 2028 Deo.
762 1970 896 2027 Nam
929 1967 1064 2024 nihil
1094 1968 1383 2023 interesset
1412 1965 1552 2019 inter
1583 1963 1788 2033 justum
1841 1972 1928 2025 et,

284 2069 578 2140 injustam,
608 2065 870 2137 siquidem
925 2062 1104 2118 omnis
1145 2061 1306 2116 homo
1361 2067 1519 2113 natus
1571 2055 1895 2112 immortalis

287 2161 487 2225 fieret;
515 2175 644 2228 ergo
672 2156 1053 2237 immortalitas
1101 2167 1209 2209 non
1259 2151 1480 2223 sequela
1528 2161 1756 2216 naturae,
1797 2150 1894 2205 sed

286 2270 503 2312 merces
534 2255 920 2325 prteminmque
947 2252 1160 2307 virtutis
1189 2258 1292 2304 est.
1326 2247 1568 2318 Denique
1600 2246 1762 2300 homo
1789 2259 1898 2299 non

287 2347 472 2402 statim
500 2361 657 2416 quam
690 2357 846 2399 natus
895 2353 1001 2409 εει..
1053 2349 1232 2397 rectus
1265 2338 1597 2411 ingreditur:
1630 2337 1725 2391 sed
1767 2350 1903 2406 qua-

288 2439 491 2510 drupes
514 2437 710 2509 primo,
735 2437 857 2507 quia
893 2438 1031 2490 ratio
1059 2433 1306 2504 corporis
1344 2441 1399 2487 et
1427 2431 1588 2501 hujus
1618 2429 1900 2500 praesentis

289 2534 422 2589 vitae
448 2531 751 2588 communis
775 2539 858 2587 est
877 2529 1033 2585 nobis
1052 2543 1174 2584 cum
1205 2527 1367 2582 mutis
1397 2525 1749 2590 animalibus;
1783 2533 1903 2595 post

290 2627 493 2684 deinde
515 2625 846 2683 confirmatis
867 2623 1068 2679 viribus
1092 2623 1337 2694 erigitur,
1371 2630 1422 2676 et
1465 2621 1644 2692 lingua
1687 2620 1804 2691 ejus
1848 2621 1901 2675 in

293 2721 569 2793 eloquium
596 2720 844 2784 solvitur,
894 2729 948 2774 et
1006 2725 1214 2771 mutum
1256 2714 1452 2769 animal
1511 2728 1632 2768 esse
1683 2713 1900 2769 desinit.

294 2815 432 2884 Quae
459 2813 598 2869 ratio
645 2813 826 2874 docet,
869 2809 1152 2866 mortalem
1185 2807 1331 2862 nasci
1378 2806 1684 2871 hominem;
1719 2814 1903 2875 postea

294 2922 431 2963 vero
459 2904 820 2961 immortalem
867 2902 1004 2969 ﬁeri,
1037 2916 1157 2958 cum
1193 2899 1421 2970 creperit
1448 2913 1513 2953 ex
1544 2898 1652 2952 Deo
1699 2898 1904 2966 vivere,

300 3001 356 3056 id
390 3008 492 3063 est.
519 2999 783 3070 justitiam
815 2997 989 3067 sequi,
1012 3011 1132 3066 quze
1157 2995 1466 3050 continetur
1495 2993 1546 3046 in
1605 2992 1698 3046 Dei
1731 2994 1904 3056 cultu,

299 3109 426 3149 cum
457 3092 772 3148 excitaverit
793 3089 1066 3145 hominem
1102 3086 1334 3142 Deus'ad
1373 3093 1647 3155 aspectum
1676 3084 1797 3142 caeli
1846 3099 1910 3140 ac

301 3187 409 3243 sui.
435 3186 588 3255 Quod
617 3195 729 3239 tum
758 3185 834 3249 fit,
866 3197 988 3238 cum
1041 3181 1204 3235 homo
1231 3178 1438 3234 ecelesti
1471 3178 1690 3232 lavacro
1719 3175 1908 3246 purifi-

1997 1968 2159 2023 vitam
2207 1962 2490 2027 maluerit,
2535 1961 2694 2014 vitam
2736 1955 2979 2024 corporis
3022 1959 3333 2009 contemnat
3377 1961 3600 2003 necesse

1998 2068 2114 2125 est;
2148 2073 2248 2113 nec
2294 2057 2448 2111 aliter
2478 2055 2606 2110 eniti
2653 2052 2720 2107 ad
2767 2065 3033 2105 summum
3083 2046 3312 2117 poterit,
3347 2043 3448 2097 nisi
3475 2056 3597 2110 quae

1999 2161 2126 2208 sunt
2152 2151 2256 2205 ima
2287 2147 2610 2219 despexerit.
2641 2145 2743 2210 Qui
2771 2153 2948 2197 autem
2977 2137 3222 2210 corporis
3249 2138 3410 2190 vitam
3438 2133 3601 2190 fuerit

2001 2247 2302 2316 amplexus.
2331 2251 2388 2299 et
2413 2240 2733 2310 cupiditates
2761 2251 2886 2292 suas
2913 2236 2965 2289 in
2998 2231 3196 2288 terram
3221 2229 3498 2298 dejecerit.
3532 2227 3600 2314 il-

2003 2342 2107 2398 lam
2135 2339 2468 2410 superiorem
2499 2335 2659 2388 vitam
2695 2329 2953 2400 consequi
2996 2343 3100 2382 non
3145 2333 3340 2397 potest.
3371 2321 3478 2378 Sed
3510 2307 3601 2390 qui

2004 2433 2207 2491 mavult
2248 2433 2385 2487 bene
2413 2429 2591 2484 visere
2622 2429 2674 2481 in
2713 2434 2970 2479 :eternum
2991 2463 3005 2486 ,
3037 2421 3176 2474 male
3201 2418 3346 2472 vivet
3371 2415 3435 2470 ad
3467 2423 3603 2470 tem-

2006 2535 2136 2601 pus,
2187 2535 2242 2582 et
2283 2523 2545 2579 afficietur
2582 2519 2831 2574 omnibus
2893 2514 3151 2570 molestiis
3199 2521 3251 2566 et
3295 2509 3600 2572 laboribus,

2007 2622 2241 2695 quandiu
2267 2619 2426 2676 fuerit
2452 2620 2502 2671 in
2537 2628 2698 2680 terra,
2724 2622 2781 2667 ut
2814 2611 3010 2666 habeat
3032 2608 3269 2664 divinum
3301 2613 3355 2660 et
3379 2603 3604 2659 cmleste

2006 2717 2281 2772 solatium.
2329 2713 2394 2767 Et
2429 2711 2525 2780 qui
2575 2706 2823 2762 maluerit
2867 2705 3001 2759 bene
3047 2701 3227 2756 vivere
3270 2698 3336 2752 ad
3370 2706 3601 2764 tempus,

2009 2808 2148 2864 male
2175 2811 2317 2861 vivet
2357 2805 2408 2859 in
2453 2813 2748 2862 :eteruum;
2785 2794 3125 2851 damnabitur
3168 2791 3310 2846 enim
3340 2785 3606 2842 sententia

2011 2901 2109 2956 Dei
2139 2898 2204 2954 ad
2233 2910 2487 2952 aeternam
2533 2903 2768 2961 pwnam,
2800 2887 2920 2955 quia
2966 2881 3273 2939 ctelestibus
3302 2879 3456 2951 bonis
3493 2886 3604 2930 ter-

2012 3009 2137 3048 rena
2167 2987 2474 3061 priaposnit.
2502 2986 2789 3052 Propterea
2808 2979 2969 3050 igitur
2993 2976 3095 3031 coli
3122 2989 3181 3028 se
3210 2973 3350 3027 Deus
3379 2967 3603 3038 expetit,

2010 3096 2064 3142 et
2093 3083 2345 3140 honorari
2376 3081 2442 3135 ab
2467 3077 2680 3134 homine
2710 3085 2959 3142 tanquam
2988 3079 3158 3139 pater,
3183 3074 3241 3120 ut
3269 3065 3520 3119 virtutem
3543 3075 3606 3115 ac

2012 3178 2327 3250 sapientiam
2379 3182 2581 3237 teneat,
2627 3183 2745 3239 qua:
2783 3165 2899 3220 sola
2939 3160 3396 3217 immortalitatem
3447 3155 3603 3225 parit.

303 3291 478 3346 catus,
508 3278 727 3349 exponit
751 3276 1028 3332 infantiam
1051 3290 1172 3331 cum
1202 3273 1348 3328 omni
1380 3272 1500 3326 labe
1523 3274 1644 3324 vitm
1691 3270 1906 3340 prioris,
1935 3266 1979 3328 C
2013 3274 2144 3330 Nam
2176 3271 2296 3342 quia
2329 3267 2505 3323 nullus
2535 3265 2668 3318 alius
2698 3271 2891 3330 praeter
2921 3259 3094 3327 ipsum
3122 3255 3323 3308 donare
3351 3266 3469 3306 eam
3509 3263 3604 3320 po-

304 3383 365 3430 et
385 3377 717 3429 incretnento
747 3370 912 3427 divini
939 3369 1137 3440 vigoris
1157 3375 1400 3438 accepto,
1424 3365 1482 3420 fit
1509 3364 1672 3420 homo
1700 3364 1910 3435 perfec-

305 3477 396 3526 tus
421 3483 485 3524 ac
515 3468 728 3539 plenus.

2016 3378 2142 3436 test,
2167 3368 2287 3438 quia
2312 3363 2459 3420 solus
2483 3357 2740 3432 possidet,
2764 3354 3015 3425 pietatem
3039 3347 3287 3412 hominis,
3313 3360 3415 3416 qua
3442 3344 3607 3399 Deum

1667 3571 2028 3632 VARIORUM
2063 3567 2286 3628 NOTZE.

388 3704 682 3760 Nescientes
702 3701 996 3774 accipimus.
1023 3698 1148 3755 Mss.
1179 3697 1212 3751 4
1234 3711 1343 3753 rec.
1377 3704 1432 3752 et
1461 3694 1527 3750 14
1553 3692 1680 3748 edd.
1710 3693 1914 3764 accepi-

310 3795 426 3832 mus
433 3817 447 3831 .

387 3847 452 3902 In
494 3848 596 3902 vita
625 3862 940 3911 comparare.
973 3861 986 3898 t
1032 3839 1268 3896 Colbert.
1307 3839 1359 3892 in
1391 3838 1577 3900 vitam;
1623 3853 1635 3892 ι
1690 3837 1833 3905 Lips.
1863 3844 1917 3890 et

314 3922 480 3978 Bruti.
513 3921 565 3973 in
587 3919 683 3973 hac
710 3919 827 3973 vita.
1610 3938 1624 3946 -~

389 3993 487 4045 Aut
512 3991 692 4045 virtute
718 4004 1022 4044 mereamur.
1055 3983 1310 4051 Quamvis
1358 3982 1497 4036 Deus
1527 3988 1652 4051 ante
1696 3993 1794 4034 nos
1825 3994 1918 4047 pn-

317 4064 685 4133 sueritignem
710 4071 763 4115 et
793 4075 1008 4130 aquam,
1042 4050 1093 4111 ei
1124 4056 1176 4110 in
1211 4055 1365 4109 nobis
1406 4052 1476 4107 sit
1515 4050 1581 4133 ad
1633 4060 1920 4118 utrumque

319 4123 556 4190 manum"
571 4123 877 4203 porrigere:
901 4141 1080 4184 tamen
1109 4141 1214 4182 non
1246 4135 1328 4180 est
1357 4123 1632 4203 primosita
1662 4136 1808 4203 m_ors
1840 4135 1927 4175 se-

319 4206 517 4269 cunda,
552 4193 650 4259 nisi
685 4193 876 4258 uieam
901 4203 1167 4263 vitemus;
1200 4209 1249 4252 at
1282 4196 1540 4250 auxilium
1583 4193 1675 4248 dat
1707 4195 1846 4247 Deus
1870 4200 1924 4246 ut

319 4280 487 4333 vitam
510 4275 798 4331 secundam
829 4287 1153 4328 mereamur.

401 4349 584 4403 Divina
608 4347 919 4401 necessitate.
947 4344 1058 4413 Ego
1088 4337 1650 4413 interpretor._divina
1692 4333 1928 4413 accessi:

326 4432 460 4486 tate,
489 4421 538 4474 id
562 4430 665 4483 est,
690 4420 865 4471 divina
899 4404 1035 4486 lege”
1070 4414 1189 4468 Pari
1214 4404 1372 4465 modo
1401 4411 1496 4465 lib.
1523 4425 1581 4473 tt,
1609 4422 1655 4486 c.
1690 4405 1770 4486 ἓξ-
1790 4404 1926 4486 quod

325 4477 773 4562 func'ti...rdtttime
812 4477 1095 4562 necessitati
1139 4494 1299 4537 morte
1344 4479 1811 4562 concesserint..lle
1846 4477 1923 4558 Ira

325 4546 378 4618 ἒ.
405 4565 500 4618 15;
534 4561 921 4616 Considcremus
950 4557 1182 4612 divinam
1211 4552 1585 4608 necessitatem
1607 4566 1621 4612 ;
1643 4546 1762 4602 ηοιυ
1788 4549 1922 4600 enim

323 4617 562 4688 natarum
586 4634 769 4687 dicere.
785 4631 1119 4702 Chrysippus
1139 4628 1326 4691 Deum,
1357 4620 1679 4692 nuncupavit
1697 4617 1924 4671 divinam

326 4707 691 4760 necessitatem.
721 4704 848 4758 BDN.

404 4778 658 4833 Salvetur.
709 4776 797 4832 Sic
821 4772 1033 4844 reposui
1070 4769 1214 4844 ex_7
1254 4775 1358 4822 vel.
1407 4763 1571 4844 editis
1611 4759 1925 4844 cunctisque

329 4830 465 4904 mss.
482 4830 689 4918 praeter
719 4830 736 4902 ι
763 4830 898 4917 Reg:
941 4858 1050 4899 rec.
1082 4841 1165 4898 cui
1211 4848 1294 4895 est
1341 4836 1571 4898 solvitur,
1607 4841 1666 4887 ut
1715 4830 1928 4885 caeteris

327 4920 625 4990 impressis.

404 4971 623 5046 Cuivrei.
671 4990 746 5046 fta
775 5001 964 5044 omnes
1017 4999 1181 5055 prope
1234 4995 1364 5055 mss.
1403 4978 1460 5033 ln
1483 4978 1646 5055 faue.
1674 4972 1786 5035 et8
1811 4971 1930 5026 aliis

327 5080 442 5121 rec.
477 5075 558 5118 est
587 5061 732 5132 cujus
762 5063 856 5126 rei,
887 5067 942 5114 ut
967 5048 1252 5132 in'cunctis
1283 5053 1393 5132 fere
1431 5048 1608 5132 editis.

407 5113 1084 5201 Natio—ruetratio'corporis
1103 5125 1306 5197 prwbet.
1330 5123 1456 5178 Mss.
1481 5139 1497 5176 ι
1532 5120 1737 5200 Bonou.
1763 5113 1932 5201 antiq.

331 5219 386 5264 et
408 5188 442 5260 Ιι
467 5206 595 5261 edit.
629 5220 736 5260 rec.
772 5188 968 5257 natura}
995 5188 1126 5254 ratio
1163 5208 1205 5252 et
1252 5205 1434 5249 natura
1461 5190 1691 5260 corporis
1721 5188 1931 5264 prcebgt.

333 5254 644 5335 ἰρριῖόὶίέηί
660 5254 1041 5345 porro—testim
1071 5254 1626 5345 sicinterprctandam
1658 5269 1784 5345 puto
1809 5275 1820 5310 :
1845 5254 1939 5310 Cat

334 5331 650 5418 vicinempe
671 5331 812 5416 quod
833 5348 882 5399 iu
904 5346 1009 5397 vita
1034 5339 1295 5418 spirituali
1317 5331 1395 5418 sit
1415 5347 1682 5418 summum
1710 5331 1939 5414 bonum,

336 5399 702 5492 argiumentrum'
715 5431 902 5471 natura
923 5425 966 5469 et
990 5399 1123 5492 ratio
1147 5412 1376 5492 corporis
1403 5406 1612 5476 praebet,
1633 5404 1756 5492 quiq
1781 5399 1942 5454 nimis

336 5473 541 5548 utiuti“
589 5501 671 5545 est
698 5505 915 5561 corpus,
959 5496 1018 5542 ut
1045 5487 1097 5540 in
1131 5498 1196 5538 eo
1223 5473 1695 5553 possit‘sutnmum
1745 5473 1943 5527 bonum

339 5563 618 5621 Collocari.

421 5655 789 5710 Innuortalitas
817 5669 915 5707 non
945 5649 1146 5717 scquefa
1177 5656 1394 5717 naturae.
1427 5639 1668 5710 lntellige
1695 5655 1706 5690 ;
1738 5636 1950 5689 immor-

345 5729 515 5784 talitas
537 5729 688 5781 beata
722 5742 823 5778 non
853 5723 1051 5794 sequela
1077 5731 1294 5794 naturae.
1330 5716 1464 5770 BUN.

424 5800 610 5868 Quam.
649 5797 740 5852 \‘el
771 5790 942 5864 ponus
967 5809 1142 5865 quum,
1177 5790 1432 5868 VeLcum.

425 5849 747 5926 Miranti}
772 5849 925 5939 quam
955 5849 1102 5920 n'atus
1129 5849 1218 5919 est.
1257 5860 1382 5917 Mss.
1427 5857 1459 5914 8
1490 5870 1600 5914 rec.
1629 5860 1683 5911 ct
1730 5849 1955 5914 tetidem

2020 3691 2173 3756 editi,
2206 3706 2307 3744 non
2334 3687 2508 3743 statim
2533 3681 2758 3754 quando.
2793 3677 2897 3734 Alii
2928 3676 2962 3730 5
2990 3672 3176 3744 scripti
3202 3685 3309 3726 rec.
3343 3684 3462 3739 quo.

2093 3781 2386 3838 Comnmnis
2417 3789 2488 3833 est
2508 3776 2649 3831 nobis
2660 3789 2776 3828 cum
2797 3769 2948 3824 mutis
2963 3763 3289 3838 animalibus.
3305 3761 3470 3838 Quasi
3487 3773 3614 3813 vero

2025 3833 2450 3912 ittfhitrtesstal‘im
2477 3867 2503 3900 a
2535 3845 2815 3902 nativitate
2839 3857 2943 3896 nun
2967 3845 3150 3912 essent
3176 3833 3424 3912 baptismi
3452 3844 3612 3898 capa—

2025 3904 2316 3992 ζ”έιίιὶῐ
2341 3904 2606 3993 primitiva
2636 3915 2876 3993 Ec_clesi_a
2909 3921 3031 3965 ante
3060 3904 3321 3993 Lactantii
3342 3912 3614 3993 tempore}

2696 3988 2735 4041 (Ζ
2779 3986 2993 4053 prianus
3037 3981 3178 4035 enim
3211 3979 3263 4030 in
3290 3974 3516 4044 epiSIola
3547 3971 3615 4026 ad

2029 4069 2234 4112 Ρίιιιηη
2266 4082 2382 4112 me-
2412 4064 2531 4112 159,
2562 4060 2691 4112 edit.
2719 4003 2918 4112 ὄχθη..
2947 4067 3069 4109 cum
3093 4049 3255 4105 Fidus
3285 4049 3332 4103 ei
3361 4043 3615 4112 quurstin-

2680 4100 2691 4112 .
2709 4043 2892 4137 prima.
2906 4095 2918 4113 .
2947 4067 3069 4137 cum
3093 4049 3268 4137 Fidus
3285 4049 3332 4137 ei
3349 4043 3620 4137 'quarsti‘n:

2031 4118 2436 4196 ῖιὶεἰίἶῖἱὶοἵίέἱσεί
2450 4135 2518 4190 de
2536 4132 2827 4187 infantibus
2849 4123 3235 4196 intrati-iduum
3251 4119 3317 4196 ad
3349 4118 3618 4196 lavacrum

2031 4191 2400 4267 admittettd’is.
2433 4208 2510 4259 sic
2537 4203 2817 4271 epistolam
2847 4195 3040 4250 claudit
3067 4212 3078 4245 :
3111 4203 3156 4246 et
3207 4192 3417 4268 idcirco,
3465 4191 3621 4271 frater

2030 4284 2348 4343 charissima,
2368 4257 2475 4332 licec
2498 4257 2595 4348 [ηὴ
2621 4279 2673 4348 in
2697 4271 2913 4348 concilio
2941 4276 3114 4348 nostra
3132 4261 3400 4344 sententia,
3433 4274 3465 4309 a
3493 4257 3621 4348 baLp-

2031 4357 2180 4410 tisnto
2202 4327 2352 4418 atque
2372 4368 2402 4402 a
2435 4327 2602 4419 gratia
2628 4344 2743 4405 Dei,
2768 4341 2855 4399 qui
2877 4335 3106 4390 omnibus
3134 4332 3518 4419 misericorsqe‘t
3541 4327 3626 4408 be.

2032 4397 2249 4494 nia-niis:
2266 4397 2311 4476 et
2326 4397 2462 4489 *νὴιῖ
2481 4397 2864 4494 ὦζῂμηιῖηὲιη.
2880 4423 2969 4475 per
3012 4423 3101 4494 nos
3142 4404 3318 4484 debere
3348 4397 3622 4478 prohiberi.

2035 4468 2184 4564 Qiiod
2209 4468 2321 4546 cum
2343 4468 2786 4544 rcircaiuitiversos
2815 4468 3178 4560 observandum
3223 4473 3288 4527 sit
3333 4468 3628 4564 atque‘lreti-

2030 4537 2274 4628 it‘eii'dum,
2299 4561 2461 4630 magis
2485 4559 2620 4612 circa
2641 4557 2860 4630 infantes
2881 4551 3019 4630 ipsas
3039 4558 3084 4600 et
3107 4561 3276 4630 recens
3298 4537 3630 4630 natosqbser-

2027 4611 2538 4762 iiiiigi’piiia'nius,
2568 4636 2672 4686 etc.
2693 4611 2835 4696 Lege
2862 4611 2928 4676 ad
2978 4619 3093 4674 haec
3128 4617 3390 4672 [renatum
3421 4611 3518 4665 lib.
3567 4623 3626 4675 ιι,

2027 4725 2146 4762 can.
2247 4749 2259 4760 .

2027 4725 2259 4777 cap.su.

2104 4771 2170 4855 id
2191 4809 2283 4854 est.
2314 4796 2569 4853 Additum
2601 4808 2667 4850 ex
2694 4789 2941 4865 omnibus
2970 4787 3325 4865 mss_.__[tr:eter
3350 4777 3376 4830 1
3409 4774 3544 4846 Reg.
3577 4771 3632 4827 in

2033 4851 2536 4947 quo-desideratur,
2568 4867 2709 4947 sicut
2731 4871 2785 4947 et
2807 4862 2858 4914 in
2887 4851 3362 4947 npnnulIisedintis‘.

2109 4945 2415 5002 Suavitates.
2466 4928 2556 4995 Sic
2597 4945 2651 4991 et
2699 4932 2835 5002 infra
2888 4928 3078 4999 plurali
3126 4936 3350 5002 numero
3381 4931 3500 4988 cap.
3546 4928 3636 4970 se—

2037 4996 2239 5090 quenti.
2268 5014 2389 5090 In_2
2417 5026 2554 5090 mss.1
2576 5021 2688 5063 rec.
2716 5014 2770 5059 et
2790 5001 2824 5055 4
2850 4996 2976 5083 edit.
3004 4996 3245 5052 suavitas.

2113 5089 2266 5155 Quia.
2301 5085 2426 5140 Mss.
2456 5082 2492 5135 2
2517 5079 2649 5149 Reg.
2685 5091 2792 5132 rec.
2822 5073 2908 5144 qui
2935 5087 3006 5125 se.

2116 5153 2257 5233 [σξιιὶιὶ
2277 5175 2344 5228 ad
2366 5185 2636 5226 summum.
2652 5168 2743 5223 Sic
2770 5178 2899 5219 mss.
2917 5161 3028 5216 fere
3049 5173 3258 5233 omnes,
3281 5153 3547 5233 editiones
3570 5166 3638 5233 sv

2043 5222 2255 5311 δειδέιίιῖ
2639 5222 2680 5293 ἶ
2711 5238 2945 5311 Clarum.
2979 5233 3106 5293 niti;
3145 5231 3170 5283 1
3200 5229 3373 5311 ΔΒιίιιι.
3411 5222 3640 5311 elevari;

2044 5294 2267 5377 Ξῖιὲἰὶ
2285 5294 2338 5371 in
2355 5294 2534 5370 Egit}.
2552 5294 2806 5378 Ε’κιιιιιιχί
2833 5307 3039 5368 bonum,
3071 5303 3211 5369 quod
3234 5297 3566 5378 sequebatur
3587 5294 3639 5347 in

2046 5371 2370 5448 ginissjrec.
2401 5401 2463 5440 ac
2489 5385 2520 5439 7
2548 5371 2726 5448 editis,
2754 5388 2808 5434 et
2836 5379 2988 5431 abest
3012 5391 3043 5428 a
3068 5371 3299 5428 caeteris.

2130 5481 2263 5536 Male
2304 5481 2433 5533 vivet
2473 5476 2540 5530 ad
2585 5485 2797 5540 tempus.
2833 5468 2886 5522 Id
2921 5477 3038 5533 est,
3077 5459 3455 5540 incommode,
3488 5456 3646 5540 malis

2051 5530 2370 5616 obii—eishis
2395 5530 2452 5603 et
2495 5546 2663 5610 infra“,
2687 5530 2832 5596 'bene
2859 5530 3040 5605 vivere,
3077 5536 3180 5591 hoc
3229 5543 3312 5590 est.
3339 5530 3648 5595 eonnnode,

2149 5643 2161 5677 ι
2199 5641 2208 5653 ·
2267 5639 2345 5675 se.

2052 5627 2262 5762 luletltIaO
2276 5693 2436 5746 Deum
2469 5685 2950 5762 Ιιᾳιιοιηιιςνὲιλλιρε
2994 5675 3471 5762 ςιίῄσὶειμρηιξηιὶρ.
3501 5666 3654 5762 ξίοέ

2060 5739 2682 5833 Βοπᾷἱῖξῐιέέῑόὶιῆιιέζ
2697 5739 2736 5833 2
2761 5739 2849 5833 sit.
2877 5739 3129 5833 liegiinet
3154 5739 3318 5833 editio
3340 5747 3475 5833 Isiaci.
3501 5739 3660 5833 tanta

2062 5811 2708 5904 ihé'éf'iEcéﬁi'esi,"Qit
2755 5827 2918 5886 Deum
2958 5811 3319 5890 vhonoravcrit,
3367 5817 3460 5873 hac
3495 5811 3666 5883 afﬁcit
