4076 6350
466 302 572 359 759

1503 297 1685 352 FlRil.
1727 292 2091 353 LACTANTII
2133 292 2339 352 DIVIN.
2385 294 2661 355 lNS’l‘lT.‘

3664 303 3761 359 760

468 420 699 481 derunt,
749 431 846 473 nec
896 415 1173 469 veritatem
1230 411 1691 483 comprehendere
1746 419 2035 481 potuerunt
2057 451 2072 475 ,
2106 412 2154 471 Λ
2184 418 2327 465 teras
2357 409 2616 467 damnant
2646 420 2897 484 tanquam
2927 411 3088 470 falsas
3124 424 3178 471 et
3219 415 3428 482 inanes,
3459 425 3767 488 amantque

469 513 715 584 quamvis
736 526 796 565 ea
826 509 957 571 fere,
992 509 1185 577 quibus
1210 521 1419 561 summa
1446 505 1558 573 ipsa
1586 513 1817 569 coiistat,
1847 514 1899 557 et
1924 502 2073 557 vide-

470 607 599 671 rint,
654 611 707 660 et
758 602 1169 673 explicaverint.
1222 600 1326 655 Sed
1357 599 1580 662 diversi,
1610 614 1677 652 ac
1720 597 1930 652 diverse
1984 595 2071 651 illa

470 696 650 752 omnia
682 693 1039 764 protulerunt,
1072 707 1179 746 non
1206 698 1559 757 annectentes
1589 704 1687 743 nec
1740 701 1931 742 causas
1984 702 2070 739 rc-

470 803 613 849 rum.
647 801 748 842 nec
795 784 1234 855 consequentias,
1264 798 1364 837 nec
1413 781 1679 847 rationes;
1716 788 1773 834 ut
1811 782 2073 833 Summam

471 879 640 945 illam,
687 892 807 948 quae
862 876 1099 932 continet
1155 875 1422 938 universa,
1469 883 1522 928 et
1573 872 1998 942 compingereut,
2025 878 2079 924 et

474 971 783 1041 implerent.
816 968 996 1025 Facile
1023 977 1107 1024 est
1134 978 1313 1023 autem
1346 966 1573 1028 docere,
1604 980 1740 1035 pene
1769 963 2076 1019 universam

474 1067 756 1121 veritatem
827 1079 921 1135 per
984 1062 1333 1133 philosophos
1391 1070 1567 1116 sectas
1637 1074 1759 1114 esse
1823 1057 2076 1113 divisam.

475 1159 592 1215 Non
621 1159 764 1214 enim
795 1158 872 1213 sic
901 1156 1295 1227 pbi|050pbiatn
1345 1168 1443 1208 nos
1484 1152 1796 1218 evertimus,
1837 1159 1897 1205 ut
1942 1151 2081 1205 Aca-

479 1252 675 1309 demici
704 1252 901 1318 solent,
924 1251 1118 1322 quibus
1158 1249 1224 1304 ad
1252 1248 1431 1303 omnia
1484 1245 1813 1318 respondere
1834 1244 2081 1316 proposi-

482 1358 593 1404 tum
626 1356 728 1409 est.
761 1345 905 1417 quod
934 1353 1017 1400 est
1046 1344 1224 1415 potius
1253 1340 1565 1398 calumniari
1606 1348 1662 1396 et
1690 1338 1914 1395 illudere
1938 1354 1953 1391 :
1981 1336 2077 1391 sed

481 1443 761 1503 docemus,
784 1439 982 1494 nullam
998 1450 1197 1493 sectam
1221 1435 1383 1491 fuisse
1406 1446 1512 1490 tam
1534 1433 1766 1500 deviam,
1787 1446 1884 1486 nec
1906 1430 2082 1502 philo-

483 1537 775 1608 sophorum
798 1548 1120 1605 quemquam
1138 1545 1245 1587 tam
1269 1531 1506 1592 inanem,
1526 1529 1616 1600 qui
1632 1544 1738 1584 non
1764 1525 1967 1581 viderit
1983 1524 2082 1579 ali-

485 1631 613 1702 quid
633 1647 698 1686 ex
719 1645 863 1685 vero.
886 1629 990 1685 Sed
1013 1628 1141 1683 dum
1162 1624 1569 1682 contradicendi
1588 1622 1768 1679 studio
1787 1620 2080 1687 insaniunt,

487 1724 614 1778 dum
644 1738 737 1777 sua
770 1721 930 1776 ctiam
967 1722 1098 1775 falsa
1128 1718 1453 1781 defendunt,
1498 1715 1726 1770 aliorum
1758 1713 1921 1769 etiam
1956 1726 2083 1767 vera

487 1818 825 1881 subvertant,
850 1830 957 1870 non
977 1823 1180 1868 tantum
1198 1812 1379 1882 elapsa
1396 1810 1500 1865 illis
1518 1808 1716 1864 veritas
1729 1814 1831 1873 est,
1848 1821 2005 1877 quam
2024 1819 2084 1861 se

488 1909 1098 1985 qumrcre‘simulabaut:
1122 1906 1216 1963 sed
1240 1905 1337 1976 ipsi
1351 1919 1470 1960 eam
1488 1901 1825 1974 potissimum
1842 1914 1941 1955 suo
1956 1899 2086 1954 vitio

490 1992 861 2076 perdiderunt.
891 2001 1046 2070 Quod
1081 2002 1125 2056 si
1157 2000 1422 2055 extitisset
1447 1997 1661 2067 aliquis,
1694 1994 1785 2066 qui
1806 1994 2085 2050 veritatem

490 2112 734 2168 sparsam
756 2112 849 2167 per
869 2094 1233 2168 singulos,per
1251 2101 1532 2163 sectasque
1546 2089 1800 2147 diffusam
1812 2089 2090 2160 colligeret

495 2191 549 2244 in
576 2205 763 2257 unum,
790 2204 853 2245 ac
882 2189 1153 2260 redigeret
1182 2189 1234 2243 in
1259 2201 1473 2258 corpus,
1498 2187 1542 2241 is
1574 2183 1815 2255 profecto
1843 2197 1948 2237 non
1975 2182 2090 2236 dis-

496 2282 717 2337 sentiret
742 2296 772 2336 a
803 2282 981 2337 nobis.
1006 2280 1110 2337 Sed
1134 2280 1238 2335 hoc
1259 2294 1418 2335 nemo
1446 2278 1641 2340 facere,
1674 2276 1776 2331 nisi
1809 2273 1919 2330 veri
1945 2274 2092 2347 peri-

497 2386 581 2430 tus
610 2390 673 2432 ac
701 2377 881 2433 sciens
911 2385 1105 2446 potest.
1157 2374 1355 2430 Veram
1402 2380 1583 2427 autem
1626 2370 1789 2436 scire,
1837 2384 1943 2423 non
1993 2365 2095 2422 nisi

499 2471 614 2541 ejus
641 2480 742 2533 est,
764 2472 854 2542 qui
878 2471 948 2525 sit
972 2469 1165 2525 doctus
1196 2484 1221 2521 a
1255 2468 1380 2522 Deo.
1413 2465 1598 2538 Neque
1623 2463 1766 2521 enim
1796 2471 1969 2534 potest
1998 2461 2096 2517 ali-

500 2576 584 2620 ter
610 2564 893 2636 rcpudiare
914 2581 1034 2635 qua:
1071 2564 1203 2620 falsa
1235 2572 1380 2629 sunt,
1403 2562 1606 2632 eligere
1632 2575 1695 2615 ac
1727 2558 1954 2629 probare
1978 2569 2098 2627 quin

499 2674 624 2715 vera
656 2678 669 2713 :
701 2659 796 2716 sed
824 2660 869 2715 si
886 2660 970 2715 vel
1002 2674 1129 2714 casu
1158 2658 1210 2714 id
1236 2657 1496 2723 efﬁceret,
1528 2654 1832 2711 certissime
1855 2652 2098 2723 philoso-

499 2751 790 2823 pharetur;
820 2760 873 2807 et
895 2752 1138 2822 quamvis
1169 2768 1276 2806 non
1307 2759 1490 2819 posset
1530 2749 1733 2804 divinis
1776 2744 2101 2803 testimoniis

501 2845 590 2900 illa
618 2845 933 2909 defendere,
967 2855 1143 2900 tamen
1177 2860 1236 2900 se
1263 2846 1380 2915 ipsa
1434 2843 1634 2898 veritas
1668 2841 1968 2896 illustraret
1998 2850 2096 2893 suo

499 2938 725 2994 lumine.
754 2937 931 3006 Quare
962 2938 1290 2993 incredibilis
1317 2945 1399 2991 est
1427 2951 1579 2991 error
1599 2933 1832 2997 illorum,
1855 2931 1945 3003 qui
1972 2944 2093 2987 cum

2115 1776 2163 1836 B

2178 515 2240 556 se
2267 500 2333 555 ad
2357 503 2734 571 prmliandum,
2761 519 2861 560 nec
2880 505 3005 576 quid
3021 506 3312 564 defendere
3339 506 3576 564 debeant
3602 508 3767 565 scien-

2178 603 2283 661 tes,
2312 611 2413 652 nec
2442 597 2570 668 quid
2595 597 2860 667 refutare;
2897 599 3278 673 incursantque
3303 601 3503 673 passim
3528 602 3649 658 sine
3675 601 3768 659 de-

2178 688 2320 745 lectu
2349 691 2551 755 omnia.
2581 706 2702 761 qua:
2730 691 2964 747 afferunt
3000 694 3322 765 quicumque
3351 693 3701 751 dissentiunt.

2255 782 2338 838 Ob
2367 782 2463 837 has
2495 799 2682 839 eorum
2731 784 3190 854 pertinacissimas
3220 789 3599 845 contentiones
3634 789 3773 847 nulla

2183 876 2362 930 extitit
2389 876 2751 946 philosophia,
2784 892 2905 947 qum
2934 878 3001 934 ad
3046 894 3232 936 verum
3281 882 3507 953 propius
3549 881 3772 938 accede-

2186 978 2304 1033 ret;
2335 983 2455 1023 nam
2490 970 2851 1039 particulatim
2902 973 3102 1028 veritas
3147 974 3216 1028 ab
3265 973 3350 1029 his
3392 983 3501 1030 tota
3531 990 3778 1045 compre-

2186 1061 2352 1118 hensa
2381 1073 2484 1119 est.
2517 1064 2738 1120 Factum
2777 1080 2899 1122 esse
2937 1067 3195 1123 mundum
3232 1083 3263 1123 a
3294 1068 3425 1135 Deo,
3456 1068 3595 1124 dixit
3630 1068 3780 1126 Plato

2187 1156 2263 1223 (in
2291 1155 2528 1230 Timeo).
2556 1156 2699 1215 Idem
2728 1159 3006 1231 prophetae
3048 1161 3373 1233 loquuntur;
3416 1162 3670 1235 idemque
3716 1179 3780 1220 ex

2187 1248 2410 1320 Sibylla:
2436 1251 2769 1307 carminibus
2813 1263 3037 1322 apparet
3080 1252 3333 1327 (sermone
3359 1255 3429 1326 l).
3464 1255 3664 1311 Errant
3688 1255 3783 1327 igi-

2182 1351 2269 1397 tur
2293 1342 2383 1413 qni
2412 1343 2496 1398 vel
2516 1344 2697 1399 omnia
2730 1359 2824 1400 sua
2853 1357 3046 1417 sponte
3092 1357 3213 1402 nata
3245 1363 3368 1404 esse
3394 1348 3672 1415 dixerunt,
3702 1350 3781 1405 vel

2184 1437 2405 1493 minutis
2457 1439 3173 1511 seminibusconglobatis;
3216 1442 3466 1510 quoniam
3499 1450 3644 1497 tanta
3677 1457 3781 1509 res,

2188 1541 2294 1586 tam
2326 1541 2543 1601 ornata,
2576 1542 2683 1589 tam
2712 1549 2928 1606 magna.
2958 1550 3135 1603 neque
3164 1534 3304 1603 ﬁeri,
3354 1552 3529 1607 neque
3570 1537 3784 1608 disponi

2188 1634 2244 1679 et
2294 1624 2529 1679 ordinari
2579 1625 2696 1682 sine
2742 1627 2925 1697 aliquo
2956 1627 3374 1697 prudentissimo
3420 1639 3644 1685 auctore
3688 1645 3785 1698 po-

2190 1717 2323 1783 tuit;
2351 1727 2404 1772 et
2428 1732 2491 1773 ea
2519 1718 2632 1789 ipsa
2654 1720 2809 1785 ratio,
2826 1736 2928 1791 qua
2956 1729 3206 1777 constare
3222 1738 3285 1778 ac
3314 1722 3424 1795 regi
3459 1724 3642 1778 omnia
3666 1738 3787 1781 sen-

2192 1809 2419 1875 tiuntur,
2451 1809 2821 1866 solertissimus
2851 1814 3047 1868 mentis
3064 1814 3323 1871 artificem
3347 1815 3663 1873 confitetur.
3684 1816 3790 1872 Ho-

2194 1901 2394 1956 minum
2421 1916 2580 1959 causa
2610 1903 2891 1970 mundum,
2918 1915 2973 1961 et
2995 1908 3172 1963 omnia
3203 1924 3322 1979 qum
3346 1910 3398 1965 in
3424 1924 3493 1965 eo
3518 1920 3648 1967 sunt
3669 1927 3793 1970 esse

2194 1991 2541 2057 facta,Stoici
2571 1995 2899 2067 loquuntur:
2929 1996 3071 2054 idem
3104 2014 3204 2055 nos
3221 2000 3420 2057 divina:
3445 2001 3670 2058 Littera:
3697 2002 3794 2059 do-

2194 2093 2338 2141 cent.
2371 2085 2582 2141 Erravit
2634 2102 2766 2159 ergo
2817 2089 3189 2157 Democritus,
3234 2092 3323 2163 qui
3375 2094 3794 2151 vermiculorum

2199 2178 2360 2233 modo
2393 2179 2595 2249 putavit
2643 2179 2847 2237 effusos
2894 2197 3017 2239 esse
3064 2182 3135 2239 de
3174 2192 3318 2241 terra
3357 2186 3506 2242 nullo
3552 2198 3796 2253 auctore,

2198 2272 2449 2343 nullaque
2482 2274 2708 2329 ratione.
2741 2273 2851 2354 Cur
2903 2277 3047 2333 enim
3086 2275 3350 2334 formatus
3393 2279 3460 2335 sit
3493 2280 3682 2345 homo,
3714 2280 3799 2336 di-

2199 2364 2306 2419 vini
2348 2368 2667 2421 sacramenti
2712 2374 2796 2423 est
2825 2368 3009 2439 :quod
3031 2369 3155 2440 quia
3183 2369 3277 2426 ille
3304 2370 3446 2426 scire
3486 2386 3595 2427 non
3644 2381 3804 2443 pote-

2201 2466 2303 2525 rat,
2332 2457 2620 2514 humanam
2651 2460 2815 2515 vitam
2863 2460 3087 2517 deduxit
3138 2462 3204 2541 ad
3238 2463 3486 2519 nihilum.
3524 2464 3606 2520 Ad
3638 2466 3808 2521 virtu-

2204 2562 2311 2607 tem
2334 2552 2719 2622 capessendam
2764 2554 2913 2610 nasci
2952 2554 3202 2611 homines
3249 2557 3467 2611 Ariston
3493 2556 3758 2615 disseruit
3788 2579 3803 2614 :

2202 2645 2342 2702 idem
2374 2662 2474 2703 nos
2494 2662 2779 2703 monemur
2821 2663 2886 2704 ac
2914 2649 3174 2704 discimus
3211 2663 3242 2705 a
3270 2650 3572 2721 prophetis.
3615 2652 3809 2709 Falsus

2208 2740 2374 2811 igitur
2421 2740 2751 2812 Aristippus,
2802 2742 2893 2813 qui
2950 2742 3220 2799 hominem
3271 2744 3558 2814 voluptati,
3595 2746 3702 2803 hoc
3730 2755 3815 2803 est

2200 2836 2343 2890 malo
2372 2844 2621 2905 tanquam
2644 2834 2905 2907 pecudem
2936 2835 3258 2907 subjugavit.
3297 2836 3641 2894 [mmortales
3683 2854 3813 2897 esse

2199 2928 2409 2984 animas
2428 2927 2769 3001 Pherecydes
2786 2937 2839 2983 et
2864 2928 3017 2984 Plato
3039 2929 3454 3000 disputaverunt
3484 2949 3497 2984 :
3536 2930 3658 2987 lucc
3682 2946 3811 2987 vero

501 3028 732 3100 aliquam
760 3040 961 3086 sectam
982 3029 1343 3100 prohaverint,
1369 3028 1526 3100 eique
1551 3041 1611 3083 se
1639 3024 1965 3089 addixerint,
1986 3036 2093 3079 ειε-
2117 3015 2163 3079 C
2197 3020 2409 3091 propria
2433 3032 2516 3076 est
2541 3022 2595 3075 in
2630 3028 2811 3076 nostra
2832 3019 3090 3091 religione
3114 3020 3379 3077 doctrina.
3410 3020 3554 3095 Ergo
3586 3022 3815 3080 Dicaear-

1851 3154 2208 3215 VARIORUM
2246 3154 2479 3212 ΝΟΤᾹΞ.

579 3308 991 3378 Consequentias.
1046 3302 1616 3378 Hanc_vocem__etiam
1645 3300 1855 3378 _Cicero_
1890 3294 2099 3378 habet:

507 3383 575 3436 de
606 3367 777 3435 Diviu'.
817 3377 939 3462 l28,
971 3389 1023 3434 et
1054 3393 1128 3440 tv,
1162 3375 1228 3431 ad
1262 3376 1385 3431 Iler.
1421 3373 1546 3429 Mss.
1586 3373 1608 3427 1
1644 3371 1778 3441 Reg.
1810 3376 1864 3422 et
1890 3367 2099 3423 Bonon.

506 3465 885 3520 consequentur.
1439 3484 1447 3492 .

586 3546 650 3620 Et
677 3546 979 3620 implerent.
997 3543 1120 3598 Mss.
1150 3543 1184 3597 8
1210 3556 1318 3595 rcc.
1343 3541 1675 3620 complerent.
1709 3609 1719 3620 .

588 3617 689 3671 Per
720 3610 1053 3690 philosophos
1077 3624 1131 3690 et
1157 3623 1345 3690 sectas;
1370 3612 1445 3690 Ita
1476 3610 1805 3690 sex‘cAdilLet
1826 3620 1956 3690 mss.
1988 3622 2106 3690 0m:-

513 3704 632 3754 nes,
662 3677 859 3759 prsic.»
879 3677 987 3741 rec.
1020 3688 1042 3739 l
1077 3686 1204 3759 Reg.
1226 3694 1280 3738 et
1306 3682 1468 3759 Gnth.
1498 3692 1552 3736 et
1572 3680 1789 3759 ltledit.
1812 3677 2006 3759 quibus
2021 3687 2106 3731 est

512 3750 938 3832 philosophorum
961 3768 1143 3832 sectas.
1156 3750 1414 3832 "Rectius,
1445 3769 1535 3832 per
1564 3750 1895 3832 philosophos
1924 3758 1971 3831 et
1997 3765 2110 3830 sec:

517 3823 634 3897 tas;
665 3823 743 3885 sic
773 3831 915 3883 enim
944 3830 1019 3882 ait
1050 3827 1185 3881 infra
1213 3844 1228 3882 :
1264 3823 1753 3897 Quodsiea'titisset
1772 3823 1983 3897 aliquis,
2022 3823 2110 3888 qui

519 3894 777 3958 veritatem
799 3916 1031 3970 sparsam
1050 3915 1139 3965 per
1154 3896 1381 3970 singulos
1409 3894 1788 3966 (philosOphos)
1814 3909 1903 3963 per
1922 3902 2117 3946 sectas~

517 3990 612 4042 que
638 3969 881 4038 diffusam
907 3969 1164 4039 colligeret
1190 3969 1241 4021 iu
1269 3982 1449 4019 unum.

595 4064 664 4120 Ut
712 4063 1003 4118 Academici
1039 4062 1218 4116 solent.
1265 4060 1365 4126 Qui
1412 4058 1478 4113 ad
1520 4059 1815 4126 quamlibet
1863 4057 2117 4125 quaestio-

519 4152 667 4196 nem.
701 4134 977 4191 Sucratico
1005 4148 1156 4188 more
1187 4133 1237 4187 in
1274 4141 1558 4199 utramque
1597 4141 1800 4201 partem
1839 4128 2116 4198 disputare

426 4250 433 4251 κ
520 4209 660 4264 soliti
689 4216 865 4262 erant.
1408 4235 1418 4245 ι

594 4278 914 4334 Calumniari
944 4288 992 4331 et
1040 4276 1275 4331 illudere.
1312 4274 1442 4330 Mss.
1472 4274 1506 4329 4
1539 4274 1669 4341 lleg.
1702 4287 1838 4335 τεο..
1870 4272 1906 4326 5
1931 4269 2111 4337 Colh.,

520 4350 709 4415 Torn.,
768 4350 911 4413 Em.,
958 4350 1137 4412 Caut.,
1193 4347 1383 4411 Bruu.,
1436 4344 1740 4399 calunmiari
1786 4353 1833 4397 et
1860 4342 2115 4408 invidere;

521 4422 660 4487 PaL,
693 4422 838 4490 Lips.
866 4429 910 4473 et
935 4420 1170 4474 invideri.

2275 3289 2475 3345 Diuina:
2498 3287 2698 3346 littera.
2730 3289 2928 3348 Genes.
2960 3309 3000 3356 ι,
3032 3292 3230 3359 Psalm.
3258 3308 3373 3359 vni,
3406 3294 3518 3350 tad
3546 3293 3799 3351 Corinth.

2205 3378 2297 3421 xv.
2322 3363 2388 3415 ad
2420 3360 2583 3416 Hebr.
2616 3378 2675 3417 ιι.
3084 3356 3103 3373 ⁹

2277 3431 2623 3504 Democritus.
2656 3434 2808 3489 Sicut
2836 3450 3020 3504 supra,
3069 3436 3284 3503 fungos,
3322 3446 3485 3504 atque
3520 3453 3587 3493 ex
3620 3437 3815 3493 draco-

2207 3505 2292 3560 nis
2321 3503 2567 3580 dentibus
2597 3516 2750 3580 natos
2781 3503 2977 3580 passim
3020 3508 3268 3580 homines
3297 3503 3513 3577 quidam
3548 3509 3813 3580 prodide-

2208 3585 2356 3632 runt.
2394 3576 2681 3651 Democriti
2712 3576 2815 3651 hoc
2858 3576 3050 3651 dogma
3081 3579 3221 3646 apud
3259 3576 3464 3634 nullum
3490 3576 3593 3651 legi
3626 3589 3815 3635 aucto-

2210 3662 2365 3704 rem:
2395 3646 2490 3721 sed
2533 3663 2647 3721 non
2690 3646 2965 3721 dissimilia
3002 3657 3146 3721 sunt,
3192 3667 3312 3721 quae
3337 3667 3402 3707 ex
3438 3646 3702 3714 Dicdum,
3730 3661 3817 3706 at-

2211 3733 2319 3787 que
2343 3717 2480 3789 adeo
2507 3734 2577 3772 ex
2609 3718 2865 3789 Euripide
2897 3720 3087 3776 recitat
3113 3717 3311 3777 Euseb.
3346 3722 3440 3778 lib.
3475 3737 3515 3787 ι,
3558 3722 3632 3778 de
3665 3723 3814 3779 Prte-

2217 3801 2386 3861 parat.
2423 3788 2627 3860 Evang.
2658 3788 2776 3859 cap.
2805 3791 2861 3846 4.
2891 3791 3219 3847 Βετυιειιεε.

2294 3860 2520 3935 Putavit.
2551 3862 2646 3916 Ms.
2677 3861 2793 3916 Em.
2820 3862 2967 3935 addit
2989 3864 3235 3918 homines.
3268 3864 3438 3935 Alque
3461 3863 3816 3920 Heumannus

2221 3941 2372 4008 putat
2402 3932 2538 3987 hanc
2565 3947 2749 4008 vocem
2777 3932 3063 4000 excidisse,
3094 3932 3491 4006 quainvis'nou
3520 3935 3734 4008 legatur
3761 3938 3814 3992 in

2220 4003 2382 4059 editis
2411 4019 2481 4057 xv
2505 4004 2711 4060 steculi.

2293 4073 2374 4128 Ad
2400 4074 2634 4147 uirtutem
2652 4076 3014 4147 capessendam
3050 4078 3193 4132 nasci
3218 4077 3449 4132 homines
3474 4077 3689 4134 Ariston
3710 4080 3817 4136 dis-

2222 4147 2397 4221 seruit.
2425 4145 2544 4221 _Sic
2599 4145 2884 4221 emendavi
2936 4162 3001 4203 ex
3020 4220 3031 4221 η
3051 4163 3180 4221 mss.
3238 4149 3542 4221 veterrimis
3574 4151 3814 4221 Bonum,

2221 4216 2564 4291 Regio-PaL,
2590 4216 2780 4291 Caua,
2810 4218 2978 4291 AJun.,
3007 4220 3041 4273 6
3066 4220 3327 4289 CIolbert.,
3360 4220 3395 4274 '5
3418 4219 3593 4291 Lips.,
3621 4216 3815 4287 60th.,

2221 4287 2383 4351 Ultr.,
2418 4290 2560 4353 ISm.,
2590 4289 2772 4354 Cant.,
2801 4289 2837 4344 2
2863 4287 3124 4353 Clarum,
3156 4291 3321 4354 Brun.
3348 4300 3404 4345 et
3442 4287 3654 4347 cunctis
3702 4294 3819 4349 edi-

2222 4362 2532 4435 tishprzeter
2558 4371 2787 4429 quatmir
2809 4363 3102 4435 inquibus,
3132 4362 3277 4435 sicut
3312 4373 3364 4417 et
3393 4364 3443 4435 in
3478 4369 3495 4435 l
3525 4363 3663 4435 Reg.
3701 4380 3813 4421 rec.

2219 4440 2273 4502 et
2302 4429 2338 4484 2
2363 4430 2602 4487 (Iolbert.
2637 4447 2666 4487 a
2693 4429 2926 4487 secunda
2960 4448 3141 4496 manu,
3173 4434 3365 4502 legitur
3392 4429 3713 4500 Aristoteles,
3764 4449 3818 4491 et

605 4485 790 4573 νξνιιὴι
813 4501 980 4543 dum"
1008 4490 1154 4555 δεῖνες
1188 4506 1294 4573 ηοξ
1311 4489 1658 4573 ηίδίβεὶαεβὲισ
1694 4485 2113 4573 ΙιωοᾸθεΑίοεξι
2136 4502 2190 4563 Ι)
2216 4501 2268 4557 in
2304 4503 2327 4555 1
2373 4502 2504 4571 Reg.
2533 4485 2714 4572 antiq.
2736 4485 3077 4571 Aristotelea
3394 4485 3721 4561 WNouv

522 4568 761 4620 omnium
789 4578 957 4640 prope
1004 4572 1230 4640 ιιι-85.-Θὲ
1263 4561 1294 4613 7
1342 4569 1447 4614 vet.
1495 4559 1782 4640 editorum.
1830 4557 1886 4640 lu
1918 4557 2113 4640 Regio-

522 4638 644 4692 Put.
679 4629 831 4691 deest
855 4633 1020 4697 scire;
1050 4632 1104 4687 in
1136 4633 1159 4687 1
1191 4631 1325 4701 Reg.
1366 4646 1478 4687 rec.
1510 4641 1564 4685 et
1593 4631 1626 4684 6
1667 4631 1879 4685 excusis
1924 4629 2117 4699 legitur

522 4708 784 4782 ejnsgsct're
809 4714 902 4782 est_.
1225 4772 1271 4782 __
1388 4774 1414 4782 _
1642 4773 1728 4782 7_
1825 4770 1855 4782 η

598 4778 782 4847 Neque
809 4776 944 4830 enim
992 4782 1172 4843 potest.
1225 4772 1351 4828 Mss.
1385 4774 1418 4828 9
1450 4785 1560 4827 rec.
1602 4781 1658 4828 et
1697 4773 1728 4826 7
1773 4770 1901 4827 edit.
1947 4768 2116 4828 Nemo

525 4852 659 4907 enim
687 4857 870 4921 potest.

600 4912 1059 4994 Se'ipsa-veritas
1086 4917 1386 4972 illustraret.
1438 4914 1564 4971 Mss.
1609 4913 1679 4970 12
1727 4922 1782 4969 et
1822 4912 1857 4969 8
1896 4913 2020 4969 cdd.
2064 4930 2120 4971 se

524 5011 877 5136 mmmam
922 5062 1219 5132 loquuntur.
1271 5057 1468 5116 Cenes.
1504 5075 1553 5123 ι,
1607 5058 1695 5115 Ps.
1752 5071 1923 5124 xxxtt,
1966 5058 2115 5115 Eccl.

524 5153 736 5293 ngles,
764 5216 869 5263 tam
913 5212 1117 5263 ornata.
1157 5202 1353 5261 Addidi
1380 5213 1485 5258 tam
1518 5218 1583 5260 ex
1633 5207 1764 5258 mss.
1795 5212 1851 5258 et
1878 5202 2120 5273 pluribus

527 5279 823 5417 ed|Eurziiipaa
849 5350 1000 5404 ratio.
1050 5346 1176 5403 Mss.
1204 5347 1240 5402 2
1271 5363 1379 5403 rec.
1424 5359 1478 5403 et
1526 5345 1615 5403 ed.
1658 5347 1817 5403 Rom.
1848 5347 2007 5410 M70.
2035 5365 2123 5403 ra-

533 5422 687 5476 tione.
735 5422 882 5477 Hnnc
907 5419 1173 5476 rationem
1220 5418 1417 5475 Paulus
1466 5420 1531 5474 ad
1574 5418 1849 5476 Romanos
1876 5436 1914 5483 ι,
1947 5419 2120 5491 legem

529 5504 739 5549 natura:
760 5492 1014 5560 appellat.

532 5645 552 5689 ι
605 5561 907 5686 Con/iretur.
942 5562 1070 5617 Mss.
1099 5564 1133 5618 5
1176 5577 1287 5619 rec.
1320 5571 1377 5619 et
1420 5561 1507 5619 ed.
1559 5562 1719 5619 Rom.
1763 5562 1925 5631 M70,
1955 5564 2122 5634 conﬁ-

555 5650 617 5689 en
642 5650 722 5687 ur.

555 5650 722 5689 entur.

609 5703 891 5776 Hominum
921 5718 1094 5776 causa.
1146 5704 1283 5761 Vide
1320 5705 1636 5762 Ciceronem
1683 5708 1738 5763 in
1777 5707 2026 5776 Lucullo,
2069 5715 2124 5763 et

527 5774 728 5834 librum
759 5775 826 5830 de
845 5774 927 5830 Ira
964 5774 1077 5841 Dei,
1100 5790 1219 5844 cap.
1256 5777 1339 5832 15.

524 5918 527 5919 ν
597 5848 777 5906 Stoici.
806 5845 1102 5923 Dequibus
1121 5846 1241 5906 vide
1271 5861 1434 5921 supra
1459 5863 1580 5921 cap.
1612 5847 1668 5906 4.

2216 4581 2362 4627 extat
2378 4575 2517 4640 apud
2537 4573 3001 4642 Aristotelem,sed
3017 4575 3155 4640 apud
3176 4576 3488 4631 Ciceronem
3506 4576 3575 4631 de
3600 4576 3821 4633 Finibus

2218 4643 2313 4698 lib.
2366 4659 2401 4698 ιι
2456 4653 2506 4699 et
2568 4661 2648 4708 Ill,
2706 4644 2794 4699 ubi
2838 4647 3036 4701 citatur
3072 4646 3172 4701 hac
3211 4647 3279 4701 de
3324 4663 3381 4701 re
3426 4646 3658 4710 Ariston.
3714 4666 3820 4703 non

2219 4715 2543 4789 aristoteles.
2564 4716 2770 4789 Ariston
2824 4716 2937 4789 fuit
2968 4714 3153 4777 Chius.
3184 4718 3536 4788 philosophus
3578 4719 3817 4789 Stoicus,

2218 4784 2287 4841 de
2317 4802 2445 4861 quo
2458 4787 2583 4843 alibi
2612 4787 2861 4861 Lactant.
2906 4788 3044 4861 libro
3074 4789 3141 4844 de
3168 4784 3247 4861 lira
3283 4790 3371 4843 Dei
3401 4784 3521 4861 cap.
3552 4789 3644 4844 ΞΩ.

2292 4857 2617 4932 Aristippus.
2668 4859 2754 4932 qui
2784 4859 3052 4932 hominem
3115 4860 3436 4931 voluptati...
3471 4857 3815 4932 'subjsrgauit.

2220 4928 2375 4999 Apud
2405 4926 2720 5001 Ciceronem
2744 4929 2835 4986 lib.
2863 4946 2894 4985 ιι
2924 4932 2991 4986 de
3015 4926 3257 4995 Finibus.
3285 4941 3341 4987 et
3386 4948 3444 4987 ιιι
3478 4935 3547 4988 de
3587 4926 3815 5001 Oﬁlciis,

2221 5000 2442 5100 Eiilpgd
2473 5000 2745 5058 Laertium
2797 5001 2849 5056 iu
2898 5001 3191 5074 Aristippo.
3236 5001 3367 5059 Vide
3406 5017 3569 5075 supra
3602 5005 3700 5060 lib.
3736 5000 3813 5072 tu,

2221 5085 2340 5126 cat).
2387 5085 2427 5126 ι’.

2289 5086 2621 5216 ιῖᾖιιιὶονιαιᾳε
2670 5144 2867 5197 animas
2916 5141 3253 5216 Pherecydes.
3304 5144 3440 5201 Vide
3490 5146 3816 5203 Ciceronem

2224 5213 2320 5269 lib.
2359 5213 2751 5298 tJ'l‘usculanar.
2795 5225 2986 5286 quaest.
3030 5213 3127 5271 De'
3156 5215 3454 5289 Pherecyde
3500 5220 3679 5290 capite
3735 5234 3818 5275 se—

2497 5356 2710 5441 Scilicet
2724 5357 2805 5441 “in
2838 5356 3088 5441 Phaedro,
3131 5358 3507 5441 in_Pbed_one.
3551 5368 3612 5418 et
3651 5360 3749 5418 lib.
3780 5376 3815 5418 ι

2225 5427 2289 5484 de
2316 5427 2523 5498 Repub.
2549 5428 2686 5496 apud
2720 5427 2965 5484 Ciceron.
3003 5429 3095 5484 lib.
3122 5445 3161 5495 ι,
3185 5429 3541 5487 Tusculanar.
3663 5465 3678 5477 -

2292 5498 2563 5623 'Doctrina.
2599 5498 2729 5556 Vide
2756 5500 2997 5571 Sapieut.
3023 5516 3078 5555 tu
3108 5509 3163 5556 et
3190 5517 3258 5568 tt;
3287 5502 3476 5558 Matth.
3507 5520 3649 5570 xxv;
3674 5506 3817 5575 Apo-

2312 5586 2430 5623 vos.
2461 5587 2533 5623 vr.

2225 5585 2430 5641 calyps.
2461 5587 2533 5626 vr.

2303 5641 2647 5715 Dictearclius.
2708 5641 3071 5715 Dicaearchus,
3131 5644 3301 5715 inquit
3355 5646 3570 5707 Suidas.
3612 5646 3814 5702 Pisidia:

2227 5710 2391 5789 filius,
2438 5713 2677 5789 Siculus,
2724 5729 2790 5789 ex
2822 5715 2952 5789 urbe
2996 5710 3242 5789 Messene
3284 5716 3682 5789 (Mannertinum
3726 5719 3814 5774 alii

2227 5781 2393 5839 fuisse
2418 5784 2625 5855 dicunt)
2655 5785 3237 5860 Aristoteligauditor,
3275 5781 3648 5860 philosophus,
3694 5789 3813 5843 rbe-

2228 5862 2314 5915 tor
2361 5864 2416 5916 et
2460 5866 2755 5930 geometra,
2786 5867 2890 5917 etc.
2926 5856 3165 5937 ⁸Εἰς-(ιιι
3190 5856 3386 5938 Cicer.
3412 5856 3545 5939 ,ὶιιίι
3586 5858 3805 5923 Tuscul.
