4076 6350
219 335 327 395 761

1371 339 1573 396 LIBER
1610 339 1718 396 Vll.
1759 339 1844 396 DE
1884 337 2042 396 VITA
2085 338 2335 400 BEATA.

3419 338 3524 402 762

219 457 357 513 chus
381 471 503 513 cum
533 453 836 512 Democrito
861 455 1081 525 erravit,
1113 457 1202 528 qui
1233 457 1407 528 perire
1446 471 1566 512 cum
1595 471 1820 528 corpore
1847 456 1898 520 Α
1923 455 1989 512 ad
2018 455 2156 513 hanc
2187 473 2286 514 nos
2316 459 2562 531 provehit
2605 460 2773 517 virtus
2804 479 2815 516 :
2841 460 2984 533 quod
3017 443 3214 526 bonum
3262 463 3384 536 quia
3429 463 3525 521 de-

221 565 287 606 ac
335 549 557 605 dissolvi
618 559 1020 621 argumentatus
1057 557 1158 605 est.
1209 549 1342 606 Esse
1382 549 1584 606 inferos
1636 549 1817 605 Zenon

223 645 443 702 Stoicus
467 645 680 709 docuit,
712 653 768 700 et
796 643 952 699 sedes
981 644 1189 714 piorum
1236 645 1306 700 ab
1344 645 1522 714 impiis
1552 659 1673 700 esse
1711 644 1820 704 dis-

224 747 442 801 cretas;
474 745 527 791 et
552 736 674 790 illos
699 737 914 807 quidem
944 736 1156 804 quietas
1202 751 1266 791 ac
1290 735 1637 792 delectabiles
1668 737 1818 792 inco-

225 830 340 886 lere
367 829 634 901 regiones.
659 830 758 886 hos
785 846 911 886 vero
939 831 1084 886 luere
1115 844 1302 900 poenas
1327 831 1377 884 in
1405 831 1702 887 tenebrosis
1744 831 1820 886 lo-

225 925 328 989 cis,
355 934 517 995 atque
545 925 597 978 in
625 925 765 979 caeni
813 924 1155 994 voraginibus
1198 923 1481 979 horrendis
1508 942 1521 978 :
1553 923 1691 979 idem
1726 940 1822 978 no-

224 1016 308 1073 bis
333 994 611 1089 prtiplfette
644 1018 815 1086 palam
869 1016 1091 1072 faciunt.
1127 1015 1270 1088 Ergo
1297 1016 1558 1085 Epicurus
1599 1018 1817 1083 erravit,

225 1111 314 1180 qui
345 1119 622 1180 poetarum
665 1109 716 1163 id
744 1125 866 1164 esse
899 1110 1208 1181 figmentum
1249 1110 1476 1181 putavit,
1505 1119 1555 1164 et
1587 1109 1705 1165 illas
1736 1111 1820 1163 in-

228 1200 470 1258 feret-um
502 1217 710 1271 pinnas,
740 1218 860 1273 quae
913 1204 1174 1269 ferantur,
1211 1201 1264 1258 iri
1306 1202 1406 1257 hac
1449 1216 1572 1257 esse
1600 1203 1701 1256 vita
1735 1202 1820 1256 in-

228 1304 556 1366 terpretatus
588 1305 688 1352 est.
720 1296 909 1352 Totam
942 1298 1103 1368 igitur
1127 1297 1432 1362 veritatem,
1471 1306 1526 1353 et
1551 1311 1711 1352 omne
1739 1296 1822 1351 di-

230 1391 370 1444 vina:
396 1389 691 1458 Religionis
742 1407 996 1446 arcanum
1043 1390 1346 1460 philosophi
1372 1391 1679 1462 attigerunt.
1714 1390 1821 1446 Sed

231 1482 356 1536 aliis
385 1482 780 1549 refellentibns,
807 1483 1096 1539 defendere
1116 1484 1168 1539 id
1196 1484 1335 1554 quod
1367 1488 1704 1549 invenerant,
1730 1500 1823 1540 ne-

226 1575 550 1646 quiverunt;
579 1577 698 1644 quia
724 1577 946 1648 singulis
971 1578 1107 1632 ratio
1135 1593 1240 1633 non
1267 1578 1572 1650 quadravit,
1616 1593 1715 1634 nec
1735 1595 1820 1647 ea,

226 1683 349 1737 qua:
377 1683 502 1722 vera
546 1680 825 1723 senserant
859 1669 912 1724 in
942 1685 1204 1725 summam
1245 1670 1490 1743 redigere
1512 1680 1820 1742 potuerunt,

226 1760 368 1816 sicut
393 1776 490 1816 nos
514 1763 762 1833 superius
791 1760 1036 1819 fecimus.

831 1897 1058 1956 CAPUT
1105 1899 1232 1956 VIII.

671 2060 749 2115 De
779 2061 1162 2117 immortalitate
1192 2064 1396 2119 animte.

303 2217 482 2273 Unum
509 2227 592 2273 est
622 2218 782 2289 igitur
805 2233 1074 2273 summum
1102 2219 1300 2275 bonum
1330 2221 1728 2286 immortalitas.
1760 2227 1824 2280 ad

227 2324 390 2379 quam
411 2310 744 2378 capiendam.
794 2318 848 2366 et
886 2309 1100 2366 formati
1128 2327 1157 2366 a
1189 2314 1469 2385 principio,
1512 2325 1566 2371 et
1595 2319 1704 2372 nati
1734 2333 1828 2374 su-

231 2414 373 2456 mus.
396 2402 476 2457 Ad
502 2403 638 2458 hanc
661 2403 957 2470 tendimus;
988 2405 1123 2461 hanc
1144 2415 1347 2477 Spectat
1368 2407 1596 2466 humana
1617 2422 1828 2481 natura;

1924 551 2326 622 prebeudimus,
2368 565 2619 625 superest
2649 557 2810 612 etiam
2851 566 2910 612 ut
2938 557 3006 614 de
3032 559 3144 630 ipsa
3199 560 3522 616 immortali-

1921 653 2029 699 tate
2057 645 2322 702 dicamus.
2357 648 2594 704 Platonis
2623 661 2960 721 argumenta,
3008 653 3255 722 quamvis
3299 652 3366 707 ad
3409 667 3523 708 rem

1923 737 2148 790 multmn
2177 737 2477 804 conferant,
2510 752 2687 794 tamen
2715 757 2901 811 parum
2930 741 3130 798 habent
3161 743 3428 798 firmitatis
3457 743 3526 799 ad

1923 829 2253 899 probandam
2300 840 2354 886 et
2397 833 2722 902 implendam
2765 835 3072 903 veritatem;
3123 837 3375 906 quoniam
3425 849 3527 891 nec

1923 923 2186 978 rationem
2219 925 2382 980 totius
2430 925 2673 997 mysterii
2720 928 2894 997 magni
2941 937 3431 994 consummat-erat,
3471 928 3524 984 in

1923 1030 2196 1086 unumque
2235 1017 2546 1085 ctdlegerat,
2599 1032 2697 1072 nec
2727 1034 2993 1074 summum
3043 1022 3236 1075 bonum
3275 1036 3522 1090 Compre-

1924 1106 2204 1162 henderat.
2249 1108 2379 1162 Nam
2426 1109 2548 1164 licet
2589 1126 2772 1164 verum
2803 1111 2870 1166 de
2897 1112 3088 1166 anima:
3117 1113 3524 1169 immortalitate

1922 1202 2171 1267 sentiret,
2207 1212 2383 1257 tamen
2428 1219 2532 1258 non
2561 1203 2630 1258 ita
2659 1204 2726 1260 de
2774 1205 2856 1259 illa
2903 1214 3157 1276 tanquam
3199 1207 3264 1262 de
3312 1221 3525 1261 summo

1923 1295 2068 1350 bono
2094 1295 2414 1352 disserebat.
2451 1296 2556 1351 Nos
2582 1297 2742 1368 igitur
2769 1298 3089 1355 certioribus
3137 1300 3303 1371 signis
3332 1301 3528 1356 elicere

1923 1402 2210 1459 possumus
2236 1391 2536 1457 veritatem,
2565 1391 2653 1462 qui
2691 1407 2809 1447 cam
2841 1409 2945 1447 non
2975 1394 3191 1462 ancipiti
3219 1395 3526 1463 sus‘picione

1923 1485 2258 1555 ciillegimus.
2307 1486 2401 1540 sed
2433 1487 2611 1540 divina
2666 1487 2950 1542 traditione
2979 1489 3346 1558 cognovimus.
3379 1489 3526 1543 Plato

1924 1589 2104 1632 autem
2137 1578 2214 1632 sic
2234 1590 2638 1647 argumentatus
2663 1588 2766 1640 est.
2799 1579 3100 1634 immortale
3125 1594 3244 1634 esse
3271 1577 3527 1650 quidqttid

1925 1688 2023 1744 per
2042 1674 2278 1743 seipsum
2305 1683 2356 1728 et
2383 1673 2566 1736 sentit,
2591 1682 2645 1728 et
2666 1675 2882 1742 s‘emper
2912 1683 3189 1738 movetur;
3218 1673 3359 1744 quod
3382 1673 3526 1729 enim

1925 1765 2248 1836 principium
2283 1774 2458 1818 motus
2507 1780 2611 1818 non
2646 1763 2826 1830 habet,
2869 1778 2969 1818 nec
2997 1763 3156 1818 linem
3200 1764 3525 1830 habiturum,

1853 1877 1900 1936 Β
1929 1857 2052 1928 quia
2079 1856 2256 1912 deseri
2285 1871 2312 1910 a
2344 1857 2636 1925 semetipso
2665 1873 2768 1911 non
2811 1866 3008 1927 potest.
3043 1856 3198 1924 Quod
3244 1871 3528 1926 argumen-

1930 1961 2040 2006 tum
2076 1952 2236 2006 etiam
2283 1951 2447 2004 mutis
2474 1949 2794 2004 animalibus
2824 1950 3175 2004 mternitatem
3207 1948 3376 2013 daret,
3423 1949 3526 2006 nisi

1928 2045 2233 2114 adjectione
2278 2044 2556 2114 sapientia:
2587 2043 2952 2098 discrevisset.
2997 2043 3215 2097 Addidit
3254 2043 3435 2114 igitur,
3468 2051 3527 2098 ut

1925 2137 2187 2208 effugeret
2227 2136 2363 2191 hanc
2391 2136 2853 2202 communitatem,
2888 2134 3001 2190 fieri
3050 2149 3155 2188 non
3189 2149 3368 2205 posse,
3396 2135 3527 2204 quin

1931 2231 2001 2285 sit
2034 2227 2354 2284 immortalis
2399 2227 2612 2282 animus
2644 2227 2928 2293 humanus,
2973 2226 3123 2296 cujus
3167 2225 3407 2280 miranda
3435 2241 3527 2279 so-

1931 2323 2086 2378 lertia
2121 2321 2452 2387 inveniendi,
2485 2330 2538 2376 et
2586 2320 2840 2375 celeritas
2869 2317 3159 2389 cogitandi,
3210 2329 3263 2372 et
3304 2317 3529 2372 facilitas

1932 2417 2262 2488 percipiendi
2291 2431 2450 2488 atque
2468 2415 2730 2482 discendi,
2754 2425 2806 2471 et
2823 2415 3082 2470 memoria
3107 2414 3524 2484 praateritorum,

1580 2526 1937 2589 VARIORUM
1975 2532 2204 2590 NOT/E.

233 2697 427 2761 qumst.
458 2690 592 2744 etin
638 2688 1119 2761 Academ.qn:est.
1169 2687 1438 2761 meminit)
1481 2699 1665 2745 contra
1712 2690 1817 2744 im-

234 2758 616 2816 mortalitatem
663 2761 826 2814 animi
871 2758 1145 2814 disseruit.
1181 2759 1250 2824 Is,
1299 2758 1486 2826 inquit,
1519 2771 1629 2816 tres
1657 2762 1823 2818 libros

234 2833 473 2905 scripsit,
503 2832 593 2901 qui
624 2831 863 2905 Lesbiaci
893 2842 1172 2905 vocantur,
1191 2833 1332 2905 quod
1357 2832 1624 2905 Mitylenis
1643 2849 1822 2889 sermo

233 2903 486 2961 habetur.
518 2909 568 2958 in
599 2903 794 2973 quibus
826 2903 933 2957 vult
967 2903 1180 2958 efﬁcere
1222 2904 1432 2957 animos
1453 2903 1583 2958 esse
1623 2915 1821 2958 morta-

234 2976 334 3030 les.
367 2973 471 3029 Sed
495 2976 710 3042 scripsit
735 2975 877 3046 idem
905 2973 1250 3029 Dicaearchus
1278 2976 1356 3046 (nt
1385 2975 1434 3028 iit
1454 2976 1645 3030 eodem
1668 2977 1822 3030 Cice-

235 3047 387 3101 ronis
434 3047 571 3101 libro
603 3044 848 3117 legimus)
891 3061 1218 3112 sermonem,
1265 3044 1422 3116 quem
1451 3047 1694 3102 Corinthi
1729 3047 1825 3101 ha-

234 3117 407 3172 bitttm
439 3118 607 3173 tribus
666 3117 813 3172 libris
858 3117 1100 3187 exponit,
1133 3119 1182 3171 itt
1211 3119 1406 3186 quibus
1440 3119 1656 3173 disserit
1692 3119 1820 3172 nihil

1927 2710 2087 2765 quam
2133 2695 2176 2749 si
2217 2694 2364 2748 dicas
2391 2713 2403 2748 :
2427 2692 2568 2748 Caro
2606 2702 2879 2764 resurget;
2921 2707 3050 2762 ergo
3088 2705 3241 2746 sacra
3281 2690 3524 2765 doctrina

1930 2764 2053 2820 vera
2081 2777 2182 2821 est.
2213 2767 2347 2834 Quia
2378 2782 2480 2820 vox
2507 2765 2746 2821 coelesds
2797 2765 2872 2819 rei
2923 2779 3140 2818 causam
3193 2764 3417 2833 praebet,
3465 2772 3524 2817 ut

1929 2838 2020 2892 sit.
2054 2839 2254 2894 BETUL.

2004 2909 2207 2964 Elicere
2237 2926 2503 2976 possumus
2533 2909 2814 2962 veritatem.
2844 2907 2932 2963 Sic
2959 2907 3079 2977 lego
3103 2921 3222 2960 cum
3254 2921 3382 2959 mss.
3416 2905 3524 2977 Bo;

1930 2997 2084 3043 non.,
2137 2997 2173 3036 ιι
2210 2983 2344 3050 Reg.
2379 2983 2530 3035 liniue
2579 2990 2737 3040 notai.
2783 2979 2950 3034 Brun.
2994 2976 3056 3032 ac
3083 2977 3211 3033 edit.
3246 2977 3425 3050 Betui.
3464 2976 3528 3031 Et

1931 3066 2096 3107 recte.
2132 3055 2220 3108 Sic
2248 3047 2418 3106 verum
2445 3053 2624 3106 elicere
2652 3053 2790 3120 apud
2825 3051 3092 3111 Plautum,
3125 3057 3178 3104 et
3197 3048 3337 3118 apud
3368 3047 3526 3103 Cice-

1930 3139 2118 3179 rOuetn
2152 3142 2202 3179 tv
2232 3123 2575 3187 Academic.;
2608 3125 2639 3176 7
2669 3124 2787 3176 aliis
2810 3134 2914 3185 est,
2947 3123 3148 3191 eligere.

235 3204 358 3262 csse
384 3190 603 3245 omnino
650 3181 1004 3254 aniinum,'et
1039 3188 1158 3262 hoc
1212 3181 1331 3243 esse
1389 3191 1605 3246 nomine
1657 3199 1825 3244 totum
1853 3181 1898 3243 C
2011 3197 2159 3250 Plato
2190 3206 2355 3249 autem
2401 3196 2472 3248 sic
2508 3181 3094 3262 argumentatus'estfln
3129 3190 3420 3255 Pliredone,
3468 3191 3522 3245 in

236 3261 419 3318 inane.
449 3261 749 3326 frustraque
769 3268 827 3316 et
856 3260 1103 3314 animalia
1131 3272 1180 3314 et
1204 3262 1504 3315 animantes
1531 3262 1823 3331 appellari;

238 3349 416 3401 neque
443 3337 493 3386 in
525 3333 740 3387 homine
771 3333 947 3387 inesse
973 3334 1210 3386 animum
1243 3333 1324 3386 vel
1357 3335 1609 3397 animant,
1647 3348 1746 3387 nec
1775 3334 1826 3386 in

240 3405 431 3459 bestia.
485 3403 724 3458 Meminit
785 3404 946 3469 hujus
997 3403 1138 3457 idettt
1187 3401 1299 3458 Cic.
1345 3405 1505 3458 etiam
1559 3406 1609 3458 ιιι
1657 3405 1824 3460 Acad.

237 3474 559 3546 quiest.Se.d
589 3486 644 3529 ut
698 3475 835 3530 Plut.
865 3475 916 3529 iii
971 3475 1186 3529 I’lacilis
1244 3475 1433 3541 refert,
1480 3479 1690 3529 censuit
1740 3477 1829 3529 Di-

236 3550 514 3601 caearchus
540 3548 774 3601 animam
801 3562 918 3604 esse
935 3556 1165 3617 quatuor
1185 3548 1594 3602 elementorum.
1619 3547 1824 3602 Βετυιη

312 3618 438 3672 Cum
467 3617 777 3672 Democrito.
813 3619 1146 3672 Democritus
1190 3629 1244 3672 et
1289 3619 1551 3685 Epicurus
1593 3622 1826 3673 animant

236 3705 344 3815 tltna
393 3706 517 3816 clum
572 3705 800 3760 corpore
853 3689 989 3744 mori
1045 3691 1214 3743 aiunt.
1279 3689 1450 3753 Plut.,
1505 3689 1716 3744 Cicero.
1775 3706 1826 3753 I,

287 3776 416 3815 uscu
447 3802 458 3813 .

287 3776 458 3815 USCUI.

316 3833 442 3887 lisse
461 3833 652 3904 inferos
681 3832 856 3888 Zenon
905 3831 1097 3888 docuit.
1153 3831 1228 3886 De
1279 3831 1496 3904 lenone
1545 3833 1675 3888 nihil
1726 3833 1829 3904 tale

237 3902 679 3974 comperio—apud
707 3904 1031 3972 SCI‘iplOI‘t‘S,
1068 3904 1162 3958 sed
1215 3905 1281 3957 de
1324 3903 1544 3958 Socrate
1574 3905 1711 3974 apud
1743 3902 1830 3958 Ci-

237 3991 352 4032 cer.
388 3991 403 4030 ι
435 3976 618 4041 Tusc.,
666 3977 807 4031 circa
851 3975 1108 4029 medium.
1160 3975 1346 4030 Imus.
1381 4005 1450 4014 —
1475 3975 1697 4031 Constat
1729 3976 1831 4029 hoc

237 4048 460 4118 quidem
483 4049 550 4103 de
579 4048 859 4117 Epicureis
890 4065 901 4099 :
931 4046 1039 4100 into
1071 4062 1176 4101 non
1205 4047 1271 4100 de
1303 4048 1499 4104 Stoicis
1527 4049 1708 4111 modo,
1733 4047 1828 4102 sed

239 4119 312 4174 de
341 4119 460 4181 ipso
510 4135 722 4188 quoque
767 4118 1050 4180 Cicerone,
1101 4119 1193 4189 qui
1247 4119 1299 4174 in
1351 4135 1367 4172 ι
1417 4118 1576 4174 'l‘usc.
1632 4129 1826 4188 quiest.

241 4201 533 4272 poetarum
557 4192 652 4272 de“
678 4189 1092 4272 inferisnfabnlas
1121 4190 1379 4272 exin-odit.
1410 4192 1550 4272 Quin
1575 4192 1700 4272 fimo
1729 4191 1831 4272 huc

239 4261 386 4316 idem
438 4261 564 4316 facit
620 4262 822 4317 Seneca
853 4262 1066 4317 Stoicus
1104 4263 1170 4316 ad
1202 4261 1450 4316 Marciam
1480 4262 1547 4316 de
1570 4262 1829 4316 Consola-

242 4334 410 4387 tione.
445 4333 725 4388 Excutitur
771 4333 886 4386 lucc
917 4335 1143 4401 qutesﬁo
1190 4349 1220 4387 a
1269 4334 1516 4388 Lucretio
1569 4334 1659 4386 lib.
1693 4349 1767 4396 ιιι,
1799 4349 1828 4387 a

237 4403 515 4460 Macrobio
541 4406 606 4459 de
651 4405 874 4460 Somnio
915 4405 1060 4468 Scip.
1093 4405 1182 4458 lib.
1210 4420 1244 4464 t.
1279 4421 1396 4473 cap.
1431 4405 1517 4458 11.
1554 4405 1658 4458 Sed
1715 4406 1830 4472 lege

241 4486 299 4529 tu
331 4492 400 4530 ex
433 4475 823 4530 Ecclesiasticis
857 4478 1208 4542 Augustinum
1235 4475 1324 4531 lib.
1357 4491 1453 4541 xu,
1497 4490 1615 4546 cap.
1643 4476 1734 4540 53,
1764 4475 1830 4529 de

238 4547 443 4603 Genesi
479 4547 542 4601 ad
575 4549 826 4602 litteram.
862 4547 1182 4602 BETULEIUS.

271 4691 281 4700 .
321 4617 612 4742 Plropltette.
651 4620 844 4674 Psalm.
879 4635 1006 4684 xxx,
1035 4619 1192 4673 Luc-.e
1245 4634 1360 4682 xm,
1408 4617 1472 4680 ’ὃς
1521 4617 1566 4672 ll
1613 4617 1676 4671 ad
1721 4615 1831 4671 Co-

271 4703 343 4742 Illl
373 4708 408 4742 t.
441 4707 490 4742 v.

238 4703 408 4746 l‘llllll.
441 4707 490 4742 ν.

319 4761 619 4816 Poetarum.
657 4761 790 4816 Vide
831 4762 1043 4816 Lucr'ct.
1073 4762 1165 4816 lib.
1197 4777 1276 4826 ιιι,
1305 4761 1445 4816 circa
1489 4762 1667 4815 tinent.
1703 4759 1833 4814 Poe-

237 4843 431 4894 tarum,
465 4838 624 4888 etiam
655 4835 975 4903 tragicorum
1021 4836 1270 4888 maxime.
1323 4833 1585 4886 Humerus
1630 4832 1833 4887 inferos

237 4905 500 4959 describit
539 4905 731 4973 Odyss.
761 4907 808 4959 λ.
841 4921 998 4973 quem
1026 4917 1240 4960 secutus
1260 4913 1339 4959 est
1359 4905 1385 4955 \
1404 4905 1500 4970 irg.
1521 4904 1573 4958 in
1588 4903 1828 4969 vi,0vid.

240 4978 297 5031 iit
324 4991 374 5030 tv
399 4976 547 5042 Mrt.,
571 4976 734 5032 Silius
761 4979 812 5030 in
839 4977 1060 5032 Lucian.
1084 4977 1136 5030 in
1163 4977 1454 5031 Charonte.
1486 4978 1685 5030 BerUL.

318 5048 648 5116 Argumenta.
680 5047 807 5102 Mss.
847 5048 881 5101 2
917 5063 1025 5103 rec.
1058 5060 1110 5104 et
1142 5048 1206 5103 10
1252 5049 1460 5109 excusi.
1492 5049 1832 5111 documenta;

237 5123 424 5174 cmleri
455 5130 510 5172 ut
540 5119 590 5172 iit
625 5129 792 5174 textu.
832 5119 961 5174 Vide
992 5135 1143 5189 seqq.
1173 5131 1222 5174 et
1255 5120 1405 5174 initio
1429 5134 1545 5188 cap.
1579 5119 1631 5174 9.

320 5189 510 5244 Tamen
553 5207 737 5260 parum
776 5191 958 5244 habent
1006 5192 1286 5260 ﬁrmitatis.
1341 5189 1412 5245 Ut
1463 5189 1830 5260 pltil~~$opbica

238 5263 424 5317 omnia
452 5273 576 5316 sttttt
620 5261 1178 5325 δοκοῦνταάιιιιιιειχειι,
1204 5277 1300 5317 nec
1322 5275 1470 5316 certo
1499 5262 1628 5328 ipsis
1649 5272 1834 5314 aucto-

240 5333 398 5388 ribus
449 5337 843 5388 consmntzita
902 5337 951 5388 in
1010 5335 1459 5402 disputationibus
1517 5333 1834 5397 tlteologicis

239 5407 576 5476 pronuntiati
605 5406 980 5460 auctoritatem
1026 5421 1130 5459 non
1161 5406 1358 5460 habent
1389 5407 1571 5466 ullam,
1605 5414 1659 5457 et
1684 5407 1752 5456 ob
1781 5404 1832 5457 id

239 5475 344 5548 nec
371 5475 602 5542 Platoni,
633 5493 731 5531 nec
761 5477 1096 5548 Pythagorae.
1130 5477 1252 5531 licet
1282 5478 1394 5544 ipse
1425 5477 1644 5537 dixerit,
1670 5485 1724 5528 et
1746 5490 1834 5528 ve-

239 5547 459 5603 ritatem
487 5548 622 5602 adeo
648 5547 868 5614 dixerit,
900 5550 1229 5602 credendum
1265 5557 1543 5617 pr0ptcrca
1572 5555 1674 5604 est.
1709 5547 1831 5617 quia

239 5619 400 5685 dixit,
429 5619 522 5674 sed
546 5621 672 5690 quia
697 5635 882 5674 verum
905 5630 1006 5686 est,
1038 5631 1088 5674 et
1110 5616 1356 5673 convenit
1379 5634 1496 5672 cum
1518 5616 1834 5671 auctoritate

239 5691 476 5746 cmleSIi.
524 5689 878 5746 oraculorum
924 5696 1066 5746 enim
1115 5690 1416 5746 divinorum
1469 5698 1611 5742 tanta
1667 5692 1834 5743 virtus

241 5773 351 5824 est,
398 5772 454 5814 ut
505 5765 615 5832 ipsa
647 5765 808 5818 etiam
849 5767 1022 5818 oratio
1064 5767 1139 5818 rei
1171 5763 1229 5817 τὸ
1269 5758 1392 5816 εἶναι
1417 5759 1636 5822 afferat;
1668 5769 1719 5813 et
1765 5760 1834 5832 ob

243 5835 481 5900 idipsum
536 5850 720 5891 verum
769 5837 856 5902 sit,
902 5835 1062 5889 vitam
1103 5850 1222 5890 esse
1266 5832 1668 5902 sempiternam,
1710 5831 1832 5901 quia

245 5905 356 5962 hoc
372 5919 540 5965 sacrae
567 5906 916 5978 prodiderunt
943 5907 1257 5979 Scripturae,
1289 5919 1388 5963 nec
1401 5903 1465 5962 id
1490 5903 1666 5962 minus
1682 5918 1830 5973 vere,

1858 4581 1912 4640 D

1931 3267 2179 3331 Meuone,
2218 3267 2284 3322 de
2317 3253 2604 3333 Republica
2633 3282 2671 3325 ι,
2708 3266 2774 3318 de.
2808 3264 3037 3334 Legibus
3074 3279 3170 3316 xu.
3207 3262 3361 3328 Apud
3393 3253 3526 3334 Lac-g

1933 3340 2159 3393 lantiunt
2193 3338 2459 3391 Sentiendi
2480 3339 2697 3391 verbum
2723 3333 2960 3406 irrepsit,
2994 3335 3174 3406 nescio
3199 3334 3360 3406 unde,
3382 3333 3524 3403 quod

1931 3427 1999 3465 ne
2022 3410 2162 3470 apud
2193 3409 2507 3464 Ciceroneni
2540 3408 2754 3478 quidem
2784 3404 2886 3468 est,
2921 3405 3157 3478 quihaec
3189 3404 3524 3478 eadem_\er-_

1931 3481 1994 3536 ba
2029 3483 2080 3534 in
2109 3484 2282 3550 primo
2305 3481 2466 3534 Tusc.
2491 3474 2684 3548 quiest.
2719 3474 2989 3532 transtulit
3022 3477 3123 3531 hoc
3151 3474 3311 3529 modo
3337 3494 3350 3530 :
3377 3475 3526 3541 Quod

1931 3570 2128 3614 semper
2157 3565 2400 3613 movetur,
2443 3553 2497 3605 id
2539 3561 2780 3606 cisternam
2811 3560 2883 3604 est
2913 3565 2932 3601 :
2957 3551 3091 3618 quod
3120 3559 3287 3601 autem
3335 3557 3527 3599 motum

1931 3626 2096 3693 adfert
2126 3624 2301 3683 alicui,
2335 3625 2565 3692 quodque
2591 3625 2756 3692 ipsum
2785 3622 3011 3691 agitatur
3041 3620 3268 3693 aliunde,
3315 3619 3524 3693 quando

1933 3690 2085 3763 ﬁnem
2161 3696 2306 3748 habet
2349 3690 2562 3758 motus,
2614 3690 2832 3748 uiuendi
2871 3707 3067 3762 quoque
3136 3691 3288 3758 ﬁnem
3344 3690 3526 3743 habeat

1934 3784 2132 3821 necesse
2203 3777 2294 3822 est.
2366 3767 2547 3821 Solum
2610 3767 2766 3836 igitur
2837 3766 2971 3832 quod
3037 3763 3257 3830 seipsum
3323 3770 3523 3836 movet,

1932 3840 2052 3908 quiu
2105 3855 2363 3905 nunquam
2415 3833 2660 3890 deseritur
2703 3854 2735 3888 a
2791 3852 2880 3899 se,
2925 3849 3182 3908 nunquam
3226 3848 3288 3886 ne
3340 3833 3527 3885 moveri

1932 3905 2133 3981 quidem
2160 3910 2364 3962 desiuit.
2400 3910 2702 3981 Bs'rUL.-—-
2736 3908 2808 3981 De
2838 3909 2938 3981 hoc
2969 3905 3212 3981 Platonis
3240 3918 3528 3981 argumen-

1935 3976 1988 4035 to
2033 3981 2246 4035 videndi
2303 3982 2534 4035 Macrob.
2567 3979 2658 4035 lib.
2706 3995 2743 4032 ιι
2798 3980 2848 4032 iit
2902 3978 3089 4032 Somn.
3128 3976 3366 4042 Scipiun.
3405 3989 3524 4041 cap.

1941 4053 2005 4106 15
2033 4063 2086 4106 et
2118 4069 2304 4122 seqq.;
2345 4055 2400 4106 S.
2447 4053 2704 4109 Albanas.
2754 4052 2805 4104 in
2842 4051 2990 4122 ()rat.
3023 4057 3211 4103 contra
3251 4045 3418 4111 Idol.;
3465 4045 3522 4102 S.

1934 4124 2172 4177 Thomas
2200 4119 2244 4177 ιι
2265 4135 2449 4178 Contra
2478 4123 2662 4185 Gcnl.,
2690 4138 2808 4189 cap.
2841 4119 2930 4175 8‘2.

2009 4193 2074 4247 Et
2105 4199 2274 4250 sentit.
2313 4197 2474 4251 Deest
2501 4198 2552 4250 in
2582 4194 2852 4248 Plt;cdotte
2877 4201 2927 4246 et
2959 4189 3099 4260 apud
3127 4189 3445 4244 Ciceronem
3476 4189 3528 4242 in

1935 4265 2222 4321 Tusculan.
2254 4267 2456 4336 Quaest.

2007 4337 2186 4392 Deseri
2213 4357 2243 4390 (ι
2266 4329 2555 4406 semetipso.
2591 4335 2688 4389 Ms.
2713 4352 2726 4389 t
2754 4335 2958 4388 Bouon.
2988 4331 3160 4399 antiq.
3185 4329 3472 4406 desiderari
3499 4347 3530 4384 a

1931 4410 2099 4478 seipso
2127 4426 2228 4462 non
2261 4399 2457 4475 potest;
2504 4406 2618 4468 sed,
2672 4415 2727 4459 ut
2768 4416 2913 4459 recte
2961 4411 3143 4478 mouet
3185 4399 3527 4478 Tliotnasius,

1936 4471 2214 4548 utrius-que
2257 4471 2503 4533 lectionis
2534 4480 2731 4548 optima
2773 4486 2849 4548 est
2883 4474 3168 4548 sententia.
3194 4471 3268 4548 —_—'
3291 4471 3468 4548 Πρενὶ
3499 4489 3531 4526 a

1936 4543 2199 4616 semetipso
2231 4568 2331 4603 non
2361 4559 2539 4615 potest.
2573 4543 2862 4617 Expressit.
2888 4546 3203 4600 Ciceroneni
3232 4546 3268 4600 Ι.
3300 4559 3316 4598 ι
3342 4543 3529 4617 Tttsc.,

1937 4636 1986 4675 c.
2020 4615 2127 4675 ’ἰδὲ
2157 4621 2306 4687 Quod
2333 4639 2385 4675 se
2409 4623 2578 4691 ipsum
2605 4615 2785 4681 movet,
2827 4621 3233 4691 quianunquam
3262 4615 3530 4691 deseritur

1937 4707 1967 4746 a
1999 4709 2077 4756 se,
2109 4710 2365 4762 nunquam
2406 4687 2467 4745 ne
2495 4693 2681 4746 moveri
2707 4687 2906 4761 quidem
2933 4689 3205 4743 desiuit...
3237 4687 3383 4762 sentit
3411 4687 3529 4740 ani.

1937 4781 2050 4817 mus
2081 4781 2132 4817 se
2159 4758 2436 4818 moveri....
2467 4763 2536 4820 Se
2576 4766 2625 4817 vi
2653 4758 2746 4816 sua
2781 4779 2886 4816 non
2935 4762 3105 4814 aliena
3151 4758 3377 4822 moveri,
3432 4772 3532 4812 nec

1937 4836 2250 4890 accidere...
2277 4853 2456 4907 posse,
2478 4845 2534 4889 ιιι
2557 4836 2669 4906 ipse
2693 4848 2923 4907 unquam
2943 4848 3046 4907 ase
3069 4831 3372 4907 deseratur.
3394 4827 3526 4907 Βιιξι.

2013 4908 2161 4974 Quod
2200 4901 2703 4974 argutttentumfetc.
2736 4901 2865 4971 uina
2894 4903 3209 4974 universalis
3239 4901 3531 4974 prupttsitio

1938 4971 2226 5052 esth-o'za’a
2253 4971 2405 5052 ᾦνχή
2437 4982 2701 5052 deditas-0;.
2732 4977 2836 5052 Sed
2871 4977 3141 5052 Platonem
3163 4971 3365 5052 fortem
3395 4971 3529 5024 Lac-

1939 5051 2090 5104 tantii
2123 5043 2539 5117 retirelteiisIOtte
2567 5050 2817 5104 defendet
2855 5051 2912 5103 τὸ
2942 5047 3086 5101 καλὸν
3111 5043 3209 5114 (sic
3239 5043 3532 5117 enituera-

1938 5123 2013 5174 tio
2038 5114 2366 5190 inscribitur)
2392 5121 2532 5190 qttod
2559 5137 2662 5175 non
2688 5122 2738 5174 iit
2764 5117 3093 5190 bestiis,sed
3126 5117 3175 5169 iit
3201 5114 3526 5179 hominibus,

1937 5194 2179 5262 adeoque
2210 5195 2260 5246 in
2292 5188 2469 5246 anima
2501 5193 2747 5246 rationali
2773 5188 3155 5262 locuuLbabct.

2009 5256 2239 5317 Addidit.
2275 5264 2404 5318 Vide
2431 5265 2564 5318 Plat.
2598 5264 2736 5334 apud
2763 5262 2874 5316 Cic.
2906 5258 3169 5334 tTUSCttl._
3193 5266 3245 5312 et
3274 5256 3337 5334 ad
3369 5257 3527 5334 finem

1936 5333 2127 5389 Caton.
2161 5335 2351 5404 major.
2373 5338 2484 5389 sive
2507 5335 2572 5389 de
2602 5327 2815 5391 S'enect.
2849 5341 2902 5387 et
2934 5331 3194 5386 iCoustil.
3227 5337 3282 5382 ιιι
3305 5327 3401 5382 inf.
3435 5328 3526 5383 lib.

1937 5407 2004 5460 de
2030 5405 2110 5459 Ira
2147 5408 2236 5460 Dei
2266 5422 2382 5473 cap.
2430 5409 2497 5462 10
2533 5406 2596 5459 ad
2637 5407 2726 5459 litt.

2009 5477 2170 5547 Cujus
2201 5471 2434 5530 miranda
2464 5478 2690 5532 solertia.
2725 5477 2846 5530 Ila-c
2879 5475 3039 5531 verba
3083 5490 3186 5528 non
3216 5489 3245 5528 ιι
3285 5471 3528 5535 Platone,

1937 5549 2028 5604 sed
2063 5553 2128 5602 ab
2160 5553 2274 5616 ipso
2303 5551 2562 5604 Cicerone
2590 5549 2767 5603 addita
2793 5558 2936 5600 sunt.

2013 5605 2271 5673 Uisreudi.
2306 5620 2358 5674 lit
2387 5621 2420 5674 6
2445 5637 2572 5674 titSs.
2607 5632 2658 5676 et
2687 5619 2809 5674 edd.
2843 5621 2873 5672 4
2905 5633 2986 5672 est
3025 5617 3364 5672 discernendi.
3396 5614 3532 5670 Vide
3603 5605 3612 5688 F

1938 5690 2076 5765 infra
2109 5708 2227 5765 cap.
2255 5692 2346 5746 ‘22.
2383 5695 2433 5746 itt
2467 5694 2571 5747 fine
2599 5711 2609 5745 :
2641 5692 2705 5765 In
2727 5691 2903 5765 pueris
2929 5701 3046 5758 sunt.
3071 5690 3276 5765 ingenia
3297 5689 3528 5765 adﬁne;-
3595 5689 3606 5762 ξ

1937 5758 2224 5833 eipiendum
2256 5765 2469 5834 fudtlia;
2511 5758 2902 5834 qtiodg‘etiiquw
2940 5758 3155 5834 discant,
3191 5763 3260 5815 itu
3307 5759 3532 5834 celet-iter

1937 5828 2162 5903 futuant,
2193 5828 2380 5889 ut'uou
2409 5828 2984 5907 tuncpritttuutdisccrc
3007 5833 3114 5890 illa"
3127 5837 3412 5896 videantur,
3444 5828 3532 5884 sed

1936 5919 2293 5975 recognoscere
2319 5917 2468 5980 atque
2489 5908 2764 5965 reminisci.

3635 2151 3696 2506 ὲ
