4076 6350
422 400 451 537 l

555 315 661 381 763

553 532 967 590 numer-altilium
1000 534 1245 599 scientia,
1274 549 1379 605 qua
1402 543 1620 591 caeterte
1644 542 1868 590 careant
1894 534 2144 588 animan-

552 638 655 694 tes,
679 627 858 682 divina
884 635 942 684 et
960 628 1201 686 caelesds
1227 636 1486 700 appareat
1509 645 1525 682 :
1549 627 1675 699 quia
1696 635 1755 681 et
1778 628 1931 698 origo
1958 626 2145 694 animi,

492 732 499 747 ί
546 721 638 793 qui
670 730 816 775 tanta
845 722 1042 790 capiat,
1070 729 1215 777 tanta
1242 723 1539 789 contineat,
1587 720 1731 775 nulla
1761 720 2065 789 reperiatur
2094 718 2146 775 in

548 823 691 870 terra
716 831 732 878 ;
756 813 1021 887 siquidem
1047 829 1113 870 ex
1142 814 1486 870 conexetione
1515 823 1725 869 terrena
1775 804 1908 866 nihil
1955 811 2149 867 habeat

456 902 462 923 ‘
500 924 521 1011 Ι
547 905 838 961 admistqu
869 922 885 960 :
916 904 1013 961 sed
1044 920 1268 961 necesse
1287 920 1411 960 esse
1439 905 1492 959 in
1525 913 1721 959 terram
1752 903 1967 963 resolvi.
2005 901 2147 973 quod

488 995 511 1089 ξ
547 1007 631 1062 est
660 997 713 1055 in
744 996 965 1053 homine
1008 997 1370 1068 ponderosum
1403 1006 1456 1055 et
1496 996 1840 1063 dissolubile;
1873 995 2015 1067 quod
2046 1012 2146 1051 au-

547 1102 655 1151 tem
682 1102 845 1149 tenue
869 1101 1033 1163 atque
1054 1092 1273 1160 subtile,
1299 1093 1351 1147 id
1383 1107 1511 1147 vero
1535 1107 1660 1146 esse
1688 1089 2042 1154 individuum,
2082 1104 2149 1149 ac

546 1186 823 1249 domicilio
845 1187 1092 1257 corporis
1113 1186 1260 1243 velut
1283 1201 1502 1242 carcere
1524 1184 1828 1249 liberatum,
1852 1183 1918 1238 ad
1949 1182 2145 1239 etclam

545 1289 602 1339 et
628 1280 697 1336 ad
726 1289 974 1339 naturam
1020 1296 1175 1337 suam
1220 1280 1523 1351 pervolare.
1580 1279 1708 1335 llaec
1753 1278 1867 1335 fere
1911 1279 2148 1335 Platonis

546 1373 772 1432 collecta
815 1373 1068 1444 breviter,
1114 1388 1233 1445 quae
1270 1371 1414 1446 apud
1451 1373 1625 1444 ipsum
1675 1372 1784 1429 late
1824 1372 2150 1443 cepiosequo

548 1467 907 1538 explicantur.

618 1560 676 1616 lu
706 1559 895 1615 eadem
923 1560 1189 1616 sententia
1228 1559 1330 1616 fuit
1371 1560 1532 1615 etiam
1575 1559 1907 1632 Pythagoras
1955 1568 2145 1626 antea,

547 1652 776 1725 ejusque
806 1664 1110 1726 praeceptor
1158 1653 1497 1726 Pherecydes
1519 1696 1533 1719 ,
1581 1670 1742 1726 quem
1770 1654 1960 1710 Cicero
1990 1653 2151 1711 tradit

546 1749 779 1820 primum
823 1748 893 1803 de
920 1748 1224 1805 aeternitate
1269 1751 1568 1803 animarum
1618 1748 1999 1817 disputavisse.
2045 1748 2148 1816 Qui

1619 319 1804 379 FIRM.
1844 317 2210 379 LACTANTII
2251 314 2454 375 DlVlN.
2499 312 2743 374 lNSTl’l‘.

550 449 607 507 et
632 440 968 512 providentia
1000 439 1326 509 futurorum,
1364 446 1426 496 et
1464 438 1660 495 artium
1700 438 2022 511 plerumque
2065 437 2148 492 in—
2174 438 2228 500 Δ

3734 310 3838 366 761

2873 428 3101 491 CAPUT
3137 430 3226 488 IX.

2477 629 2556 685 De
2581 632 2863 687 ieiunitate
2884 630 3073 687 eniam
3090 671 3107 699 ,
3131 639 3285 703 atque
3309 630 3375 687 de
3400 631 3603 687 uirtute.

2320 808 2418 865 His
2446 808 2625 877 itaque
2651 809 3011 877 argumentis,
3058 822 3180 878 qua:
3221 822 3322 863 nec
3349 806 3503 862 Plato
3524 849 3540 873 ,
3572 822 3670 864 nec
3700 808 3847 866 ullas

2248 902 2393 959 alius
2440 902 2681 968 invenit,
2720 902 3023 957 animarum
3061 902 3338 957 aeternitas
3370 903 3584 972 probari
3630 919 3691 957 ac
3717 918 3845 974 per-

2252 997 2382 1067 Spici
2413 1004 2587 1066 potest
2615 1012 2632 1051 :
2674 1012 2793 1066 quae
2832 1011 2933 1052 nos
2962 997 3201 1053 breviter
3228 996 3570 1065 collegimus;
3594 999 3846 1069 quoniam

2252 1097 2503 1160 properat
2531 1088 2705 1143 oratio
2735 1087 2803 1145 ad
2842 1089 3199 1144 enarrandum
3233 1088 3497 1159 judicium
3547 1090 3639 1145 Dei
3679 1091 3849 1146 mati-

2249 1184 2603 1254 mum,quod
2636 1183 2689 1237 in
2737 1192 2881 1240 terra
2930 1185 3322 1255 propinquante
3370 1184 3692 1240 mulorum
3739 1187 3848 1243 line

2250 1276 2634 1332 celebrabitur.
2662 1278 2804 1332 Ante
2830 1278 3009 1333 omnia
3028 1319 3043 1343 ,
3078 1278 3331 1349 quoniam
3361 1278 3505 1335 Deus
3528 1280 3600 1333 ab
3630 1279 3849 1337 homine

2250 1368 2421 1424 videri
2450 1384 2556 1424 non
2582 1377 2761 1439 potest
2783 1410 2797 1434 ,
2822 1384 2893 1425 ne
2918 1369 3038 1439 quis
3063 1378 3239 1426 tamen
3284 1386 3353 1427 ex
3384 1385 3451 1426 eo
3483 1372 3603 1441 ipso
3636 1381 3848 1441 putaret

2254 1460 2426 1519 Deum
2458 1477 2566 1518 non
2594 1476 2716 1517 esse
2736 1502 2751 1530 ,
2795 1462 2919 1532 quia
2948 1461 3273 1517 mortalibus
3299 1462 3469 1518 oculis
3497 1478 3605 1517 non
3638 1464 3849 1521 videre-

2253 1564 2356 1615 tur.
2392 1559 2532 1612 inter
2558 1563 2754 1611 caetera
2780 1554 3150 1611 institutorum
3196 1554 3454 1610 miracula
3477 1597 3494 1621 ,
3528 1555 3659 1611 fecit
3684 1558 3851 1613 etiam

2252 1651 2452 1718 multa,
2502 1665 2731 1720 quorum
2765 1653 2845 1705 vis
2874 1650 3089 1721 quidem
3119 1658 3377 1720 apparet,
3420 1650 3721 1707 substantia
3765 1663 3848 1708 ta-

2254 1760 2377 1800 men
2406 1758 2512 1798 non
2543 1744 2834 1811 videretur,
2876 1744 3013 1799 sicut
3043 1752 3126 1803 est
3162 1759 3262 1803 vos
3284 1785 3300 1813 ,
3334 1745 3488 1813 odor,
3525 1758 3758 1814 ventus;
3792 1757 3853 1803 ut

545 1855 735 1900 amnes
780 1841 905 1898 licet
952 1841 1258 1911 eloquentia
1298 1841 1663 1908 excellerent;
1713 1850 1892 1896 tamen
1946 1843 1998 1897 in
2050 1841 2148 1898 hac
2178 1845 2225 1907 Β
2252 1836 2441 1891 harum
2468 1850 2647 1891 rerum
2675 1846 2992 1907 argumento
3032 1847 3086 1892 et
3128 1837 3411 1917 exemplo,
3441 1839 3608 1894 etiam
3642 1840 3809 1896 Deum
3833 1883 3847 1906 ,

543 1931 803 1989 duntaxat
839 1934 1188 1990 contentione
1221 1948 1326 1989 non
1358 1934 1535 1991 minus
1577 1935 1911 1990 auctoritatis
1939 1933 2144 1991 habue-

543 2038 701 2093 runt,
732 2028 823 2099 qui
853 2038 1041 2084 contra
1074 2028 1216 2084 hanc
1256 2028 1576 2083 sententiam
1626 2027 2000 2091 disserebant,
2054 2028 2144 2084 Di-

545 2121 824 2177 cmarchus
852 2121 1026 2191 primo
1047 2162 1062 2187 ,
1090 2121 1286 2177 deinde
1312 2120 1651 2176 Democritus
1671 2162 1685 2188 ,
1721 2129 1995 2191 postremo
2018 2119 2146 2189 Epi—

549 2227 748 2269 curus:
779 2214 916 2271 adeo
944 2225 1001 2269 ut
1025 2230 1112 2271 res
1142 2215 1257 2285 ipsa
1278 2256 1294 2282 ,
1333 2215 1404 2270 de
1428 2230 1536 2286 qua
1560 2215 1700 2269 inter
1726 2230 1784 2269 se
1816 2214 2139 2285 pugnabant,

546 2305 600 2361 in
628 2305 852 2361 dubium
887 2317 1189 2363 vocaretur.
1217 2307 1456 2378 Denique
1497 2315 1554 2363 et
1598 2306 1839 2374 Tullius,
1884 2308 2143 2378 expositis

546 2396 741 2451 horum
767 2399 1007 2454 omnium
1034 2398 1103 2454 de
1147 2400 1552 2455 immortalitate
1594 2414 1657 2455 ac
1704 2408 1877 2455 morte
1922 2409 2143 2456 senten-

548 2491 671 2556 tiis,
708 2492 920 2547 nescire
948 2507 1007 2547 se
1035 2492 1161 2563 quid
1190 2493 1261 2548 sit
1288 2508 1478 2547 verum
1501 2536 1515 2560 ,
1546 2494 1935 2563 pronuntiavit.
1971 2511 1990 2546 ι
2041 2493 2148 2550 Ha-

545 2605 698 2654 rum,
729 2589 927 2660 inquit,
976 2591 1366 2645 sententiarum
1412 2606 1531 2659 quae
1560 2605 1687 2645 vera
1732 2591 1831 2659 sit,
1879 2591 2019 2647 Deus
2050 2592 2146 2647 ali-

546 2683 667 2753 quis
690 2681 907 2738 viderit.
946 2701 968 2737 s
1007 2684 1073 2737 Et
1101 2699 1290 2739 rursus
1315 2683 1443 2738 alibi
1471 2702 1484 2737 :
1523 2702 1543 2734 ε
1580 2684 1844 2749 Quoniam
1876 2694 2103 2755 utraque
2126 2726 2143 2753 ,

543 2773 732 2842 inquit,
761 2786 947 2828 earum
972 2775 1363 2829 sententiarum
1388 2775 1735 2830 doctissimos
1758 2775 1941 2830 habuit
1962 2785 2147 2832 aucto-

547 2878 667 2929 res;
694 2879 791 2920 nec
820 2865 946 2935 quid
979 2868 1112 2922 certi
1137 2866 1207 2921 sit
1231 2866 1456 2921 divinari
1483 2877 1680 2939 potest.
1711 2886 1730 2920 ι
1766 2867 1961 2922 Verum
1991 2869 2146 2923 nobis

548 2955 880 3013 divinatione
910 2974 1046 3031 opus
1072 2975 1179 3017 non
1212 2970 1329 3029 est,
1365 2961 1558 3032 quibus
1586 2961 1866 3019 veritatem
1894 2962 2145 3021 divinitas

464 3050 467 3053 ’
547 3051 664 3123 ipsa
691 3050 967 3123 patefecit.

2246 1932 2369 1988 licet
2401 1932 2501 1986 sub
2524 1932 2707 1986 oculos
2738 1947 2842 1986 non
2889 1932 3130 1996 veniret,
3180 1931 3247 1988 de
3291 1948 3386 1988 sua
3438 1941 3623 1989 tamen
3671 1937 3754 2003 vi;
3798 1945 3852 1990 et

2247 2025 2441 2081 cll'ectu
2463 2066 2477 2090 ,
2506 2033 2557 2080 et
2584 2024 2837 2093 operibus
2862 2039 3228 2082 cerneremus.
3266 2024 3407 2093 Quid
3441 2041 3574 2082 voce
3616 2027 3851 2083 clarius?

2244 2128 2336 2171 aut
2366 2126 2526 2174 vento
2558 2119 2787 2174 fortius?
2814 2129 2905 2173 aut
2933 2119 3101 2175 odore
3129 2120 3463 2176 violentius?
3488 2119 3618 2175 Herc
3646 2131 3848 2187 tamen,

2246 2224 2367 2267 eum
2401 2226 2498 2281 per
2524 2226 2706 2267 aerem
2734 2212 3005 2277 feruntur.
3054 2213 3121 2267 ad
3153 2227 3458 2280 sensusque
3489 2224 3713 2268 nostros
3759 2227 3850 2269 ve-

2246 2304 2433 2372 niunt,
2463 2314 2520 2361 et
2541 2319 2638 2361 eos
2666 2306 2905 2375 potentia
2949 2320 3046 2361 sua
3097 2305 3418 2375 impellunt,
3453 2320 3561 2360 non
3616 2320 3854 2361 cernun-

2250 2405 2335 2453 tur
2355 2398 2472 2453 acie
2502 2397 2759 2453 luminum
2790 2415 2802 2451 :
2836 2398 2932 2454 sed
2978 2398 3100 2453 aliis
3147 2400 3391 2470 corporis
3437 2399 3687 2467 partibus
3723 2415 3851 2455 seno

2248 2491 2471 2548 tiuntur.
2501 2491 2759 2547 Similiter
2790 2494 2928 2546 Deus
2965 2476 3073 2547 non
3099 2503 3322 2563 aspectu
3352 2494 3507 2549 nobis
3542 2495 3721 2549 aliove
3748 2494 3855 2550 fra-

2247 2585 2338 2656 gili
2363 2601 2525 2639 sensu
2554 2585 3100 2654 comprehendendns
3145 2596 3230 2640 est
3270 2604 3283 2641 :
3312 2586 3408 2641 sed
3456 2589 3658 2643 mentis
3681 2588 3855 2642 oculis

2248 2677 2543 2733 intuendus
2563 2719 2578 2744 ,
2616 2692 2738 2732 cum
2769 2692 2935 2747 opera
2966 2677 3082 2748 ejus
3113 2678 3368 2746 praeclara
3399 2688 3454 2733 et
3502 2678 3751 2733 miranda
3777 2679 3856 2733 vi-

2250 2775 2496 2832 deamus.
2549 2774 2681 2832 Nam
2734 2776 2885 2843 illos,
2918 2777 3007 2846 qui
3053 2777 3258 2831 nullum
3287 2777 3513 2833 omnino
3538 2776 3705 2832 Deum
3736 2789 3858 2831 esse

2250 2869 2536 2936 dixerunt,
2574 2884 2680 2924 non
2706 2868 2869 2924 modo
2900 2869 3284 2941 philosophos,
3335 2867 3428 2924 sed
3487 2886 3556 2924 ne
3604 2867 3857 2925 homines

2245 2964 2459 3035 quidem
2488 2962 2654 3019 fuisse
2681 2963 2910 3019 dixerim
2930 3005 2947 3030 ,
2979 2965 3070 3034 qui
3100 2964 3265 3018 mutis
3289 2963 3553 3018 simillimi
3601 2977 3673 3018 ex
3726 2963 3849 3018 solo

2247 3072 2482 3130 corpore
2510 3058 2899 3126 constiterunt,
2927 3057 3062 3114 nihil
3088 3057 3308 3113 omnino
3334 3065 3622 3113 cernentes
3649 3056 3857 3124 animo,

1864 3191 2227 3252 VARIORUM
2263 3194 2489 3251 NOTIE.

618 3326 947 3405 Plerumque.
996 3327 1341 3405 lleumannus
1373 3328 1493 3405 legit
1524 3306 1955 3405 rerumque,_nee
1978 3332 2136 3387 male.
2169 3331 2213 3394 C
2247 3332 2437 3405 sarcula
2491 3340 2666 3401 postea
2714 3333 2788 3405 sic
2814 3332 2975 3402 viguit
3024 3331 3474 3405 Pythagoreorum
3528 3348 3716 3405 nomen
3736 3342 3861 3405 ,711

546 3400 843 3471 Bttuetnan.
876 3400 1108 3456 admittit
1135 3414 1351 3471 quoque
1392 3402 1528 3457 hanc
1559 3403 1798 3455 ultimam
1830 3403 2140 3458 lectionem.

622 3470 788 3529 Nulla
827 3474 1114 3543 reperiatur
1160 3470 1217 3526 in
1259 3484 1414 3527 terra.
1447 3472 1618 3529 Abest
1658 3474 1890 3539 interra,
1937 3475 2006 3529 ab
2041 3490 2148 3532 uno

552 3544 762 3600 Bonon.
792 3546 1097 3615 antiquiore
1127 3557 1181 3599 et
1211 3543 1345 3600 Tax.

619 3635 704 3691 Ea:
749 3637 1090 3691 concretione.
1135 3635 1273 3691 Ven.
1330 3636 1493 3702 1495,
1543 3636 1635 3704 97,
1676 3638 1816 3694 Pier.
1863 3639 2036 3695 Paris.
2087 3657 2151 3696 ea:

548 3710 1183 3783 concrcutionetvitiose.
1216 3709 1466 3783 iEpitom.
1517 3725 1637 3783 cap.
1689 3711 1757 3783 70
1787 3731 1798 3763 ε
1832 3711 1893 3767 Si
1946 3713 2149 3783 quidem

549 3781 803 3850 (animus)
844 3779 975 3833 nihil
1001 3781 1179 3834 habent
1206 3782 1261 3833 in
1283 3784 1335 3833 se
1363 3782 1546 3835 terreni
1574 3781 1813 3850 ponderis
1847 3779 1967 3838 lube
2000 3799 2150 3838 con-

549 3864 779 3905 cretum.
806 3852 870 3905 L.
892 3866 1007 3915 vm,
1028 3866 1079 3906 c.
1108 3853 1177 3905 12
1199 3869 1213 3904 :
1238 3851 1421 3905 Anima
1442 3855 1493 3905 in
1515 3869 1569 3906 se
1592 3854 1720 3907 nihil
1732 3856 1991 3920 concreti,
2016 3856 2147 3910 nihil

553 3921 755 3977 terreni
786 3924 1039 3992 ponderis
1066 3922 1247 3978 habet.
1276 3924 1419 3978 lnl'ra
1444 3943 1458 3979 :
1484 3924 1562 3978 De
1586 3935 1784 3978 terrena
1809 3928 2146 3982 concretione.

847 4016 853 4027 ι
1581 3996 1861 4051 Βυκειιλιη.

628 4082 738 4139 Sed
758 4100 1097 4162 nee-esseesse.
1122 4085 1198 4141 ita
1222 4085 1503 4162 legendum
1528 4102 1648 4142 esse
1669 4090 1897 4158 probant
1916 4092 2147 4162 prmced.

556 4165 611 4211 et
636 4171 790 4227 seqq.
819 4156 875 4212 In
906 4159 964 4212 11
1000 4174 1130 4213 mss.
1150 4168 1200 4213 et
1229 4157 1263 4213 6
1282 4156 1408 4213 edd.
1438 4172 1635 4213 necesse
1661 4156 1753 4215 est.

637 4225 785 4281 Velut
811 4246 1011 4284 carcere
1040 4229 1323 4284 liberatum.
1356 4231 1431 4304 Eii
1478 4231 1698 4286 Platone
1730 4231 1920 4288 Cicero
1950 4248 2148 4304 corpus

554 4310 712 4371 vocat
752 4317 868 4365 vas,
914 4304 1348 4371 receptaculum,
1390 4302 1753 4369 domicilium,
1799 4302 2095 4360 custodiam
2130 4325 2143 4361 :

558 4370 766 4445 Seneca
802 4375 1021 4445 insuper
1048 4370 1415 4441 ergastulum,
1465 4384 1625 4445 atque
1677 4377 1907 4432 vincula.
1942 4377 2147 4433 Metho-

556 4443 678 4497 dius
702 4446 841 4517 apud
871 4443 1225 4513 Epiphanintn
1254 4454 1435 4501 contra
1467 4444 1800 4517 Origenistas
1823 4449 1998 4514 docet,
2026 4465 2146 4503 cor-

558 4529 657 4596 pus
684 4515 878 4596 aniuue
908 4532 1007 4596 nec
1029 4518 1321 4596 vinculum,
1356 4532 1457 4574 nec
1485 4515 1930 4596 carcereuresse.
1959 4520 2146 4596 Petrus

557 4588 772 4641 interim
826 4592 1064 4659 σκήνωμα
1104 4589 1369 4658 appellat;
1412 4598 1466 4642 et
1527 4592 1576 4643 in
1613 4590 1716 4645 Job
1755 4592 1948 4647 domus
2003 4593 2146 4648 lutea

559 4661 871 4732 nuntiantur
902 4661 1193 4732 luunattutn
1224 4660 1662 4732 corpus._Vcrba,
1685 4663 1877 4732 quibus
1908 4667 2006 4716 hoc
2032 4664 2149 4719 loco

558 4728 879 4803 Lactantius,
900 4729 1173 4784 Platonica
1198 4728 1847 4803 ettulit,Ciceronissunt
1871 4752 1934 4789 ex
1959 4734 2146 4803 Lmlio,

558 4800 627 4855 de
650 4800 915 4864 Scipionis
947 4810 1137 4866 morte,
1176 4800 1273 4855 sub
1297 4798 1446 4856 Ltulii
1476 4818 1703 4869 persona
1745 4805 1902 4859 verba
1948 4798 2147 4860 lacicu;

560 4871 629 4926 tis
656 4890 668 4925 :
698 4870 787 4936 Id,
820 4873 1009 4945 inquit,
1039 4873 1080 4926 si
1105 4874 1178 4926 ita
1205 4884 1297 4931 est.
1324 4884 1378 4927 ut
1403 4873 1577 4943 optimi
1605 4876 1850 4945 cujusque
1874 4878 2073 4930 animus
2096 4879 2150 4931 in

559 4955 722 4996 morte
748 4944 995 5018 facillime
1020 4946 1200 5008 evolel,
1249 4954 1489 5014 tauquam
1520 4960 1548 4998 e
1580 4948 1810 5018 custodia
1839 4949 2151 5018 vinculisque

558 5016 827 5089 corporis,
880 5016 990 5089 cui;
1012 5032 1279 5089 censemus
1320 5033 1523 5069 cursum
1573 5017 1643 5069 ad
1698 5021 1819 5073 deos
1865 5016 2151 5089 faciliorem

563 5087 739 5156 fuisse,
771 5104 922 5154 quam
951 5084 1224 5155 Scipioni?
1249 5087 1572 5143 BETULEIUS.

634 5155 990 5232 Pherecydes,
1021 5169 1125 5232 etc.
1164 5160 1285 5213 lla~c
1328 5171 1434 5213 tota
1482 5158 1747 5232 Platonis,
1797 5157 2147 5232 Pythagorae,

561 5228 888 5302 Pherecydis
932 5232 1001 5285 de
1032 5231 1429 5285 immortalitate
1477 5232 1673 5286 artiora:
1717 5228 1997 5297 docti-ina:
2044 5228 2148 5289 non

563 5298 787 5373 sincera
806 5299 935 5363 l‘nit.
985 5302 1076 5355 sed
1126 5302 1587 5373 nictetnpsyehnsi
1628 5305 1780 5371 quasi
1812 5303 2151 5361 luereditario

563 5372 1013 5443 qundaminnrbo
1057 5374 1267 5427 infecta.
1326 5371 1401 5427 De
1430 5373 1532 5428 hoc
1560 5371 1671 5427 Cic.
1706 5374 1757 5428 itt
1791 5375 1961 5443 primo
1986 5377 2146 5432 Tusc.

564 5451 753 5515 (ιιιηιξι.
803 5441 1124 5514 Pherecydes
1156 5446 1342 5515 Syrius
1385 5445 1438 5498 in
1484 5446 1705 5514 primum
1742 5441 1907 5509 dixit,
1954 5451 2151 5504 animos

565 5509 828 5563 hominum
860 5530 966 5567 esse
1000 5509 1365 5586 seritpiIErnos,
1410 5509 1650 5586 aniiquus
1687 5535 1829 5572 sane.
1867 5515 1988 5572 Fuit
2019 5522 2152 5577 enim

565 5596 677 5663 ill-80
721 5594 963 5663 regnante
1021 5584 1210 5663 Gen‘tili
1260 5584 1801 5663 (Servitttni'i‘ullittm
1853 5590 2146 5663 intelligit).

567 5647 718 5730 Hanc
764 5647 1051 5730 opinionem
1084 5647 1364 5725 discipulus
1408 5660 1529 5730 ejus
1564 5656 1885 5730 Pythagoras
1934 5647 2152 5720 ηιηὲἱηίέ

564 5723 1031 5803 ιξρηῄνιηηυὶικᾳηὶ
1059 5743 1171 5779 cum
1215 5723 1458 5803 regnante
1490 5723 1777 5803 Tarquinio
1819 5732 2053 5803 Superba
2098 5736 2153 5789 in

566 5789 779 5869 italiam
826 5789 1071 5869 uenisset,
1122 5789 1293 5852 tenuit"
1307 5817 1545 5869 magnam
1580 5789 1723 5855 illum
1756 5789 2004 5858 erciaiit
2037 5823 2153 5861 cum

567 5862 756 5917 honore
782 5874 827 5919 et
856 5865 1158 5936 disciplina,
1206 5880 1311 5925 tum
1341 5862 1493 5926 etiam
1539 5875 1872 5942 auctoritate;
1894 5877 2153 5950 multaque

2252 3402 2383 3457 nulli
2409 3400 2498 3456 alii
2523 3404 2659 3458 docti
2689 3400 2999 3459 viderentur.
3036 3400 3304 3458 Hactenus
3336 3404 3547 3458 Cicero.
3579 3400 3717 3457 Vita:
3772 3404 3857 3472 ip-

2252 3489 2434 3529 sorum
2463 3485 2647 3529 extant
2678 3476 2816 3543 apud
2850 3475 3026 3529 Lacrt.
3063 3477 3135 3530 De
3167 3474 3479 3545 Plterccyde
3506 3474 3857 3545 Augustinus

2253 3556 2438 3601 contra
2471 3548 2636 3601 Acad.
2690 3549 2828 3602 libro
2859 3548 3020 3602 tertio
3049 3561 3168 3617 cap.
3220 3547 3284 3601 17
3313 3544 3463 3601 (111111
3494 3544 3859 3601 Volus‘ianunt

2253 3620 2413 3689 epist.
2447 3622 2499 3675 ὅ.
2531 3619 2736 3674 Βετυι.

2330 3689 2678 3745 υἰεωανειηιε.
2734 3690 2808 3744 De
2858 3690 2962 3745 hoc
3005 3689 3182 3758 capite
3208 3689 3475 3760 superiori
3504 3687 3709 3744 dictum
3749 3697 3860 3743 est.

2255 3760 2392 3816 Vide
2420 3778 2579 3831 supra
2615 3762 2706 3816 lib.
2751 3778 2844 3828 ιιι,
2873 3777 2991 3831 cap.
3027 3762 3116 3817 17.

2328 3832 2524 3903 Inquit.
2554 3833 2743 3888 Cicero
2772 3835 2861 3888 lib.
2894 3848 2912 3887 1
2941 3833 3294 3887 'l‘uecnlanar.
3328 3831 3613 3900 quntion.

2328 3902 2466 3959 Dens
2486 3906 2672 3975 aliquis
2692 3904 2892 3959 uiderit.
2920 3904 3081 3959 Goth.
3110 3904 3317 3975 Aliquid
3340 3918 3359 3957 :
3380 3903 3473 3957 sed
3500 3902 3866 3975 merito_alius

2256 3972 2639 4047 ettperscripSit
2665 3978 2849 4048 aliquis
2868 4018 2883 4043 ,
2916 3987 2973 4031 nt
2998 3986 3081 4032 est
3111 3980 3161 4030 in
3191 3972 3451 4030 Cicerone
3477 3976 3567 4027 ltb.
3609 3989 3647 4027 ι.
3679 3972 3859 4048 Tusc.

2261 4064 2311 4104 c.
2344 4050 2403 4103 11
2429 4090 2444 4113 ,
2478 4046 2543 4102 in
2575 4064 2680 4115 quo
2713 4046 2811 4101 rex
2860 4050 3044 4119 aliquis
3071 4048 3208 4117 sapit
3235 4048 3623 4119 dubitationem
3650 4046 3866 4099 acade-

2260 4122 2477 4175 micam.
2510 4119 2660 4174 Lact.
2691 4120 2759 4175 de
2783 4119 2920 4190 Opil.
2948 4118 3001 4174 c.
3038 4122 3106 4175 15
3135 4138 3147 4175 :
3178 4118 3315 4188 quod
3352 4118 3555 4189 quidem
3579 4133 3645 4170 an
3672 4131 3867 4171 rerum

2258 4194 2325 4246 sit
2345 4232 2358 4255 ,
2384 4192 2525 4246 Deus
2552 4192 2752 4259 Artifea:
2777 4193 2987 4246 viderit.
3023 4193 3298 4247 Bassum.

2330 4263 2582 4330 Quoniam
2608 4255 2822 4332 utraque
2841 4305 2855 4328 ,
2884 4274 2989 4318 etc.
3022 4263 3137 4318 Non
3166 4270 3342 4326 extat,
3384 4270 3439 4317 et
3464 4275 3529 4332 ex
3558 4272 3662 4328 quo
3688 4255 3867 4314 Cice-

2254 4336 2402 4390 ronis
2452 4335 2589 4388 libro
2638 4331 2922 4403 ceciderit,
2973 4337 3237 4390 incertum
3291 4344 3394 4389 est.
3448 4331 3680 4401 Ideoque
3728 4332 3863 4386 haec

2252 4407 2415 4463 verba
2447 4406 2695 4475 leguntur
2721 4408 2773 4459 in
2802 4408 3133 4476 fragmentis.
3165 4405 3355 4461 Isaus.

2324 4474 2551 4532 Breviter
2575 4474 2905 4548 collegimus;
2930 4478 3053 4532 llaec
3098 4478 3258 4531 lectio
3289 4485 3373 4532 est
3419 4474 3864 4548 quamplurima-

2174 4546 2230 4609 D
2253 4566 2369 4604 rum
2401 4565 2532 4603 mss.
2566 4560 2617 4603 et
2645 4549 2679 4603 6
2708 4546 2811 4602 vet.
2846 4550 2974 4603 edit.
3007 4552 3060 4603 in
3099 4549 3136 4603 2
3164 4550 3318 4618 Heg.,
3352 4549 3376 4602 1
3410 4546 3649 4601 Colbert.
3684 4555 3745 4600 et
3805 4546 3868 4603 12

2255 4620 2385 4677 edit.
2417 4631 2498 4674 est
2528 4621 2862 4690 colligemus;
2893 4620 2945 4674 in
2974 4622 3007 4674 4
3032 4621 3151 4675 aliis
3182 4621 3399 4686 scriptis
3427 4618 3744 4689 colligimus.

2324 4692 2406 4745 Αιι
2431 4694 2794 4745 enarrandum.
2826 4691 2903 4745 Ita
2932 4707 3053 4746 cum
3079 4692 3209 4746 edit.
3239 4690 3467 4745 Turpes.
3497 4701 3551 4743 et
3578 4692 3863 4746 Sutilis-on.

2254 4778 2439 4820 omnes
2465 4778 2592 4816 mss.
2626 4764 2681 4818 In
2711 4764 2747 4817 2
2775 4763 2902 4833 Reg.
2932 4777 3042 4818 rec.
3069 4774 3124 4817 et
3158 4764 3385 4828 vulgatis
3412 4762 3482 4815 ad
3511 4761 3861 4817 narrandum.

2326 4835 2706 4889 lustitutorum.
2738 4835 2864 4888 Mss.
2902 4836 2990 4889 15.
3013 4849 3122 4890 ree.
3157 4843 3211 4888 et
3245 4834 3311 4888 M
3332 4834 3461 4888 edit.
3492 4833 3697 4886 addunt
3728 4851 3865 4889 suo-

2252 4922 2396 4970 rum,
2427 4907 2566 4973 quod
2613 4907 2906 4976 abjecimus
2927 4949 2941 4973 ,
2988 4908 3109 4978 quia
3140 4907 3207 4962 ab
3232 4906 3625 4976 antiquioribus
3659 4914 3715 4959 et
3744 4921 3866 4962 me-

2251 4980 2472 5034 lioribus
2499 4979 2711 5047 scriptis
2739 4980 2911 5033 abest.

2329 5072 2558 5140 Quarum
2579 5072 2651 5125 vis
2670 5070 2872 5140 quidem
2899 5080 3133 5141 apparet.
3153 5070 3210 5127 In
3238 5072 3304 5127 10
3331 5084 3531 5142 mss.r.
3555 5084 3861 5142 appareret;

2253 5144 2304 5199 in
2344 5148 2364 5198 1
2402 5145 2607 5198 Bouutt.
2640 5144 2806 5209 antiq.
2839 5160 3052 5213 quorum
3079 5142 3238 5197 multa
3280 5144 3351 5196 uis
3380 5141 3598 5213 quidem
3618 5154 3861 5213 apparet.

2330 5214 2449 5268 Non
2477 5214 2747 5271 uideretur.
2779 5216 2851 5271 Ita
2882 5232 3070 5269 omnes
3100 5216 3209 5271 fere
3239 5230 3368 5269 mss.
3403 5215 3545 5267 inter
3571 5231 3708 5285 quus
3735 5225 3864 5272 sunt

2253 5286 2633 5357 antiquissimi,
2667 5296 2721 5341 et
2748 5289 2778 5340 5
2809 5294 2921 5341 vet.
2952 5287 3074 5341 edd.
3099 5286 3203 5341 lu8
3233 5300 3343 5341 rec.
3366 5287 3584 5353 scriptis
3605 5286 3861 5342 totidem-

2254 5374 2357 5428 que
2385 5358 2541 5414 editis
2570 5370 2652 5414 est
2673 5402 2687 5428 ,
2719 5375 2821 5415 non
2852 5359 3067 5414 videtur.
3104 5359 3236 5416 Vide
3263 5372 3416 5430 seqq.
3445 5358 3714 5414 veniret...
3741 5376 3861 5413 cer-

2256 5446 2509 5485 heremus.

2328 5521 2453 5577 Non
2469 5525 2618 5578 modo
2633 5525 2983 5595 philosOphos.
3002 5523 3285 5581 Sicferunt
3295 5539 3488 5580 omnes
3500 5540 3637 5580 mss.
3662 5533 3717 5580 el
3728 5524 3858 5581 editi

2255 5596 2489 5651 codices.
2520 5595 2778 5651 Francius
2818 5598 3060 5664 legebat,
3108 5614 3207 5651 non
3250 5597 3403 5651 modo
3454 5614 3557 5652 non
3604 5596 3859 5653 Philoso-

2257 5671 2385 5737 phos
2409 5684 2425 5731 ;
2453 5677 2507 5722 et
2534 5670 2611 5723 sic
2641 5684 2765 5724 cum
2792 5685 2859 5724 eo
2888 5669 3070 5737 legere
3100 5668 3339 5723 mallem.

2335 5735 2415 5793 Ea:
2454 5741 2564 5795 solo
2603 5756 2819 5809 corpore
2871 5735 3227 5796 constiterunt.
3258 5740 3580 5810 Prmpositio
3624 5739 3784 5796 abest
3830 5755 3859 5793 ι

2256 5824 2359 5865 ms.
2394 5810 2555 5866 Cane.
2586 5821 2637 5867 et
2665 5814 2697 5866 5
2723 5815 2903 5869 editis.

2331 5879 2481 5938 Nihil
2505 5885 2710 5942 omnino
2732 5894 2991 5943 cernentes
3006 5886 3197 5945 animo.
3224 5883 3336 5945 Sic.
3353 5899 3487 5945 mss.
3504 5883 3700 5954 Cauc.,
3723 5882 3861 5942 “lii
