4076 6350
580 341 687 404 ’167

1655 356 1842 418 FIRM.
1883 361 2252 425 LACTANTII
2283 367 2486 429 DIVIN.
2529 371 2767 430 INSTIT.

3764 382 3863 439 768

583 483 707 573 cum
738 469 896 573 mutis
944 471 1266 573 animalibus
1306 473 1575 546 ducimus,
1609 487 1664 534 et
1693 481 2022 550 voluptatem
2080 499 2176 542 ex-
2205 490 2254 549 A
2281 500 2537 560 perpetua
2565 502 2666 557 est,
2699 508 2799 549 nec
2824 493 3101 553 discedere
3129 499 3197 553 ab
3223 514 3282 554 ea
3310 507 3502 569 potest,
3529 499 3617 573 qui
3648 519 3756 558 eam
3779 520 3862 559 sc-

586 566 747 636 petit,
780 565 934 636 cujus
974 565 1236 625 fructibus
1265 571 1427 626 variis
1464 587 1527 626 ac
1569 575 1822 630 suavibus
1855 575 2174 646 delectatur,

584 668 640 715 et
671 658 914 715 dolorem
946 661 1100 732 fugit,
1129 663 1282 734 cujus
1312 665 1575 732 asperitas
1603 679 1849 723 naturam
1883 670 2178 726 viventium

585 753 802 825 acerbis
843 755 1091 810 sensibus
1141 757 1305 825 lredit,
1336 767 1390 814 et
1417 759 1482 814 ad
1513 771 1738 818 mortem
1783 764 2072 831 perducere
2101 766 2182 820 ni-

587 847 757 915 titur,
813 864 932 919 qua:
971 850 1216 906 dissolvit
1261 854 1609 911 animantem.
1657 857 1711 914 Si
1756 875 1884 930 ergo
1933 860 2102 916 virtus
2129 871 2182 918 et

585 941 838 1014 prohibet
869 943 936 999 iis
985 947 1141 1000 bonis
1191 946 1460 1003 hominem
1483 991 1496 1014 ,
1530 967 1649 1021 qum
1679 953 1990 1009 naturaliter
2018 971 2183 1026 appe-

588 1042 797 1102 tuntur,
823 1045 879 1091 et
902 1038 968 1092 ad
1012 1040 1328 1095 sustinenda
1361 1043 1498 1097 mala
1531 1044 1780 1112 impellit,
1811 1059 2180 1117 quaenatura-

593 1125 720 1182 liter
745 1129 1061 1200 fugiutttur;
1108 1147 1238 1203 ergo
1265 1135 1401 1189 ntala
1429 1144 1512 1189 est
1537 1136 1723 1202 virtus,
1757 1147 1811 1193 et
1837 1140 2048 1196 inimica
2087 1157 2184 1197 na-

590 1226 747 1286 turzc,
778 1224 1111 1292 stultamque
1127 1224 1355 1295 judicari
1381 1242 1603 1283 necesse
1632 1238 1715 1284 est
1735 1231 1826 1300 qui
1858 1247 1974 1287 eatn
2003 1235 2186 1304 sequi-

584 1321 699 1378 tur,
723 1316 978 1385 quoniam
1006 1333 1064 1372 se
1096 1318 1209 1387 ipse
1228 1319 1396 1385 laedit,
1425 1332 1479 1376 et
1508 1320 1758 1392 fugiendo
1786 1323 1921 1379 bona
1954 1343 2186 1394 praesen-

592 1405 686 1472 tia,
740 1417 795 1462 et
850 1410 1152 1479 appetendo
1192 1429 1345 1483 irque
1376 1414 1515 1468 mala
1547 1415 1664 1470 sine
1710 1431 1806 1488 spe
1835 1418 2042 1474 fructus
2069 1436 2185 1476 ant-

593 1497 803 1568 plioris.
856 1501 987 1556 Nam
1020 1501 1139 1558 cum
1164 1504 1322 1560 liceat
1354 1508 1508 1562 nobis
1529 1507 1934 1578 jucundissimis
1965 1512 2065 1568 frui
2088 1530 2187 1568 vo-

595 1591 911 1663 luptatibus,
946 1612 1124 1652 nonne
1147 1613 1307 1654 sensu
1333 1615 1520 1657 carere
1541 1602 1836 1669 videamur,
1868 1606 1912 1661 si
1943 1607 2190 1664 malimus

595 1685 650 1740 itt
685 1685 1017 1756 humilitate,
1050 1690 1104 1745 in
1138 1701 1392 1763 egestate,
1427 1694 1479 1748 in
1511 1706 1845 1766 contemptu,
1877 1698 1927 1753 in
1959 1699 2189 1770 ignomi-

594 1780 682 1834 nia
715 1781 928 1848 vivere,
971 1795 1060 1838 aut
1092 1801 1159 1839 ne
1203 1785 1386 1841 vivere
1411 1788 1626 1857 quidem
1651 1831 1664 1855 ,
1715 1791 1808 1846 sed
1838 1792 2026 1847 dolore
2071 1808 2191 1849 cru-

593 1870 746 1935 ciari.
774 1881 827 1927 et
849 1874 1006 1941 mori,
1031 1890 1096 1930 ex
1123 1877 1318 1946 quibus
1347 1878 1501 1940 malis
1518 1880 1653 1936 nihil
1677 1883 1909 1953 amplius
1937 1899 2192 1956 assequa-

595 1977 738 2025 mur,
770 1979 876 2034 quo
917 1967 1088 2036 pbssit
1117 1969 1364 2040 voluptas
1401 1974 1599 2029 omissa
1655 1979 1905 2046 pensari?
1931 1978 1986 2034 Si
2013 1990 2189 2036 autem

596 2055 768 2110 virtus
801 2059 997 2113 malum
1032 2076 1136 2117 non
1165 2072 1270 2131 est,
1301 2064 1535 2138 facitque
1569 2069 1809 2135 honeste,
1836 2072 1978 2142 quod
2006 2075 2194 2144 volup-

597 2157 738 2206 tates
764 2150 983 2207 vitiosas
1029 2165 1319 2227 turpesque
1351 2161 1649 2215 contemnit
1673 2173 1727 2217 et
1772 2162 1981 2220 fortiter
2005 2207 2020 2233 ,
2051 2167 2192 2237 quod

597 2257 698 2300 nec
729 2244 991 2314 dolorem,
1027 2266 1126 2305 nec
1157 2263 1383 2308 mortent
1415 2255 1590 2322 timet,
1622 2267 1678 2312 ut
1707 2259 1944 2315 officium
1977 2273 2190 2331 servet;

598 2351 728 2407 ergo
757 2340 929 2410 majus
973 2343 1190 2415 aliquod
1227 2346 1425 2403 bonum
1475 2361 1793 2422 assequatur
1819 2370 2041 2412 necesse
2067 2368 2149 2413 est
2174 2401 2190 2426 ,

601 2445 761 2500 quam
789 2442 912 2489 sunt
944 2435 1032 2490 illa
1060 2452 1186 2508 quae
1199 2442 1427 2510 spernit.
1460 2443 1527 2496 At
1555 2459 1683 2499 vero
1707 2455 1877 2502 morte
1911 2459 2156 2520 suscepta
2177 2493 2193 2519 ,

599 2523 740 2593 quod
766 2525 990 2583 ulterius
1015 2527 1212 2586 bonum
1251 2535 1458 2603 sperari
1489 2544 1702 2606 potest,
1747 2539 1846 2594 nisi
1884 2542 2197 2599 teternitas?

1229 2670 1455 2730 CAPUT
1493 2675 1562 2731 Χ.

730 2779 806 2836 De
833 2783 969 2837 vitiis
998 2794 1046 2838 et
1081 2787 1352 2842 virtutibus
1371 2831 1385 2856 ,
1417 2800 1568 2862 atque
1597 2793 1661 2846 de
1680 2794 1783 2848 vita
1817 2804 1864 2849 et
1890 2805 2068 2852 morte.

679 2917 1037 2976 Transeamus
1063 2939 1204 2979 nunc
1233 2925 1465 2981 vicissim
1497 2927 1562 2982 ad
1594 2943 1655 2983 ea
1685 2945 1806 3000 quae
1830 2930 2009 2986 virtuti
2041 2947 2200 3003 repu-

603 3021 804 3082 gnant,
835 3015 1082 3070 utetiam
1109 3031 1173 3071 ex
1217 3017 1298 3072 his
1344 3019 1718 3078 immortalitas
1758 3025 1951 3079 animae
1987 3025 2204 3096 colliga-

605 3113 709 3160 tnr.
743 3105 881 3162 Vitia
926 3110 1102 3164 omnia
1149 3114 1463 3182 temporalia
1495 3125 1648 3176 sunt:
1680 3117 1747 3172 ad
1793 3133 2029 3186 praesens
2059 3120 2200 3174 enim

607 3211 1029 3257 commoventur.
1064 3203 1158 3258 Ira:
1205 3206 1438 3276 impetus
1470 3221 1682 3279 recepta
1725 3211 1925 3266 ultione
1963 3210 2200 3266 sedatur.

2285 583 2387 638 mel
2418 587 2580 654 cepit.
2609 587 2741 643 Nam
2791 589 2834 644 si
2871 590 3066 647 habeat
3095 593 3434 651 intervallum
3458 639 3474 663 ,
3509 597 3553 651 si
3595 597 3866 668 aliquando

2285 691 2347 732 ea
2379 693 2565 735 carere
2615 695 2929 750 possumus,
2979 686 3227 741 redibunt
3266 689 3508 758 protinus
3556 690 3712 758 vitia,
3754 708 3865 760 qua:

2285 772 2536 827 virtutem
2571 790 2784 844 semper
2812 779 3144 848 impugnant.
3185 779 3301 835 Non
3337 792 3420 836 est
3447 782 3608 852 igitur
3635 797 3871 854 compre-

2285 865 2476 933 hensa,
2503 868 2545 921 si
2573 868 2794 937 deserit,
2829 872 2870 925 si
2900 873 3186 944 aliquando
3213 877 3433 932 secedit.
3464 875 3600 933 Cum
3623 893 3746 933 vero
3765 879 3864 933 sibi

2287 959 2624 1016 domicilium
2665 963 2857 1019 stabile
2886 965 3189 1035 collocavit,
3225 971 3276 1024 in
3320 972 3464 1024 omni
3511 982 3633 1026 actu
3679 971 3870 1026 versari

2287 1069 2406 1109 eam
2435 1069 2660 1109 necesse
2687 1065 2797 1122 est;
2834 1073 2931 1114 nec
2960 1070 3133 1129 potest
3163 1062 3392 1119 ﬁdeliter
3416 1063 3690 1131 depellere
3719 1065 3834 1119 vitia
3855 1107 3869 1131 ,

2289 1158 2341 1204 et
2369 1146 2552 1218 fugare
2574 1189 2589 1215 ,
2644 1147 2742 1202 nisi
2777 1163 2993 1219 pectus,
3041 1155 3180 1224 quod
3213 1156 3440 1222 insedit,
3474 1169 3730 1228 perpetua
3769 1168 3873 1212 sta-

2292 1242 2437 1297 tione
2467 1246 2741 1304 mnnierit.
2772 1249 2891 1320 Ipsa
2916 1261 3044 1318 ergo
3071 1249 3284 1303 virtutis
3313 1252 3643 1319 perpetuitas
3664 1251 3870 1316 indicat,

2293 1337 2584 1396 humanum
2631 1345 2889 1409 animum,
2923 1344 2967 1398 si
2995 1344 3239 1398 virtutem
3269 1343 3492 1412 ceperit,
3523 1359 3873 1412 permanere;

2292 1433 2414 1503 quia
2443 1443 2496 1488 et
2527 1435 2696 1489 virtus
2726 1444 2979 1504 perpetua
3008 1443 3112 1501 est,
3141 1445 3194 1488 et
3217 1435 3363 1488 solus
3389 1436 3600 1489 animus
3625 1435 3877 1490 humanus

2293 1528 2546 1582 virtutem
2595 1530 2757 1598 capit.
2790 1528 3052 1596 Quoniam
3095 1527 3254 1599 igitur
3278 1528 3545 1582 contraria
3590 1538 3718 1583 sunt
3763 1529 3880 1582 vitia

2299 1624 2502 1689 virtuti,
2534 1625 2710 1678 omnis
2749 1627 2886 1679 ratio
2914 1624 3121 1678 diversa
3164 1632 3219 1677 et
3262 1620 3531 1678 contraria
3559 1622 3631 1676 sit
3674 1637 3882 1678 necesse

2295 1727 2396 1774 est.
2426 1718 2558 1786 Quia
2591 1717 2719 1772 vitia
2764 1718 3152 1774 commotiones
3175 1725 3230 1772 et
3265 1715 3702 1788 perturbationes
3729 1716 3882 1770 animi

2296 1823 2440 1878 sunt,
2475 1815 2641 1869 virtus
2670 1829 2701 1869 e
2730 1815 3003 1870 contrario
3043 1812 3280 1868 lenitttdo
3307 1823 3360 1868 et
3382 1811 3741 1884 tranquillitas
3776 1811 3882 1866 ani-

2221 1896 2267 1956 B
2298 1905 2367 1960 mi
2397 1915 2499 1960 est.
2531 1905 2663 1974 Quia
2709 1906 2832 1960 vitia
2883 1906 3192 1976 temporalia
3245 1913 3298 1960 ct
3329 1905 3508 1959 brevia
3539 1912 3700 1968 sunt;
3731 1904 3886 1958 virtus

2299 2008 2555 2071 perpetua
2584 2008 2638 2054 ct
2667 2010 2943 2062 constans.
2975 2009 3029 2056 et
3059 2015 3153 2069 par
3185 1999 3284 2054 sibi
3318 2013 3550 2068 semper.
3576 1997 3715 2065 Quia
3743 1997 3890 2050 vitio-

2299 2111 2415 2151 rum
2445 2097 2672 2161 fructus,
2705 2097 2755 2164 id
2787 2106 2887 2165 est,
2916 2097 3236 2165 voluptates,
3267 2112 3418 2166 :eque
3450 2106 3510 2151 ut
3538 2097 3673 2166 ipsa,
3704 2096 3888 2150 breves

2300 2191 2728 2261 tetnporalesque
2751 2201 2907 2257 sunt;
2930 2191 3138 2246 virtutis
3159 2206 3286 2261 ergo
3305 2189 3510 2245 fructus
3535 2205 3598 2244 ac
3616 2191 3886 2259 praemium

2298 2288 2682 2355 sempiternum
2711 2297 2814 2352 est,
2849 2288 2970 2356 quia
3005 2288 3256 2343 vitiorum
3287 2286 3633 2343 commodum
3667 2289 3720 2343 in
3759 2302 3892 2358 prte-

2297 2383 2434 2437 senti
2465 2392 2567 2448 est,
2596 2383 2806 2438 virtutis
2833 2384 2993 2455 igitur
3015 2383 3063 2438 in
3095 2383 3290 2440 futuro.

2371 2479 2445 2535 Ita
2481 2481 2567 2544 fit,
2599 2488 2656 2533 ut
2684 2479 2738 2533 in
2771 2481 2868 2534 bac
2893 2479 3001 2533 vita
3031 2480 3243 2534 virtutis
3271 2480 3548 2549 praemium
3572 2478 3780 2534 nullum
3809 2478 3892 2538 sit.

2299 2572 2423 2644 quia
2450 2571 2618 2626 virtus
2645 2570 2818 2626 adhuc
2852 2571 2966 2641 ipsa
2993 2580 3093 2626 est.
3141 2570 3274 2627 Nam
3315 2572 3452 2628 sicut
3500 2571 3662 2637 vitia,
3688 2586 3814 2626 cum
3842 2571 3890 2624 in

2300 2674 2420 2720 actu
2437 2681 2536 2720 suo
2559 2665 2835 2731 finiuntttr,
2853 2666 3099 2736 voluptas
3121 2675 3174 2722 et
3192 2666 3408 2736 praemia
3436 2681 3626 2721 eorum
3655 2681 3894 2735 sequun-

2301 2767 2390 2815 tur
2421 2778 2434 2813 :
2465 2761 2536 2815 ita
2570 2760 2738 2814 virtus
2758 2802 2773 2828 ,
2801 2775 2920 2814 cum
2955 2760 3097 2814 finita
3121 2769 3239 2825 est,
3265 2775 3471 2815 merces
3516 2761 3635 2831 ejus
3661 2761 3898 2830 insequi-

2304 2863 2410 2910 tur.
2446 2855 2623 2909 V'irtus
2652 2863 2830 2910 autem
2875 2869 3145 2925 nunquam
3178 2854 3280 2909 nisi
3311 2864 3485 2908 morte
3515 2854 3722 2914 finitur.
3773 2867 3900 2924 quo-

2304 2950 2446 3004 niam
2472 2956 2524 3003 et
2550 2949 2599 3002 itt
2635 2959 2806 3002 morte
2837 2946 3175 3016 suscipienda
3206 2962 3469 3002 summum
3512 2947 3631 3015 ejus
3665 2945 3897 3001 officium

2306 3053 2409 3098 est.
2453 3043 2593 3111 Ergo
2633 3040 2909 3106 prarmium
2943 3041 3152 3094 virtutis
3184 3050 3302 3107 post
3343 3048 3569 3093 mortem
3598 3048 3701 3093 est.
3748 3038 3901 3092 Deni-

2307 3150 2411 3206 que
2439 3132 2630 3188 Cicero
2654 3133 2703 3187 in
2729 3133 3067 3194 Tusculanis,
3097 3132 3340 3202 quamvis
3366 3131 3697 3194 dubitanter,
3727 3139 3900 3184 tamen

2308 3228 2505 3287 sensit.
2530 3224 2798 3281 summum
2835 3225 3036 3279 homini
3083 3226 3281 3279 bonum
3327 3225 3562 3279 nonnisi
3609 3233 3730 3293 post
3770 3238 3906 3278 mor-

607 3291 868 3350 Libidinis
894 3295 1140 3367 voluptas
1165 3301 1405 3369 corporis
1437 3301 1556 3357 finis
1581 3312 1682 3359 est.
1715 3293 2071 3375 Cupiditatem
2112 3315 2203 3361 aut
2229 3299 2273 3362 C
2309 3329 2412 3374 rem
2439 3319 2770 3386 contingere.
2805 3336 2824 3369 ι
2859 3316 3068 3372 Fidcttti
3112 3317 3294 3370 animo
3315 3359 3329 3381 ,
3362 3318 3527 3386 tnquit
3550 3358 3564 3382 ,
3608 3291 3654 3369 si
3707 3317 3783 3369 ita
3824 3330 3904 3372 res

611 3387 830 3441 satietas
852 3403 1034 3444 earum
1055 3406 1253 3455 rerum,
1279 3408 1412 3464 quas
1432 3395 1650 3466 expetit,
1679 3408 1768 3451 aut
1789 3398 2016 3452 aliorum
2035 3397 2200 3455 affec-

609 3489 756 3536 tuum
803 3487 1192 3541 commotiones
1235 3487 1569 3545 interimunt.
1617 3491 1875 3559 Ambitio,
1920 3502 2202 3564 postquam

608 3574 842 3631 honores
886 3593 1021 3648 quos
1068 3580 1236 3635 voluit
1282 3579 1474 3652 adepta
1518 3593 1618 3649 est,
1668 3585 2022 3640 consenescit.
2070 3585 2203 3640 Item

609 3677 802 3722 caetera
847 3669 970 3723 vitia
1001 3673 1298 3727 consistere
1340 3689 1403 3728 ac
1450 3690 1768 3746 permanere
1795 3692 1903 3730 non
1934 3685 2159 3746 possunt
2188 3694 2202 3730 :

608 3757 704 3813 sed
735 3759 850 3828 ipso
880 3759 1056 3816 fructu
1103 3778 1262 3832 quem
1304 3777 1561 3835 expetunt
1606 3769 1883 3823 finiuntur.
1930 3768 2209 3824 Recedunt

608 3865 759 3922 ergo,
786 3861 840 3907 et
866 3854 1111 3910 redeunt.
1142 3857 1320 3913 Virtus
1338 3869 1514 3916 autem
1537 3862 1652 3917 sine
1680 3861 1785 3917 ulla
1811 3863 2209 3918 intermissione

2306 3411 2463 3475 feret,
2496 3410 2769 3482 gradietur
2792 3408 2858 3464 ad
2892 3419 3156 3473 mortem;
3187 3409 3238 3462 in
3261 3424 3364 3480 qua
3389 3417 3480 3462 aut
3508 3424 3788 3463 summum
3820 3408 3907 3463 bo—

2308 3521 2470 3569 num,
2516 3513 2607 3558 aut
2645 3503 2848 3558 nullum
2893 3501 3089 3556 malum
3133 3516 3254 3557 esse
3297 3503 3670 3572 cognovimus.
3717 3519 3737 3552 ι
3774 3500 3907 3556 Mors

2310 3601 2470 3671 igitur
2499 3614 2603 3654 non
2631 3597 2900 3667 extinguit
2932 3595 3227 3660 hominem,
3259 3594 3353 3650 sed
3396 3595 3462 3648 ad
3495 3594 3782 3664 praemium
3808 3595 3907 3649 vir-

2219 3750 2231 3758 ,
2309 3695 2437 3750 tutis
2464 3691 2718 3746 admittit.
2768 3690 2870 3756 Qui
2910 3697 3088 3742 autem
3130 3702 3189 3742 se
3222 3686 3316 3757 (ut
3338 3686 3410 3740 ait
3455 3686 3634 3755 idem)
3664 3688 3815 3742 vitiis
3853 3700 3908 3739 ac

2313 3783 2612 3841 sceleribus
2652 3779 3126 3841 contaminaverit,
3153 3778 3522 3849 voluptatique
3551 3777 3827 3842 servierit,
3864 3777 3906 3830 is

2317 3895 2447 3934 vero
2475 3877 2759 3933 damnatus
2798 3885 3055 3929 aeternam
3088 3873 3198 3928 luet
3229 3887 3478 3942 poenam;
3515 3887 3678 3942 quam
3720 3871 3909 3927 divina

1973 4014 2332 4075 VARIORUM
2373 4011 2600 4070 NOTE.

613 4164 761 4212 ram;
788 4165 906 4203 nam
930 4152 973 4203 si
999 4153 1171 4205 anima
1200 4149 1449 4219 interiret,
1481 4155 1644 4223 magis
1673 4154 1892 4207 dicenda
1930 4164 2057 4208 esset
2085 4169 2204 4206 con-

615 4228 693 4294 tra
712 4262 725 4285 ,
750 4237 903 4288 quam
933 4225 1210 4277 secundum
1239 4235 1498 4287 naturam,
1530 4241 1643 4278 cum
1667 4228 1825 4279 virtus
1853 4242 2039 4294 corpus
2067 4225 2209 4279 debi-

616 4291 742 4366 litet,
776 4305 923 4364 atque
945 4297 1099 4350 variis
1129 4297 1325 4366 ofﬁciat
1356 4297 1616 4351 molestiis.

699 4363 810 4418 Vita
837 4383 988 4435 quam
1164 4363 1425 4422 ducimus.
1460 4368 1772 4423 Lactantius
1813 4367 2102 4438 aliquoties
2146 4384 2206 4422 ea

617 4436 794 4510 phrasi
824 4449 906 4491 t-st
934 4456 1079 4499 usus.
1113 4440 1206 4496 lib.
1232 4456 1298 4494 vn
1320 4481 1333 4501 .
1366 4457 1486 4510 cap.
1516 4441 1550 4496 ’5
1575 4459 1587 4493 :
1623 4441 1792 4495 Vitam
1815 4436 1966 4506 quam
1993 4443 2045 4495 in
2075 4452 2208 4494 terra

615 4507 885 4582 ducimus.
907 4511 968 4562 Et
996 4511 1115 4566 libri
1150 4513 1353 4581 aliquot
1378 4507 1468 4566 lib.
1490 4529 1579 4566 vni
1601 4557 1612 4577 ,
1638 4529 1757 4582 cap.
1783 4513 1853 4566 ‘2‘2
1878 4531 1890 4565 :
1917 4511 1982 4566 Ut
2014 4514 2210 4566 beatam

613 4581 1033 4707 ggssinégtéuccre
1077 4582 1171 4652 (al.
1219 4587 1400 4655 agere)
1446 4587 1617 4638 vitam.
1672 4581 1953 4640 Lucretius
1991 4585 2087 4640 lib.
2141 4599 2207 4652 tt,

688 4666 759 4704 rs.
921 4670 933 4705 :

688 4666 759 4704 I'S.
786 4666 889 4705 Ηυῧ
921 4670 933 4705 ἒ

709 4763 771 4813 Ει
792 4763 987 4815 dulcem
1012 4765 1198 4815 ducunt
1219 4767 1384 4826 vitam,
1415 4766 1708 4830 prolemque
1733 4777 2020 4887 protiagatg.

2001 4855 2020 4887 r

2001 4855 2084 4888 UN.

693 4939 936 4994 Dissolvit
951 4941 1280 4993 animantem.
1298 4940 1424 4994 Mss.
1448 4939 1483 4992 4
1505 4955 1614 4995 rec.
1633 4949 1686 4994 ct
1704 4941 1736 4994 5
1751 4941 1881 4996 edit.
1904 4943 2208 4997 animantes.

690 5011 1015 5078 Stultttmque
1049 5012 1301 5080 judicori.
1349 5013 1438 5066 Sic
1465 5011 1680 5082 reposui
1711 5028 1775 5065 ex
1803 5014 2213 5082 qttantplttritnis

615 5098 748 5205 gres.
781 5093 836 5144 et
860 5084 1040 5138 editis.
1066 5083 1122 5138 ltt
1153 5083 1186 5140 8
1205 5084 1423 5152 scriptis
1449 5099 1556 5138 rec.
1585 5097 1635 5138 et
1656 5083 1689 5138 9
1714 5085 1988 5152 impressis
2013 5093 2095 5138 est
2121 5085 2210 5152 iu-

652 5170 806 5205 trare.

652 5170 806 5207 imre.

689 5222 756 5279 Et
783 5225 1220 5298 fugiendotMss.
1254 5227 1287 5282 9
1317 5242 1427 5281 rec.
1463 5237 1516 5282 et
1561 5225 1625 5282 10
1671 5225 1798 5281 editi
1832 5226 2153 5298 e/Iugiendo;
2179 5229 2213 5282 5

616 5295 747 5362 Reg.
784 5295 892 5352 ree.
935 5308 981 5352 et
1004 5297 1314 5368 e/fugiendo.

692 5368 758 5422 Et
783 5373 1067 5439 appetendo
1092 5367 1234 5434 teque
1260 5369 1414 5423 mala.
1452 5369 1578 5423 Mss.
1605 5370 1630 5422 1
1659 5369 1787 5431 Reg.
1823 5383 1931 5422 rec.
1964 5379 2017 5422 et
2048 5367 2210 5424 Goth.

622 5452 679 5490 ea
704 5455 816 5509 qua:
859 5441 1013 5494 mala.
1057 5441 1250 5495 Cu-teri
1296 5451 1353 5495 ut
1384 5443 1434 5494 in
1486 5449 1652 5494 textu.
1688 5439 1878 5511 quue,
1912 5451 2081 5505 recte,
2119 5456 2215 5509 pro

622 5511 795 5573 etiam,
830 5511 912 5563 vel
944 5513 1154 5578 pariter,
1179 5521 1233 5565 ιιι
1260 5512 1398 5579 apud
1431 5511 1766 5567 Ciceronem.

694 5579 1238 5654 Dolore_crttciari.lta
1261 5583 1512 5637 meliores
1535 5597 1663 5636 mss.
1694 5582 1812 5636 Vitl.
1843 5597 1994 5654 seqq.
2016 5583 2213 5653 Scripti

625 5662 748 5703 octo
779 5651 1102 5717 totidemque
1127 5655 1278 5719 editi,
1307 5653 1498 5716 dolere,
1525 5655 1768 5708 cruciari.

701 5721 766 5774 Et
796 5724 943 5774 mori.
977 5724 1100 5779 Mss.
1134 5725 1296 5779 Cauc.
1323 5735 1376 5779 et
1405 5725 1532 5779 edit.
1561 5725 1734 5780 Betui.
1762 5725 2003 5789 cruciari,
2036 5726 2216 5792 emori,

627 5793 747 5864 sine
770 5793 995 5859 copula;
1025 5796 1056 5848 6
1085 5797 1279 5864 vulgati
1304 5806 1348 5849 et
1377 5797 1569 5862 emori;
1601 5799 1623 5850 el
1655 5793 1892 5851 Clarom.
1927 5813 1985 5849 ac
2014 5797 2161 5849 mori.

702 5863 820 5920 Nisi
858 5865 1134 5922 wteruitas.
1184 5863 1208 5920 1
1234 5865 1369 5936 Reg.
1403 5882 1512 5923 rec.
1544 5877 1597 5924 et
1621 5867 1654 5922 6
1685 5867 1816 5926 edit.
1843 5869 1940 5924 nisi
1966 5869 2223 5922 teteruita-

2309 4155 2372 4209 tis
2398 4168 2415 4216 ;
2455 4150 2616 4214 Goth.
2652 4149 2750 4202 nisi
2773 4149 2874 4202 vita
2899 4147 3197 4202 wtcrnitatis
3222 4163 3239 4208 ;
3270 4148 3291 4200 l
3321 4145 3454 4211 Reg.
3479 4144 3578 4196 nisi
3607 4155 3877 4216 (sternunt.

2384 4215 2624 4279 Sedutur.
2661 4222 2749 4276 Sic
2778 4221 2986 4273 correxi
3015 4235 3079 4273 ex
3108 4218 3359 4271 omnibus
3391 4232 3520 4269 tttss.
3561 4225 3616 4270 et
3643 4215 3874 4286 vulgatis
3900 4232 3910 4267 :

2311 4296 2389 4349 sic
2436 4297 2594 4348 etiam
2648 4303 2861 4348 veteres
2914 4290 3094 4344 Szt'Culi
3151 4289 3346 4342 decimi
3399 4288 3572 4356 quinti
3628 4287 3910 4346 edint-nes,

2311 4377 2510 4436 printer
2538 4379 2666 4419 tnsvs.
2704 4368 2723 4418 l
2759 4364 2890 4432 Reg.
2934 4361 3048 4436 et/i
3079 4360 3351 4436 cdit._rec.
3384 4358 3584 4428 quibus
3616 4369 3700 4413 est
3728 4359 3912 4412 sedan-

2315 4433 2414 4493 tur.
2447 4440 2513 4492 At
2544 4436 2750 4489 sedutttr
2773 4433 3049 4504 sequentia
3082 4433 3380 4501 requirunt.

2386 4508 2727 4568 Cupiditatem
2756 4502 3102 4559 autrsatietas.
3136 4505 3208 4557 Ita
3237 4517 3427 4555 omnes
3459 4515 3622 4563 mss.,
3665 4502 3815 4574 quod
3842 4509 3916 4574 est

2312 4581 2630 4652 elegantius,
2677 4594 2836 4649 quam
2881 4587 3051 4631 autem
3093 4575 3123 4628 7
3173 4575 3497 4644 scriptorum
3543 4588 3660 4628 rec.
3689 4572 3774 4629 vel
3815 4572 3916 4628 edi-

2315 4662 2510 4706 lorum.

2391 4723 2647 4779 Iiedibunt
2676 4721 2928 4789 protinus.
2973 4718 3097 4773 Haec
3139 4718 3298 4773 lectio
3328 4724 3551 4789 estAvet.
3584 4714 3719 4769 edit.
3764 4715 3912 4789 Rom.

2314 4793 2516 4859 Paris.,
2549 4785 2740 4859 Fasit.,
2776 4792 2842 4846 Is.
2873 4791 3223 4858 Otttttittmquc
3261 4803 3392 4843 mss.
3423 4787 3481 4842 ltt
3511 4786 3707 4854 Cauc.,
3739 4787 3864 4841 aliis
3889 4785 3918 4840 4

2317 4881 2430 4921 rec.
2460 4879 2514 4921 et
2546 4865 2612 4920 1‘2
2634 4864 2764 4918 edit.
2792 4873 2875 4917 est
2902 4862 3136 4916 redeunt.

2394 4937 2454 4991 Si
2483 4937 2687 4990 deserit.
2723 4935 2848 4990 Mss.
2881 4937 2913 4988 5
2941 4950 3050 4988 rec.
3083 4934 3125 4987 si
3152 4931 3374 4986 desierit.

2392 5009 2662 5071 COItSldﬂS,
2692 5017 2760 5060 et.
2795 5005 3058 5060 Hetnnan.
3094 5020 3223 5058 vero
3252 5002 3378 5071 legit
3409 5009 3654 5054 constans
3682 5007 3779 5062 est,
3815 5009 3884 5053 et.

2391 5079 2502 5133 Par
2521 5079 2615 5133 sibi
2640 5094 2854 5146 semper.
2885 5077 2958 5130 Ita
2993 5077 3143 5129 I’lztto
3172 5075 3264 5127 lib.
3298 5089 3348 5126 tv
3374 5073 3442 5126 de
3463 5072 3786 5146 Republica.

2405 5151 2614 5206 Virtutis
2644 5141 2859 5221 fructus.
2887 5146 3039 5216 Quod
3061 5148 3262 5201 diserte
3289 5145 3602 5214 pronuntiat
3634 5141 3917 5211 Virgilius:

2411 5263 2542 5313 Vivit
2566 5261 2691 5326 apud
2715 5273 2943 5324 superos,
2972 5266 3024 5310 et
3047 5260 3201 5309 habet
3223 5272 3312 5307 sua
3336 5268 3543 5333 munera
3564 5258 3738 5306 virtus.

2397 5368 2463 5423 Ut
2489 5369 2541 5420 in
2569 5368 2664 5420 hac
2687 5367 2784 5419 rita
2813 5365 3010 5418 virtutis
3041 5363 3309 5436 prattttittttt
3334 5363 3536 5416 nullum
3560 5363 3646 5415 sit.
3677 5361 3789 5415 Hoc
3821 5375 3920 5414 non

2318 5440 2565 5494 absolute
2596 5440 2779 5492 verum
2813 5447 2926 5501 est,
2958 5437 3122 5489 immo
3153 5437 3294 5489 Deus
3327 5443 3640 5490 retnuncrat
3675 5448 3923 5487 nonnuno

2320 5525 2480 5583 quam
2512 5512 2649 5583 bona
2679 5507 3037 5583 opera__etiant
3083 5507 3132 5583 in
3164 5507 3265 5559 hac
3307 5506 3411 5561 vita
3443 5521 3461 5558 :
3489 5504 3802 5572 exemplum
3838 5507 3918 5558 lia-

2320 5577 2510 5640 bemus
2541 5583 2592 5636 itt
2621 5580 2778 5644 Jobo,
2812 5581 3059 5644 aliisque.
3085 5577 3369 5632 Caeneus.

2394 5653 2478 5707 Ita
2509 5656 2688 5707 virtus.
2723 5651 2914 5703 llettm.
2952 5649 3079 5718 legit
3105 5650 3360 5701 virtutem.

2396 5726 2592 5780 Cicero.
2622 5724 2677 5777 ltt
2700 5722 2913 5792 epilogo
2944 5721 3063 5775 libri
3096 5739 3109 5773 ι
3136 5719 3491 5774 Tusculanar.
3517 5735 3638 5789 cap.
3675 5720 3765 5792 46.
3840 5752 3856 5792 ‘—

2396 5787 3240 5852 Contaminuverit.vCoutamittttrc
3269 5809 3321 5845 se
3347 5792 3533 5845 scelere
3559 5787 3611 5845 iu
3645 5807 3705 5846 ιιι
3730 5789 3797 5845 de
3829 5787 3924 5846 0i-

2327 5869 2486 5927 liciis.
2515 5867 2878 5924 (Ioutautinare
2898 5881 2951 5921 se
2981 5865 3135 5936 vitiis,
3163 5863 3216 5920 in
3240 5878 3296 5921 ιιι
3324 5861 3619 5920 Tusculan.
3654 5871 3849 5934 quaest.
