4076 6350
211 269 319 328 769

1346 266 1549 328 LIBER
1591 268 1700 327 ΥΠ.
1744 269 1834 328 DE
1877 270 2035 330 VITA
2073 271 2322 331 BEATA.

3405 275 3510 334 ττο

211 389 407 442 littera:
435 384 726 441 secundam
755 392 980 441 mortem
1015 385 1315 453 nominant,
1346 402 1463 458 quae
1497 395 1579 440 est
1604 397 1654 440 cl
1687 401 1808 456 per-
1835 396 1885 456 Α
1913 387 2100 445 lestem
2135 389 2446 458 religionem
2495 387 2588 445 Dei
2621 397 2949 459 sequuntur;
2997 389 3152 461 cujus
3184 390 3345 458 bona,
3376 393 3515 449 sicut

213 491 393 551 petua,
437 492 489 535 et
519 480 852 550 gravissimis
884 479 1207 534 cruciatibus
1252 479 1431 550 plena.
1474 479 1605 533 Nam
1653 479 1810 535 siculi

211 573 332 629 duze
363 575 487 627 vita:
519 573 810 643 propositae
843 581 966 626 sunt
1003 571 1232 635 homini,
1265 587 1491 641 quarum
1533 572 1701 626 altera
1730 580 1814 627 est

212 668 432 734 animm,
462 669 632 723 altera
659 667 904 737 corporis
929 683 941 720 τ
967 667 1036 721 ita
1061 677 1112 722 et
1136 678 1340 722 mortes
1368 667 1486 722 dua:
1521 667 1813 737 propositae

213 771 359 829 sunt,
386 779 490 817 una
524 762 807 832 pertinens
846 763 911 817 ad
955 777 1172 831 Corpus.
1214 777 1315 832 qua
1357 772 1580 816 cunctos
1618 776 1814 816 secun-

214 853 340 908 dum
371 865 619 909 naturam
663 853 808 925 fungi
845 868 1067 910 necesse
1094 864 1204 920 est;
1239 854 1408 910 altera
1443 853 1719 922 pertinens
1748 851 1815 906 ad

213 947 474 1011 animam.
517 964 635 1017 qua:
676 950 880 1002 scelere
910 947 1228 1017 acquiritur,
1268 947 1464 1000 virtute
1497 947 1732 1007 vitatur;
1767 953 1821 998 ct

215 1053 272 1098 ttt
295 1043 400 1097 vita
432 1041 544 1097 ltzec
569 1042 882 1112 temporalis
903 1050 1007 1108 est,
1036 1053 1319 1111 certosque
1347 1041 1606 1096 terminos
1635 1039 1816 1108 habet,

216 1136 339 1208 quia
372 1136 618 1206 corporis
644 1145 727 1190 est
757 1153 768 1189 :
800 1139 878 1190 sic
904 1145 958 1190 et
988 1149 1134 1188 mors
1172 1149 1323 1205 teque
1363 1133 1675 1204 temporalis
1713 1142 1818 1198 est,

215 1240 537 1301 certumque
569 1230 727 1287 habet
755 1229 938 1298 ﬁnem,
968 1231 1091 1300 quia
1119 1243 1316 1299 corpus
1346 1228 1575 1299 attingit.

849 1362 1078 1419 CAPUT
1109 1363 1200 1417 Xl.

217 1482 298 1540 De
344 1484 655 1553 (corporibus
696 1483 962 1550 postremis
983 1523 996 1548 ,
1029 1491 1178 1553 alque
1217 1481 1281 1536 de
1316 1481 1487 1534 anima
1517 1490 1560 1534 ct
1590 1494 1821 1550 corpore.

293 1621 536 1692 Impletis
568 1620 726 1690 igitur
752 1617 1100 1690 temporibus,
1128 1633 1246 1688 qure
1267 1617 1406 1672 Deus
1438 1616 1592 1670 morti
1618 1615 1821 1680 statuit,

220 1715 605 1773 terminabitur
635 1715 746 1784 ipsa
792 1728 958 1768 mors.
995 1713 1058 1766 Et
1103 1712 1225 1782 quia
1260 1711 1610 1782 temporalem
1660 1709 1822 1762 vitam

1918 485 2028 554 ipse
2051 486 2139 554 qui
2169 484 2384 549 tribuit,
2423 483 2748 554 sempiterna
2779 493 2921 540 sunt.
2956 483 3094 551 Quid
3122 501 3287 556 opera
3316 502 3514 557 corpo-

1915 569 1994 632 ris
2022 589 2180 648 atque
2212 577 2412 632 animi?
2441 592 2618 632 nonne
2643 577 2880 632 indicant
2909 593 3030 636 esse
3058 581 3292 634 animam
3327 579 3514 636 inertis

1917 670 2234 740 expertem?
2263 668 2393 724 Nam
2419 685 2636 740 corpus,
2669 670 2790 740 quia
2825 671 2998 740 ipsum
3027 671 3214 743 fragile
3244 682 3324 728 est
3352 683 3514 743 atque

1919 765 2145 818 mortale.
2167 806 2181 829 ,
2232 779 2583 834 qumeumque
2607 779 2770 833 opera
2806 763 3023 818 molitur
3047 804 3062 829 ,
3111 780 3264 836 teque
3309 764 3514 821 caduca

1919 865 2062 911 sunt.
2111 854 2253 909 Nihil
2285 857 2428 910 enim
2467 854 2672 910 Tullius
2698 857 2771 911 ait
2803 871 2947 920 esse.
2988 856 3130 928 quod
3160 859 3228 912 sit
3268 858 3516 914 manilius

1922 950 2170 1003 humanis
2195 949 2516 1012 laboratum,
2545 947 2686 1018 quod
2710 965 2814 1004 non
2835 949 3122 1022 aliquando
3143 951 3210 1006 ad
3239 952 3514 1010 interitum

1921 1044 2216 1115 redigatur,
2250 1044 2330 1098 vel
2361 1043 2554 1114 injuria
2588 1042 2886 1110 hominum,
2922 1047 3007 1101 vel
3041 1045 3156 1117 ipsa
3187 1045 3517 1103 confectrice

1922 1153 2100 1194 rerum
2134 1137 2374 1192 omnium
2405 1145 2696 1192 vetustate.
2749 1185 2770 1198 ,

1997 1234 2067 1286 At
2091 1246 2217 1286 vero
2241 1228 2404 1284 animi
2425 1245 2589 1299 opera
2611 1228 2853 1286 videmus
2877 1241 3096 1286 aeterna.
3115 1230 3246 1286 Nam
3269 1232 3516 1303 quicum-

1926 1339 2030 1394 que
2060 1323 2390 1393 contemptui
2423 1322 2764 1392 przeseutium
2788 1321 3086 1389 studentes,
3120 1324 3172 1378 iu
3203 1326 3517 1381 memoriam

1927 1418 2258 1472 mooimenta
2291 1417 2626 1486 ingeniorum
2657 1416 3024 1487 factorumque
3050 1432 3360 1488 magnorum
3391 1419 3520 1474 reli-

1925 1521 2177 1582 querunt,
2211 1511 2242 1564 ii
2277 1510 2432 1580 plane
2465 1511 2658 1564 mentis
2679 1525 2743 1565 ac
2771 1509 2982 1564 virtutis
3010 1524 3122 1564 sua:
3144 1526 3337 1566 nomen
3367 1511 3520 1568 iude-

1928 1605 2086 1659 lebile
2115 1603 2463 1676 qttarsierunl.
2499 1604 2640 1675 Ergo
2671 1605 2714 1659 si
2762 1621 2924 1675 opera
2954 1605 3198 1675 corporis
3226 1606 3348 1663 ideo
3379 1623 3525 1662 mur-

1931 1702 2052 1756 talia
2077 1711 2220 1767 sunt,
2252 1700 2374 1770 quia
2403 1699 2578 1770 ipsunt
2613 1700 2840 1754 mortale
2866 1710 2968 1766 est,
2995 1701 3239 1769 sequitur
3271 1711 3324 1754 ut
3345 1702 3524 1757 anima

221 1811 539 1882 temporalis
576 1826 720 1864 mors
750 1810 1023 1878 sequitur;
1057 1820 1394 1877 consequens
1428 1815 1530 1871 est,
1565 1813 1621 1859 ut
1645 1819 1818 1858 resur-
1859 1792 1906 1852 B
1934 1812 1997 1851 ex
2028 1811 2095 1850 eo
2123 1795 2440 1848 immortalis
2465 1804 2740 1864 appareat,
2776 1795 2898 1864 quia
2933 1793 3179 1850 videmus
3212 1811 3375 1861 opera
3406 1798 3523 1868 ejus

218 1905 558 1977 gantaninue
580 1903 645 1958 ad
661 1903 819 1957 vitam
847 1916 1163 1970 perennem,
1192 1899 1313 1970 quia
1333 1898 1490 1953 ﬁnem
1520 1911 1668 1952 mors
1692 1907 1826 1952 tem-

223 1999 428 2070 poralis
449 1996 676 2066 accepit.
707 1995 963 2059 Rursum,
999 1992 1136 2048 sicut
1168 1993 1276 2047 vita
1305 1991 1469 2046 animi
1497 1991 1824 2060 sempiterna

222 2101 330 2155 est,
354 2089 404 2144 iu
436 2105 537 2160 qua
567 2089 778 2143 divinos
803 2097 858 2143 et
885 2087 1260 2157 ineloquibiles
1279 2085 1693 2140 immortalitatis
1714 2099 1828 2140 sua:

223 2182 433 2238 fructus
481 2182 624 2252 capit
653 2199 666 2236 :
698 2182 768 2236 ita
796 2191 849 2236 et
881 2196 1026 2235 mors
1053 2179 1170 2251 ejus
1201 2190 1456 2250 perpetua
1489 2179 1559 2234 sit
1606 2193 1828 2235 necesse

224 2285 331 2344 est,
364 2278 416 2331 in
461 2292 562 2348 qua
592 2292 857 2346 perennes
887 2290 1075 2346 pinnas
1105 2285 1161 2330 et
1196 2275 1404 2329 infinita
1437 2283 1700 2330 tormenta
1732 2289 1830 2344 pro

225 2371 463 2442 peccatis
505 2372 617 2424 suis
665 2370 882 2440 pendet.
917 2369 1060 2440 Ergo
1092 2370 1142 2423 in
1187 2385 1248 2424 ea
1293 2369 1599 2424 conditione
1630 2384 1718 2424 res
1744 2383 1834 2437 po-

225 2465 328 2520 sita
360 2473 464 2530 est,
506 2472 564 2518 ut
593 2467 680 2534 qui
711 2463 851 2518 beati
891 2474 1015 2518 sunt
1039 2464 1091 2517 in
1124 2462 1223 2517 hac
1244 2462 1348 2516 vita
1376 2463 1642 2532 corporali
1670 2471 1832 2532 atque

229 2567 466 2622 terrena,
494 2572 708 2629 semper
749 2558 928 2613 miseri
977 2557 1084 2612 sint
1126 2555 1312 2621 futuri;
1347 2556 1468 2627 qttia
1493 2555 1602 2627 jam
1637 2555 1789 2609 bonis
1815 2595 1830 2620 ,

227 2669 352 2724 qua:
381 2651 705 2715 maluerunt,
733 2651 886 2721 potiti
913 2659 1039 2705 sunt
1066 2668 1078 2703 :
1111 2649 1254 2720 quod
1282 2649 1348 2704 iis
1365 2648 1564 2712 evenit,
1587 2649 1675 2719 qui
1705 2647 1834 2703 deos

230 2744 482 2810 adorant,
512 2758 573 2798 ac
604 2742 768 2796 Deum
805 2743 1096 2813 uegliguut.
1129 2741 1331 2797 Deinde
1357 2743 1446 2812 qui
1468 2740 1733 2811 justitiam
1758 2755 1838 2795 se-

231 2847 483 2908 quentes,
512 2836 565 2890 in
599 2837 697 2891 hac
729 2837 832 2890 vita
863 2836 1046 2891 miseri
1082 2835 1294 2891 fuerunt
1323 2848 1376 2891 et
1419 2835 1736 2904 contempti,
1779 2846 1838 2891 et

235 2932 460 3000 inopes,
502 2943 554 2983 et
584 2929 653 2984 ob
681 2929 848 2998 ipsam
886 2927 1146 2998 justitiam
1175 2928 1519 2983 contumeliis
1548 2937 1601 2982 et
1629 2926 1838 2998 injuriis

234 3039 381 3095 smpe
397 3023 596 3088 vexati,
621 3024 744 3094 quia
772 3037 871 3078 nec
897 3022 1052 3077 aliter
1075 3022 1244 3077 virtus
1275 3021 1441 3076 teneri
1470 3030 1662 3092 potest,
1691 3036 1838 3075 sem-

239 3135 336 3192 per
367 3119 504 3175 bcati
537 3128 661 3174 sunt
689 3119 886 3185 futuri;
913 3129 993 3186 ut,
1023 3117 1145 3189 quia
1176 3117 1315 3173 mala
1340 3117 1450 3188 jam
1480 3117 1835 3188 pertulerunt,

1931 1905 2036 1941 non
2083 1901 2204 1940 esse
2253 1886 2521 1940 mortalia.
2565 1885 2765 1941 Eodem
2815 1885 2973 1942 modo
3012 1887 3276 1942 desideria
3309 1904 3523 1961 quoque

1931 1982 2173 2052 Corporis
2197 1981 2467 2052 animique
2497 1981 2796 2049 declarant,
2829 1981 3059 2038 alterum
3092 1997 3214 2038 esse
3254 1985 3484 2042 mortale
3506 2028 3524 2056 ,

1931 2077 2157 2132 alterum
2183 2075 2592 2145 sempiternum.
2617 2075 2828 2146 Corpus
2857 2077 2998 2134 enim
3030 2080 3160 2136 nihil
3192 2082 3289 2137 nisi
3318 2090 3532 2151 tempo-

1933 2172 2044 2227 rale
2071 2171 2380 2237 desiderat,
2429 2171 2478 2226 id
2511 2180 2612 2238 est,
2645 2172 2846 2239 cibum,
2880 2185 3084 2244 potntn,
3131 2177 3529 2246 indumentum,

1933 2265 2190 2334 quietem,
2223 2264 2574 2334 voluptatem;
2600 2275 2652 2320 et
2683 2274 2858 2320 tamen
2894 2266 3007 2322 haec
3033 2268 3146 2340 ipsa
3182 2271 3298 2325 sine
3320 2281 3450 2326 nutu
3480 2279 3536 2326 et

1935 2359 2259 2414 adminiculo
2289 2358 2453 2412 animi
2505 2373 2603 2414 nec
2653 2373 2868 2429 cupere.
2920 2376 3018 2416 nec
3071 2363 3286 2434 assequi
3329 2372 3528 2434 potest.

1935 2460 2161 2515 Animus
2198 2467 2376 2512 autem
2415 2472 2509 2526 per
2540 2472 2598 2511 se
2629 2456 2793 2511 multa
2833 2457 3125 2524 desiderat,
3155 2476 3273 2530 quae
3308 2460 3376 2514 ad
3407 2459 3532 2515 offi-

1937 2553 2077 2606 cimn
2110 2549 2414 2605 fructumve
2441 2547 2687 2618 corporis
2715 2564 2820 2602 non
2854 2548 3192 2616 redundent;
3228 2567 3398 2623 eaque
3426 2568 3536 2609 non

1939 2644 2168 2714 fragilia,
2200 2642 2294 2698 sed
2325 2651 2525 2698 attenta
2556 2652 2702 2709 sunt,
2737 2651 2794 2698 ut
2816 2643 2955 2699 fama
2983 2644 3217 2712 virtutis,
3251 2656 3306 2702 ut
3336 2663 3542 2702 memo-

1940 2741 2016 2796 ria
2050 2740 2300 2796 nominis.
2334 2737 2466 2792 Nam
2490 2738 2691 2792 cultum
2729 2737 2858 2806 Dei,
2888 2739 2976 2809 qui
3020 2749 3230 2794 constat
3259 2740 3539 2796 abstinen-

1942 2833 2012 2887 tia
2043 2831 2396 2902 cupiditatum
2423 2846 2484 2885 ac
2518 2828 2834 2897 libidinum,
2867 2831 3124 2900 patientia
3155 2832 3378 2896 doloris,
3411 2849 3540 2888 con-

1941 2933 2148 2994 temptu
2189 2925 2396 2992 mortis,
2425 2924 2584 2979 etiam
2616 2935 2801 2978 contra
2824 2939 3024 2994 corpus
3054 2926 3231 2980 anima
3257 2928 3545 2997 concupis-

1943 3019 2036 3074 cit.
2070 3017 2224 3074 Unde
2269 3017 2527 3073 credibile
2579 3027 2681 3080 est,
2719 3033 2825 3074 non
2875 3018 3096 3074 interire
3139 3022 3398 3087 anitnam,
3447 3021 3543 3078 sed

1944 3112 2222 3166 dissociari
2253 3127 2280 3164 a
2308 3126 2574 3182 corpore;
2608 3111 2728 3182 quia
2775 3127 2972 3183 corpus
3023 3114 3143 3169 sine
3187 3115 3363 3170 anima
3409 3115 3547 3172 nihil

237 3189 403 3273 etiam
436 3215 591 3270 bonis
618 3213 884 3269 fruantur.
915 3211 1068 3280 Quod
1112 3211 1196 3266 his
1226 3211 1408 3281 utique
1435 3211 1718 3281 contingit,
1746 3210 1837 3280 qui
1864 3189 1909 3253 C
1945 3216 2142 3278 potest,
2173 3207 2383 3260 animus
2410 3221 2540 3260 vero
2574 3213 2747 3276 potest
2776 3208 3021 3276 multaet
3053 3224 3239 3280 magna
3268 3211 3386 3268 sine
3421 3227 3547 3267 cor-

237 3306 564 3379 contemptis
592 3304 938 3363 terrestribus
976 3304 1079 3360 diis
1106 3314 1160 3359 et
1205 3303 1481 3376 fragilibus
1527 3303 1702 3369 bonis,
1731 3317 1838 3358 caa-

1947 3315 2095 3371 pore.
2127 3299 2285 3368 Quid,
2313 3297 2454 3370 quod
2479 3314 2565 3366 ea,
2586 3315 2702 3369 qua:
2728 3300 2954 3356 visibilia
2977 3303 3312 3372 suntoculis,
3341 3314 3396 3360 et
3424 3315 3542 3361 tan-

1600 3415 1963 3475 VARIORUM
1998 3415 2229 3471 NOT/E.

319 3564 610 3621 Secundam
637 3570 868 3617 mortem.
897 3562 970 3617 De
996 3558 1097 3615 hac
1114 3559 1359 3614 nonnihil
1377 3566 1459 3613 est
1481 3557 1573 3612 lib.
1597 3572 1655 3618 tt.
1679 3571 1728 3610 c.
1753 3557 1840 3611 15.

245 3636 376 3693 "me
420 3635 652 3690 Secunda
697 3650 841 3687 mors
885 3649 989 3687 non
1024 3633 1124 3688 nisi
1169 3642 1286 3696 post
1326 3631 1464 3685 hanc
1503 3631 1665 3683 vitam
1697 3629 1842 3682 erit:

248 3711 365 3764 ha'c
397 3722 544 3761 inure
569 3705 872 3760 declaratur
900 3706 1226 3775 ApOCalyps.
1256 3719 1378 3770 cap.
1404 3718 1496 3764 xx,
1527 3717 1578 3754 v.
1613 3700 1721 3775 14‘:
1752 3697 1848 3775 In-

245 3781 429 3850 fernus
455 3789 627 3832 autem
660 3793 719 3830 ac
750 3793 884 3830 mors
916 3772 1155 3850 conjecti
1177 3785 1294 3850 sunt
1339 3775 1392 3850 in
1421 3783 1657 3850 stagnum
1688 3772 1843 3850 ignis,

246 3842 368 3915 'qua:
389 3862 459 3905 est
486 3866 619 3904 murs
646 3853 886 3901 secunda.
916 3847 990 3900 De
1019 3842 1121 3915 qua
1151 3847 1311 3901 etiam
1342 3842 1576 3914 loquitur
1597 3842 1847 3897 Christus

253 3924 535 3985 Domitius,
571 3921 752 3975 Matth.
789 3935 842 3982 Χ,
879 3936 928 3970 v.
956 3918 1049 3972 ‘28.

331 3993 395 4047 Et
427 4006 476 4047 ttt
503 3994 603 4046 vita
635 3996 760 4044 liter.
790 3992 988 4044 Umues
1016 3989 1126 4044 fere
1149 4005 1276 4043 mss.
1299 3985 1846 4059 respuuntcopulam,

250 4081 379 4138 quae
410 4067 461 4118 itt
495 4065 722 4133 vulgatis
752 4072 853 4138 est.
888 4071 942 4115 et
973 4060 1181 4138 videtur
1205 4060 1527 4138 tteceSSaria.

332 4135 399 4191 Ut
433 4129 698 4206 resnréant
725 4135 910 4186 anima:
930 4132 997 4186 ad
1024 4135 1174 4186 vitam
1203 4147 1492 4199 perennem.
1513 4129 1852 4206 ’Λκυρολόνως

256 4208 494 4276 lotpiitur
514 4217 721 4270 auctor;
740 4209 920 4276 carnis
947 4207 1111 4266 enim,
1146 4220 1248 4257 non
1265 4206 1481 4266 animus,
1503 4215 1854 4276 resurrecuo-

259 4273 386 4336 nem
415 4279 687 4334 credimus
723 4273 1009 4331 Christiani
1037 4295 1048 4330 :
1075 4276 1267 4328 anima:
1299 4283 1355 4328 ttt
1396 4290 1500 4328 non
1544 4274 1814 4327 intereunt
1836 4313 1850 4337 ,

258 4353 332 4408 ita
361 4367 463 4406 nec
496 4359 797 4420 resurgunt.
830 4348 995 4404 GALL.
1176 4416 1186 4420 _
1220 4416 1235 4420 _
1335 4375 1342 4381 ι

337 4424 563 4491 Accepit.
595 4414 719 4475 M35.
749 4421 784 4474 4
814 4420 914 4474 et7
945 4416 1187 4491 impressi
1214 4416 1390 4491 ferunt
1419 4416 1624 4491 accipit.
1654 4414 1856 4491 Deline

265 4488 800 4561 mortis-temporalis
833 4491 994 4545 videl
1025 4491 1088 4561 ad
1117 4489 1359 4544 Corinth.
1391 4504 1480 4561 sv,
1503 4488 1575 4542 26
1601 4498 1656 4542 et
1686 4489 1774 4541 54.

338 4559 722 4635 lneloqnib‘iles.
761 4564 812 4616 ld
841 4569 942 4628 est,
968 4559 1272 4627 itte/fabiles.
1309 4559 1506 4614 Eadem
1538 4574 1639 4613 vox
1667 4567 1748 4613 est
1769 4574 1860 4614 Stt-

265 4655 364 4711 prtt
394 4638 548 4711 hujus
578 4637 697 4711 libri
729 4651 849 4704 cap.
874 4637 926 4711 5_.

340 4709 409 4764 In
433 4700 528 4762 hac
557 4710 657 4764 vita
678 4700 953 4779 corporali.
980 4702 1087 4759 Mss
1116 4700 1148 4758 6
1178 4717 1286 4758 ree.
1316 4712 1368 4758 et
1394 4702 1524 4758 edit.
1557 4701 1718 4769 M70,
1743 4711 1869 4756 tent-

289 4784 461 4836 rorali.

289 4801 461 4836 roratt.

270 4801 290 4852 1
349 4853 482 4920 Quia
501 4853 613 4923 jam
639 4851 800 4906 bonis.
834 4849 1102 4905 Bentleius
1133 4847 1385 4923 opinatur
1415 4847 1866 4923 legendumesse,

269 4917 480 4995 quiia":
501 4917 668 4985 bonis;
700 4939 797 4978 nec
818 4923 1031 4995 quidem
1053 4920 1213 4995 male,
1243 4919 1633 4995 qu_ia_allttdere
1659 4917 1871 4971 videtur

272 4991 342 5052 ad
373 4995 648 5051 historiam
677 4991 863 5050 Lazari
894 5005 946 5048 et
976 4991 1156 5047 divitis
1187 4992 1324 5062 apud
1375 4991 1570 5043 Lucam
1608 5004 1726 5057 cap.
1758 5003 1868 5042 xvr.

353 5088 565 5161 Semper
618 5089 748 5141 beati
785 5084 1134 5161 sint__futuri._
1153 5083 1354 5161 omnes
1381 5081 1522 5161 editi
1548 5095 1830 5161 perperam
1857 5122 1873 5146 ,

278 5153 487 5222 semper
502 5160 632 5214 beati
654 5171 769 5212 sunt
795 5153 982 5226 (indic.
1013 5156 1194 5221 modo)
1217 5153 1378 5209 Gotli.
1408 5163 1463 5206 rt
1489 5153 1718 5207 Reitnm.
1744 5153 1877 5216 sint;

279 5242 449 5288 recte.
483 5231 684 5286 Pendet
716 5234 766 5285 in
798 5231 899 5284 hoc
929 5229 1099 5282 altero
1129 5229 1370 5280 membro
1417 5227 1619 5294 periodi
1653 5241 1718 5278 ex
1753 5239 1874 5277 sec-

285 5306 430 5358 tione
455 5305 606 5357 tertia
636 5302 702 5356 ab
726 5316 779 5355 ut
803 5315 974 5369 atque,
1008 5315 1068 5353 ac
1102 5299 1209 5361 illa,
1240 5314 1436 5366 semper
1463 5297 1632 5349 miseri
1661 5296 1761 5348 sint
1796 5296 1881 5366 fu-

283 5376 388 5430 turi
422 5393 434 5428 :
460 5373 614 5430 Unde
640 5375 1069 5444 interpunctione
1105 5369 1206 5422 alia
1237 5382 1452 5423 sensum
1481 5369 1804 5493 adjuvguus.

1686 5455 1772 5493 [ΙΝ.

1686 5455 1772 5494 UN.
1861 5461 1869 5470 '

361 5517 692 5643 Il|eligionem.
719 5516 993 5572 Betuleius
1024 5513 1150 5584 legit
1178 5515 1454 5583 regionem,
1485 5511 1626 5582 quod
1651 5527 1754 5565 non
1779 5511 1849 5564 im
1871 5539 1884 5550 -

361 5607 388 5643 o
412 5606 480 5643 io.

357 5607 480 5643 ουο.

289 5605 589 5715 pmalitibus.
617 5661 792 5718 Cicer.
818 5673 916 5730 pro
937 5657 1005 5712 Μ.
1037 5655 1254 5712 Marcet.
1297 5663 1354 5710 ut
1379 5669 1497 5726 sup.
1530 5653 1624 5708 lib.
1660 5668 1733 5717 vt,
1765 5667 1884 5722 cap.

293 5735 350 5801 ἡ
369 5734 824 5876 ypsiineonfectrice
848 5819 1015 5858 rerum
1039 5802 1266 5857 omnium
1294 5807 1554 5855 vetustate.
1580 5797 1606 5852 1
1641 5797 1883 5854 Colbert.

1947 3554 2226 3630 i_nfectrige.
2272 3554 2645 3630 Ahestrrcrnm
2662 3571 2712 3630 _a
2749 3570 2878 3610 mss.
2913 3557 2946 3610 2
2973 3557 3104 3628 Reg.
3135 3574 3272 3624 rec.,
3300 3561 3334 3616 2
3365 3561 3547 3630 (2011),,

1951 3627 2098 3688 Em.,
2119 3625 2295 3699 Cant.
2337 3638 2390 3681 et
2411 3629 2480 3680 ab
2509 3629 2624 3696 ipso
2651 3625 2933 3684 Cicerone.
2966 3661 3034 3670 —
3058 3625 3390 3699 Confectrice,
3427 3625 3550 3692 ιτοὴ

1949 3698 2165 3751 aliunde
2191 3697 2317 3752 mihi
2343 3711 2552 3753 nonest
2585 3710 2730 3770 uota.
2758 3700 3098 3770 SuppOsitam
3130 3697 3272 3757 enim
3297 3706 3549 3763 Ciceroni

1951 3770 2398 3834 coasolatiouem,
2432 3786 2552 3838 qute
2597 3769 2758 3827 habet
2798 3769 2914 3825 eam
2945 3789 2993 3828 e.
3027 3773 3130 3838 2t,
3163 3775 3296 3830 nihil
3349 3793 3552 3833 moror.

1951 3840 2106 3894 Conl'.
2142 3840 2318 3895 Davis.
2366 3843 2430 3895 ad
2463 3842 2576 3897 Cic.
2610 3842 2702 3896 lib.
2740 3843 2762 3896 1
2795 3843 3011 3899 Τιμευι.
3045 3861 3094 3900 c.
3123 3846 3214 3901 25.
3245 3846 3557 3906 Lactantius

1956 3913 2040 3967 hic
2080 3929 2184 3965 non
2215 3913 2402 3979 verba,
2435 3915 2527 3969 sed
2570 3924 2803 3969 mentem
2838 3916 3112 3973 Ciceronis
3147 3920 3348 3974 retulit.
3378 3919 3555 3978 Verba

1953 3985 2104 4056 Lact.
2139 3985 2173 4037 Ι.
2209 4000 2300 4049 vtt,
2328 4003 2376 4039 ιτ.
2413 3987 2498 4049 il,
2533 3987 2698 4056 legas.
2734 3986 2862 4042 BUN.

1958 4130 1988 4184 Γ
2031 4055 2232 4110 Nomen
2262 4058 2546 4112 indelebile.
2597 4055 2669 4112 lix
2700 4057 2890 4114 Ovidio
2925 4057 3278 4133 Metamorpli.
3314 4063 3412 4119 ult.
3456 4064 3558 4121 sub

1977 4147 2050 4184 tn.

1977 4147 2050 4184 ιη.

2204 4200 2497 4264 Nomenque
2523 4203 2621 4252 erit
2647 4201 2916 4253 indelebile
2944 4211 3182 4315 nostrtl‘rm.

3129 4282 3182 4315 ΒΑ

3129 4282 3254 4316 RANC
3263 4306 3272 4316 .

1960 4369 2226 4424 -ϐιονὶω
2251 4369 2526 4444 cupiditas,
2549 4377 2606 4444 ut
2631 4369 2706 4422 ait
2733 4368 2916 4438 Scipio
2941 4369 3080 4444 apud
3102 4369 3332 4437 Livium,
3359 4371 3563 4444 longius

1884 4454 1939 4515 D
1964 4459 2112 4515 quam
2153 4453 2396 4511 quantum
2436 4441 2550 4515 vitta
2575 4440 2814 4515 [minante
2855 4443 3078 4515 spatium
3108 4452 3198 4504 est,
3232 4440 3522 4498 extenditur
3548 4487 3563 4510 ,

1968 4512 2288 4596 maximaque
2310 4527 2428 4580 pars
2448 4513 2561 4578 eius
2589 4511 2641 4564 in
2663 4511 2955 4566 memoriam
2977 4528 3037 4566 ac
3067 4515 3414 4584 posteritatem
3444 4531 3568 4585 pro-

1969 4593 2144 4638 minet.

2043 4654 2284 4725 Sequitur
2324 4662 2378 4706 ut
2404 4653 2576 4706 anima
2605 4669 2666 4708 ea:
2701 4670 2780 4720 eo,
2810 4665 2915 4711 etc.
2941 4655 2976 4709 2
3008 4655 3139 4726 Reg.
3181 4673 3290 4713 rec.
3319 4666 3373 4712 et
3393 4658 3428 4714 5
3453 4668 3565 4715 vet.

1971 4727 2098 4783 edit.
2132 4728 2358 4799 sequitur
2375 4741 2438 4779 ea:
2458 4741 2514 4778 eo
2540 4735 2593 4778 ut
2623 4727 2818 4794 anima;
2844 4727 3008 4782 Brun.
3037 4730 3264 4799 sequitur
3291 4746 3353 4784 ea:
3372 4746 3431 4785 eo
3457 4731 3570 4785 ani-

1972 4815 2080 4862 ma;
2107 4798 2159 4851 in
2182 4797 2305 4852 .lun.
2331 4798 2482 4852 deest
2505 4813 2570 4851 ea:
2589 4813 2668 4852 eo.

2055 4889 2200 4944 Nihil
2227 4890 2324 4945 nisi
2353 4891 2648 4960 temporale.
2685 4889 2765 4962 ita,
2790 4905 2978 4946 omnes
3018 4906 3155 4962 pene
3184 4908 3313 4948 mss.
3339 4903 3394 4949 et
3419 4894 3573 4950 multi

1977 4963 2147 5028 editi,
2193 4964 2462 5032 prarcipue
2507 4963 2688 5017 surculi
2739 4961 2933 5018 decimi
2983 4961 3174 5033 quinti.
3204 4965 3396 5019 Verum
3435 4982 3573 5022 unus

1979 5034 2111 5104 Reg.
2143 5049 2250 5089 rec.
2275 5051 2338 5088 ac
2365 5045 2473 5088 tres
2487 5034 2672 5088 excusi
2698 5036 2826 5088 nihil
2848 5035 2946 5088 nisi
2973 5037 3310 5105 temporalia;
3332 5036 3495 5093 Cauc.
3518 5045 3575 5094 et

1981 5105 2014 5161 6
2041 5107 2283 5176 impreSsi
2306 5147 2320 5171 ,
2354 5114 2454 5159 nan
2484 5106 2580 5160 nisi
2606 5107 2928 5176 temporalia.

2004 5203 2268 5276 ‘__Am'mus
2289 5210 2457 5254 autem
2487 5217 2575 5276 per
2600 5216 2652 5254 se
2679 5199 2858 5276 multa.
2885 5199 3326 5276 lllens‘del'tecata,
3358 5203 3472 5276 sive
3499 5201 3582 5276 (ut

1983 5272 2402 5344 Chrysostomtts
2416 5274 2679 5344 notitiuat)
2690 5270 2866 5336 ἔνθεος,
2885 5271 3078 5326 divinis
3103 5282 3218 5326 acta
3240 5270 3579 5342 impulsibus,

1985 5343 2223 5400 cmlestia
2251 5343 2518 5397 desiderat
2553 5361 2565 5395 :
2594 5343 2863 5397 utPsalm.
2900 5359 2999 5397 χιε
3034 5344 3180 5398 Sicut
3205 5345 3457 5399 desiderat
3474 5364 3584 5401 cer-

1986 5433 2078 5470 vus
2104 5416 2171 5469 ad
2200 5417 2363 5483 [mites
2394 5431 2662 5482 aquarum,
2705 5427 2834 5482 etc.,
2875 5415 2962 5469 ubi
2988 5415 3126 5482 apud
3175 5432 3281 5471 ιη
3304 5460 3318 5484 ,
3357 5419 3582 5475 verbum

1990 5487 2366 5563 est_érmroeri_v_.
2407 5486 2478 5540 De
2518 5496 2743 5558 utroque
2781 5489 2973 5542 mentis
3000 5486 3269 5542 desiderio
3296 5489 3410 5563 lege
3439 5506 3455 5545 t
3483 5491 3588 5548 Ba-

1991 5559 2095 5613 silii
2124 5558 2280 5628 epist.
2318 5559 2519 5613 BETUL.

2067 5649 2192 5707 Sine
2215 5651 2407 5704 anima.
2439 5651 2563 5706 Mss.
2591 5651 2658 5707 14
2683 5667 2792 5708 rec.
2819 5653 2929 5707 sine
2955 5653 3148 5709 animo.

2068 5723 2282 5776 Animus
2327 5738 2440 5777 vero
2482 5733 2662 5792 potest.
2710 5726 2870 5780 Cane.
2921 5735 2974 5781 et
3005 5725 3036 5782 7
3067 5741 3178 5784 rec.
3209 5742 3340 5784 mss.
3397 5743 3518 5784 cum
3560 5726 3594 5786 ὃ

1996 5795 2121 5853 edd.
2156 5795 2359 5850 animus
2389 5805 2576 5850 autem.
