3838 6278
3450 356 3459 369 ι

3365 369 3465 428 il

492 325 1717 358 Wmu-

1561 357 1576 358 7
1722 345 2075 358 ’Μ’

1009 339 1717 354 *Ἦ

1009 346 1722 382 ξ

1463 377 1581 380 -—

415 525 1527 697 NOTITUE
1596 544 3365 733 BIOGRAPHICfE

207 860 1087 1021 NECNON
1202 880 1455 1025 ET
1572 887 3524 1064 BIBLIOGRAPHIC/E

758 1196 919 1284 DE
954 1201 1434 1294 SANCTIS
1488 1214 2307 1309 PONTIFICIBUS
2350 1227 2884 1320 ROMANIS

599 1441 1278 1600 MARCELLINO,
1333 1458 1885 1613 MARCELLﬁ,
1959 1471 2415 1620 EUSEBIﬁ,
2463 1474 3088 1624 MELGHIADE.

829 1728 970 1800 ET
995 1728 1135 1804 DE
1174 1733 1708 1813 RHETICIO
1736 1743 2229 1819 EDUENSI
2266 1747 2845 1822 EPISCOPO.

330 326 399 335 ———~
425 325 472 333 ἰο
492 325 773 340 ..φορ-...α

248 320 1760 386 ΞΞΞυ-η-Ὴ
1145 377 1581 393 ._._______
1604 346 1760 396 ...Σ

1845 1947 2856 1992 M—

949 1947 1831 1989 ————-—-——==—-_=;

393 2108 1218 2229 SANGTUS
1295 2117 1909 2234 MARGE

1738 2119 2603 2243 GELLINUS
2674 2132 3254 2253 ΡΔΡΔ-

1657 2386 1996 2403 ἡ

473 2532 501 2605 §
528 2532 570 2588 Ι.
599 2563 670 2574 -
700 2532 918 2600 Quando
945 2542 992 2587 et
1018 2532 1263 2602 quamdiu
1287 2531 1489 2588 sederit.
1812 2536 1863 2597 Α
1890 2551 1998 2638 qua
2049 2537 2494 2601 documentorum
2561 2546 2818 2607 ﬁrmitate
2878 2564 3302 2619 monstrantur?
3358 2566 3493 2638 Ipse

1886 2631 2189 2722 sceleratos
2215 2645 2268 2691 et
2294 2638 2590 2712 sacrilegos
2635 2643 2804 2702 fuisse
2833 2646 2998 2704 dicit:
3041 2666 3144 2722 ego
3181 2631 3499 2717 innocentes

1885 2720 2057 2778 fuisse
2108 2729 2443 2797 respondeo.
2492 2733 2633 2800 Quid
2678 2735 2918 2795 laborem
2954 2720 3189 2813 probare
3217 2749 3494 2809 defensio-

1883 2829 2006 2870 nem
2039 2832 2216 2873 meam
2244 2861 2259 2886 ,
2305 2836 2428 2879 cum
2480 2825 2572 2883 ille
2609 2845 2708 2884 nec
2745 2833 2979 2889 tenuiter
3008 2837 3241 2906 probare
3265 2852 3499 2902 conatos

1880 2906 1952 2962 sit
1977 2913 2384 2969 accusationem
2416 2919 2613 2973 suam?
2648 2939 2668 2974 ›
2714 2921 2794 2977 Ex
2828 2926 3027 2995 quibus
3052 2928 3345 2999 Augustini
3374 2951 3497 2993 ver-

1877 2999 1962 3055 bis
2007 3002 2201 3074 cuique
2244 3008 2589 3078 exploratum
2651 3024 2757 3083 est,
2812 3016 2955 3073 idem
3011 3022 3221 3079 crimen
3269 3041 3379 3082 non
3436 3029 3492 3084 in

1875 3091 2247 3191 Marcellinum
2275 3099 2488 3169 solum,
2530 3104 2626 3160 sed
2665 3108 2828 3162 etiam
2874 3111 2927 3164 in
2975 3114 3330 3186 presbyteros
3367 3118 3487 3191 ejus

1873 3186 2216 3259 Marcellum,
2243 3193 2595 3254 Melcbiadem
2618 3212 2679 3258 et
2701 3201 3051 3273 Silvestrum,
3086 3211 3179 3280 qui
3203 3210 3306 3282 ipsi
3334 3186 3492 3284 post-

1873 3294 1934 3336 ea
1975 3296 2378 3355 successerunt,
2432 3287 2601 3348 fuisse
2633 3294 2917 3353 intentum.
2946 3297 3001 3354 Si
3034 3316 3166 3372 ergo
3194 3303 3271 3358 illi
3295 3307 3477 3363 omni-

1871 3390 1941 3431 no
1970 3376 2214 3435 insoutes
2234 3390 2396 3452 atque
2426 3380 2586 3451 hujus
2620 3386 2842 3443 sceleris
2873 3390 3030 3458 puri;
3066 3410 3255 3465 .nequc
3304 3396 3479 3468 magis

1868 3484 1996 3526 reus
2025 3470 2197 3526 videri
2229 3473 2391 3530 debet
2428 3474 2791 3535 Marcellinus.
2833 3481 2903 3536 Et
2933 3484 3038 3538 hoc
3057 3485 3276 3555 quidem
3317 3488 3476 3546 nobis

1867 3563 2227 3623 indubitatunt
2253 3569 2380 3637 erit,
2408 3570 2496 3625 ubi
2533 3572 2819 3630 calumniae
2849 3575 3011 3645 hujus
3039 3592 3257 3635 causam
3289 3590 3345 3637 et
3372 3581 3487 3638 ori-

248 2690 516 2749 Eusebius
538 2690 686 2748 hunc
707 2706 903 2764 papam
937 2692 1099 2747 annis
1123 2706 1317 2765 novem
1348 2690 1651 2748 Ecclesium
1681 2705 1782 2763 gu-

170 2784 429 2845 bernasse
471 2784 657 2850 tradit,
696 2795 863 2858 atque
905 2785 1026 2855 ejus
1060 2793 1293 2841 mortem
1322 2784 1376 2839 in
1412 2783 1683 2839 Chronico
1711 2782 1779 2838 ad

170 2895 373 2936 annum
403 2877 607 2936 Christi
647 2878 752 2935 504
801 2877 994 2935 refert.
1035 2878 1113 2934 lta
1147 2877 1237 2932 ille
1265 2890 1439 2932 annos
1487 2885 1612 2932 octo
1653 2891 1776 2931 cum

175 2988 283 3028 uno
322 2972 580 3029 inchoato
627 2986 726 3041 pro
766 2986 969 3027 novem
1011 2978 1356 3041 computans,
1403 2984 1525 3025 cum
1557 2968 1772 3025 Buche-

170 3068 329 3124 riano
356 3068 606 3138 catalogo
625 3069 918 3135 consentit,
951 3067 1004 3121 in
1046 3082 1155 3138 quo
1187 3066 1419 3138 legimus
1445 3084 1459 3121 :
1485 3084 1505 3117 ι
1540 3064 1772 3121 Marcel-

169 3161 312 3218 linus
337 3161 494 3216 annis
521 3163 639 3229 vnt,
695 3160 981 3231 mensibus
1011 3175 1089 3227 ttt,
1126 3159 1317 3215 diebus
1344 3175 1475 3226 xxv,
1507 3158 1610 3213 fuit
1637 3167 1773 3213 tem—

166 3253 389 3325 poribus
444 3253 766 3309 Diocletiani
827 3261 884 3309 et
955 3251 1263 3307 Maximiani
1324 3266 1390 3307 ex
1450 3250 1539 3306 die
1590 3250 1771 3321 pridie

170 3345 445 3403 Kalendas
500 3345 671 3402 Julias
702 3388 717 3415 ,
773 3361 804 3401 a
850 3345 1170 3401 consulibus
1226 3343 1566 3400 Diocletiano
1612 3360 1665 3398 γι
1715 3350 1769 3399 et

161 3439 482 3497 Constantio
522 3456 581 3506 tt,
604 3454 779 3511 usque
822 3440 877 3494 in
919 3438 1259 3495 consulatum
1323 3435 1641 3493 Diocletiani
1689 3451 1762 3500 ιχ,

159 3539 216 3588 ct
237 3520 547 3588 Maximiani
583 3533 700 3587 vtit.
736 3530 892 3588 Unde
922 3532 1171 3601 sequitur
1203 3538 1262 3586 ut
1290 3529 1590 3586 Marcellini
1619 3528 1764 3585 elec-

159 3626 235 3682 tio
254 3642 352 3683 seu
379 3626 651 3683 ordinatio
689 3642 837 3683 anno
883 3625 1014 3693 296,
1066 3626 1213 3682 Junii
1240 3642 1345 3682 xxx
1381 3624 1488 3691 die,
1520 3622 1675 3680 adeoc

1374 3625 1488 3732 θ’θ’
1520 3622 1764 3732 θδθθίιξξθ
1864 3658 2042 3730 ginem
2063 3673 2402 3732 perspectam
2416 3662 2783 3722 habuerimus.

157 3720 517 3828 reri“.‘°ﬂia‘;
564 3736 630 3828 εξ)
665 3735 827 3828 Amor?
869 3735 1018 3828 ίξ¹¹¹1⁰
1051 3720 1202 3828 βων
1233 3717 1487 3828 qua)?“
1514 3733 1645 3774 xx”
1672 3717 1762 3828 di?
1865 3717 1896 3730 ν
1934 3751 1989 3804 2.
2024 3717 2401 3822 H'anc'prodit
2437 3717 3056 3828 subinde-ﬁngamitttts,
3086 3776 3210 3817 cum
3241 3764 3477 3821 fabulam

153 3815 545 3889 consignanda
573 3816 722 3881 sint,
773 3815 903 3871 licet
960 3812 1160 3870 festum
1213 3814 1331 3885 ejus
1373 3814 1669 3885 plerorumt

1962 3860 2012 3899 ιιι
2060 3844 2185 3900 ideo
2233 3860 2264 3899 a
2312 3847 2713 3904 recentioribus
2763 3850 3061 3906 Donatistis
3111 3856 3473 3925 excogitatam

150 3908 670 4013 tttartyrologiorum
706 3908 1031 3964 auctoritate
1073 3923 1197 3963 tum
1242 3905 1441 3977 Aprilis
1479 3905 1569 3961 die
1611 3903 1759 3962 cele-
1862 3935 2029 3993 fuisse
2060 3938 2270 4008 innuit,
2304 3949 2360 3995 ιη
2400 3940 2589 4011 iudicii
2615 3985 2630 4010 ,
2673 3958 2779 4013 quo
2825 3903 3454 4006 αηέιέίιίηξιξῖὦῶἶ

146 4002 364 4060 ιπειυτ.
1861 4029 2093 4100 fuerant,
2146 4034 2404 4091 invidiam
2451 4002 2811 4095 declinarent.
2855 4038 2960 4095 Sed
3014 4041 3142 4112 quid
3186 4058 3321 4115 opus
3351 4055 3472 4103 erat

1861 4125 1941 4182 eis
1970 4143 2074 4182 una
2102 4142 2227 4183 cum
2254 4128 2551 4186 Melchiade
2580 4130 2948 4187 Marcellinum
2977 4135 3313 4205 pontiﬁcem,
3343 4153 3470 4196 nec-

148 4204 177 4281 §
205 4239 280 4250 ——
298 4207 369 4265 ll.
398 4207 479 4264 De
503 4207 715 4281 antiqua
744 4207 922 4279 fabula
944 4224 1045 4281 qua
1071 4206 1433 4264 Marcellinum
1457 4203 1611 4260 idolis
1638 4211 1664 4258 tt

1948 4236 1970 4275 ιι
1998 4221 2305 4278 Marcellum
2335 4235 2392 4280 et
2419 4223 2742 4281 Silvestrutn
2772 4203 3122 4299 presbyteros
3163 4203 3464 4289 infamare?

638 4324 881 4381 cum,“
899 4326 1159 4397 vulgatum
1190 4333 1284 4380 εει,
1858 4309 2120 4368 Nimirum
2178 4325 2236 4370 ιιι
2291 4316 2623 4386 probabilior
2667 4316 2822 4373 ﬁeret
2874 4319 3114 4390 ipsorum
3161 4323 3461 4380 calumnia.

1857 4406 2121 4473 Quocirca
2149 4409 2566 4482 excogitandum
2610 4411 2691 4466 eis
2721 4410 2825 4466 fuit
2866 4421 3082 4485 tempus
3119 4431 3229 4486 quo
3286 4417 3461 4475 thuris

226 4506 278 4561 l.
300 4505 679 4563 Marcellinum
708 4504 869 4561 idolis
891 4503 1017 4561 thus
1033 4501 1294 4561 obtulisse
1308 4516 1569 4560 acsacros
1585 4501 1754 4558 libros
1857 4500 2058 4557 oblatio
2084 4511 2139 4558 et
2169 4517 2447 4559 sacrorum
2484 4503 2729 4561 codicum
2764 4504 2983 4561 traditio
3011 4507 3064 4561 in
3101 4507 3246 4565 Urbe
3274 4510 3464 4580 exige-

149 4600 465 4666 tradidisse,
485 4599 599 4672 jam
629 4600 700 4657 ab
727 4599 1014 4670 Augustini
1059 4614 1178 4655 aevo
1230 4598 1375 4654 fama
1424 4604 1567 4654 erat.
1621 4595 1755 4665 Ejus
1856 4592 2037 4662 batur,
2068 4595 2338 4668 simulque
2373 4596 2684 4668 ﬁngendum
2712 4612 2831 4665 eos,
2864 4599 2952 4669 qui
2979 4599 3030 4654 iu
3055 4599 3209 4657 clero
3231 4617 3460 4661 romano

142 4703 401 4754 auctores
450 4695 760 4766 suspicatur
807 4696 853 4750 is
901 4704 1125 4751 sanctus
1174 4693 1373 4749 Doctor
1417 4690 1754 4748 recentiores
1855 4695 1967 4742 tum
1993 4688 2329 4756 eminebant,
2365 4691 2418 4746 in
2437 4690 2682 4747 eamdem
2715 4690 3049 4760 impietatem
3068 4692 3234 4750 fuisse
3259 4696 3464 4753 abduc-

80 4825 89 4833 .
142 4786 485 4844 Donatistas.
512 4789 594 4844 Ac
616 4788 794 4858 primo
824 4786 1044 4856 quidem
1077 4786 1319 4858 ﬁgmenti
1358 4784 1520 4855 hujus
1550 4782 1753 4837 l'alsita-
1856 4787 1960 4834 tos.
2007 4778 2140 4835 Nam
2177 4781 2221 4835 si
2256 4781 2324 4836 de
2378 4795 2485 4836 uno
2528 4780 2827 4838 Melchiade
2877 4783 2982 4838 hoc
3025 4785 3457 4858 pervulgassent,

141 4886 290 4945 tem,
353 4879 456 4935 lib.
504 4879 567 4933 de
619 4880 772 4934 unico
821 4878 1104 4950 Baptistae,
1165 4886 1353 4934 contra
1402 4875 1749 4940 Petilianum,
1852 4871 1973 4941 quis
1998 4871 2248 4928 crederet
2292 4880 2498 4928 tantum
2542 4874 2749 4930 crimen
2803 4876 3032 4933 inultum
3072 4879 3307 4951 relinqui
3359 4897 3459 4953 po-

142 4988 263 5044 cap.
296 4975 392 5043 ,θ’
422 4991 480 5031 η,
523 4975 619 5040 9η,
649 4973 775 5030 inde
802 4973 1018 5045 probat,
1049 4974 1172 5044 quia
1210 4972 1360 5028 ηηιιο
1387 4980 1553 5039 reste,
1603 4969 1749 5024 nulla
1854 4962 2062 5020 tuisse?
2090 4962 2161 5019 At
2186 4964 2497 5021 credibilior
2524 4967 2583 5021 ﬁt
2607 4968 2723 5022 haec
2750 4968 3063 5039 impunitas,
3085 4986 3207 5026 cum
3234 4981 3291 5028 et
3315 4974 3453 5043 ipse,

144 5050 473 5124 ntonimenti
532 5068 851 5139 cujusquam
908 5066 1164 5122 ﬁrmitate
1230 5063 1497 5120 fulciatur.
1546 5080 1567 5115 ‹
1609 5062 1654 5130 Q

1935 5058 2006 5118 ius
2054 5065 2173 5113 erat
2211 5058 2423 5129 punire,
2463 5067 2518 5115 et
2557 5059 2647 5130 qui
2692 5063 2936 5130 proxime
2964 5074 3086 5133 post
3109 5065 3286 5134 ipsum
3312 5082 3451 5137 prte-

142 5172 294 5232 ergo’
334 5161 535 5233 inquit,
580 5177 717 5232 opus
743 5171 828 5218 est
872 5170 931 5217 ,η
971 5159 1351 5232 episcoporum
1381 5173 1621 5215 ι-οηιεηω
1646 5158 1749 5214 Ec-
1850 5157 2000 5217 sunt,
2030 5149 2273 5222 ejusdem
2296 5151 2520 5208 sceleris
2541 5153 2745 5207 conscii
2779 5151 2937 5209 ﬁunt.
2961 5154 3297 5225 Augustinus
3321 5173 3453 5215 vero

146 5254 345 5322 clesize,
391 5270 531 5326 quos
563 5254 975 5311 incredibilibus
1004 5252 1304 5310 .calumniis
1347 5252 1641 5307 insectatus
1664 5258 1750 5306 est
1850 5242 1971 5299 loco
2008 5244 2174 5306 citato
2203 5258 2371 5299 novos
2401 5245 2706 5300 DonaliSlaS
2748 5244 3013 5301 mendae“
3063 5245 3217 5301 ﬁrma
3249 5249 3340 5304 illa
3365 5265 3453 5306 ra-

145 5346 509 5421 (Petilianus),
533 5348 748 5421 objecta
771 5350 843 5406 ab
857 5364 923 5405 eo
936 5348 1165 5405 crimina
1186 5346 1497 5403 diluamus?
1522 5345 1661 5402 Marc

1932 5350 1997 5391 ne
2019 5336 2314 5405 convincit,
2337 5338 2479 5408 quod
2508 5339 2743 5408 majores
2776 5340 3016 5405 illorum,
3048 5355 3145 5394 seu
3171 5350 3319 5409 ante,
3352 5360 3448 5401 seu

145 5437 289 5497 linus
354 5450 412 5497 et
480 5441 788 5513 presbyteri
849 5441 965 5512 ejus
1039 5439 1401 5505 Melchiades,
1460 5436 1748 5493 Marcellus
1849 5436 1967 5497 Ροει
2016 5425 2332 5484 Μθιοιιίθάίε
2365 5428 2871 5499 Ῐυάῖθῖυῐηνάθίηο
2893 5430 3121 5486 crimine
3150 5446 3219 5487 ηε
3246 5436 3447 5506 008i“!-

144 5540 199 5588 et
268 5534 530 5593 Silvester
594 5535 901 5592 traditionis
970 5533 1217 5591 codicum
1306 5530 1612 5588 divinorum

1933 5528 1960 5573 at
1984 5520 2221 5591 quidem.
2267 5539 2287 5573 ι
2324 5521 2401 5577 De
2437 5536 2565 5593 quo,
2599 5521 2795 5592 inquit,
2837 5520 3043 5593 judicio
3063 5537 3186 5577 cum
3214 5524 3449 5594 majores

146 5625 555 5687 thuriﬁcationis
593 5630 663 5686 ab
703 5644 770 5686 eo
803 5630 1030 5684 crimine
1068 5633 1397 5701 arguuntur:
1439 5625 1534 5681 sed
1579 5639 1750 5681 num-
1789 5617 1816 5619 Ὺ
1854 5619 2080 5675 istorum
2111 5618 2568 5689 importunissima
2606 5617 2906 5688 pervicacia
2946 5627 3248 5672 memorato
3273 5619 3446 5689 impe-

144 5720 271 5790 qnid
323 5722 379 5779 in
423 5737 491 5782 eo
542 5723 710 5782 etiam
745 5722 1176 5791 convincuntur,
1230 5728 1323 5778 aut
1372 5717 1604 5777 convicti
1648 5719 1751 5776 ali-
1856 5712 2022 5771 ratori
2047 5712 2448 5788 (Constantino)
2468 5721 2843 5778 auererentur,
2870 5708 3016 5782 quod
3038 5724 3146 5764 non
3168 5710 3329 5779 plene
3348 5729 3448 5771 nec

585 5816 870 5880 Panos.
902 5815 1009 5879 VI.
2757 5803 2816 5863 1·
