3838 6278
382 304 445 360 Η
1766 298 1855 354 DE
1893 289 2334 354 MARCELLINO
3616 290 3685 348 12

379 429 530 473 recte
561 415 719 482 fuerit
741 414 1101 472 examinatum
1133 420 1295 485 atque
1322 412 1722 483 depromptum,
1748 410 1881 466 nihil
1908 410 1976 466 de
2006 417 2058 477 Α
2085 410 2299 467 nomine
2325 409 2590 477 Urbanus,
2641 410 2734 481 qui
2784 415 2902 465 erat
2945 408 3187 479 pontifex
3212 407 3489 481 Capitolii,
3517 417 3571 465 et
3599 424 3683 466 re-

380 509 691 567 Melcbiadis
723 508 1008 571 traditione
1038 507 1123 569 vel
1148 506 1551 569 thuriiicatione
1583 504 1862 565 dixerunt.
1896 504 1979 559 Ad

382 603 537 672 cujus
566 602 893 659 audientiam
936 615 1040 663 nec
1084 602 1272 658 venire
1300 601 1485 673 utique
1510 597 1841 664 debuerunt.
1876 597 1982 653 hoc

386 697 563 766 potius
589 705 714 751 ante
743 702 1094 765 suggerentes
1122 693 1457 763 imperatori,
1501 700 1593 747 aut
1627 700 1689 747 ut
1719 706 1980 762 suggere-

382 797 534 844 retur
560 787 845 852 instantes,
876 785 1019 855 quod
1048 784 1187 855 apud
1215 783 1538 840 traditorem
1573 783 1820 839 codicum
1841 782 1982 838 divi-

384 895 577 947 uorum
633 888 688 934 et
726 878 993 939 idolorum
1037 877 1322 937 sacrificiis
1372 877 1711 950 inquinatum
1760 890 1984 945 caussm

380 984 538 1028 suam
564 985 728 1043 agere
776 986 881 1026 non
915 969 1196 1026 deberent.
1248 966 1385 1024 Cum
1420 969 1524 1025 hoc
1567 983 1697 1041 ergo
1721 983 1825 1025 nec
1859 979 1989 1025 ante

382 1064 772 1137 suggesserim,
803 1077 901 1117 nec
930 1069 1115 1132 postea
1140 1075 1304 1132 quam
1336 1069 1525 1117 contra
1553 1076 1648 1117 eos
1676 1075 1779 1131 pro
1811 1058 1984 1115 Carci-

385 1156 535 1212 liano
558 1155 855 1227 judicatum
889 1162 995 1219 est,
1013 1153 1211 1209 saltem
1236 1153 1368 1209 victi
1395 1163 1449 1209 et
1475 1153 1597 1213 irati
1622 1152 1987 1227 obiiciendum

383 1250 659 1323 putarint;
693 1245 824 1320 quid
846 1261 990 1303 nunc
1019 1251 1206 1302 inanes
1234 1255 1341 1301 tam
1378 1261 1493 1301 sero
1527 1252 1859 1301 connectunt
1898 1259 1988 1299 ca-

379 1344 648 1401 lumnias:
687 1363 707 1397 »
742 1342 874 1412 Quis
898 1342 1061 1398 etiam
1087 1341 1189 1398 sibi
1218 1339 1545 1413 persuadeat
1571 1350 1680 1395 tam
1714 1339 1984 1410 publicum

378 1442 588 1498 crimen
647 1440 713 1496 ad
756 1437 1009 1499 Petiliani
1055 1451 1228 1513 usque
1271 1447 1521 1509 tempora
1552 1436 1796 1511 ignotum
1825 1443 1988 1507 atque

377 1534 647 1606 sepultum
675 1531 1063 1604 permansisse,
1094 1538 1186 1584 aut
1215 1528 1260 1584 si
1285 1544 1392 1585 non
1419 1529 1656 1592 latuerit,
1690 1537 1803 1584 tres
1826 1541 1984 1597 pres-

380 1627 602 1699 byteros
621 1626 754 1681 tanti
774 1624 1020 1681 criminis
1044 1636 1169 1678 reos
1188 1622 1243 1676 in
1265 1622 1491 1691 primam
1507 1619 1763 1675 Ecclesiae
1780 1618 1986 1685 sedem,

382 1721 535 1776 nullo
561 1720 914 1787 reclamante,
934 1716 1156 1782 assumi,
1184 1723 1242 1773 et
1263 1714 1701 1773 sitristianissitli
1728 1712 1993 1785 principis

2086 506 2263 583 pictus
2287 503 2629 559 multitudine
2656 502 2875 561 malitia
2924 504 3092 573 erepit
3119 518 3239 565 cum
3270 519 3338 561 eo
3366 502 3569 561 habere
3604 502 3682 556 al-

2084 597 2434 662 tercationem
2456 595 2526 653 de
2573 595 2929 655 tharitieando
2949 596 3094 665 diis;
3122 605 3178 651 et
3218 595 3407 653 dicens
3447 594 3517 651 ad
3545 594 3685 649 hlar-

2086 691 2342 747 cellinum
2375 690 2523 745 urbis
2550 690 2739 745 Romae
2771 689 3086 759 episcopum
3121 707 3135 741 :
3172 707 3192 742 ‹
3230 687 3286 743 Si
3313 686 3560 743 Christus
3589 701 3683 741 ve.

2088 791 2221 851 ster,
2247 797 2409 853 quem
2432 781 2614 837 dicitis
2639 792 2821 835 natum
2851 780 2919 836 de
2942 780 3148 852 virgine
3172 779 3362 843 Maria.
3385 777 3513 849 quid
3544 775 3685 848 apud

2090 875 2443 945 semetipsum
2492 874 2664 947 prima
2720 874 2842 931 luce
2887 873 3039 933 missi
3087 872 3229 944 Magi
3255 872 3324 928 ab
3354 869 3570 929 Herode
3594 869 3691 927 ob-

2090 971 2325 1025 tulerunt
2352 969 2402 1025 ei
2429 982 2655 1024 munera
2678 968 2701 1023 ?
2722 969 2885 1039 quae?
2913 982 3125 1034 aurum,
3155 967 3280 1023 titus
3305 974 3365 1023 et
3388 965 3688 1038 myrrham,

2093 1064 2143 1120 id
2174 1075 2229 1119 ut
2277 1065 2481 1119 scirent
2524 1062 2853 1129 sacerdotes,
2900 1077 2997 1133 per
3047 1060 3177 1132 quid
3218 1059 3496 1131 placarent
3525 1057 3689 1125 hunc,

2086 1174 2249 1233 quem
2273 1158 2453 1213 dicitis
2482 1157 2846 1219 resurrexisse
2873 1164 2929 1213 et
2952 1154 3149 1215 sedere
3208 1169 3394 1226 super.
3434 1172 3455 1207 ι
3486 1153 3623 1209 Dicit
3643 1152 3695 1209 ei

2090 1250 2436 1307 Marcellinus
2490 1250 2779 1321 episc0pus
2807 1267 2820 1303 :
2855 1267 2876 1303 ‹
2908 1247 3028 1304 Νοη
3074 1247 3394 1304 obtulerunt
3420 1247 3496 1313 ei,
3525 1253 3583 1301 ut
3606 1259 3696 1301 sa-

2091 1341 2400 1398 crificarent
2426 1343 2650 1398 vanitati
2679 1360 2693 1410 ;
2720 1342 2818 1400 sed
2850 1342 2994 1409 ideo,
3022 1350 3082 1397 ut
3118 1341 3290 1397 Deum
3318 1356 3382 1396 ac
3406 1339 3696 1397 Dominum

2091 1437 2410 1499 altissimum
2439 1453 2586 1506 eum,
2619 1453 2781 1510 quem
2806 1436 3098 1509 negabant,
3128 1435 3504 1493 ostenderent.
3540 1452 3561 1488 ι
3597 1432 3699 1489 Ur-

2092 1528 2267 1586 banus
2296 1530 2364 1585 ad
2389 1531 2580 1587 eadem
2622 1529 2927 1602 respondit,
2961 1529 3149 1586 dicens
3177 1544 3193 1582 :
3228 1548 3249 1582 ‹
3282 1527 3400 1585 Una
3445 1536 3606 1583 nocte
3627 1526 3702 1583 si-

2093 1623 2207 1678 mul
2228 1622 2507 1680 adstemus
2527 1634 2654 1681 ante
2670 1624 2902 1680 domnos
2928 1624 3286 1694 imperatores
3307 1621 3698 1677 invictissimos

2094 1716 2493 1795 Diocletianum
2547 1716 3007 1778 «laxi-tinum)
3055 1724 3217 1787 atque
3246 1713 3701 1770 clementissimos

384 1815 551 1872 ﬁdem
596 1828 660 1868 ac
711 1809 1145 1868 benevolentiam
1196 1808 1489 1864 conciliare
1537 1807 1637 1862 sibi
1705 1805 1991 1875 potuisse?
2019 1817 2068 1878 Β
2097 1810 2385 1880 principes,
2416 1820 2471 1866 et
2487 1810 2627 1867 dabo
2651 1811 2749 1867 tibi
2770 1811 3126 1882 quaestionem
3150 1808 3220 1864 de
3248 1805 3633 1864 thuritlcando.
3672 1823 3691 1856 ι

382 1906 516 1964 Fide
539 1906 752 1978 dignior
789 1912 874 1960 est
897 1902 1298 1969 Tlteodoretus,
1325 1902 1437 1972 qui,
1471 1901 1566 1956 lib.
1598 1909 1613 1955 ι
1644 1900 1784 1956 Hist.
1814 1900 1993 1967 Eccl.,

380 2017 431 2058 c.
472 2005 525 2067 5,
588 2020 607 2053 s
645 1998 1018 2055 Marcellinum
1068 1996 1123 2051 in
1174 1996 1555 2066 persecutione
1607 1994 1932 2051 inclaruisse
1965 2014 1985 2049 ι

386 2104 644 2153 testatur:
669 2113 686 2146 t
706 2093 1041 2170 καριευὶνω
1057 2092 1140 2149 τὸν
1165 2092 1212 2147 ἐν
1231 2089 1524 2167 titillat-7pc?
1546 2088 1937 2168 δεαπρὲψητις
1965 2109 1984 2147 s

381 2187 526 2261 quod
560 2188 629 2242 ita
660 2187 1003 2256 interpretari
1035 2184 1183 2251 licet,
1216 2192 1275 2239 ut
1318 2184 1363 2239 is
1414 2185 1803 2252 persecutionis
1849 2192 1989 2240 tem-

379 2297 514 2352 pore
548 2279 713 2351 digne
761 2287 818 2334 et
867 2277 1211 2332 laudabiliter
1264 2291 1324 2333 se
1370 2279 1624 2347 gesserit,
1683 2278 1770 2334 vel
1826 2280 1989 2334 etiam

381 2381 441 2428 ut
465 2372 581 2444 ipse
634 2371 1067 2442 persecutionem
1121 2368 1333 2424 fortiter
1377 2384 1689 2439 perpessus,
1742 2385 1989 2443 magnam

378 2467 464 2522 sui
490 2466 726 2535 nominis
753 2463 1208 2519 existimationem
1239 2463 1541 2533 reliquerit.

453 2559 507 2615 '5.
534 2558 670 2613 Hinc
700 2555 939 2611 funditus
955 2553 1678 2617 ruuntSinuessaniconcilii
1706 2562 1845 2618 acta,
1867 2555 1987 2629 qui-

380 2650 502 2718 bus,
552 2656 752 2729 prteter
781 2647 972 2711 rudem
1001 2661 1190 2711 eorum
1222 2656 1277 2705 et
1308 2646 1606 2717 impolitam
1634 2646 1985 2715 locutionem,

379 2744 552 2800 multa
579 2740 830 2809 absurda,
860 2739 1108 2812 quaedam
1137 2754 1324 2795 secum
1358 2740 1671 2811 pugnantia,
1714 2739 1820 2795 alia
1861 2755 1985 2794 cum

381 2836 542 2893 dictis
583 2832 831 2891 Petiliani
856 2874 870 2898 ,
904 2832 994 2905 qui
1022 2831 1333 2895 Marcellum
1357 2874 1372 2901 ,
1406 2831 1763 2888 Mclchiadem
1796 2841 1851 2888 et
1875 2832 1985 2888 Sil-

382 2940 625 2987 vestrum
676 2926 1016 2984 thuriﬁcasse
1043 2927 1388 2998 objectabat,
1418 2942 1525 2983 non
1554 2926 1945 2982 consentientia
1965 2968 1983 2996 ,

378 3039 589 3081 necnon
614 3022 855 3095 putidum
874 3030 1036 3092 atque
1064 3021 1317 3077 iteratum
1347 3021 1543 3076 summi
1570 3020 1861 3092 pontiﬁcis,
1891 3020 1984 3094 qui

378 3126 435 3172 et
459 3131 585 3170 mox
609 3113 867 3184 martyrio
893 3110 1239 3173 coronandus
1268 3112 1507 3183 ponitur,
1541 3112 1903 3182 mendacium,
1929 3122 1984 3171 et

2168 1903 2223 1959 2.
2254 1903 2550 1959 Venientes
2577 1913 2759 1959 autem
2813 1903 2925 1971 die,
2957 1902 3103 1974 quod
3128 1902 3315 1957 dicunt
3340 1899 3699 1965 Vulcanibus,

2096 1996 2229 2052 dicit
2280 1997 2331 2054 ei
2363 1997 2618 2054 Urbanus
2652 2015 2666 2051 :
2705 2016 2725 2051 s
2778 1997 3067 2054 Faciamus
3107 1996 3234 2053 hinc
3284 2006 3339 2052 et
3390 1995 3516 2052 inde
3564 1994 3701 2051 duas

2094 2090 2389 2157 chartulas,
2414 2092 2567 2162 quasi
2599 2089 3303 2161 immunis-petitionum,
3335 2098 3391 2145 et
3409 2086 3700 2149 sileremus

2092 2185 2531 2240 clementissimis
2582 2185 2933 2255 principibus.
2970 2203 2989 2237 ι
3014 2181 3289 2239 Fecerunt
3316 2181 3477 2238 ambo
3503 2181 3693 2247 simul,

2093 2278 2232 2333 sicut
2260 2278 2472 2333 dixerat
2505 2277 2774 2343 Urbanus,
2808 2286 2863 2333 et
2892 2277 3175 2333 venientes
3201 2275 3267 2331 ad
3296 2274 3699 2331 sacratissimos

2091 2370 2363 2440 principes
2412 2369 2711 2426 offerebant
2756 2372 2857 2425 eis.
2910 2368 3260 2425 Marcellinus
3310 2368 3514 2439 itaque,
3542 2367 3697 2423 urbis

2091 2462 2279 2517 Romae
2295 2464 2605 2534 episc0pus,
2626 2462 2787 2518 ﬁdem
2806 2477 3052 2530 servans,
3067 2461 3344 2518 Christum
3368 2459 3693 2535 praedicans,

2090 2553 2330 2610 dicit'ad
2387 2556 2701 2627 principes:
2739 2575 2757 2609 ι
2786 2555 2925 2625 Quid
2975 2555 3107 2612 mihi
3131 2565 3186 2611 et
3215 2555 3386 2621 vobis,
3420 2555 3694 2627 principes

2090 2648 2365 2707 terribiles
2394 2649 2651 2705 universo
2678 2650 2902 2716 mundo,
2935 2651 3186 2722 quoniam
3214 2664 3353 2707 vana
3392 2658 3476 2709 est
3500 2664 3698 2721 super-

2087 2739 2235 2797 stitio
2265 2742 2654 2801 tburilieandi?
2684 2762 2704 2797 s
2757 2743 2899 2800 Dicit
2954 2752 3132 2799 autem
3182 2741 3436 2803 Urbanus
3469 2760 3484 2797 :
3529 2761 3548 2805 ς
3582 2741 3697 2798 Lo-

2087 2848 2255 2904 quere
2305 2832 2375 2890 ad
2435 2850 2536 2892 nos
2590 2850 2652 2891 ac
2704 2844 2894 2891 contra
2946 2834 3229 2906 pontiﬁces
3279 2833 3696 2893 clementissimi

2091 2936 2257 2996 atque
2298 2926 2636 2984 invictissimi
2665 2927 3144 2998 (clementissimos
3200 2936 3361 2999 atque
3402 2925 3698 2983 invictissi-

2086 3017 2229 3091 mos)
2258 3018 2551 3090 principes,
2601 3021 2851 3092 quoniam
2903 3021 3065 3081 deum
3109 3021 3297 3079 Jovem
3332 3028 3388 3078 et
3431 3018 3697 3077 invictum

2084 3108 2379 3169 Herculem
2435 3116 2687 3185 corporei
2713 3115 3068 3183 fabricantur,
3102 3127 3156 3171 et
3187 3116 3378 3175 Jovem
3416 3131 3574 3189 quem
3598 3114 3695 3171 di-

377 3207 481 3271 alia
506 3204 814 3276 huiusmodi
847 3219 1006 3274 quam
1035 3203 1184 3273 plura
1214 3216 1431 3259 omnem
1465 3204 1710 3259 adimunt
1737 3205 1977 3260 auctori-
2006 3203 2051 3266 C
2084 3205 2259 3265 cimus
2308 3209 2530 3276 caelum,
2563 3219 2761 3266 terram
2793 3225 3050 3281 mareque
3075 3208 3237 3267 simul
3277 3224 3404 3269 cum
3452 3210 3695 3267 Saturno

380 3308 568 3355 tatem.
613 3296 786 3367 Hujus
830 3307 1008 3351 tamen
1052 3295 1263 3351 concilii
1295 3305 1447 3361 acta,
1493 3313 1612 3369 quae
1634 3313 1754 3352 eum
1784 3312 1983 3375 suppo-

378 3393 561 3467 sititiis
589 3391 835 3449 Silvestri
865 3399 919 3445 et
944 3389 1094 3461 Xysti
1116 3390 1282 3461 gestis
1314 3389 1367 3445 in
1387 3405 1495 3446 uno
1520 3390 1822 3464 eodemque
1850 3408 1979 3463 per-

375 3486 598 3559 antiquo
659 3483 847 3540 codice
911 3481 1223 3537 Culbertino
1298 3480 1716 3554 Langobardicis
1787 3482 1981 3546 litteris

376 3589 598 3638 exarato
625 3577 969 3642 exhibentur,
1008 3585 1081 3641 et,
1116 3583 1173 3628 ut
1197 3589 1267 3630 ex
1287 3574 1605 3646 cognatione
1646 3585 1809 3659 atque
1837 3594 1976 3632 con-

379 3674 635 3731 sensione
663 3671 788 3744 styli
811 3668 1059 3743 judicare
1101 3666 1246 3735 licet,
1289 3667 1538 3731 eumdem
1569 3667 1767 3726 habere
1790 3671 1978 3729 viden-

379 3777 468 3822 tur
488 3774 790 3839 parentem,
822 3760 891 3815 ad
927 3769 1173 3815 veterum
1207 3762 1598 3831 exemplarium
1642 3761 1825 3830 fidem,
1861 3780 1981 3835 qua:

378 3859 433 3914 in
455 3856 767 3913 novissimis
784 3851 1140 3909 conciliorum
1164 3853 1494 3909 editionibus
1519 3855 1741 3911 minime
1768 3865 1981 3913 servata

376 3963 483 4022 est,
511 3950 647 4008 infra
679 3949 1024 4012 recudemus,
1056 3962 1267 4003 necnon
1296 3956 1349 4003 et
1373 3949 1507 4005 duas
1534 3951 1815 4022 epistolas,
1849 3966 1982 4025 quas

378 4045 618 4102 Isidorus
649 4043 915 4105 Mercator
939 4039 1255 4105 Marcellino
1286 4042 1593 4113 snpposuit.

383 4179 413 4253 ς
445 4178 533 4237 lii.
566 4208 638 4220 ——
681 4175 911 4249 Vulgata
942 4175 1128 4246 synodi
1159 4176 1433 4233 Suessana
1449 4194 1539 4233 seu
1560 4177 1891 4233 Sinuessano:
1912 4179 1979 4235 tle

848 4267 1155 4325 Marcellino
1184 4286 1321 4341 papa
1347 4280 1508 4341 gesta.

447 4409 491 4466 ἰ.
519 4407 719 4465 Urbani
743 4416 790 4462 et
821 4404 1116 4461 Marcellini
1146 4404 1435 4460 altercatio.
1460 4436 1530 4447 —-
1557 4407 1609 4460 i.
1645 4404 1982 4461 Diocletiano

381 4512 437 4561 et
464 4502 791 4558 Maximiano
821 4498 1100 4569 Augustis,
1124 4511 1245 4552 cum
1276 4497 1428 4551 multi
1455 4496 1509 4552 in
1537 4498 1642 4552 vita
1664 4512 1758 4552 sua
1787 4498 1984 4554 mentis

378 4610 489 4652 sua:
519 4607 744 4665 aspersu
777 4590 1071 4646 vacillitate
1119 4589 1522 4644 mentiebantur
1546 4588 1755 4660 origine
1793 4588 1981 4645 dicen-

382 4698 484 4752 tes,
537 4653 681 4758 quod
726 4683 954 4740 deorum
1012 4682 1327 4752 superstitio
1381 4682 1630 4736 vanitatis
1676 4697 1838 4752 super
1884 4653 2058 4740 sexD

377 4782 663 4846 sentirent,
690 4790 743 4834 et
773 4777 841 4833 ad
872 4774 1287 4833 sacrificandum
1337 4774 1530 4830 eodem
1550 4785 1808 4847 tempore
1828 4778 1984 4834 multi

377 4878 766 4934 inducerentur
816 4887 913 4944 per
965 4870 1269 4941 pecuniam,
1314 4877 1372 4924 ut
1420 4867 1791 4927 thuriticarent
1838 4872 1981 4929 diis:

378 4971 690 5029 Marcellino
716 4967 897 5037 itaque
918 4961 1067 5018 urbis
1092 4961 1281 5018 Romae
1307 4961 1566 5034 episcopo
1591 4962 1739 5019 venit
1765 4964 1985 5036 quidam

2086 3308 2524 3358 menstruantem
2555 3303 2579 3357 ἓ
2605 3302 2783 3370 Quare
2824 3317 2957 3374 ergo
3000 3300 3106 3358 hoc
3134 3301 3482 3359 Marcellinus
3506 3301 3695 3372 ponti-

2086 3391 2172 3449 fex
2221 3394 2363 3451 sicut
2399 3405 2456 3451 et
2478 3410 2579 3467 ego
2607 3411 2713 3453 non
2746 3395 3019 3455 thuriiicat
3046 3394 3458 3468 majestatibus?
3494 3414 3515 3453 ι
3551 3383 3703 3452 Dicit
3765 3419 3769 3423 ’

2084 3485 2267 3556 itaque
2335 3487 2696 3543 Diocletianus
2746 3506 2760 3542 :
2822 3506 2843 3541 s
2915 3487 3033 3547 Non
3097 3502 3383 3547 exsecrere
3410 3487 3701 3546 hominem

2088 3580 2249 3645 hunc,
2281 3581 2539 3651 quoniam
2570 3592 2773 3638 nostra:
2800 3582 3105 3641 clementiae
3127 3597 3233 3640 non
3264 3580 3569 3647 difﬁcultat,
3595 3597 3701 3639 ex-

2088 3672 2239 3735 hibet
2281 3672 2605 3731 intiammaci
2647 3691 2662 3742 ;
2705 3675 2800 3733 sed
2862 3677 2979 3747 eius
3024 3677 3306 3739 consilium
3361 3675 3703 3746 accipiamus

2087 3774 2379 3837 utrumque
2408 3766 2707 3840 (uterque),
2741 3769 2999 3841 quoniam
3048 3785 3155 3825 non
3199 3769 3550 3840 probavimus
3590 3784 3701 3828 no—

2087 3867 2215 3918 Stra:
2241 3858 2523 3916 serenitati
2570 3875 2694 3917 esse
2718 3862 3033 3929 obscurum,
3068 3876 3166 3917 nec
3194 3873 3381 3924 contra
3408 3863 3545 3923 deos.
3583 3850 3700 3927 im;

2085 3951 2347 4007 mortales
2414 3952 2542 4007 dare
2589 3954 2935 4009 sententiam.
2993 3972 3013 4004 ι
3068 3954 3348 4012 Romanus
3415 3957 3597 4029 itaque
3637 3965 3704 4021 et

2086 4042 2393 4100 Alexander
2422 4054 2634 4100 secreto
2679 4046 2935 4103 dixerunt
2977 4047 3308 4105 Diocletiano
3336 4068 3349 4104 :
3379 4068 3400 4103 ‹
3434 4050 3491 4107 Si
3521 4050 3698 4120 hunc,

2085 4135 2308 4194 domine
2335 4148 2497 4210 atque
2520 4138 2878 4197 invictissime
2897 4141 3168 4215 princeps,
3189 4145 3419 4203 consilio
3451 4147 3702 4207 tenueris

2087 4227 2472 4285 blandimentis
2497 4271 2511 4296 ,
2560 4247 2774 4287 omnem
2830 4234 3095 4290 urbanam
3128 4237 3338 4308 plebem
3365 4237 3593 4296 habebis
3637 4241 3703 4299 in

2087 4320 2291 4375 unitate
2339 4336 2685 4391 conservare,
2720 4336 2774 4381 et
2802 4336 2992 4397 gentes
3042 4343 3142 4399 per
3166 4330 3435 4387 sacriﬁcia
3488 4332 3703 4391 fidelis-

2087 4412 2220 4466 sima
2258 4412 2564 4485 objurgare.
2596 4435 2614 4468 ι

2157 4506 2225 4561 ll.
2257 4508 2332 4562 De
2376 4509 2754 4579 thuri/icatione
2792 4512 3106 4570 Marcellini.
3134 4546 3208 4556 —
3230 4516 3286 4572 3.
3323 4514 3460 4574 Dicit
3504 4528 3701 4577 autem

2089 4600 2454 4658 Diocletianus
2472 4604 2536 4659 ad
2554 4604 2949 4677 Marcellinum,
2966 4611 3281 4682 episcopum
3304 4612 3455 4668 urbis
3477 4613 3699 4671 Romae:

2092 4712 2111 4748 ι
2146 4694 2316 4751 Video
2347 4697 2685 4768 prudentiam
2741 4711 2911 4771 tuam,
2971 4705 3227 4775 quoniam
3261 4722 3452 4776 magna
3491 4717 3595 4772 est,
3633 4720 3703 4766 ut

2086 4797 2270 4843 nostra
2317 4791 2388 4846 sit
2416 4792 2675 4861 amicitia,
2705 4810 2826 4865 quae
2853 4795 2958 4853 diis
2995 4806 3051 4854 et
3096 4801 3350 4856 universo
3394 4800 3598 4858 mundo
3622 4802 3704 4860 sit

2088 4880 2244 4955 (forte
2287 4883 2405 4957 fuit)
2436 4885 2672 4944 inimica.
2706 4887 2840 4944 Veni
2862 4890 3064 4962 itaque,
3097 4901 3153 4948 et
3182 4894 3511 4969 loquentiam
3541 4907 3701 4955 tuam

2088 4983 2275 5031 nostro
2317 4974 2481 5035 facias
2513 4980 2907 5040 incrementum
2956 4984 3145 5041 favori.
3183 5004 3203 5039 ι
3240 4985 3477 5046 Veniens
3502 4998 3700 5049 autem

1740 5103 2291 5172 ANNOTATIONES.

446 5244 846 5319 I.—-Su_persea:
861 5236 1125 5319 sentirent.
1140 5234 1293 5319 Unus
1315 5250 1345 5292 e
1363 5252 1491 5319 mss.
1504 5279 1519 5308 ,
1538 5237 1781 5319 Adspersi
1794 5246 1975 5300 mentis

379 5337 487 5378 ante
530 5308 807 5374 vacillitate
834 5308 1252 5384 intentieliantur,
1307 5310 1504 5381 origine
1551 5308 1792 5378 dicentes,
1839 5318 1976 5384 quod

382 5396 591 5448 deorum
619 5382 917 5455 superstitio
950 5381 1189 5435 uanitatis
1211 5397 1455 5455 supersit
1473 5384 1732 5441 sentirent.
1771 5381 1974 5444 lio-rum

380 5474 560 5523 autem
585 5451 858 5530 gestorum
905 5451 1351 5530 corrector‘hunc
1376 5453 1549 5513 locum
1583 5457 1661 5530 sic
1687 5460 1978 5519 emendare

380 5523 614 5591 conatus
636 5538 715 5581 ρει
746 5543 759 5579 :
800 5523 986 5577 Mentis
1039 5540 1146 5579 stuc
1180 5524 1425 5593 facilitate
1467 5527 1703 5595 aspersi,
1767 5530 1981 5585 deorum

384 5601 752 5661 mentiebantur
797 5597 1064 5663 originem,
1112 5597 1333 5651 dicentes
1377 5600 1512 5667 quod
1560 5602 1624 5654 de
1676 5616 1852 5655 eorum
1891 5619 1981 5656 su-

385 5674 679 5747 perstitione
706 5670 981 5747 vanissima
1031 5671 1290 5747 sentirent.
1320 5668 1512 5747 Nonne
1539 5672 1643 5747 legi
1671 5684 1973 5747 posset.....

384 5741 606 5802 dicentes
631 5742 765 5815 quod
822 5741 1034 5815 deorum
1074 5742 1482 5813 superstitionem
1527 5743 1765 5798 vanitatis
1791 5761 1974 5815 exper-

384 5830 482 5876 tem
509 5831 617 5875 esse
639 5812 879 5872 sentirent
905 5812 930 5865 ?

2150 5251 2442 5338 Adstenras.
2489 5256 2812 5338 Notandum
2848 5259 3013 5338 illud,
3049 5277 3156 5338 quo
3184 5263 3554 5338 altercationis
3580 5266 3699 5324 Ur-

2082 5322 2282 5411 banum
2314 5326 2458 5411 inter
2496 5338 2550 5384 et
2576 5329 2949 5411 Marcellinum
2990 5322 3151 5391 inita:
3193 5336 3383 5394 arbitri
3436 5322 3702 5411 deligun-

2085 5406 2173 5451 tur
2204 5398 2567 5457 Diocletianus
2593 5408 2651 5456 et
2677 5400 3055 5461 Maximianus.

2155 5466 2458 5547 Βὶπῖευιιᾳι.
2493 5471 2605 5527 Hoc
2652 5484 2756 5542 est,
2792 5489 2898 5530 non
2948 5477 3175 5547 resistit,
3210 5477 3440 5537 dedecet
3488 5495 3705 5539 excan-

2085 5537 2310 5622 descere
2334 5559 2365 5625 ,ί
2390 5541 2582 5625 horum
2620 5537 2809 5625 autem.
2853 5558 3129 5625 corrector
3156 5537 3234 5605 sic
3256 5537 3528 5625 restituit:
3561 5537 3705 5625 quo-

2087 5612 2226 5664 niam
2250 5612 2450 5666 nullam
2463 5614 2607 5692 nobis
2617 5616 2966 5692 afﬁnitatem
2989 5621 3188 5675 exhibet
3209 5638 3315 5692 qua
3324 5612 3660 5691 clandestine
3678 5643 3701 5683 :

2084 5696 2151 5769 ex
2181 5697 2288 5769 quo
2316 5695 2514 5769 quanta
2560 5686 2667 5769 sibi
2714 5688 2769 5744 in
2802 5688 2985 5748 verbis
3011 5707 3081 5752 ac,
3101 5686 3388 5753 sententiis
3412 5697 3704 5757 mutandis

2088 5765 2413 5825 permiserit,
2441 5765 2748 5829 perspicere
2774 5769 2876 5817 est.
