3838 6278
263 358 334 420 I3
1397 356 1650 422 SYNODI
1685 356 2136 416 SINUESSANAE
2173 359 2418 418 GESTA.
3507 372 3575 432 η

259 478 333 532 ad
368 476 619 546 templum
649 474 960 530 Vestianum
995 484 1050 531 et
1072 475 1139 531 ad
1170 475 1387 545 Isidem,
1415 474 1711 532 introduxit
1743 472 1861 542 epi-
1887 472 1941 532 A
1969 476 2291 543 praesentiae.
2309 473 2441 530 Illud
2468 488 2600 531 vero
2627 474 2753 531 dum
2780 477 2999 533 veneris
3024 477 3094 537 ad
3114 477 3378 551 judicium
3395 489 3567 553 tuum,

262 585 506 643 scopum.
536 571 639 637 Qui
674 569 798 625 dum
828 570 1167 639 introissent,
1188 580 1348 628 erant
1370 586 1492 627 cum
1521 586 1590 627 eo
1617 569 1724 625 duo
1744 568 1861 624 dia-
1968 582 2029 621 ex
2062 574 2116 622 te
2143 567 2510 633 damnaberis,
2544 576 2599 624 ct
2622 584 2690 624 ex
2715 578 2767 624 te
2789 568 3171 640 jnstiiicaberis
3194 589 3209 637 ;
3230 582 3287 629 tu
3317 576 3459 630 enim
3482 576 3575 647 ju-

261 665 383 718 coui
410 663 576 720 Gaius
601 671 657 718 et
697 660 1045 720 Innocentius
1069 702 1086 731 ,
1113 672 1170 721 et
1220 672 1333 721 tres
1361 664 1659 737 presbyteri
1691 664 1861 720 Urba-
1965 659 2093 725 dex,
2147 672 2202 716 tu
2257 677 2402 717 reus.
2432 662 2737 734 Presbyteri
2792 674 2973 719 autem
3009 664 3097 720 vel
3125 663 3401 735 diaconos,
3427 683 3568 737 quo-

260 768 383 822 nus,
410 757 696 813 Castorius
744 766 800 813 et
823 756 1121 815 Iuvenalis.
1154 757 1287 813 Dum
1318 758 1580 814 vidissent
1621 773 1747 814 eum
1780 757 1863 812 in-
1963 749 2106 808 niam
2138 754 2448 825 pontiﬁcem
2479 755 2569 827 qui
2602 769 2699 812 eos
2724 756 2932 811 creavit
2953 757 3007 811 in
3036 757 3225 813 ordine
3243 759 3566 832 presbyterii

255 856 592 917 troeuntem,
617 863 726 903 non
781 858 961 905 tamen
1003 849 1310 905 mittentem
1354 857 1412 905 et
1443 849 1855 916 thuriiicantem,
1964 845 2049 900 vel
2080 846 2399 902 diaconatus
2428 849 2658 916 honore,
2685 858 2743 904 et
2784 848 3106 906 diutiserunt
3128 866 3335 919 aream,
3363 860 3418 908 et
3437 868 3566 910 eva-

250 940 506 1013 fugerunt
528 943 585 998 hi
616 955 809 999 emes
831 942 901 999 ad
932 944 1425 1015 compresbyteros,
1449 953 1507 1000 et
1535 944 1860 1000 invenerunt
1959 950 2257 995 cuaverunt
2305 939 2585 1007 horreum,
2608 942 2677 997 ad
2707 942 3066 1012 probandum,
3099 945 3304 1001 amisso
3348 946 3558 1013 ordine,

246 1047 345 1090 eos
373 1034 427 1089 in
463 1033 727 1090 Vaticano
755 1034 941 1105 palatii
984 1034 1302 1100 Neroniani,
1332 1043 1391 1091 et
1438 1035 1699 1091 dixerunt
1740 1049 1857 1089 rem
1960 1031 2163 1088 intrent
2209 1047 2472 1101 examen,
2528 1037 2783 1105 quoniam
2834 1048 3232 1094 evacuaverunt
3284 1039 3569 1096 horreum;

244 1140 407 1197 quam
435 1138 645 1198 gestam
685 1126 971 1184 vidissent.
1016 1126 1221 1184 Euntes
1270 1136 1452 1183 autem
1500 1127 1653 1183 multi
1692 1124 1853 1182 Chri-
1960 1122 2152 1179 Debuit
2183 1125 2329 1180 enim
2356 1126 2603 1195 pontifex
2630 1128 2769 1183 mori
2797 1142 2921 1184 eum
2953 1130 3189 1201 quinque
3218 1130 3440 1203 (supple,
3468 1148 3565 1203 po—

242 1218 408 1274 stiani
439 1235 613 1290 penus
638 1218 889 1276 veritatis
932 1219 1242 1289 exemplum
1293 1219 1565 1284 abierunt,
1595 1227 1650 1274 et
1705 1217 1853 1273 vide-
1957 1214 2085 1287 tius)
2108 1231 2273 1287 quam
2313 1217 2458 1273 vivat
2486 1234 2588 1274 suo
2607 1220 2816 1289 judicio
2845 1221 3290 1278 condemnatus.»
3319 1225 3567 1282 Introivit

240 1321 371 1367 runt
393 1327 523 1373 eum
540 1313 846 1368 mittentem
875 1318 934 1369 et
960 1310 1382 1380 tburiiicantem,
1410 1319 1468 1367 et
1494 1310 1695 1366 factitm
1717 1310 1853 1365 ami-
1953 1317 2133 1364 autem
2184 1310 2474 1367 universus
2501 1312 2748 1383 synodus
2774 1313 2826 1367 in
2853 1323 3041 1387 crypta
3071 1314 3480 1387 Cleupatrieose
3507 1320 3561 1374 in

239 1417 367 1459 cum
418 1405 745 1475 principum.
774 1404 878 1471 Qui
906 1404 1157 1460 abierunt
1184 1404 1254 1459 ab
1282 1418 1371 1469 eo,
1400 1412 1458 1458 ut
1483 1402 1850 1459 testimonium
1951 1400 2172 1457 civitate
2197 1400 2466 1458 Sessuana
2497 1400 2617 1477 (ms.
2640 1404 2980 1477 Sensuana),
3010 1416 3066 1462 et
3089 1410 3215 1479 quia
3240 1424 3347 1464 non
3375 1411 3561 1466 multi-

242 1497 495 1553 veritatis
524 1496 885 1561 exhiberem,
930 1496 1016 1550 isti
1066 1506 1233 1552 sunt:
1266 1495 1534 1563 Bonosus,
1564 1496 1847 1559 Maximus,
1951 1493 2084 1549 tudo
2133 1494 2471 1552 referebatur
2518 1496 2575 1552 in
2604 1504 2818 1569 crypta,
2849 1498 3044 1571 synodi
3088 1501 3450 1574 quinquageni
3483 1505 3561 1560 iu-

237 1585 503 1659 Carpilio,
552 1588 882 1661 Cyprianus,
938 1587 1238 1661 Olympius,
1292 1588 1533 1657 Priscus,
1562 1589 1844 1657 Hercules,
1947 1587 2208 1644 troibant.

240 1678 664 1752 Andropbemus
694 1722 708 1746 ,
764 1681 1093 1751 Benenatus,
1146 1681 1505 1753 Epiphanius,
1544 1682 1844 1754 Crispinus,
2020 1678 2108 1736 IV.
2166 1678 2495 1736 Damnanlur
2568 1681 2811 1739 Urbanus
2834 1724 2849 1749 ,
2908 1682 3175 1742 Castors‘as
3223 1704 3285 1742 ac
3312 1689 3458 1744 socii.
3487 1720 3557 1730 —-

240 1772 449 1840 Victor,
474 1774 809 1842 Theodotus,
855 1774 1187 1843 Alexander,
1244 1777 1545 1841 Romanus,
1600 1778 1842 1849 Bajulus,
1948 1771 2005 1827 ὃ.
2029 1770 2207 1827 Prima
2237 1782 2417 1829 autem
2449 1772 2540 1829 die
2569 1775 2765 1844 synodi
2789 1775 3113 1834 introierunt
3142 1778 3195 1834 bi
3236 1779 3559 1837 damnantes

238 1864 540 1933 Quiriaeus,
599 1866 933 1934 Theodolus,
988 1866 1290 1936 Caritosus,
1319 1867 1603 1935 Omitasio,
1660 1869 1841 1926 Hono-
1867 1868 1917 1929 B
1945 1862 2240 1932 Urbanum,
2283 1865 2591 1924 Castorium
2628 1878 2685 1925 et
2733 1872 3053 1927 Iuvenalem
3103 1874 3476 1946 presbyteros,
3502 1884 3559 1931 et

229 1967 403 2024 ratus,
435 1958 1078 2026 Crescentio,Masimus,
1100 1960 1393 2029 Probinus,
1421 1961 1667 2026 Urbicus,
1691 1961 1834 2017 Con-
1942 1957 2206 2015 diaconos
2234 1958 2431 2016 Gaium
2454 1970 2510 2017 et
2538 1962 2934 2019 Innocentium.
2969 1964 3033 2019 Hi
3060 1975 3187 2020 sunt
3213 1968 3303 2037 qui
3332 1968 3558 2023 introie-

227 2051 468 2117 cordius,
501 2051 795 2120 Neapolus.
824 2050 1182 2123 Refrigerius,
1205 2052 1577 2123 Sebastianus,
1610 2055 1835 2126 Calpur—
1938 2061 2068 2107 runt
2095 2051 2356 2124 episcopi,
2389 2053 2694 2123 audientes,
2726 2071 2830 2112 non
2862 2066 3040 2113 tamen
3086 2057 3395 2129 jttdicantes
3418 2076 3549 2131 pon-

226 2143 374 2211 nius,
427 2143 699 2211 Julianus,
726 2144 1061 2216 Epiphorus,
1107 2146 1441 2217 Crispianus,
1474 2148 1829 2217 ﬂabctdeum,

222 2234 511 2303 Crescens,
561 2237 792 2308 ﬁapula,
847 2239 1191 2309 Cyprianus,
1232 2238 1515 2308 Abeulius,
1560 2240 1827 2314 Exquire,

227 2330 811 2402 Orpbituchneriua,
840 2330 1219 2402 Carpulianus,
1250 2331 1619 2402 Constantius,
1637 2334 1828 2400 Ursus,

222 2422 665 2493 Valentinianus,
703 2426 946 2494 Priscus,
977 2426 1235 2492 Severus,
1266 2430 1519 2495 Probius,
1570 2430 1825 2498 Faustus,

221 2518 518 2588 Antonius,
547 2520 829 2589 Quirillus,
863 2521 1107 2585 Albolus,
1137 2522 1422 2590 Pulssnor,
1455 2524 1822 2593 Hombonus,

220 2609 713 2684 Caritto,Tespias,
740 2614 1000 2683 Marinus,
1030 2614 1251 2686 Fabius,
1273 2616 1668 2691 Crispinianus,
1700 2620 1826 2677 lier-

215 2707 515 2775 culentius,
543 2709 763 2777 Petrus,
812 2708 1122 2780 Nonnosus,
1154 2711 1484 2770 Honestulus
1507 2752 1525 2780 ,
1555 2714 1822 2769 Aurielia-

218 2816 347 2866 nus,
381 2800 697 2872 Impeditus,
731 2802 990 2868 Furious,
1024 2804 1383 2871 Domitianus,
1415 2805 1701 2876 Agapitus,
1732 2805 1823 2860 lli.

213 2895 424 2965 mulus,
451 2894 768 2968 Capillatus,
803 2896 1152 2968 Nepotianus,
1195 2896 1554 2966 Concordiae,
1600 2899 1819 2955 Bonifa-

214 2987 363 3057 cius,
419 2989 721 3059 Reparatus
746 3032 765 3058 ,
806 2990 1171 3062 Jugudinus,
1210 2992 1537 3061 Auxentius,
1568 2992 1815 3065 Cyprius,

216 3081 593 3155 Bonushomo,
617 3085 953 3157 Corporalis,
986 3085 1298 3153 Sallustius,
1330 3085 1617 3159 Origanus,
1645 3084 1819 3145 Vene-

214 3190 403 3245 rosus,
434 3178 736 3246 Abuadins,
789 3177 1038 3247 Tinulus,
1091 3178 1281 3249 Major.
1334 3177 1401 3234 Hi
1442 3192 1633 3235 omnes
1656 3178 1815 3236 electi

1938 2144 2160 2212 tiiicem,
2211 2146 2438 2213 Petrus,
2498 2146 2799 2215 Castorius,
2852 2149 3211 2218 Habetdeum,
3259 2152 3538 2222 Castiuus,

1940 2237 2146 2303 Victor,
2176 2238 2512 2307 Felicisnus,
2557 2240 2854 2311 Partcrius,
2901 2242 3225 2314 Majorinus,
3254 2246 3546 2316 Castalius,

1943 2329 2294 2398 Laurentius,
2323 2332 2545 2399 Paulos,
2575 2334 2850 2404 Bonosus,
2876 2336 3053 2403 Felix,
3088 2337 3384 2407 Firminus,
3416 2343 3550 2413 Spe-

1931 2424 2144 2491 sindeo,
2180 2426 2612 2498 Tranquillinus,
2652 2431 2992 2496 Anastasius,
3021 2430 3298 2502 Castinus,
3331 2436 3542 2506 Victor,

1930 2516 2383 2575 Boneservandus
2413 2561 2428 2587 ,
2469 2520 2731 2589 Joannes,
2793 2522 3130 2594 Epiphanius
3155 2565 3170 2591 ,
3202 2524 3413 2593 Castus,
3444 2527 3547 2584 ἵει·

1928 2611 2169 2680 cinthus,
2227 2612 2584 2677 Herculanus,
2642 2614 2896 2681 Sabinus,
2944 2614 3537 2690 Orﬁtus,Gaudiosus,

1928 2701 2257 2773 Reparatus,
2284 2705 2602 2774 Amplexus,
2644 2703 2877 2776 Cyprus,
2904 2705 3262 2779 Fortunatus,
3291 2711 3537 2779 Quadra-

1930 2795 2131 2859 tianus,
2157 2795 2532 2862 Sebastianus,
2563 2794 2888 2868 Cyprianus,
2918 2798 3228 2871 Pascasius,
3250 2802 3541 2873 Innocens,

1926 2886 2198 2954 Valerius,
2231 2886 2516 2951 Servilius,
2572 2887 2924 2957 Cerasianus,
2956 2892 3334 2964 Constantius,
3366 2896 3538 2965 Quin-

1925 2978 2163 3044 tilianus,
2200 2979 2512 3048 Montanus,
2571 2981 2827 3049 Catellus,
2887 2982 3242 3056 Polycarpus,
3290 2988 3531 3046 Athana-

1918 3070 2056 3135 sius,
2090 3069 2361 3140 Hermias,
2406 3071 2761 3142 NepOtianus,
2819 3074 3032 3142 Petrus,
3061 3077 3442 3136 Aristonicius.
3465 3081 3532 3137 lii

1918 3163 2258 3220 introeuntes
2311 3164 2365 3219 in
2421 3173 2610 3237 crypta
2643 3176 2867 3237 propter
2908 3178 3111 3225 metum
3153 3184 3529 3245 augustorum,

113 3300 119 3307 -
213 3278 345 3324 sunt
392 3268 497 3324 viri
527 3269 664 3326 libra
711 3271 960 3338 occidua,
991 3271 1083 3343 qui
1114 3271 1480 3328 testimonium
1533 3272 1793 3344 perhiben

1928 3270 2039 3310 uno
2070 3270 2167 3312 ore
2191 3258 2345 3325 quasi
2371 3257 2584 3325 triceni,
2616 3274 2725 3314 uno
2748 3259 2840 3316 die
2870 3261 2988 3331 ejus
3026 3264 3260 3320 consilio
3284 3266 3534 3339 judican-

208 3360 469 3419 v~ideutes
484 3376 608 3418 eunt
631 3363 1004 3420 Marcellinum
1028 3362 1388 3420 tburiiicasse.

282 3453 369 3511 III.
401 3454 485 3511 De
523 3455 721 3527 synodo
774 3457 829 3511 iu
878 3469 982 3526 qua
1025 3455 1362 3511 Marcellinus
1413 3455 1731 3524 thart'ﬁoasse
1761 3473 1815 3511 se

212 3547 520 3618 ηραν-4.
548 3546 747 3603 Factus
776 3547 962 3618 itaque
977 3546 1237 3619 synodus,
1264 3562 1372 3601 non
1396 3553 1578 3601 tamen
1603 3546 1813 3603 collecti

208 3653 340 3697 sunt
381 3640 437 3696 in
466 3640 680 3712 integro
718 3639 1054 3707 sacerdotes,
1084 3636 1211 3711 quia
1248 3640 1549 3699 cuniculus
1578 3640 1808 3711 urgeba-

207 3739 303 3788 tur
330 3732 745 3803 perseoutionis.
775 3730 1013 3790 Veniens
1055 3742 1236 3790 autem
1259 3735 1548 3803 episcopus
1572 3732 1805 3789 Marcel-

202 3824 372 3893 linus,
425 3826 656 3899 negabat
708 3841 768 3883 se
826 3826 1184 3883 thuriiicasse.
1242 3825 1374 3881 Nam
1413 3826 1549 3881 dixit
1599 3824 1806 3892 ethoc,

198 3919 537 3974 sententiam
571 3920 874 3990 proposuit,
905 3918 1032 3989 quia
1070 3916 1395 3973 dimiserunt
1420 3931 1542 3972 eum
1566 3915 1656 3987 qui
1685 3931 1805 3970 cum

192 4025 267 4079 eo
314 4027 447 4071 esse
489 4012 813 4070 videbantur
841 4015 898 4068 in
937 4011 1132 4069 eodem
1161 4012 1280 4068 loco
1309 4012 1613 4084 presbyteri
1637 4010 1809 4068 Urba-

195 4119 324 4173 nus,
346 4103 634 4162 Castorius
660 4113 718 4162 et
745 4105 1044 4174 Iuvenalis,
1071 4112 1125 4161 et
1163 4104 1420 4161 diacones
1447 4102 1615 4161 Gaius
1642 4111 1697 4159 et
1722 4104 1807 4159 In-

190 4197 511 4265 nocentius.
560 4195 812 4275 Synodus
846 4206 1025 4255 autem
1077 4194 1359 4254 universus
1401 4195 1508 4254 hoc
1555 4195 1806 4253 dixerunt

188 4302 395 4350 cuncto
441 4292 692 4365 judicio:
727 4311 747 4346 ί
780 4291 861 4353 Tu
907 4292 1052 4349 enim
1094 4292 1206 4348 eris
1246 4290 1411 4362 judex
1438 4309 1453 4358 ;
1485 4306 1552 4348 ex
1585 4299 1639 4347 te
1658 4291 1802 4347 enim

188 4384 564 4455 damnaboris,
600 4395 657 4445 et
703 4401 771 4443 ex
822 4394 877 4443 te
916 4380 1304 4457 justiﬁesberis
1335 4401 1349 4440 :
1381 4394 1561 4449 tamen
1604 4394 1805 4441 nostrae

1927 3354 2032 3414 tes,
2056 3357 2112 3404 et
2136 3348 2533 3405 damnaverunt
2562 3350 2861 3419 Urbanum,
2881 3352 3187 3412 Castorium
3216 3366 3272 3412 et
3295 3357 3535 3416 Juvena-

1921 3438 2027 3494 lem
2060 3439 2425 3512 presbyteros,
2461 3450 2517 3497 et
2539 3442 2802 3500 diaconos
2829 3443 3025 3501 Gaium
3043 3458 3100 3503 et
3126 3448 3526 3521 Innocentium,

1919 3534 2012 3605 qui
2059 3545 2461 3592 evacuaverunt
2505 3536 2764 3594 horreum
2792 3576 2809 3605 ,
2861 3548 2917 3596 et
2961 3540 3291 3601 dimiserunt
3345 3561 3527 3601 aream

1917 3639 2180 3698 apertam,
2204 3638 2264 3686 ut
2292 3631 2543 3686 introiret
2591 3632 2926 3702 immundus,
2985 3645 3041 3692 et
3087 3638 3403 3696 comederet
3433 3642 3529 3697 tri-

1917 3722 2104 3779 ticum.
2130 3723 2282 3793 Ipsos
2311 3725 2475 3780 etiam
2497 3725 2915 3783 damnaverunt.

1989 3814 2039 3871 6.
2073 3814 2138 3875 Et
2179 3813 2513 3884 judicabant,
2546 3831 2655 3870 non
2715 3825 2893 3872 tamen
2932 3818 3247 3888 judicabant
3297 3825 3521 3894 pontiﬁ-

1915 3922 2031 3963 cem
2064 3925 2075 3960 :
2100 3908 2223 3978 quia
2254 3909 2354 3963 hoc
2371 3924 2435 3964 ex
2469 3925 2579 3964 uno
2606 3923 2703 3966 ore
2725 3918 2880 3965 erant
2906 3913 3276 3984 conroborati,
3297 3917 3514 3973 utiutra

1915 4002 2016 4057 hos
2055 4017 2198 4057 Lxsn
2240 4001 2547 4058 testimonia
2596 4003 2711 4073 ipse
2731 4002 2919 4073 judox,
2944 4005 3062 4075 ipse
3109 4021 3259 4077 reus,
3289 4009 3403 4081 ipse
3430 4025 3517 4068 se-

1915 4095 2203 4170 metipsum
2250 4110 2311 4152 ea
2340 4095 2404 4168 (f.
2441 4094 2518 4170 in)
2544 4097 2829 4166 praesentia
2862 4111 3052 4153 eorum
3082 4099 3426 4160 innocentem
3458 4118 3517 4162 se

1913 4200 2195 4255 servaret,
2251 4200 2305 4246 et
2352 4188 2626 4246 iuiidelcm
2679 4205 2738 4246 se
2785 4190 3109 4261 damnaret;
3158 4196 3412 4266 quoniam
3461 4198 3516 4255 in

1913 4299 2058 4339 usu
2110 4283 2247 4339 libra
2291 4282 2517 4337 occidua
2559 4284 2961 4352 reparationem
3030 4289 3269 4359 resurgit
3315 4305 3512 4347 annus.

1912 4379 2064 4437 Hanc
2088 4380 2271 4453 itaque
2303 4388 2453 4452 gesta
2498 4379 2841 4449 miraculum,
2890 4389 2948 4438 ut
2991 4381 3244 4440 introiret
3268 4385 3337 4442 de
3365 4388 3518 4444 testi-

1584 4520 2134 4582 ANNOTATIONES.

260 4667 329 4724 II.
356 4696 433 4713 --
468 4667 768 4724 Vestinum
798 4680 847 4725 et
883 4667 1185 4724 adlsidem.
1210 4666 1285 4723 Ita
1330 4681 1462 4725 mss.
1503 4664 1659 4722 Colb.
1692 4678 1799 4721 non
1825 4665 1880 4726 D
1906 4676 2064 4734 quam
2112 4662 2347 4734 subeant
2369 4676 2623 4734 examen,
2675 4661 2864 4715 antisso
2896 4660 3095 4734 ordine,
3125 4660 3376 4718 dicuntur
3401 4663 3501 4720 bo-

188 4750 378 4797 antem
421 4739 587 4798 Vesta
613 4750 661 4797 et
690 4738 868 4796 Isidis.

262 4811 466 4869 Penus.
502 4813 598 4870 Sic
624 4827 726 4867 ms.
759 4810 912 4869 Colb.
950 4809 1057 4865 Alii
1080 4824 1212 4867 vero
1238 4824 1390 4879 penes
1418 4806 1502 4865 vel
1529 4824 1637 4881 per.
1670 4807 1798 4881 Mal-

184 4883 367 4955 lentus
438 4884 671 4955 spectari
707 4898 809 4939 cett
880 4883 1159 4953 spectaturi
1202 4882 1431 4938 veritatis
1482 4880 1790 4955 exemplum.

183 4952 391 5011 Horum
420 4951 548 5012 loco
576 4956 855 5011 substituit
889 4951 1187 5023 corrector,
1211 4963 1421 5026 propter
1448 4953 1706 5009 veritatem
1728 4951 1797 5005 ad

183 5034 457 5082 templum.

463 5096 663 5177 Factus
675 5099 845 5167 itaque
871 5098 1116 5177 synodus.
1143 5095 1338 5153 Contra
1366 5096 1510 5154 hanc
1524 5095 1792 5177 synodum

188 5166 453 5241 obiectari
505 5172 665 5239 solet,
718 5166 1010 5241 quomodo,
1060 5177 1436 5238 persecutione
1486 5166 1786 5241 saevissima

187 5236 471 5311 ﬂagrante,
505 5236 995 5311 trecenti'episc0pi
1022 5236 1335 5311 congregari
1388 5239 1678 5309 potuerint,
1725 5252 1790 5293 ac

188 5311 461 5369 modicum
493 5314 771 5383 oppidum,
802 5314 856 5368 in
901 5327 1008 5382 quo
1051 5312 1169 5367 iieri
1215 5325 1319 5383 non
1366 5321 1596 5383 poterat,
1624 5318 1682 5365 ut
1713 5319 1789 5363 tot

189 5385 399 5439 externi
432 5382 702 5450 laterent,
729 5383 1074 5452 delegerint?
1111 5382 1293 5450 Quaeri
1336 5391 1390 5436 et
1415 5382 1544 5436 illud
1589 5390 1784 5450 potest,

229 5453 308 5527 uis
339 5464 421 5512 tot
465 5455 757 5527 episcopos
786 5455 1011 5522 vocarit,
1040 5455 1193 5527 cujus
1228 5453 1395 5527 jussu
1446 5452 1786 5527 Marcellinus

233 5523 517 5597 incessam'
546 5523 809 5582 adductus
856 5528 945 5589 sit,
981 5523 1118 5597 quis
1150 5523 1275 5597 huic
1317 5523 1781 5597 synodopt'tciue-

187 5592 257 5675 git
285 5596 309 5649 ἲ
337 5596 502 5675 Sane
532 5597 820 5667 episcopis,
849 5584 943 5668 qui
984 5584 1126 5653 a'nno
1172 5584 1279 5675 502
1316 5584 1503 5675 R'pmac
1524 5584 1593 5675 .i'n
1623 5608 1781 5675 causa

188 5660 503 5743 Symmachi
533 5660 685 5743 papae
720 5660 1134 5743 "convenerunt,
1188 5660 1425 5743 ignota'm
1468 5665 1631 5721 luisse
1676 5664 1782 5720 bu-

185 5735 422 5807 jtismodi
475 5735 745 5811 synodum
772 5781 785 5802 ,
834 5754 897 5804 ex
954 5739 1018 5801 iis
1062 5750 1181 5810 qua:
1214 5735 1324 5802 tum
1355 5736 1497 5793 dicta
1528 5745 1785 5808 gestaque

188 5819 332 5877 sunt,
366 5811 715 5870 manifestum
738 5820 841 5868 est.

259 5880 463 5937 Amisso
490 5878 693 5938 ortfme.
720 5881 857 5950 Quid
879 5889 957 5939 est
1003 5879 1147 5955 quod
1176 5878 1482 5954 presbyteri
1514 5878 1610 5947 illi,
1643 5878 1787 5950 prius

1905 4731 2038 4790 nore
2092 4733 2383 4789 destituti?
2436 4732 2718 4799 Quodnam
2765 4746 2953 4786 eorum
2997 4731 3243 4794 crimen,
3297 4743 3356 4790 ut
3403 4737 3505 4793 hac

1906 4818 2062 4876 poena
2121 4806 2424 4876 plectantur
2446 4806 2484 4876 γᾉ
2510 4803 2653 4876 Nihil
2709 4802 2859 4876 aliud
2914 4802 2992 4858 eis
3027 4804 3365 4876 ‘ohjectalttr,
3399 4809 3505 4863 nisi

1903 4872 2069 4955 quod,
2095 4872 2431 4955 MHPCCIIIDO_
2456 4874 2700 4955 dimisso,
2742 4888 2771 4928 a
2824 4872 2979 4929 thure
3008 4872 3503 4955 diis_’noﬂ'erendose

1904 4945 2290 5006 contiittterint.
2327 4945 2432 5003 Sed
2477 4945 2667 5018 horum
2697 4955 2973 5015 gestorum
3020 4946 3236 5014 artifex,
3269 4952 3358 5018 qui
3387 4952 3498 5006 cic-

1902 5021 2017 5077 rico
2055 5034 2200 5085 eum,
2229 5035 2260 5075 a
2307 5034 2413 5088 quo
2443 5016 2722 5072 ordinatus
2766 5027 2867 5080 cst,
2909 5031 3165 5074 accusare
3193 5016 3412 5077 minime
3440 5024 3499 5076 li-

1902 5107 2026 5149 cere
2052 5091 2239 5154 voluit,
2276 5101 2331 5144 ut
2375 5088 2429 5142 in
2460 5089 2580 5143 aliis
2610 5089 2743 5144 actis
2783 5103 2849 5144 ex
2878 5088 2993 5157 ejus
3019 5090 3232 5145 ofﬁcina
3274 5093 3495 5157 prolatis

1897 5164 2215 5233 videbimus,
2255 5161 2354 5215 hac
2402 5161 2537 5215 forte
2566 5175 2724 5233 poena
2773 5175 2868 5215 eos
2892 5161 3084 5233 dignos
3111 5164 3340 5224 censuit,
3369 5165 3493 5233 quia

1896 5232 2193 5293 Marcellini
2222 5235 2481 5289 creatoris
2528 5232 2612 5286 sui
2668 5232 2957 5287 accusandi
2988 5235 3328 5289 occasionem
3353 5232 3492 5304 pra:-

1895 5308 2143 5363 buerant.

1965 5373 2292 5432 lV.-—Libra
2320 5375 2553 5429 occidua.
2587 5373 2813 5428 Additur
2844 5373 2930 5429 hic
2955 5373 3171 5428 occidua
3196 5374 3262 5429 ad
3294 5373 3488 5431 discri-

1893 5463 2017 5504 men
2039 5446 2303 5502 orientalis
2325 5488 2337 5511 ,
2368 5460 2488 5515 qua:
2520 5445 2590 5500 74
2616 5443 2803 5500 solidis
2830 5445 3132 5515 constabat.
3163 5446 3237 5502 De
3258 5446 3391 5501 libra
3421 5449 3490 5502 72

1892 5520 2096 5576 solidos
2122 5514 2434 5572 continente
2466 5519 2524 5570 iit
2565 5517 2770 5572 mentio
2792 5515 2915 5569 cod.
2948 5514 3078 5585 Th.,
3113 5516 3153 5571 i.
3181 5533 3276 5585 xu,
3304 5519 3385 5571 tit.
3409 5534 3480 5584 Vl,

1887 5590 1999 5663 leg,
2020 5591 2106 5646 15.

1962 5655 2360 5733 Reparationem
2515 5658 2673 5715 dedit.
2724 5655 2848 5733 ilice
2877 5656 3290 5733 ita‘emeudare
3333 5657 3486 5733 nisus

1892 5742 1977 5791 est
2028 5724 2305 5788 corrector
2351 5746 2366 5783 :
2424 5728 2490 5783 In
2543 5727 2916 5799 reparationem
2957 5724 3482 5799 (forte__legeudum

1893 5806 2221 5876 reparatione
2261 5802 2470 5876 sublato
2496 5797 2575 5876 in)
2603 5795 2840 5876 resurgit
2895 5795 3271 5876 annuatdﬂac'
3289 5814 3484 5876 quoque

1895 5860 2091 5950 factum
2117 5885 2191 5932 est
2236 5874 2369 5940 novi,
2395 5881 2450 5925 ut
2498 5860 2729 5924 introiret
2759 5860 2895 5920 unus
2917 5866 2980 5918 de
3006 5860 3231 5935 tertioue,
3262 5860 3349 5939 qui
3370 5860 3485 5924 εξιηι
