3838 6278
341 287 410 365 is
1716 301 1806 360 ns
1843 301 2284 362 MARCELLINO
3583 305 3657 362 ιθ

341 419 525 478 monia
553 419 676 476 talis
721 418 882 476 unius
925 417 1128 486 uxoris,
1179 416 1322 474 ﬁlios
1349 416 1574 484 habens,
1605 418 1744 474 sicut
1769 427 1826 472 et
1855 419 1942 475 hic
1967 427 2022 487 Α
2045 429 2226 476 autem
2303 417 2555 474 Castinus
2577 459 2594 487 ,
2648 417 2832 476 Bonus
2854 459 2870 486 ,
2928 417 3212 486 Quiriacus
3244 461 3262 487 ,
3315 418 3656 492 Dominicus,

341 513 436 584 qui
467 511 631 569 liabet
658 526 882 568 uxorem
908 519 962 567 et
981 509 1146 576 filios,
1175 509 1679 580 adulteravitsuper
1699 525 1951 578 uxorem,

345 615 403 662 et
451 605 606 662 dedit
641 605 796 660 uxori
826 603 1134 673 repudium.
1165 602 1236 658 Et
1287 601 1608 657 introierunt
1637 600 1727 656 alii
1763 600 1953 658 decem

346 707 405 754 ct
430 697 522 753 alii
578 706 690 752 tres
720 695 968 752 dicentes
1001 713 1016 750 :
1051 713 1070 747 ε
1099 693 1212 750 Nos
1257 701 1312 749 te
1359 693 1595 748 vidimus
1650 695 1954 750 mittentem

349 788 852 847 et-thurificantem
901 787 1125 844 Herculi
1154 828 1170 854 ,
1201 785 1320 841 Jovi
1347 794 1404 842 et
1451 785 1728 842 Patusino.
1771 805 1790 838 ι
1820 785 1959 842 Dicit

351 890 536 937 autem
591 878 976 934 Marcellinus:
1011 895 1030 929 ι
1066 876 1185 944 Quo
1238 876 1370 932 die?
1417 896 1437 929 ι
1473 876 1767 947 ReSpondit
1819 893 1959 934 unus

351 989 565 1040 eorum,
599 981 657 1028 et
710 970 846 1026 dixit
877 985 891 1022 :
929 987 950 1022 ο
981 968 1100 1036 Quo
1143 969 1234 1026 die
1270 969 1519 1025 excidisti
1562 969 1806 1040 (exuisti)
1833 985 1960 1040 pur-

353 1085 566 1140 puram,
617 1075 674 1125 et
722 1065 944 1122 induisti
994 1078 1254 1131 coccum,
1307 1072 1364 1120 et
1407 1063 1675 1135 gaudebat
1723 1079 1884 1132 super
1907 1071 1961 1118 te

355 1163 746 1229 Diocletianus,
796 1169 865 1215 eo
891 1157 1037 1230 quod
1081 1159 1214 1214 satis
1265 1157 1428 1230 paulo
1459 1166 1584 1212 ante
1618 1157 1878 1228 negabas,
1907 1167 1963 1213 et

352 1269 484 1314 ante
522 1257 640 1327 ejus
666 1252 900 1310 tribunal
945 1251 1312 1308 thurilicabas.
1357 1271 1376 1303 s
1405 1250 1733 1306 Athanasius
1753 1251 1964 1320 episco—

350 1368 449 1424 pus
498 1351 678 1408 dixit:
717 1368 736 1401 s
787 1348 864 1404 Ita
896 1357 1025 1404 sunt
1054 1363 1175 1419 qua:
1221 1357 1488 1404 testantur
1538 1348 1670 1402 isti?
1704 1365 1722 1398 ι
1758 1347 1826 1402 Ει
1877 1362 1964 1403 re-

354 1442 578 1514 spondit
610 1442 808 1499 Petrus
859 1441 1152 1512 cpiscOpus
1177 1482 1192 1508 ,
1245 1450 1300 1496 et
1343 1439 1516 1495 dixit:
1557 1459 1576 1492 ‹
1613 1440 1860 1511 Loquere
1909 1448 1966 1495 et

356 1533 602 1606 pontifex
651 1532 714 1604 (f.
749 1540 802 1586 tu
831 1529 1116 1602 pontifex),
1147 1540 1202 1587 et
1236 1531 1418 1602 judica
1467 1546 1684 1586 causam
1729 1543 1894 1587 tuam.
1937 1551 1957 1583 ι

359 1629 429 1683 Et
471 1626 914 1696 subscripserunt
957 1623 1345 1695 quinquaginta
1384 1624 1622 1694 episcopi
1653 1624 1742 1694 qui
1772 1639 1964 1694 supra-

361 1719 498 1776 dicti
550 1727 677 1774 sunt
719 1717 773 1772 in
829 1715 1234 1787 quatuordecim
1267 1716 1449 1782 viros,
1495 1716 1587 1784 qui
1615 1730 1682 1771 ex
1731 1731 1841 1771 uno
1867 1731 1966 1772 ore

358 1813 718 1884 loquebantur
741 1811 810 1867 de
831 1809 938 1865 duo
953 1819 1007 1864 et
1033 1809 1392 1881 septuaginta,
1425 1816 1483 1864 et
1508 1808 1794 1864 ﬁrmabant
1819 1809 1968 1880 judi-

366 1907 531 1961 cium.

436 1997 496 2052 V.
533 1994 828 2068 Presbyteri
876 1995 1028 2050 Rom.
1071 1994 1454 2050 damnationem
1484 1992 1704 2050 Castorii
1732 2004 1777 2050 et
1798 1995 1970 2050 socio-

365 2109 481 2148 rum
520 2103 686 2146 ratam
734 2091 937 2146 habent.
974 2089 1269 2145 Marcellini
1319 2107 1529 2145 causam
1570 2089 1853 2146 discutiunt
1877 2090 1972 2145 alii

360 2185 736 2258 quinquaginta
761 2183 1008 2256 episcopi.
1039 2185 1164 2237 —"I.
1194 2183 1313 2240 Alia
1345 2193 1526 2238 autem
1570 2183 1658 2239 die
1705 2191 1972 2238 venerunt

369 2292 480 2336 tres
519 2289 575 2335 et
624 2277 813 2348 viginti
869 2276 1168 2349 presbyteri
1200 2275 1346 2332 urbis
1386 2276 1596 2343 Romae,
1621 2285 1678 2332 et
1706 2276 1969 2332 ineorum

358 2373 566 2444 judicio
595 2371 823 2437 Urbani,
845 2371 1078 2427 Castorii
1102 2380 1160 2427 et
1179 2370 1452 2426 Iuvenalis
1503 2372 1966 2444 presbyterorum,

373 2476 429 2524 et
449 2466 567 2524 Gaii
589 2474 644 2522 et
669 2463 968 2520 Innocentii
991 2463 1344 2520 diaconorum
1391 2463 1791 2519 damnationem
1837 2464 1972 2519 inte-

366 2582 518 2637 gram
565 2571 980 2637 perspexerunt,
1005 2561 1104 2632 ipsi
1137 2561 1206 2617 de
1252 2576 1352 2616 suo
1371 2561 1564 2617 ordine
1607 2560 1872 2632 justitiam
1903 2570 1974 2617 te-

367 2669 610 2715 nuerunt
651 2657 897 2712 dicentes
928 2670 944 2708 :
1003 2673 1022 2706 ι
1057 2653 1276 2711 Amisso
1302 2653 1496 2710 ordine
1542 2663 1741 2725 negent
1759 2669 1822 2710 se
1849 2669 1972 2710 esse

369 2752 677 2822 horumque
697 2749 830 2806 socii
854 2744 1136 2804 Ecclesiae.
1170 2767 1190 2800 ι

440 2842 496 2898 8.
549 2841 841 2897 Venientes
893 2849 1072 2896 autem
1127 2846 1252 2910 post
1298 2839 1596 2896 secundum
1649 2839 1792 2896 diem
1851 2849 1972 2910 post

371 2936 777 2992 damnationem
849 2933 1300 3004 presbyterorum
1336 2932 1587 2999 Urbani,
1641 2931 1872 2988 Castorii
1918 2942 1975 2988 et

365 3026 664 3092 Juvenalis,
688 3024 808 3082 Gaii
849 3034 904 3080 et
953 3022 1257 3078 Innocentii
1304 3022 1679 3090 diaconorum,
1703 3033 1973 3080 venerunt

369 3122 460 3176 alii
511 3117 901 3188 quinquaginta
935 3115 1197 3186 episcopi,
1225 3123 1282 3170 et
1307 3115 1631 3170 introierunt
1659 3116 1714 3170 in
1760 3125 1969 3188 crypta,

2056 516 2400 584 Alexander,
2456 515 2764 572 Venerosus
2795 557 2811 584 ,
2862 516 3056 582 Felix,
3106 517 3365 584 Joannes,
3412 517 3659 590 Crispus,

2058 609 2369 678 Deusdedit,
2401 609 2750 677 Honestatus,
2779 609 3133 680 Maiorianus,
3178 609 3323 676 Vita,
3366 610 3665 683 Carpuria-

2057 718 2181 770 nus,
2215 703 2560 770 Anastasius,
2591 703 2806 771 Petrus,
2840 703 3179 773 Crescentio,
3213 705 3532 774 Domninus,
3560 706 3668 764 Ur-

2059 813 2173 864 sus,
2205 796 2436 868 Agatho,
2486 797 2836 865 lIonestatus,
2879 799 3111 864 Marcus,
3160 799 3434 867 Urbanus,
3468 800 3669 857 Valen-

2060 890 2227 956 tinus,
2259 890 2586 956 Sallustius,
2638 889 2904 947 Crescens
2929 933 2946 957 ,
3001 892 3297 957 Firminus,
3354 892 3664 964 Spectator,

2062 982 2431 1052 Sebastianus,
2483 984 2680 1052 Ultius,
2730 985 3056 1053 Beneuatus,
3101 986 3388 1054 Tristator,
3442 987 3667 1058 Servus,

2060 1073 2289 1144 Marcus,
2338 1077 2642 1143 Montanus,
2695 1079 2962 1144 Asterius,
3012 1079 3325 1146 Anthimus,
3357 1081 3669 1138 Placentia-

2063 1183 2186 1236 nus,
2214 1169 2557 1237 Ambrosius,
2582 1171 2864 1240 Quirillus,
2917 1171 3186 1243 Andreas,
3217 1173 3520 1246 Philippus,
3549 1175 3668 1232 Ma-

2061 1276 2218 1330 gnus,
2249 1261 2700 1333 Exsuperantius,
2747 1265 3038 1333 Adrianus,
3093 1266 3310 1337 Petrus,
3340 1269 3671 1342 Gorgonius,

2063 1354 2330 1426 Simplex,
2365 1355 2552 1414 Victor
2583 1402 2600 1426 ,
2651 1358 2989 1417 Venerosus.
3040 1361 3344 1420 Introibant
3384 1375 3567 1422 autem
3613 1365 3674 1425 in

2067 1459 2277 1520 crypta.

2135 1542 2223 1598 VI.
2257 1542 2368 1598 Suo
2399 1561 2511 1600 eum
2548 1547 2744 1617 iudicio
2795 1549 3095 1620 permittunt
3123 1593 3139 1620 ,
3170 1561 3222 1608 et
3261 1553 3484 1626 quinque
3519 1556 3677 1612 cleri-

2063 1650 2239 1689 corum
2267 1635 2653 1694 damnationem
2681 1641 2994 1711 approbant.
3023 1673 3096 1686 —-
3122 1642 3178 1699 9.
3206 1644 3506 1718 Respondit
3529 1650 3680 1704 Ana-

2065 1727 2262 1782 stasius
2287 1737 2342 1783 et
2364 1729 2653 1786 Authimus
2669 1731 2932 1803 episcopi,
2961 1743 3016 1790 et
3043 1734 3299 1790 dixerunt
3331 1755 3346 1790 :
3377 1755 3396 1788 s
3431 1737 3548 1794 Tuo
3577 1755 3679 1798 ore

1997 1817 2046 1877 B
2069 1817 2250 1889 judica
2297 1836 2550 1891 causam,
2585 1839 2692 1880 non
2725 1835 2914 1882 nostro
2958 1829 3204 1898 judicio;
3235 1831 3385 1888 solve
3408 1834 3682 1892 conditio-

2072 1929 2218 1969 nem.
2253 1934 2272 1968 ι
2320 1914 2680 1987 Respondens
2747 1929 2928 1976 autem
2989 1921 3344 1981 Sebastianus
3393 1927 3683 1999 episcopus

2071 2005 2204 2062 dixit
2240 2025 2252 2060 :
2283 2026 2302 2059 ι
2331 2007 2454 2064 Noli
2501 2009 2556 2064 in
2606 2020 2792 2068 nostro
2830 2013 3060 2083 judicio,
3089 2017 3185 2073 sed
3223 2019 3420 2092 collige
3471 2023 3525 2077 in
3556 2023 3685 2080 sinu

2074 2108 2164 2155 tuo
2191 2115 2408 2157 causam
2441 2109 2612 2168 tuam,
2643 2111 2701 2160 et
2754 2105 3006 2164 introduc
3057 2116 3246 2177 testes,
3281 2119 3341 2165 ut
3390 2112 3686 2172 testificen-

2073 2200 2162 2247 tur
2191 2193 2472 2251 veritatem
2507 2199 2800 2267 :quoniam
2845 2214 2914 2256 ex
2967 2209 3018 2257 te
3060 2201 3469 2274 justifieaberis,
3513 2215 3568 2262 et
3611 2223 3687 2267 ex

2073 2298 2168 2339 ore
2198 2293 2289 2339 tuo
2313 2285 2766 2346 condemnaberis
2801 2307 2816 2358 ;
2864 2293 3118 2362 quoniam
3146 2305 3296 2352 recte
3323 2298 3686 2368 anticipantes

2073 2381 2246 2436 nostri
2275 2389 2331 2438 et
2350 2384 2660 2456 coepiscopi
2686 2385 3102 2458 damnaverunt,
3127 2391 3342 2448 sicutet
3361 2402 3548 2450 nostro
3577 2409 3682 2452 ore

2074 2475 2306 2544 petimus
2352 2492 2460 2532 uno
2507 2482 2748 2536 consorti
2809 2481 3014 2553 judicio
3063 2485 3333 2556 damnari,
3377 2487 3682 2559 Urbanum,

2071 2565 2375 2624 Castorium
2405 2579 2458 2626 et
2497 2570 2811 2630 Iuvenalem
2847 2576 3218 2648 presbyteros,
3273 2579 3472 2636 Gaium
3507 2590 3565 2637 et
3592 2581 3685 2638 lu-

2073 2659 2382 2716 nocentium
2429 2661 2688 2719 diaconos
2739 2667 2914 2737 :quia
2968 2667 3089 2725 heri
3143 2685 3210 2726 ex
3259 2671 3518 2742 spelunca
3565 2671 3686 2730 fre-

2073 2761 2272 2820 gerunt
2326 2751 2671 2829 (fugerunt),
2724 2767 2780 2814 et
2833 2760 3158 2830 tepefactum
3229 2763 3286 2818 hi
3331 2764 3688 2836 dimiserunt,

2071 2841 2274 2898 amisso
2329 2845 2564 2916 ordine,
2617 2849 2824 2907 intrent
2873 2868 3102 2912 examen
3135 2871 3150 2910 :
3180 2857 3435 2926 quoniam
3487 2875 3690 2918 omnes

2075 2937 2290 3008 tegulas,
2319 2937 2452 2996 dicit
2498 2941 2694 3000 Petrus
2748 2947 3059 3020 episcopus,
3105 2950 3233 3006 dum
3286 2952 3435 3009 tulta:
3464 2952 3691 3012 fuerunt

2073 3029 2142 3086 de
2189 3030 2447 3102 fornace,
2489 3037 2604 3105 jam
2652 3048 2824 3096 coctae
2867 3041 3066 3099 iterum
3110 3056 3419 3117 coquuntur
3459 3049 3599 3118 sole,
3627 3058 3690 3107 et

2072 3121 2269 3193 plurim
2289 3125 2344 3180 in
2372 3127 2565 3185 eodem
2589 3131 2907 3201 probantur,
2941 3143 2999 3189 ut
3023 3135 3130 3191 sint
3156 3152 3323 3208 super
3345 3141 3686 3200 habitaculis

369 3219 428 3267 ut
452 3211 611 3266 tertia
665 3223 793 3280 pars
823 3206 1015 3280 synodi
1049 3207 1436 3277 compleretur.
1487 3207 1556 3263 Et
1583 3208 1710 3264 dum
1740 3209 1970 3281 ingressi
1997 3224 2042 3288 α
2074 3217 2378 3276 hominum.

370 3305 600 3360 fuissent
627 3303 682 3357 in
707 3311 894 3372 crypta
915 3309 1141 3372 propter
1167 3309 1542 3372 tempestatem
1587 3305 1863 3374 temporis,
1885 3306 1971 3361 in-

372 3397 556 3452 troivit
583 3406 639 3452 et
662 3394 1004 3450 Marcellinus
1025 3392 1176 3449 urbis
1197 3393 1501 3464 episcopus,
1516 3409 1638 3451 cum
1663 3396 1841 3454 adhuc
1868 3398 1970 3454 ita-

373 3506 478 3562 que
504 3503 705 3544 nomen
755 3495 948 3544 tenens
971 3485 1335 3557 episcopatus,
1365 3487 1596 3543 nondum
1627 3491 1771 3547 enim
1798 3491 1975 3549 fuerat

373 3583 686 3647 damnatus,
715 3580 820 3636 nisi
850 3594 1113 3636 numerus
1162 3579 1458 3634 secundum
1490 3581 1734 3644 ordinem
1781 3587 1973 3657 synodi

373 3676 530 3732 libra:
557 3673 728 3746 (ϐοῶ.
759 3689 854 3728 ms.
890 3669 1051 3744 libra)
1078 3669 1336 3742 probaret
1358 3673 1682 3745 exemplum.
1732 3676 1977 3736 Introivit

2151 3313 2261 3368 VII.
2337 3315 2701 3374 Marcellinum
2778 3321 3102 3392 thuriﬁcasse
3168 3327 3432 3398 probatur.
3485 3330 3688 3404 Super-

2077 3406 2394 3463 inducuntur
2443 3421 2666 3482 quatuor
2711 3423 2759 3468 et
2797 3415 3141 3490 quadraginta
3180 3422 3298 3475 novi
3341 3419 3534 3478 Testes.
3561 3423 3693 3496 Ipse

2078 3517 2134 3556 se
2183 3502 2394 3558 damnat
2445 3505 2805 3564 Marcellinus.
2854 3541 2927 3552 —
2962 3512 3050 3570 10.
3083 3513 3230 3571 Mora
3255 3526 3438 3573 autem
3464 3533 3574 3574 non
3603 3518 3692 3575 fas

2081 3593 2262 3650 ciente
2311 3595 2375 3667 (f.
2424 3599 2728 3672 patiente),
2757 3611 2816 3658 ut
2843 3603 2898 3660 in
2928 3603 3332 3664 damnationem
3372 3624 3562 3666 eorum
3603 3612 3692 3668 in-

2082 3688 2441 3772 terdicturum
2471 3693 2879 3756 subscriberent
2905 3700 2963 3756 hi
2988 3702 3382 3775 quinquaginta
3407 3705 3649 3778 episcOpi
3668 3746 3688 3778 ,

1760 3816 2310 3886 ANNOTATIONES.

298 3930 308 3940 ξ
377 3965 424 4010 et
447 3968 660 4010 uxorem
682 3949 887 4025 haberet
917 3955 965 4025 et
996 3947 1131 4025 ﬁlios
1157 3963 1220 4002 ex
1244 3947 1652 4025 e_a,__ipse__tamen
1677 3950 1764 4025 illi
1792 3964 1978 4025 spreta:

379 4025 667 4080 adulteram
717 4018 1073 4090 superinduxit
1097 4060 1114 4086 ,
1144 4028 1214 4090 iet
1243 4019 1404 4090 dedit.
1452 4018 1766 4090 Hujusmodi
1798 4018 1978 4084 lectio-

382 4113 506 4151 nem
543 4112 568 4147 n
597 4089 840 4168 veterum
869 4089 1121 4168 ςοάἱεειῐῃ
1143 4089 1322 4144 littera
1345 4089 1819 4168 sicabhorrentem
1851 4102 1974 4168 quis

381 4164 659 4236 accipiat?
692 4161 816 4234 quis
869 4160 1050 4218 ferat?
1078 4159 1262 4231 Neque
1291 4177 1321 4236 a
1354 4163 1529 4236 littera
1569 4163 1768 4233 solum,
1798 4159 1890 4224 sed
1922 4179 1976 4228 et

382 4239 452 4293 ab
478 4231 726 4291 auctoris
761 4243 942 4288 mente
967 4231 1319 4304 earngprocul
1348 4233 1540 4288 abesse
1569 4251 1736 4304 pr0pe
1754 4231 1977 4297 indubi-

382 4319 552 4364 tatum
573 4316 674 4362 est.
704 4305 836 4384 Non
849 4305 994 4360 enim
1025 4305 1071 4358 is
1095 4301 1196 4357 fuit
1227 4305 1416 4384 borum
1445 4301 1718 4384 gestorum
1751 4311 1968 4384 artifex,

385 4381 476 4451 qui
531 4380 582 4433 in
611 4375 929 4452 gravissima
975 4389 1158 4438 causa,
1189 4373 1434 4452 adquam
1456 4373 1600 4431 duos
1634 4389 1706 4452 get
1753 4373 1974 4452 septual

387 4444 532 4522 ginta
583 4444 748 4523 testes
777 4444 1222 4523 desideret,_eum
1266 4445 1494 4513 primum
1524 4449 1790 4516 proferret
1818 4444 1978 4523 quem
2005 4454 2062 4514 D

385 4515 510 4579 cum
533 4518 740 4581 surculi,
767 4527 876 4570 tum
893 4515 1340 4587 Ecclesia:,leges
1369 4531 1398 4570 a
1423 4515 1730 4574 testimonio
1757 4515 1984 4583 dicendo

387 4602 593 4648 arcent.
641 4589 902 4651 Anianus,
927 4587 1152 4668 codicis
1180 4586 1384 4668 Tlteod.
1411 4588 1784 4668 iuterpres,_in
1813 4596 1982 4668 legem

391 4664 484 4726 1'2,
517 4664 599 4716 tit.
628 4677 668 4726 ι,
697 4661 734 4713 I.
769 4675 850 4726 ιχ,
875 4657 1076 4712 edicit:
1105 4655 1408 4714 Periculosa
1431 4671 1525 4722 est.
1553 4655 1600 4716 et
1647 4655 1851 4720 admitti
1863 4655 1984 4725 Vnon

391 4735 534 4790 debet
586 4733 660 4804 rei
694 4731 954 4804 adversus
1001 4745 1362 4804 quemcumque
1405 4735 1702 4804 professio;
1749 4747 1804 4790 et
1831 4740 1880 4793 in
1909 4741 1986 4795 le-

391 4822 513 4877 gem
540 4803 607 4860 i9
634 4819 654 4878 _:
679 4800 714 4854 J
721 4816 812 4878 ure
839 4810 883 4854 et
919 4799 1114 4872 legibus
1160 4799 1604 4878 cons’titutum'est
1633 4846 1650 4871 ,
1682 4799 1744 4860 ut
1773 4820 1984 4878 spontav

390 4873 488 4932 nea
524 4873 836 4946 professione
872 4887 990 4946 reus
1033 4888 1176 4946 reum
1225 4890 1324 4946 non
1373 4875 1566 4944 faciat,
1615 4892 1777 4946 neque
1801 4873 1897 4934 "illi
1923 4884 1988 4937 de

393 4943 554 5003 altera
583 4943 839 5017 credatur,
867 4943 954 5012 qui
1003 4959 1059 5017 se
1095 4943 1425 5017 criminosum
1467 4961 1575 4999 esse
1599 4943 1860 5017 confessus
1887 4964 1981 5008 est.

394 5017 661 5073 Prtrdicat
701 5024 756 5070 et
794 5014 1125 5089 Augustinus
1171 5017 1237 5089 in
1269 5016 1404 5089 psal.
1433 5031 1616 5089 xxxw,
1655 5014 1810 5074 conc.
1837 5039 1896 5089 it,
1927 5041 1982 5080 η.

393 5089 502 5144 32;
535 5087 671 5158 Reus
712 5100 852 5158 (eum
889 5085 1164 5158 nonfacit.
1212 5085 1453 5158 Africani
1499 5102 1712 5158 quoque
1747 5085 1986 5152 canones

391 5159 527 5216 Cod.
553 5157 686 5213 eccl.
717 5155 858 5222 Afr.,
887 5171 935 5210 c.
965 5156 1088 5224 129,
1111 5157 1427 5228 pra'cipiunt
1459 5174 1471 5208 :
1503 5155 1587 5210 Ad
1614 5155 1987 5222 accusationem

390 5248 495 5286 non
533 5228 1070 5300 admittantur‘omnes
1089 5228 1308 5300 quosad
1335 5229 1625 5282 accusanda
1657 5231 1858 5300 publica
1880 5241 1986 5292 ετξ-

392 5304 534 5356 mina
584 5301 718 5372 leges
767 5297 986 5372 publica:
1015 5315 1115 5372 non
1159 5297 1483 5372 admittunt;
1529 5308 1592 5372 et
1626 5297 1744 5372 cap.
1779 5307 1832 5368 8,
1858 5322 1987 5364 san-

392 5319 534 5356 mmo
584 5317 631 5356 te
665 5317 718 5354 es
767 5317 986 5370 puoucae
1015 5317 1115 5352 non
1159 5317 1483 5362 aanuuum;
1529 5317 1594 5378 et.
1626 5317 1744 5372 cap.
1779 5317 1832 5368 δ,
1858 5322 1987 5364 san-

391 5377 541 5428 ciunt
566 5391 578 5424 :
615 5317 682 5426 ῧι
701 5372 746 5424 is
759 5371 846 5436 qui
873 5369 1132 5440 aliquibus
1159 5367 1430 5454 sceleribus
1456 5369 1678 5454 irretitus
1695 5385 1787 5442 est,
1821 5394 1988 5454 vocem

391 5445 635 5498 adversus
659 5443 902 5517 majorem
930 5437 1172 5517 nomnen
1189 5437 1370 5517 habent
1394 5443 1704 5509 accusandi;
1733 5437 1787 5501 et
1810 5465 1858 5504 c.
1895 5451 1984 5517 19,

389 5515 577 5569 volunt
609 5531 624 5570 :
661 5509 815 5590 Ut’si
863 5511 1019 5590 fuerit
1063 5509 1385 5590 accusatoris
1431 5526 1648 5590 persona
1689 5509 1985 5590 culpabilis,

391 5586 462 5640 ad
482 5584 807 5660 urguendum
820 5577 919 5634 non
932 5581 1256 5660 admittatur.
1281 5577 1360 5660 Ne
1374 5577 1494 5648 quis
1515 5593 1690 5660 tamen
1713 5577 1856 5646 dicat
1871 5577 1988 5652 lucc

393 5657 462 5712 de
489 5650 915 5732 accusatoribus,
943 5665 1072 5732 non.
1103 5651 1172 5706 de
1205 5650 1429 5732 testibus
1469 5659 1746 5732 constitui,
1780 5650 1988 5722 mento;

393 5721 1164 5804 raudum_est-quodejusdem
1194 5720 1394 5804 codicis
1421 5725 1598 5794 capite
1621 5720 1758 5804 151⁷,
1797 5720 1989 5794 ἀθεεὶ-

397 5798 579 5855 uitur:
614 5793 786 5852 Testes
827 5799 996 5847 autem
1017 5795 1088 5848 ad
1129 5793 1469 5848 testimonium
1492 5793 1599 5854 non
1623 5793 1985 5878 admittendos,

2079 3963 2168 4032 qui
2217 3981 2324 4054 προ·
2337 3969 2407 4022 ad
2459 3973 2836 4054 accusationem
2886 3977 3088 4054 admitti
3141 3986 3388 4054 pracepti
3411 3994 3552 4042 sunt.
3577 3987 3692 4047 Nos

2082 4049 2212 4118 vero
2259 4038 2326 4093 ad
2369 4045 2892 4118 commendationem
2922 4052 3103 4118 potius
3141 4038 3688 4116 'testitnoniiﬂd—iet-um

2083 4114 2528 4188 p.utamu_s_,__quod
2559 4117 2768 4188 primus
2796 4117 2889 4174 ille
2921 4114 3074 4177 testis
3090 4133 3144 4178 et
3173 4129 3330 4183 unius
3358 4114 3693 4188 umrisifue;

2083 4178 2172 4244 rit,
2204 4191 2276 4258 et_
2307 4178 2450 4238 filios
2496 4178 2781 4258 habuerit:
2817 4191 3052 4248 maxime
3089 4209 3212 4250 cum
3245 4178 3326 4252 ab
3363 4178 3696 4258 Euenit}-

2083 4261 2232 4334 (itare
2262 4253 2317 4307 in
2345 4257 2642 4334 constituto
2667 4257 2936 4334 silvestri,
2968 4279 3022 4317 n.
3082 4265 3138 4334 6,
3189 4253 3426 4325 audituri
3450 4253 3689 4332 simus:

2083 4319 2208 4416 {Van
2250 4325 2671 4409 condemnabitur
2717 4319 3690 4416 subdiaconus,

2085 4393 2264 4460 lector,
2289 4396 2390 4476 nisi
2417 4397 2686 4476 in_septe_m
2716 4405 3018 4476 testimonia
3049 4393 3184 4476 filios
3209 4393 3264 4464 εἷ
3283 4393 3694 4472 uibr‘éi'iéiéil

2087 4473 2198 4558 tes,
2255 4475 2304 4518 et
2347 4468 2559 4558 omnino
2591 4468 2884 4558 lCltristum'
2903 4468 3259 4558 praedicantes.
3278 4553 3290 4558 Δ
3314 4468 3484 4556 Igitur
3511 4468 3696 4558 priora

2090 4543 2270 4614 textus
2297 4541 2464 4614 nostri
2493 4541 2950 4614 vei-bairesarcire
2981 4554 3183 4608 rectius
3226 4553 3292 4608 ad
3324 4541 3560 4612 mentem
3580 4541 3700 4614 fati:

2089 4608 2258 4688 ctoris
2283 4607 2364 4690 sic
2394 4609 2622 4698 liceret:
2652 4613 2779 4698 ῌωε
2799 4618 2972 4698 itaque
2997 4607 3559 4698 gestamiraculoiseu
3582 4607 3696 4688 rio—rt

2088 4677 2612 4768 sinentiraculo),.nt
2656 4677 3023 4768 introiret'Adeu
3048 4677 3347 4752 testimoniis
3376 4677 3493 4768 (seu
3524 4701 3588 4754 de
3617 4710 3699 4756 te-

2088 4747 2294 4844 3‘91“).
2306 4753 2442 4844 ltili
2453 4747 2606 4844 titius
2626 4759 2823 4843 απονέεν
2854 4747 3701 4844 εάθρίιιιεξ.ερῐιέἷαξὸὶῖηἷῖιὶιῖ-

2089 4817 2222 4904 dore
2252 4817 2638 4904 afficiendum,
2679 4833 2770 4900 qui
2802 4817 2863 4889 se
2891 4817 3122 4904 spiritali
3149 4817 3419 4896 adulterio

2087 4891 2301 4948 culasse
2327 4893 2541 4954 dicitur.

2164 4983 2384 5068 Herculi
2403 4997 2498 5068 etc.
2532 4990 2666 5048 Cum
2690 4997 3100 5068 superioribus,
3138 5001 3228 5059 ubi
3261 5003 3608 5064 Marcellinus
3633 5009 3696 5068 in

2091 5053 2268 5152 Vestae
2289 5069 2344 5152 Et
2369 5060 2524 5146 Isidis
2543 5053 3073 5152 templum‘inductusT
3084 5053 3698 5152 pii:

2089 5142 2257 5196 guare
2287 5127 2550 5216 Baronius
2576 5127 2860 5216 observat;
2891 5157 3012 5196 cum
3045 5127 3698 5216 in.templisvdeorumriis

2090 5207 2320 5284 tantum“
2343 5201 2467 5284 diis,
2527 5206 2722 5284 quibus
2756 5201 2963 5284 dicata
2991 5225 3196 5284 essent,
3237 5201 3698 5282 sacrificare-mo;

2090 5270 2918 5358 essetuottucirc'a'Marcellinus
2951 5283 3073 5358 Isidi
3104 5297 3158 5342 et
3183 5270 3544 5358 vest'aéIiion'

2090 5341 2220 5404 culi,
2251 5341 2371 5399 10νί
2412 5355 2467 5402 et
2503 5347 2762 5406 Patusino
2793 5367 3006 5410 sacrum
3038 5341 3526 5422 fecissre‘di'centltis

2163 5433 2328 5516 Vl.—_-
2347 5436 2547 5516 Tuttw._
2566 5440 2902 5516 Emendator
2919 5449 3194 5508 substituit
3217 5454 3386 5509 cultis.
3434 5455 3702 5516 Retinen-

2091 5505 2218 5560 dum
2233 5508 2420 5591 tultwa
2443 5512 2774 5600 verbetollo,
2807 5505 3696 5600 tulintultum

2091 5579 2359 5669 sequioris
2385 5579 2808 5669 mviscriptqres
2848 5579 3076 5661 hujusce
3101 5609 3229 5649 usus
3252 5579 3698 5669 exsinue'ééﬁ

2093 5663 2268 5733 neque
2297 5651 2474 5733 placet
2499 5651 2640 5723 quod
2672 5657 2812 5714 idem
2842 5651 3118 5718 corrector
3146 5665 3307 5733 paqu
3343 5651 3700 5729 anile-“maluit

2090 5721 2414 5817 swpefatum,
2441 5721 2562 5781 loco
2588 5734 2918 5817 tepefactum,
2948 5749 3075 5816 cum
3097 5721 3202 5792 hoc
3222 5721 3691 5817 verbum-tegulis,

2091 5806 2213 5862 quae
2241 5793 2436 5851 iterum
2462 5793 2787 5876 coquuntur,
2821 5793 2994 5878 magis
3019 5793 3302 5882 congruat.
