3838 6278
203 395 272 455 l7
1305 407 1553 466 SYNODI
1593 405 2044 470 SINUESSANIE
2083 413 2336 478 GESTA.
3440 437 3509 494 18

201 519 512 615 ut._amisso
539 518 750 586 ordine.
784 521 1074 580 introirent
1113 525 1174 590 in
1218 528 1522 600 synodum,
1554 544 1685 587 ecce
1722 528 1806 586 in-
1831 536 1965 596 Aet
2007 556 2072 596 ex
2115 539 2360 595 manibus
2389 539 2523 604 tuis,
2553 539 2834 598 involvere
2873 543 2927 598 in
2957 554 3182 615 peccato
3209 555 3333 615 tuo,
3369 551 3513 606 Mar-

202 612 468 669 troierunt
511 619 565 667 et
607 616 1014 684 quatuordecim
1060 627 1260 690 testes,
1309 623 1400 692 qui
1441 623 1692 679 dicebant
1744 639 1804 681 se

201 703 573 760 Marcellinum
625 705 826 763 vidisse
877 709 1296 768 thurificantem.
1329 714 1626 785 Respondit
1665 731 1805 770 unus

203 801 487 872 episcopus
515 802 735 857 nomine
765 803 1053 861 Sallustius
1084 825 1097 860 :
1138 827 1156 859 ι
1195 809 1365 866 Dicite
1394 826 1576 866 coram
1609 811 1806 868 verita-

201 903 328 950 tem.
366 912 386 946 ›
421 893 727 966 Respondit
770 897 996 966 Petrus,
1043 909 1100 955 et
1141 900 1273 957 dixit
1320 903 1386 958 ad
1433 903 1805 960 Marcellinum

199 986 512 1058 episcopum
545 1005 559 1044 :
599 1006 620 1041 ‹
649 987 768 1044 Jam
797 991 953 1056 audi,
979 992 1220 1062 pontifex
1240 1037 1256 1060 ,
1279 1003 1335 1051 et
1379 995 1556 1066 iudica
1587 1011 1804 1052 causam

199 1088 344 1134 tuam
375 1096 391 1134 :
419 1080 675 1150 quoniam
703 1097 772 1137 ex
801 1097 894 1138 ore
924 1092 1018 1139 tuo
1053 1085 1468 1156 justiﬁcaberis,
1501 1099 1555 1143 et
1600 1105 1670 1144 ex
1712 1104 1808 1144 ore

200 1179 294 1228 tuo
339 1173 836 1231 condemnaberis:
868 1177 1122 1246 quoniam
1169 1179 1348 1234 omnia
1395 1180 1636 1235 membra
1677 1195 1808 1236 sana

201 1283 324 1326 esse
372 1285 478 1324 non
531 1279 787 1340 possunt,
827 1272 875 1326 si
919 1283 1083 1344 caput
1123 1277 1411 1330 mmstavit.
1455 1298 1472 1330 ι
1511 1278 1812 1348 Respondit

201 1361 564 1430 Marcellinus,
593 1373 648 1419 et
677 1365 812 1420 dixit
843 1381 979 1422 voce
1004 1369 1151 1424 clara
1183 1387 1197 1424 :
1235 1389 1253 1423 α
1291 1370 1412 1426 Non
1455 1372 1560 1428 diis
1595 1373 1806 1428 sacrifi-

205 1457 344 1523 cavi,
375 1457 470 1512 sed
502 1465 708 1512 tantum
738 1473 903 1530 grana
930 1461 1125 1517 levatis
1162 1464 1412 1520 manibus
1449 1482 1623 1537 pruna
1662 1482 1811 1522 com-

207 1551 378 1607 bussi.
416 1569 435 1604 ι
467 1550 815 1608 Levaverunt
843 1568 904 1608 se
925 1569 1118 1611 omnes
1144 1557 1526 1630 quinquaginta
1554 1561 1812 1631 praesules

207 1645 489 1715 episcopi,
551 1644 794 1701 dicentes
847 1647 915 1702 ad
981 1650 1387 1720 quatuordecim
1461 1653 1812 1710 testimonia:

219 1755 240 1790 ι
269 1735 406 1806 Quid
431 1735 638 1792 vidistis
669 1737 810 1794 hunc
837 1737 1160 1796 facientem?
1183 1741 1328 1813 quod
1357 1759 1426 1799 ex
1454 1758 1552 1800 ore
1599 1759 1699 1800 suo
1735 1753 1818 1800 te.

214 1836 388 1885 statur
426 1829 580 1898 quasi
623 1844 729 1883 uno
770 1844 867 1884 ore
910 1830 1176 1888 dicentes.
1210 1853 1230 1886 ›
1278 1833 1349 1889 Ει
1382 1835 1820 1908 subscripserunt

213 1936 404 1978 omnes
445 1921 832 1993 quinquaginta
873 1923 927 1978 in
959 1925 1197 1996 quinque
1227 1927 1532 1983 testimonia
1560 1937 1814 1998 quatuor-
1854 1932 1902 1992 B

211 2015 388 2074 decim
415 2015 655 2071 virorum
689 2031 706 2070 :
735 2014 808 2069 ita
839 2025 898 2070 ut
925 2025 1050 2071 octo
1095 2027 1148 2072 et
1195 2017 1380 2088 viginti
1418 2019 1820 2090 complerentur

211 2125 336 2166 cum
370 2105 698 2178 anticipatis.
735 2106 886 2164 Unus
927 2116 1106 2164 autem
1149 2107 1219 2164 de
1259 2109 1563 2182 episcopis,
1597 2113 1820 2168 nomine

211 2201 490 2272 Quirinus,
519 2199 695 2256 dixit:
732 2219 751 2252 ι
787 2199 1031 2256 lnfudisti
1057 2215 1154 2256 cor
1183 2211 1354 2268 tuum,
1383 2203 1645 2272 pontifex,
1669 2205 1819 2259 mali-

213 2297 313 2365 tia,
341 2293 484 2366 quod
511 2293 701 2349 decem
731 2302 788 2348 et
811 2301 937 2349 octo
966 2295 1124 2349 annis
1159 2293 1238 2350 sic
1271 2308 1494 2350 caveras
1541 2295 1819 2364 castitate;

212 2389 416 2464 praesul
461 2387 759 2444 vulnerasti
805 2387 1057 2442 universa
1097 2389 1337 2444 membra
1380 2398 1506 2446 tua:
1537 2401 1822 2462 propterea

214 2498 324 2556 ego
347 2499 455 2538 non
481 2483 733 2540 recedam
763 2481 832 2538 de
853 2481 1001 2536 omni
1019 2479 1242 2538 introitu
1263 2483 1456 2556 synodi
1484 2502 1497 2538 :
1515 2499 1676 2540 omne
1695 2499 1824 2556 pur-

215 2593 448 2652 pureum
477 2592 573 2634 cor
599 2587 771 2633 tuum.
809 2595 830 2630 ι

293 2674 385 2728 il.
405 2672 525 2728 Alia
554 2682 736 2728 autem
761 2669 852 2727 die
875 2669 1274 2726 constituerunt
1297 2669 1352 2725 hi
1371 2672 1589 2727 ducenti
1614 2671 1826 2744 episco-

215 2767 296 2840 pi,
329 2775 392 2822 ut
418 2765 572 2836 quasi
600 2771 656 2820 et
682 2765 784 2835 ipsi
827 2764 1114 2820 introirent
1155 2765 1518 2836 quinquageni
1561 2767 1613 2820 in
1665 2779 1828 2838 syno-

217 2859 374 2918 dum.
405 2856 474 2913 Et
494 2857 632 2914 facta
652 2857 1014 2914 collocutione
1041 2858 1094 2912 in
1121 2873 1229 2912 uno
1255 2872 1377 2912 cum
1409 2857 1508 2911 hos
1535 2857 1832 2928 anticipan-

217 2961 307 3008 tes
336 2959 556 3007 centum
583 2949 838 3006 sederunt
867 2949 919 3004 in
950 2948 1140 3005 eadem
1171 2948 1390 3004 civitate
1411 2963 1600 3005 omnes
1629 2964 1694 3004 ex
1721 2964 1832 3005 uno

221 3059 460 3102 examen
485 3041 736 3110 trecenti,
759 3050 814 3097 et
831 3041 1195 3112 alligaverunt
1211 3051 1267 3096 et
1289 3039 1681 3098 damnaverunt
1709 3041 1830 3112 hos,

223 3136 550 3203 Urbanum,
599 3134 902 3192 Castorium
962 3143 1019 3191 et
1081 3133 1396 3190 Juvenalem
1446 3133 1828 3206 presbyteros,

220 3231 422 3290 Gaium
478 3241 532 3288 et
585 3232 956 3289 Innocentium
984 3232 1266 3289 diaconos.
1321 3231 1622 3304 Respondit
1661 3214 1832 3289 Seba-

218 3327 440 3385 stianus
459 3327 748 3397 episcopus
792 3343 806 3382 :

217 3431 413 3478 nostro
469 3420 858 3493 chirographo,
922 3429 1108 3478 nostro
1158 3421 1398 3493 eloquio,
1463 3430 1654 3476 nostro
1680 3419 1832 3475 auxi-

219 3515 320 3581 lio,
353 3523 547 3570 nostra
575 3514 880 3570 constantia
929 3523 985 3570 et
1026 3515 1255 3570 veritate
1307 3515 1414 3569 fixa
1462 3523 1519 3570 et
1571 3515 1832 3585 praeclara

216 3606 584 3678 dispositione
611 3607 903 3663 auditiunis
919 3607 1238 3663 exhibemus
1262 3608 1528 3678 legumen.
1551 3607 1666 3663 Non
1685 3609 1830 3664 enim

213 3713 414 3760 nostro
440 3718 540 3758 ore
565 3701 965 3772 iustiﬁcaberis,
987 3711 1078 3756 aut
1101 3711 1285 3757 nostro
1309 3718 1405 3758 ore
1429 3701 1831 3759 condemnabe-

214 3799 332 3864 ris,
367 3795 630 3868 quoniam
659 3810 756 3852 sue
785 3797 1018 3852 tunicam
1052 3805 1195 3852 tuam
1239 3798 1292 3851 in
1342 3806 1426 3864 te,
1469 3813 1626 3868 quam
1672 3797 1832 3867 paulo

212 3906 327 3949 non
356 3890 633 3948 induebas
657 3898 854 3960 sutam,
884 3889 1048 3946 modo
1069 3890 1311 3947 excisam
1339 3905 1434 3946 sue
1460 3906 1527 3947 ex
1555 3890 1720 3948 corde
1743 3899 1834 3946 tuo

1906 631 2130 698 celline,
2158 630 2473 703 expontifex
2503 630 2710 688 Romae.
2745 653 2765 686 ι
2791 633 3096 706 Respondit
3119 637 3375 698 Urbanus
3399 643 3517 714 cpi-

1907 739 2105 796 sc0pus
2133 726 2198 780 ad
2227 726 2608 782 Sebastianum
2639 729 2954 800 episc0pum
2995 743 3049 789 et
3075 734 3212 791 dixit
3238 755 3252 790 :
3288 757 3307 790 ι
3342 737 3520 794 Intro-

1907 815 2174 872 ducantur
2195 827 2362 873 testes
2388 817 2495 873 viri
2519 819 2747 875 viriliter
2769 837 2996 880 numero
3020 836 3254 896 quatuor
3289 838 3345 884 et
3383 847 3518 900 qua-

1909 909 2156 980 draginta
2199 918 2256 964 ut
2295 909 2432 965 libra
2461 911 2685 966 occidua
2715 915 3050 984 compleatur
3073 933 3104 973 a
3137 919 3344 988 multis,
3373 923 3518 992 quod

1909 1017 1938 1056 a
1968 1001 2150 1056 multis
2179 1001 2494 1058 fabricatum
2527 1013 2630 1058 est.
2665 1023 2686 1056 ι
2714 1005 2782 1060 Ει
2805 1006 3128 1066 introierunt
3154 1021 3318 1068 testes
3349 1013 3521 1069 Tran-

1909 1094 2185 1164 quillinus,
2202 1094 2440 1163 Priscus,
2457 1097 2659 1166 Bonus,
2675 1099 2953 1168 Servultts,
2968 1104 3291 1176 Cyprianus,
3307 1109 3499 1164 Petrus
3514 1155 3528 1177 ,

1909 1185 2332 1253 Quadratianus,
2365 1188 2580 1254 Aresto,
2613 1190 2863 1262 Tespius,
2891 1194 3161 1264 Quadrus,
3196 1199 3522 1270 Epiphorus,

1911 1276 2860 1354 Maximus,Gordianus,Gaudiosus,
2884 1286 3228 1359 Saturninus,
3251 1292 3527 1357 Urbanus.

1913 1367 2238 1439 Reparatus,
2267 1369 2486 1426 Priscus
2511 1413 2526 1436 ,
2562 1371 2894 1444 Venerosus,
2926 1378 3236 1448 Romanus,
3271 1383 3524 1456 Exsupe-

1915 1460 2049 1524 rius,
2077 1458 2414 1531 Crispianus,
2447 1461 2740 1532 Barbarus,
2771 1466 2904 1536 Leo,
2928 1467 3226 1538 Forianus,
3257 1474 3526 1543 Bacauda,

1865 1630 1868 1633 ι
1919 1551 2264 1620 Ambrosius,
2293 1553 2512 1623 Terula,
2541 1555 2844 1627 Jubanncs,
2877 1561 3166 1620 lubentius
3187 1609 3203 1633 ,
3235 1567 3526 1636 Proculus,

1919 1644 2262 1714 Octavianus,
2287 1645 2588 1717 Romanus,
2621 1650 2906 1722 Valerius,
2940 1655 3244 1724 lacintbus,
3275 1659 3531 1717 Mellicia-

1923 1755 2044 1808 nus,
2079 1741 2289 1810 Petrus,
2323 1740 2605 1812 Claudius,
2626 1744 2832 1816 Exper,
2861 1747 3092 1817 Probus,
3120 1750 3369 1822 Nicorus,
3397 1753 3530 1808 Pru-

1923 1833 2191 1899 batianus,
2227 1831 2480 1899 Ursinus,
2511 1835 2860 1894 Urbatianus.

2003 1925 2088 1978 12.
2133 1925 2370 1996 Singulis
2399 1935 2579 1982 autem
2610 1928 2949 1986 adstantibus
2979 1935 3032 1987 in
3067 1935 3274 2004 gremio
3314 1944 3528 1992 trecen-

1925 2027 2102 2074 torum
2129 2019 2507 2090 episcoporum
2531 2029 2587 2076 et
2613 2021 2829 2094 triginta
2862 2025 3306 2098 presbyterorum
3333 2027 3534 2082 Roma—

1924 2125 2152 2176 norum,
2198 2119 2254 2166 et
2305 2111 2490 2182 viginti
2517 2123 2641 2168 octo
2683 2115 2977 2186 supradicti
3035 2125 3238 2186 testes,
3290 2129 3350 2175 ut
3394 2119 3533 2174 libra

1923 2202 2290 2272 compleretur
2315 2221 2329 2257 :
2357 2204 2609 2273 quoniam
2640 2205 2924 2264 duodecim
2952 2211 3126 2265 uncia:
3155 2211 3208 2266 in
3237 2211 3373 2266 libra
3401 2226 3533 2282 pro-

1925 2293 2139 2351 babitur
2166 2311 2377 2362 sensus,
2411 2306 2467 2353 et
2493 2297 2546 2353 in
2576 2299 2911 2372 septuaginta
2939 2302 3151 2358 duobus
3189 2315 3535 2375 comparatus

1926 2385 2270 2443 damnabitur
2305 2389 2525 2459 praesul.
2561 2389 2859 2462 Respondit
2896 2393 3178 2462 Quiriacus
3208 2395 3494 2468 episcopus
3517 2439 3534 2464 ,

1928 2490 1984 2536 et
2010 2480 2143 2536 dixit
2177 2481 2242 2536 ad
2273 2481 2640 2538 Marcellinum
2669 2501 2684 2539 :
2719 2503 2739 2536 ί
2767 2485 2888 2540 Non
2917 2488 3200 2557 cognoscis
3221 2490 3534 2547 universum

1927 2575 2172 2630 velamen
2192 2576 2372 2631 cordis
2399 2578 2472 2632 tui
2497 2576 2648 2648 (νεά.
2678 2589 2794 2634 acta
2823 2581 2886 2634 de
2907 2584 3231 2653 purgatione,
3259 2583 3414 2655 Xyst.
3433 2583 3530 2650 Ill,

1931 2685 1984 2722 n.
2013 2669 2084 2740 4)
2113 2686 2126 2724 :
2157 2669 2334 2738 judica
2367 2671 2511 2726 enim
2543 2685 2759 2726 causam
2791 2681 2958 2738 tuam,
2987 2685 3041 2730 et
3081 2675 3281 2744 lacera,
3323 2691 3538 2733 macera

1933 2761 2350 2816 macerationem
2402 2773 2568 2816 tuam.
2611 2763 2727 2818 Non
2758 2779 2824 2818 ex
2863 2764 3016 2820 nobis
3041 2765 3371 2836 judicaberis
3402 2785 3416 2823 :
3444 2777 3538 2823 tuo

1933 2856 2076 2911 enim
2107 2855 2380 2925 pontificio
2416 2855 2898 2923 condemnaberis,
2927 2868 2983 2915 et
3009 2867 3195 2916 nostro
3230 2861 3538 2917 testimonio

1935 2949 2285 3020 explicaveris
2315 2954 2788 3020 metas:quoniam
2819 2967 2916 3008 nos
2947 2953 2999 3007 in
3027 2953 3533 3010 condemnationem

1936 3043 2065 3100 nihil
2090 3043 2412 3115 opponimus
2432 3045 2668 3110 causale,
2693 3045 2826 3100 nihil
2852 3044 3191 3103 defendimus
3219 3065 3232 3102 :
3266 3047 3362 3104 sed
3385 3049 3536 3103 dam-

1936 3155 2124 3194 namus
2157 3137 2275 3201 hos.
2295 3139 2385 3210 qui
2407 3148 2809 3195 evacuaverunt
2835 3141 3114 3211 templum,
3137 3149 3194 3197 et
3213 3141 3540 3198 dimiserunt

1937 3232 2194 3286 fabricam
2236 3245 2396 3286 manu
2439 3231 2507 3286 de
2547 3247 2712 3302 super
2750 3241 3139 3301 constructam,
3171 3243 3229 3288 ut
3253 3233 3541 3290 introirent

857 3344 877 3379 ι
924 3325 1041 3382 Hoc
1079 3325 1314 3380 tribunal
1342 3335 1527 3381 nostro
1551 3339 1824 3392 sermone,
1853 3322 1900 3385 C
1935 3325 2066 3396 inpi,
2101 3333 2155 3381 et
2185 3324 2422 3380 facerent
2446 3325 2765 3396 speluncas,
2789 3335 2843 3382 et
2867 3325 3220 3383 comederent
3245 3341 3413 3398 agnos
3438 3327 3534 3382 imo

1934 3419 2230 3476 maculatos
2251 3461 2268 3488 ,
2295 3427 2351 3476 et
2374 3434 2468 3474 eos
2489 3419 2582 3490 qui
2608 3435 2675 3474 ex
2702 3429 2887 3476 vetere
2911 3418 2978 3475 ad
3008 3435 3205 3475 novum
3238 3428 3536 3486 venerant,

1933 3513 2320 3570 inveterarent.
2357 3512 2433 3568 Te
2458 3513 2602 3568 enim
2643 3528 2751 3568 non
2789 3511 3215 3569 condemnamus
3239 3554 3256 3580 ,
3280 3512 3536 3584 quoniam

1935 3624 2005 3666 ex
2032 3623 2128 3664 ore
2159 3606 2286 3680 [tuo
2310 3605 2716 3678 justifieaberis,
2748 3615 2804 3662 et
2828 3622 2896 3662 ex
2937 3621 3034 3663 ore
3074 3616 3166 3662 tuo
3204 3605 3535 3662 condemna-

1935 3703 2099 3760 beris.
2137 3723 2156 3754 ι
2185 3701 2525 3757 Marcellinus
2559 3711 2738 3756 autem
2777 3701 2831 3756 in
2871 3709 3166 3770 conspectu
3197 3697 3425 3772 synodi]
3449 3713 3540 3754 cc-

1938 3795 2068 3852 cidit
2087 3797 2140 3850 in
2164 3803 2330 3850 terra.
2348 3795 2426 3850 Ibi
2449 3804 2628 3849 autem
2641 3797 2852 3864 jacens,
2868 3805 2924 3849 et
2947 3794 3018 3850 ibi
3035 3808 3102 3849 eo
3118 3809 3266 3848 mora
3285 3793 3535 3856 faciente,

1939 3889 2352 3945 damnaverunt.
2383 3887 2636 3960 Synodus
2669 3895 2848 3944 autem
2892 3896 2948 3944 et
2986 3885 3285 3958 presbyteri
3320 3885 3538 3958 triginta

1611 4021 2169 4082 ANNOTATIONES.

281 4173 404 4229 VII.
435 4201 516 4213 —-
548 4168 676 4224 Non
707 4167 1063 4234 sacriﬁcavi...
1097 4165 1370 4221 combussi.
1399 4164 1712 4220 Pontificem
1730 4165 1830 4220 de-

203 4245 371 4302 decet
399 4244 556 4298 fatua
589 4241 706 4296 haec
746 4247 802 4295 et
839 4237 1043 4293 insulsa
1095 4237 1325 4307 negandi
1374 4237 1540 4300 ratio,
1590 4235 1744 4306 quasi
1781 4235 1830 4307 ei

207 4320 480 4388 ignorare
509 4315 592 4388 fas
620 4311 830 4388 fuisset,
859 4325 980 4364 eum
1003 4306 1213 4388 censeri
1230 4307 1332 4362 diis
1351 4307 1712 4388 sacrificasse,
1737 4306 1832 4378 qui

209 4379 406 4445 cvoram
429 4385 601 4442 idolis
629 4383 799 4438 thuris
824 4395 986 4452 grana
1013 4381 1198 4452 prunis
1226 4379 1631 4434 combussisset.

283 4478 694 4550 Quinquaginta
722 4477 776 4550 in
803 4475 1044 4550 quinque.
1074 4473 1218 4550 Editi
1257 4472 1308 4526 in
1333 4471 1508 4550 tribus
1533 4471 1829 4550 columnis,

203 4543 602 4626 quinquaginta
647 4549 897 4626 quinque,
923 4545 1024 4626 _vel
1069 4544 1437 4626 quinquaginta
1489 4553 1546 4626 et‘
1587 4543 1827 4626 quinque.

1938 4163 2168 4234 vulgatis
2207 4173 2412 4220 notato.
2445 4164 2524 4220 Ex
2563 4180 2670 4235 quo
2711 4166 2994 4224 manifesta
3045 4175 3128 4222 est
3175 4167 3228 4220 in
3277 4165 3360 4220 his
3403 4163 3541 4219 actis

1939 4251 2146 4310 pugna,
2186 4246 2371 4310 utpote
2413 4237 2469 4310 in
2511 4238 2727 4310 quibus
2751 4238 2991 4310 episcopi
3021 4251 3126 4310 non
3157 4251 3256 4293 suo
3283 4252 3376 4292 ore
3402 4235 3541 4291 Mar-

1941 4309 2216 4373 cellinum,
2231 4309 2325 4380 sed
2342 4308 2624 4378 ipsiusmet
2637 4309 2843 4380 judicio
2857 4308 3219 4364 damnandum
3239 4317 3539 4380 recantant,

1938 4388 1995 4453 et
2021 4390 2198 4434 tamen
2229 4379 2324 4435 Itic‘
2341 4382 2684 4453 ear-pontifex,
2711 4389 2997 4453 antequam
3020 4395 3080 4434 se
3097 4380 3225 4453 ipse
3235 4379 3542 4453 damnave-

1939 4451 2030 4524 rit,
2061 4449 2667 4524 voeatur._Quatnqu'am
2697 4468 2838 4508 unus
2856 4449 3038 4508 codex
3067 4449 3388 4521 simpliciter
3407 4465 3540 4520 pon-

1940 4523 2068 4594 tifex
2087 4537 2200 4593 pra:
2222 4538 2282 4580 se
2305 4522 2448 4580 ferre
2473 4522 2712 4580 notatur.

207 4613 614 4695 Rectius-mis.
646 4613 802 4695 Colb'.
849 4613 1252 4695 quinquaginta,
1297 4613 1418 4695 scil.
1463 4613 1741 4695 episeopi,
1777 4615 1831 4669 in
1860 4635 1914 4695 D
2020 4617 2214 4695 Viginti
2235 4628 2421 4695 octo"1
2432 4628 2611 4695 testes.
2630 4619 2937 4695 Corrector,
2957 4613 3541 4695 etvigintiocto‘testium

205 4699 440 4769 quinque
492 4692 826 4769 testimonia,
861 4687 999 4769 quia
1052 4687 1261 4740 scilicet
1305 4687 1358 4769 in
1404 4687 1616 4769 actione
1662 4687 1834 4769 prima

209 4759 392 4840 pritn'o
421 4781 574 4823 unus
604 4764 782 4840 solus,
815 4769 928 4840 tum
958 4759 1181 4840 decem,_
1207 4767 1389 4840 postea
1419 4768 1530 4840 tres
1555 4759 1722 4840 semel
1742 4759 1837 4840 ,_i_n

210 4827 315 4897 hac
359 4849 552 4895 autem
596 4827 776 4891 altera
797 4833 886 4886 alii
917 4827 1325 4900 quatuordecim
1358 4830 1722 4900 testimonium
1755 4829 1838 4884 bis

208 4911 550 4980 interrogati
581 4907 872 4980 dixerunt:
890 4899 956 4958 ex
974 4918 1080 4970 quo
1102 4901 1336 4980 quinque
1356 4899 1490 4954 fiunt
1507 4901 1836 4980 testimOttia.

283 4982 422 5041 Cum
435 4971 790 5040 υαηιὶεἱῃαιίε.
820 4974 971 5031 Unus
995 4989 1098 5028 ms.
1131 4972 1469 5038 anticipantes
1489 5011 1504 5036 ,
1532 4972 1672 5025 alter
1701 4971 1838 5026 anti-

209 5054 540 5126 cipantibus.
590 5050 802 5126 Horum
839 5042 1587 5126 correctorparticipantious.
1625 5043 1701 5126 lix
1733 5059 1835 5126 rus.

210 5113 372 5182 coib.
411 5128 467 5180 in
500 5138 620 5193 quo
647 5118 998 5193 anticipantis,
1031 5113 1366 5170 restituimus
1389 5114 1708 5184 anticipatis,
1739 5113 1842 5168 hoc

213 5211 323 5267 est,
349 5199 508 5270 prius
524 5190 880 5250 memoratis.

288 5288 424 5345 Cum
466 5287 569 5342 hos
611 5283 972 5352 anticipantes.
1002 5275 1156 5352 Unus
1183 5293 1214 5332 e
1241 5290 1370 5331 mss.
1405 5291 1522 5352 cum
1549 5276 1630 5330 Itis
1659 5275 1842 5329 antici-

217 5361 486 5436 pantibus.
533 5348 862 5436 Corrcctor.
913 5367 1030 5406 cum
1075 5349 1154 5404 his
1196 5348 1546 5419 prwscrtptis;
1584 5355 1640 5402 et
1683 5363 1838 5414 mox,

217 5425 500 5502 omnesque
527 5444 640 5484 uno
663 5425 912 5480 examine.

295 5526 472 5596 Quam
516 5520 706 5596 paulo.
735 5516 954 5584 Supple,
979 5524 1119 5596 ante.
1149 5511 1376 5596 Subjicit
1412 5522 1600 5596 auctor
1637 5521 1840 5577 noster,

217 5581 616 5656 natiindue'bas
649 5581 866 5644 satam-:—
889 5587 1029 5656 quod
1071 5586 1140 5641 de
1179 5581 1424 5656 tempore
1471 5581 1672 5656 dictum
1693 5626 1710 5650 ,
1737 5599 1844 5653 quo

221 5654 582 5727 Marcellinus
616 5654 919 5716 scissuram
938 5657 1132 5711 tunicre
1161 5654 1456 5710 nesciebat.
1489 5655 1576 5727 Ab
1601 5654 1717 5727 ejus
1743 5670 1843 5709 au-

221 5725 331 5798 tem
352 5747 548 5794 mente
567 5733 792 5788 aberrat
812 5737 1082 5783 corrector
1099 5729 1241 5782 hunc
1263 5727 1438 5781 locum
1455 5726 1532 5780 sic
1552 5725 1843 5798 exhibens:

219 5795 572 5942 gnapropler
605 5814 798 5857 consue
827 5801 1049 5882 tunicam
1073 5809 1234 5858 (nam,
1269 5806 1316 5852 et
1343 5812 1496 5868 quam
1534 5795 1690 5869 paulo
1727 5805 1846 5854 ante

239 5877 484 5940 ndueOas
507 5881 1053 5942 nutant.._pansctsgatn
1079 5881 1325 5942 comiter.”
1447 5909 1451 5914 .
1579 5894 1621 5942 ..λ
1655 5899 1662 5906 .
1792 5898 1800 5942 2

278 5867 484 5940 du'eba's
507 5883 730 5934 autaut,
776 5867 940 5925 anscis
969 5885 1053 5925 mn
1079 5881 1286 5924 censue.
1356 5867 1363 5868 “
1447 5909 1451 5914 ,

301 5935 675 5994 κωλυθείη-ατ
723 5886 910 5994 fimum.
944 5889 1016 5992 ita
1067 5951 1166 5994 tuo.
1213 5932 1365 5994 (που).
1409 5949 1451 5994 ct

299 5894 484 5939 taetras
507 5894 730 5934 sutum,
776 5894 940 5925 υηδσισ
969 5894 1053 5925 um
1079 5894 1286 5924 coruus:
1447 5909 1451 5914 .
1655 5899 1662 5906 .
1793 5898 1798 5908 .

299 5935 675 6020 Economier
723 5894 910 5994 fimum.
944 5894 1016 5992 ἔτη
1067 5951 1166 5996 me.
1213 5932 1365 5998 Colb.
1409 5943 1530 5994 cum
1578 5931 1746 5997 num-0
1787 5931 1842 5997 tn-

1940 4684 2373 4759 supradictormn.
2403 4689 2684 4746 Mallemns
2722 4699 2772 4744 et
2811 4687 2991 4759 viginti
3036 4684 3150 4759 octo
3201 4684 3411 4759 testibus
3452 4699 3544 4738 su-

1942 4757 2220 4833 pradictis,
2271 4761 2392 4833 scil.
2439 4759 2780 4833 adstantibus.
2822 4757 3221 4833 Unde‘tandem
3267 4757 3540 4833 sublatum

1942 4825 2024 4890 est
2049 4825 2446 4888 incommodum
2470 4875 2486 4896 ,
2513 4848 2619 4902 quo
2647 4829 2886 4902 episcOpi
2923 4829 3132 4902 primo,
3175 4843 3245 4884 ne
3284 4825 3444 4902 simul
3485 4830 3540 4882 in

1944 4921 2106 4959 unum
2134 4900 2966 4972 convenirent,prohibebantur
2992 4919 3006 4954 :
3035 4901 3169 4956 adeo
3213 4911 3272 4954 ιιι
3314 4900 3392 4955 sic
3433 4907 3541 4953 tre-

1943 4977 2084 5030 centi
2113 4975 2374 5045 episcopi.
2407 4975 2705 5044 presbyteri
2739 4972 2952 5045 triginta
2999 4981 3053 5028 et
3091 4981 3257 5028 testes
3287 4978 3542 5041 quatuor-

1945 5047 2117 5104 decim
2146 5063 2252 5100 uno
2275 5046 2328 5100 in
2351 5046 2468 5100 loco
2495 5045 2656 5100 simul
2684 5047 2907 5100 essent?

2021 5137 2200 5194 (Incite
2225 5138 2279 5192 in
2310 5136 2511 5191 libra...
2539 5153 2736 5191 sensus.
2767 5135 2944 5191 Minus
2978 5133 3230 5205 displicet
3255 5130 3387 5188 illud
3415 5145 3540 5186 cor-

1946 5209 2192 5276 rectoris,
2225 5209 2389 5264 unciis
2419 5208 2565 5264 libra:
2593 5207 2894 5280 probabitur
2911 5222 3110 5261 census.

2017 5301 2087 5356 Et
2119 5301 2360 5356 lacera...
2387 5302 2649 5372 quoniam.
2675 5299 2912 5372 Longius
2941 5305 2996 5354 et
3024 5296 3113 5372 h_ic
3145 5291 3545 5372 ab‘arcbetypis

1947 5367 2446 5429 receditcorrector
2480 5374 2532 5427 in
2561 5372 2703 5427 hunc
2736 5367 2954 5426 modum
2988 5385 3001 5422 :
3035 5367 3100 5422 Et
3136 5367 3398 5436 disjectam
3422 5380 3473 5436 ra
3495 5373 3543 5420 te

1947 5445 2216 5519 maceriam
2237 5455 2384 5519 tuam
2406 5445 2516 5519 ipse
2543 5453 2788 5519 scruta-re.
2818 5439 2944 5495 Non
2964 5441 3096 5495 enim
3117 5435 3310 5519 nostro,
3337 5435 3428 5519 sed
3451 5443 3542 5518 tuo

1946 5518 2109 5585 ipsius
2142 5517 2349 5590 judicio
2357 5515 2790 5590 _oon_demnabrris
2807 5521 3025 5590 ,μηθείς-ο
3053 5522 3222 5590 autem
3234 5588 3241 5590 Α
3253 5515 3544 5590 testimonia

1948 5581 2288 5662 excusaberis.
2319 5584 2473 5662 Nihil
2497 5588 2614 5662 time
2643 5601 2660 5640 :
2687 5585 2946 5652 quoniam.
2967 5581 3128 5662 Certe
3151 5581 3202 5662 in
3231 5581 3354 5662 totis
3372 5581 3543 5645 gestis

1950 5659 2084 5716 nihil
2112 5668 2212 5726 est,
2244 5673 2352 5730 quo
2379 5651 2746 5713 Marcellinum
2765 5661 3080 5712 excusatum
3100 5651 3284 5706 velint.

2021 5755 2088 5811 In
2111 5764 2451 5824 conspectu...
2482 5756 2537 5809 in
2567 5764 2720 5809 terra.
2762 5751 2914 5809 Colb.
2956 5761 3208 5824 msacum
3247 5744 3448 5824 altero,
3478 5760 3542 5800 ea:

1948 5847 2048 5901 ore
2067 5813 2247 5901 synodi
2290 5825 2469 5901 cecidit
2503 5828 2558 5881 in
2588 5835 2740 5881 terra.
2770 5825 2956 5888 Alius,
2989 5817 3227 5874 crs/torres
3251 5813 3538 5885 synodum;

1949 5887 2169 5956 recutita
2199 5894 2251 5951 in
2283 5887 2488 5950 (errauit
