3838 6278
358 269 426 326 19
1737 265 1826 322 DE
1863 263 2235 324 MARCELLO
3589 264 3660 321 20

357 397 492 440 voce
507 383 652 440 clara
671 382 1088 460 chirographum
1110 381 1461 437 ﬁrmaverunt
1481 393 1642 452 super
1660 378 1953 450 Urbanum,
1983 379 2038 442 Α
2063 387 2305 450 tempore
2330 377 2472 450 quod
2497 376 2744 450 exigebat
2769 376 2925 446 ordo,
2951 376 3051 436 sed
3077 377 3238 436 etiam
3259 375 3427 438 [nutri
3453 383 3658 451 tempo-

357 475 660 534 Castorium
705 484 761 532 et
798 472 1112 530 Iuvenalem
1153 472 1502 546 presbyteros
1529 469 1956 542 bizﬂumanus,

353 567 666 640 Capuanus,
696 563 1002 630 Castorius,
1029 563 1406 633 Innocentius,
1429 561 1651 640 Audax,
1679 561 1957 620 Homobn-

355 679 482 730 nus,
505 663 720 728 Petrus,
745 658 1050 728 Quiriacus,
1079 657 1436 728 Herculanus,
1461 655 1721 723 Serenus,
1750 655 1954 712 Iohan-

353 775 488 827 nes,
515 753 844 828 Nepotianus
865 795 880 820 ,
912 752 1213 827 Cyprianus
1231 795 1248 822 ,
1271 750 1636 824 Corporanus,
1665 747 1954 820 Eusebius,

353 849 625 918 Castinus,
646 845 852 914 Victor,
883 845 1183 910 Mattbaaus,
1221 841 1544 914 Spesindeo,
1587 840 1770 910 Virus,
1819 843 1951 899 Vina

353 942 618 1009 comalus,
649 939 1012 1008 Collecticius,
1041 937 1392 1007 Valentinus,
1425 935 1797 994 Priscillianus
1817 980 1831 1004 ,
1857 937 1955 994 Iu-

351 1037 552 1103 lianus,
581 1035 868 1100 Lucianus,
894 1031 1202 1098 Castorius;
1227 1039 1281 1086 et
1295 1029 1550 1087 diacones
1568 1030 1652 1086 isti
1671 1047 1684 1084 :
1705 1029 1952 1101 Hermes,

348 1127 577 1200 Xystus,
601 1124 811 1184 Petrus.
845 1122 1297 1194 Subscripserunt
1329 1132 1506 1178 autem
1555 1123 1607 1177 in
1650 1121 1952 1178 damnatio.-

348 1234 474 1276 nem
515 1217 708 1273 horum
753 1215 991 1290 quinque
1032 1214 1267 1282 Urbani,
1311 1213 1544 1270 Castorii
1581 1223 1638 1274 et
1677 1212 1954 1272 Iuvenalis

344 1309 810 1384 presbyterorum,
839 1318 894 1365 et
923 1306 1040 1366 Gaii
1073 1317 1129 1364 et
1157 1307 1456 1366 Innocentii
1485 1307 1857 1366 diaconorunt.

422 1401 598 1460 13.1n
627 1403 750 1460 sinu
775 1411 957 1458 autem
989 1411 1354 1460 trecentorum
1383 1403 1761 1474 episcoporum
1791 1413 1954 1473 caput

347 1498 532 1554 cinere
568 1495 890 1552 convolutos
933 1491 1280 1550 Marcellinus
1320 1493 1608 1566 episcopus
1631 1491 1792 1550 Urbis
1817 1510 1951 1552 voce

346 1591 492 1647 clara
522 1589 762 1646 clamans
791 1587 1006 1646 dicebat
1032 1606 1046 1642 :
1070 1583 1294 1643 Peccavi
1322 1602 1504 1644 coram
1540 1587 1693 1644 vobis
1711 1628 1728 1654 ,
1758 1597 1814 1644 et
1843 1603 1949 1644 non

345 1696 570 1754 possum
602 1682 655 1736 in
685 1680 876 1736 ordine
913 1694 1036 1736 esse
1065 1677 1404 1735 sacerdotum
1433 1699 1444 1732 :
1475 1679 1726 1750 quoniam
1756 1696 1950 1738 avarus

2062 471 2506 544 ris.,Quod_‘etiam
2533 479 2589 528 et
2610 471 2726 542 ipse
2749 486 2883 528 voce
2907 472 3054 528 clam
3078 469 3323 530 dicebat:
3347 491 3366 530 ι
3395 469 3548 528 Iuste
3565 487 3661 530 ore

2061 581 2160 622 suo
2182 564 2574 624 condemnatus
2599 574 2711 634 est,
2741 574 2796 622 et
2824 579 2921 620 ore
2959 579 3060 620 suo
3100 565 3385 620 anathema
3427 565 3666 635 suscepit

2061 669 2368 720 maranata:
2400 659 2651 731 quoniam
2677 673 2776 714 ore
2801 673 2902 717 suo
2931 657 3328 716 condemnatus
3351 666 3462 716 est.
3491 657 3660 716 Nemo

2059 753 2202 811 enim
2236 767 2488 824 umquam
2528 751 2789 822 judicavit
2830 749 3178 822 pontiﬁcem,
3204 765 3305 808 nec
3347 750 3544 822 praesul
3573 766 3659 808 sa.

2059 845 2336 902 cerdotem
2365 859 2524 900 suum
2551 861 2564 897 :
2595 841 2852 914 quoniam
2881 841 3054 912 prima
3083 840 3240 902 sedes
3265 856 3372 898 non
3397 840 3660 912 iudicabi-

2061 949 2149 995 tur
2178 955 2206 994 a
2236 953 2528 1010 quoquam.
2569 955 2590 992 ι
2628 937 2741 995 Hoc
2779 944 2960 992 autem
2997 935 3216 1002 audito,
3263 935 3656 1006 Diocletianus,

2059 1031 2186 1092 dunt
2215 1041 2361 1088 esset
2401 1031 2454 1088 in
2501 1030 2643 1087 bello
2673 1030 2983 1097 Persarum,
3012 1026 3220 1084 audivit
3253 1027 3398 1100 quod
3435 1031 3656 1085 trecenti

2057 1125 2296 1196 episcopi
2323 1132 2379 1180 et
2400 1123 2616 1194 triginta
2646 1122 2948 1194 presbyteri
2969 1129 3154 1190 ettres
3173 1121 3430 1180 diacones
3456 1123 3510 1178 in
3533 1137 3659 1183 con—

2059 1216 2461 1274 demnationem
2492 1217 2862 1272 convenirent.
2895 1213 3032 1272 Dum
3061 1211 3510 1285 subscripsissent
3544 1229 3658 1276 om-

2057 1324 2176 1378 nes,
2210 1309 2323 1379 ipse
2351 1307 2593 1367 omnium
2623 1308 2830 1379 primus
2861 1321 3024 1370 manu
3051 1299 3396 1378 sua'propria
3426 1305 3654 1365 Marcel-

2056 1402 2199 1458 linus
2237 1401 2502 1458 conclusit
2542 1401 2597 1456 in
2627 1415 2783 1456 suum
2815 1397 3102 1456 anathema
3127 1441 3144 1468 ,
3174 1398 3506 1461 anathemati
3534 1399 3657 1458 sub-

2055 1493 2320 1552 scribens.
2386 1492 2559 1552 Iratus
2621 1505 2801 1552 autem
2865 1493 3228 1552 Diocletianus
3292 1493 3346 1548 in
3413 1493 3654 1551 eamdem

2054 1585 2327 1650 civitatem
2381 1589 2558 1654 misit,
2612 1598 2667 1643 et
2717 1587 2919 1644 multos
2964 1588 3251 1657 episcopos
3293 1585 3360 1642 ad
3417 1587 3658 1660 martyrii

2053 1698 2312 1744 coronam
2350 1683 2534 1740 traxit.
2564 1681 2787 1738 Factum
2827 1691 2907 1737 est
2949 1689 3128 1738 autem
3161 1679 3295 1738 nihil
3321 1679 3464 1737 aliud
3487 1723 3502 1748 ,
3531 1679 3656 1736 dum

311 1790 438 1840 ,me
475 1777 718 1848 corrupit
760 1770 1050 1846 (corrupi)
1085 1787 1238 1828 auro.
1286 1769 1728 1844 Subscripserunt
1769 1784 1948 1833 autem
1980 1785 2030 1847 Β
2054 1777 2229 1848 primo
2247 1776 2485 1832 damnati
2507 1774 2733 1834 fuissent
2757 1783 2868 1832 tres
2891 1773 3192 1846 presbyteri
3212 1771 3388 1832 etduo
3405 1772 3658 1830 diacones

314 1854 402 1924 'in
431 1867 549 1940 ejus
573 1866 972 1922 damnationem
990 1906 1004 1932 ,
1037 1872 1092 1920 et
1119 1863 1512 1922 damnaverunt
1540 1881 1662 1922 eum
1689 1877 1843 1923 extra
1859 1869 1947 1927 .ci—

345 1960 588 2016 vitatem.
621 1957 888 2015 Sacerdos
924 1958 1144 2014 nomine
1179 1953 1450 2014 Helciadis
1489 1959 1778 2032 episcopus
1821 1959 1949 2016 sub-

343 2053 560 2128 scripsit
606 2051 811 2125 primus
855 2053 909 2108 in
953 2051 1072 2124 ejus
1112 2049 1553 2121 damnationem,
1584 2067 1691 2110 non
1739 2061 1947 2110 tantum

2057 1871 2314 1928 damnati.
2349 1869 2644 1927 Damnatus
2683 1879 2864 1924 autem
2905 1878 2960 1924 et
3000 1865 3345 1924 Marcellinus
3376 1867 3658 1936 episcopus

2055 1979 2155 2018 suo
2179 1961 2382 2033 judicio
2412 1978 2444 2018 x
2486 1960 2760 2020 Kalendas
2799 1959 3138 2034 Septembris
3182 1958 3517 2020 Diocletiano
3544 1957 3658 2017 \illl

2057 2065 2111 2111 et
2135 2053 2458 2112 Maximiano
2479 2053 2590 2112 Vll.

1702 2191 2255 2253 ANNOTATIONES.

415 2331 826 2406 Chirographum
853 2331 1207 2406 ﬁrmaverunt.
1234 2331 1501 2406 Dttojmss,
1535 2331 1935 2406 chirographum

339 2401 592 2479 ﬁrmum?
621 2401 815 2479 deinde
840 2401 909 2460 ex
952 2403 1017 2458 iis
1057 2406 1232 2479 untts‘,
1269 2401 1931 2479 Urbanutn,_}3astoriunt,

337 2472 638 2534 Iuvenalem
679 2474 1085 2548 presbyterorum
1127 2477 1336 2538 Iuram,
1376 2475 1534 2542 alter,
1570 2472 1799 2540 Urbani,
1828 2473 1933 2530 ϐα·

339 2551 505 2615 storii,
538 2557 644 2604 etc.

415 2619 608 2676 Facturi
657 2620 920 2688 temporis.
952 2617 1171 2688 Addidit
1204 2625 1501 2682 corrector,
1527 2617 1582 2688 in
1605 2617 1897 2686 exemplum
1921 2633 1940 2672 :

339 2693 486 2764 quod
525 2692 657 2746 satis
704 2687 926 2764 arridet.
982 2687 1263 2764 observat,
1293 2690 1373 2745 vir
1425 2687 1703 2754 eruditus,
1749 2689 1938 2764 saltem

339 2760 625 2836 postquam
649 2776 708 2817 se
737 2763 850 2836 ipse
873 2760 1212 2836 Marcellinus
1233 2761 1566 2836 damnasset,
1595 2760 1788 2832 synodi
1819 2773 1936 2836 mu-

340 2831 498 2892 iteris'
509 2834 691 2902 fuisse,
713 2831 770 2887 ut
790 2831 1048 2888 Romanae
1063 2832 1330 2897 ecclesiae,
1349 2847 1416 2887 ne
1433 2831 1637 2886 diutius
1655 2831 1940 2888 sacerdote

341 2907 748 2970 destitueretur,
780 2905 1134 2975 prospiceret.
1166 2902 1307 2960 Nihil
1334 2915 1511 2960 tamen
1542 2902 1612 2958 de
1637 2903 1746 2975 alio
1779 2903 1834 2958 in
1861 2903 1938 2958 lo-

340 2993 460 3033 cum
511 2973 804 3032 Marcellini
855 2973 1200 3046 subrogando
1243 2983 1422 3029 actum
1468 2991 1481 3026 :
1528 2989 1591 3028 ac
1636 2973 1844 3030 nullum
1890 2975 1940 3031 ei

340 3049 686 3118 subrogatum
713 3060 838 3102 esse
864 3057 1099 3102 constat.

409 3119 477 3174 In
499 3117 997 3175 condemnationem.
1022 3118 1172 3176 Unus
1191 3133 1296 3175 ms.
1316 3121 1368 3175 in
1398 3117 1627 3174 eantdent
1653 3118 1938 3174 damnatio-

2039 2351 2171 2392 nem.
2201 2335 2382 2404 Alter,
2411 2337 2466 2392 in
2490 2337 2601 2401 eius
2625 2335 3030 2393 damnationem.
3060 2333 3214 2390 Colb.
3248 2335 3302 2390 in
3345 2350 3403 2390 eo
3439 2334 3657 2390 damna-

2040 2405 2228 2460 tionem
2257 2424 2273 2461 :
2306 2407 2449 2464 unde
2475 2405 2868 2462 restituendum
2899 2405 3152 2462 duximus
3184 2407 3237 2460 in
3259 2406 3657 2460 condemnatio-

2039 2494 2176 2532 nem.
2205 2479 2497 2548 Superiora
2521 2489 2696 2532 autetn
2727 2479 2914 2544 verba,
2943 2478 3064 2532 dum
3093 2488 3224 2532 esset
3251 2479 3304 2532 in
3347 2476 3484 2532 bello
3526 2475 3664 2533 Per-

2039 2564 2238 2613 sarum,
2267 2557 2417 2604 notat
2447 2549 2711 2604 Baronius
2743 2548 2876 2604 falsa
2906 2563 3065 2615 esse.
3096 2563 3218 2604 ctua
3252 2554 3356 2604 hoc
3389 2563 3540 2608 anno
3581 2565 3655 2608 xx

2041 2620 2252 2689 imperii
2291 2621 2372 2674 sui
2413 2619 2778 2690 Diocletianus
2807 2635 2867 2676 se
2898 2621 3128 2690 imperio
3157 2619 3420 2690 abdicarit
3443 2663 3456 2686 ,
3494 2631 3656 2690 atque

2041 2687 2165 2746 ante
2201 2689 2476 2751 biennium
2521 2691 2587 2744 de
2628 2689 2810 2745 Persis
2855 2687 3125 2759 superatis
3175 2687 3362 2746 Romte
3392 2702 3496 2745 una
3527 2687 3652 2746 cunt

2044 2763 2367 2818 Maximiano
2388 2762 2594 2830 collega
2621 2777 2721 2815 suo
2745 2763 3079 2831 triumphum
3111 2763 3343 2834 egisset.)
3367 2762 3525 2815 Putat
3544 2763 3655 2834 igi-

2047 2843 2134 2889 tur
2157 2835 2276 2888 hasc
2300 2842 2358 2889 et
2387 2849 2506 2902 qua:
2529 2842 2828 2904 sequuntur
2863 2849 2969 2888 non
3008 2849 3129 2890 esse
3149 2833 3218 2888 ex
3245 2833 3380 2887 netis
3399 2833 3616 2904 concilii
3633 2873 3650 2898 ,

2045 2905 2139 2960 sed
2163 2905 2242 2960 eis
2263 2902 2678 2976 postmodttnt‘in
2700 2920 2907 2960 morem
2933 2905 3393 2976 appendieisesse
3417 2902 3649 2976 adjecta.

2051 2970 2736 3046 Verum—otmtescodices.
2757 2977 2848 3046 qui
2873 2970 3149 3044 superiora
3181 2970 3463 3040 exhibent,
3487 2970 3650 3028 exiti-

2048 3047 2179 3102 bent
2207 3058 2264 3102 et
2291 3049 2410 3102 ista.
2448 3045 2632 3116 Neque
2660 3045 2856 3102 mirum
2885 3056 2968 3100 est
2995 3055 3303 3113 auctorem,
3337 3047 3428 3116 qui
3469 3046 3522 3100 in
3575 3054 3652 3100 tot

2049 3119 2172 3174 aliis
2196 3121 2446 3190 cespitat,
2473 3120 2638 3174 etiam
2669 3118 2769 3172 hac
2798 3117 2854 3172 in
2885 3132 2946 3171 re
2971 3117 3096 3172 labi.

665 3429 1498 3551 SANCTUS
1574 3429 1927 3546 MAI

2044 3427 2672 3546 annos
2743 3427 3328 3546 PAPI-

1511 3692 2082 3739 MQC
2097 3699 2462 3733 P—

633 3929 722 4002 §l.
748 3957 818 3969 --
842 3926 1058 3994 Quando
1083 3933 1130 3979 et
1157 3921 1402 3994 quamdiu
1423 3919 1627 3976 sederit.

418 4067 552 4123 Post
576 4062 868 4120 Marcellini
895 4060 1123 4127 obitum,
1152 4067 1209 4114 ut
1246 4057 1296 4113 ei
1345 4069 1628 4112 successor
1670 4053 1936 4125 deligere—

337 4171 426 4220 tur
473 4156 862 4234 persecutionis
893 4161 1190 4226 tempestas
1211 4164 1318 4206 non
1350 4147 1616 4222 permisit.
1652 4147 1703 4201 in
1721 4145 1934 4201 Buche-

333 4257 494 4312 riano
519 4251 764 4318 catalogo
787 4248 1032 4305 Romana
1060 4243 1219 4302 sedes
1244 4253 1356 4297 tum
1387 4254 1608 4296 vacasse
1635 4239 1832 4294 dicitur
1863 4253 1935 4297 vn

263 4413 271 4423 ,
335 4347 514 4413 annis,
543 4343 819 4402 mensibus
834 4357 912 4410 Vl,
937 4338 1129 4396 diebus
1145 4353 1276 4393 xxv.
1303 4332 1410 4391 Sed
1428 4333 1504 4388 ibi
1529 4347 1628 4404 pro
1646 4331 1806 4411 annis
1837 4347 1929 4400 vn,

333 4441 636 4500 Bucherius
663 4437 946 4510 legendum
974 4449 1100 4492 esse
1137 4433 1392 4504 opinatur
1413 4431 1574 4487 annis
1595 4432 1667 4495 tit,
1705 4439 1935 4496 eamque

335 4536 730 4596 correctionem
761 4529 1070 4589 necessario
1110 4528 1384 4600 postulant
1427 4524 1684 4584 consules
1737 4521 1935 4594 quibus

331 4627 623 4687 Marcellus
672 4621 1038 4696 pontiﬁcatum
1085 4619 1272 4678 iniisse
1335 4619 1388 4676 in
1441 4615 1633 4673 eodem
1688 4608 1934 4682 catalogo

332 4731 574 4779 notatur.
609 4718 676 4774 Et
701 4716 858 4773 facile
887 4715 1105 4787 quidem
1137 4728 1235 4784 pro
1260 4711 1413 4784 apice
1438 4727 1476 4777 ι,
1501 4717 1628 4766 nota
1659 4706 1931 4762 numerica

334 4833 370 4872 ν
421 4813 660 4885 irrepsit.
718 4809 874 4868 Unde
914 4810 1176 4880 sequitur,
1225 4815 1286 4862 ut
1313 4804 1602 4861 Marcellus
1628 4815 1772 4857 anno
1801 4798 1928 4867 508,

333 4908 460 4965 Maii
487 4921 584 4962 xtx
610 4905 718 4970 die,
747 4917 869 4976 quae
914 4901 968 4956 in
1009 4899 1198 4958 feriam
1247 4909 1454 4956 sextam
1498 4891 1747 4962 cadebat,
1773 4891 1935 4947 fuerit

333 5000 634 5058 ordinatus.
664 4996 901 5068 Tempus
929 5008 1082 5061 vero,
1118 5006 1226 5064 quo
1257 4991 1302 5044 is
1334 5004 1470 5062 papa
1498 4985 1798 5044 Ecclesiam
1830 4981 1930 5036 ad-

334 5091 681 5158 ministravit,
697 5089 946 5147 laudatus
962 5087 1243 5157 catalogus
1266 5085 1345 5142 sic
1363 5082 1611 5153 designat
1633 5097 1646 5133 :
1666 5098 1686 5132 ι
1709 5077 1930 5134 Marcel-

333 5186 420 5241 lus
445 5200 588 5240 anno
609 5197 740 5249 uno,
763 5180 1042 5238 mensibus
1069 5193 1160 5246 vn,
1185 5177 1377 5240 diebus
1402 5191 1498 5244 xx,
1521 5189 1551 5230 a
1577 5169 1860 5228 consulatu
1892 5185 1928 5224 x

333 5275 551 5350 (supple
579 5273 840 5346 Herculii)
870 5282 927 5330 et
959 5270 1289 5327 Maximiano
1316 5267 1444 5338 (leg.
1472 5261 1778 5320 Maximiani
1803 5262 1926 5332 vn),

332 5382 506 5440 usque
531 5376 652 5440 post
699 5367 1042 5424 consulatum
1097 5378 1130 5419 x
1173 5370 1228 5419 et
1261 5377 1354 5428 vn,
1392 5379 1412 5416 ›
1443 5357 1547 5416 hoc
1575 5367 1660 5417 est
1683 5373 1854 5431 usque
1874 5359 1927 5415 in

331 5477 532 5520 annum
563 5469 906 5532 sequentem,
940 5457 1033 5528 qui
1061 5466 1184 5528 post
1209 5455 1549 5514 consulatum
1575 5472 1611 5513 x
1639 5456 1927 5536 (Herculii)

331 5562 388 5611 et
415 5554 702 5624 septimum
745 5550 1103 5627 (Maximiani)
1149 5549 1456 5606 nombatur.
1504 5551 1612 5608 Sed
1653 5569 1830 5624 neque
1859 5569 1926 5612 ex

331 5645 419 5701 his
441 5661 550 5716 quo
587 5645 677 5701 die
703 5645 920 5711 obierit,
973 5641 1167 5698 conﬁci
1191 5653 1342 5698 certo
1390 5652 1586 5714 potest.
1613 5645 1829 5717 Pagina,
1857 5647 1926 5704 ad

329 5736 643 5794 Marcellum
684 5750 878 5807 papam
919 5734 1162 5791 referens
1205 5734 1347 5807 quod
1377 5721 1922 5810 ,inmiliero-ny'r'tiiioo

2040 3889 2430 3962 Martyrologio
2471 3891 2560 3948 die
2602 3906 2672 3944 vn
2722 3891 2958 3947 octobris
2983 3891 3242 3960 offendit;
3296 3911 3316 3946 ι
3348 3893 3536 3951 Romte
3564 3897 3650 3952 via

1965 3996 2010 4059 ρ
2045 3982 2214 4054 Appia
2247 3983 2512 4052 depositio
2543 3983 2782 4039 Marcelli
2822 3995 2876 4039 et
2919 3983 3080 4040 Marci
3130 3985 3391 4062 episcopi,
3433 4005 3452 4040 ι
3490 3987 3648 4044 illum

2040 4086 2182 4130 anno
2220 4074 2346 4139 509.
2389 4076 2640 4131 Octobris
2671 4089 2742 4130 vn
2783 4075 2872 4132 die
2915 4076 2982 4132 ad
3026 4077 3224 4132 caelum
3259 4077 3522 4152 migrasse
3549 4093 3649 4149 pro

2039 4181 2193 4226 certo
2225 4169 2390 4239 ponit.
2428 4167 2534 4224 Sed
2563 4165 2874 4226 Marcellum
2909 4187 2927 4221 ε
2955 4169 3037 4224 via
3065 4167 3294 4233 Salaria,
3320 4189 3338 4224 ι
3373 4188 3476 4226 non
3503 4191 3519 4224 ι
3557 4174 3647 4229 via

2041 4261 2212 4332 Appia
2246 4282 2263 4314 ι
2321 4261 2626 4332 depositum
2657 4277 2752 4317 seu
2801 4262 3070 4333 sepultum
3112 4278 3236 4320 esse
3276 4266 3480 4320 certius
3535 4275 3644 4322 est.

2040 4355 2186 4412 Sane
2204 4355 2460 4410 ineodem
2477 4352 2867 4425 Martyrologio
2909 4355 2979 4410 ad
3002 4355 3144 4412 diem
3170 4373 3259 4412 xw
3286 4356 3528 4412 Ianuarii
3547 4374 3646 4414 ex-

2039 4457 2166 4514 stat,
2195 4467 2216 4500 t
2247 4448 2434 4503 Romte
2463 4449 2546 4502 via
2568 4447 2774 4502 Salaria
2823 4447 2877 4502 in
2906 4451 3225 4506 cmmeterio
3253 4451 3514 4508 Priscillae
3542 4453 3644 4510 de-

2039 4540 2238 4611 positio
2261 4538 2502 4594 Marcelli
2532 4539 2774 4609 episcopi
2800 4547 2854 4594 et
2881 4537 3236 4596 confessoris.
3274 4561 3292 4594 ι
3339 4541 3473 4598 lluic
3505 4559 3644 4600 con-

2038 4633 2171 4690 cinit
2191 4632 2520 4689 Pontiﬁcalis
2539 4632 2676 4688 liber
2704 4633 3091 4691 Bollandianus
3121 4650 3186 4690 ex
3219 4635 3410 4692 codice
3437 4638 3642 4708 regium

2040 4726 2334 4783 Succorum
2361 4723 2691 4795 descriptos,
2727 4724 2780 4778 in
2826 4739 2934 4794 quo
2970 4727 3042 4782 de
3071 4725 3328 4782 Marcello
3359 4729 3638 4797 scribitur,

2044 4834 2064 4868 ‹
2095 4814 2350 4885 Sepultus
2403 4823 2488 4870 est
2535 4815 2587 4868 in
2630 4816 2948 4872 ctemeterio
2986 4815 3250 4872 Priscilla:
3292 4817 3374 4872 via
3403 4819 3636 4886 Salaria,

2035 4925 2124 4966 xv1
2157 4905 2426 4963 Kalendas
2457 4906 2760 4964 Februarii.
2795 4925 2816 4961 ι
2853 4905 3092 4964 lbienim
3125 4905 3386 4967 mendose
3412 4929 3474 4966 ac
3495 4909 3640 4970 forte

2037 4999 2246 5055 librarii
2298 4999 2454 5070 lapsu
2486 5017 2574 5054 xvt
2619 5017 2716 5070 pro
2756 5017 2869 5056 xvn
2899 4999 3091 5058 haberi
3117 5003 3424 5076 colligimus
3453 5021 3519 5061 ex
3549 5007 3636 5063 al-

2037 5100 2154 5148 tero
2183 5090 2426 5162 ejusdem
2473 5090 2596 5146 libri
2639 5093 2938 5164 exemplari
2969 5093 3097 5148 olitn
3127 5095 3462 5164 Fossatensi,
3491 5114 3638 5156 nunc

2033 5183 2372 5249 Colbertino,
2405 5183 2458 5238 in
2499 5197 2606 5256 quo
2643 5201 2660 5236 ι
2699 5197 2807 5240 tht
2847 5183 3120 5241 Kalendas
3149 5187 3436 5257 februarii,
3469 5207 3488 5243 ι
3525 5207 3634 5248 non

2033 5294 2145 5345 xvn,
2179 5276 2424 5349 legimus.
2469 5277 2638 5333 immo
2691 5277 2928 5335 Marcelli
2973 5279 3370 5350 dcpositionem
3419 5282 3508 5341 die
3558 5303 3628 5342 xv

1951 5392 2008 5454 Β
2033 5371 2272 5428 Ianuarii
2297 5381 2446 5428 notat
2479 5372 2853 5430 Bucberiantts
2875 5373 3230 5445 depositionis
3259 5377 3631 5436 Romanorum

2030 5465 2410 5535 episcoporum
2445 5463 2716 5520 indiculus
2738 5465 2792 5520 in
2822 5466 2968 5522 hunc
2999 5468 3222 5524 modum
3248 5487 3262 5524 :
3300 5489 3320 5524 ι
3353 5487 3485 5527 xvm
3515 5472 3629 5528 Ka-

2029 5555 2218 5612 lendas
2247 5555 2504 5612 februarii
2531 5555 2828 5613 Marcellini
2854 5558 2908 5612 in
2925 5558 3212 5615 Priscillm.
3241 5579 3260 5614 ι
3291 5561 3405 5618 l-luc
3427 5564 3632 5636 quippe

2027 5649 2319 5706 Marcellini
2349 5664 2544 5708 nomen
2569 5649 2690 5706 loco
2709 5651 2948 5708 Marcelli
2972 5651 3259 5724 irrepsisse
3279 5655 3628 5714 manifestum

2027 5750 2128 5800 est.
2177 5741 2362 5814 Neque
2389 5757 2522 5800 vero
2567 5743 2812 5802 insolens
2854 5753 2939 5802 est
2962 5743 3196 5804 duorum
3225 5747 3443 5808 illorum
3466 5767 3630 5809 voca-
