3838 6278
225 336 289 391 at
1368 340 1771 415 DlSClPLINE
1813 341 2256 405 saevarum.
3462 348 3533 402 aa

226 452 479 510 bulorum
508 452 774 509 confusio.
818 452 948 509 inde
979 452 1127 512 enim
1164 456 1459 527 contigisse
1496 456 1733 526 videtur,
1763 464 1822 515 ut
1848 458 1902 519 Α
1924 456 2253 517 Maxentium
2280 458 2585 529 tyrannidis
2611 466 2845 531 arreptae
2889 459 3158 533 principio
3185 458 3309 516 ﬁdei
3331 468 3535 517 nostra:

226 544 495 601 Eusebius
521 544 760 602 Marcelli
786 559 1054 616 nusquam
1077 547 1414 616 meminerit,
1438 558 1492 606 et
1514 549 1566 605 in
1593 547 1826 605 Chroni—

227 652 295 695 co
333 637 628 695 Eusebium
682 652 900 709 papam,
950 638 1118 697 veluti
1168 643 1475 712 proximum
1520 643 1823 701 Marcellini

228 743 595 787 successorem
615 730 954 786 memorarit.
975 731 1240 800 Quocirca
1255 734 1517 791 standum
1539 750 1826 793 censemus

228 839 412 882 eorum
434 825 744 882 auctoritati
766 824 1245 895 monimentorum,
1273 842 1396 898 quae
1419 828 1656 886 Marcelli
1679 845 1825 886 mor-

228 932 331 978 tem
363 936 553 978 mense
582 921 839 977 Januario
877 922 1225 993 consignant.
1280 923 1413 980 Cum
1448 924 1549 980 hac
1599 926 1822 996 quidem

226 1016 421 1072 mortis
466 1015 707 1072 Marcelli
759 1014 967 1088 epoeha
1024 1016 1279 1087 componi
1334 1032 1560 1087 prorsus
1601 1018 1821 1089 nequit,

225 1108 369 1182 quod
422 1108 763 1165 Bucheriano
807 1110 861 1164 in
899 1109 1142 1179 catalogo
1183 1108 1251 1164 de
1310 1118 1559 1181 tempore
1589 1126 1697 1181 quo
1722 1111 1827 1168 iste

224 1220 363 1277 papa
393 1204 537 1260 rexit
583 1202 884 1258 Ecclesiam
916 1201 1168 1266 habetur,
1198 1201 1306 1258 Sed
1334 1210 1460 1271 apte
1479 1202 1831 1274 quadrabunt

225 1299 432 1362 omnia,
464 1297 511 1352 si
539 1297 592 1352 in
619 1295 811 1355 eodem
836 1295 1085 1365 catalogo
1106 1295 1178 1350 ita
1198 1294 1528 1365 legerimus:
1558 1315 1577 1348 ι
1597 1296 1824 1353 Marcel-

224 1391 309 1447 lus
356 1404 503 1446 anno
533 1403 662 1453 uno,
705 1387 983 1443 mensibus
1010 1403 1106 1451 vn,
1143 1385 1336 1444 diebus
1356 1404 1536 1457 xxvn,
1578 1403 1609 1445 a
1635 1403 1829 1445 consu-

225 1484 335 1540 latu
360 1499 395 1537 χ
435 1480 670 1538 Herculii
722 1488 778 1535 et
808 1478 1114 1534 Maximiani
1162 1494 1263 1546 vn,
1304 1496 1474 1551 usque
1511 1496 1548 1537 ll
1601 1480 1832 1555 (scilicet

225 1570 394 1644 anno)
422 1578 550 1642 post
567 1570 908 1626 consulatum
930 1585 964 1623 χ
989 1576 1045 1625 et
1068 1584 1163 1625 vn.
1197 1588 1218 1622 ι
1252 1569 1320 1626 Ει
1344 1570 1580 1627 Marcelli
1607 1572 1828 1643 quidem

230 1662 601 1735 pontlﬁcatum
652 1660 719 1716 ad
763 1660 1065 1723 secundum
1118 1677 1318 1717 annum
1378 1673 1499 1733 post
1556 1663 1831 1725 decimum

229 1758 465 1815 Herculii
495 1756 861 1821 consulatum,
894 1757 997 1812 hoc
1025 1765 1110 1814 est
1141 1757 1208 1813 ad
1230 1773 1434 1815 annum
1461 1758 1665 1819 Christi
1699 1762 1828 1830 510,

1931 549 2329 619 professionem
2354 551 2659 607 simulasse.
2687 551 2795 609 Sed
2814 566 2937 607 cum
2955 550 3203 607 simulata
3223 548 3536 622 hujusmodi

1931 646 2266 716 professione
2284 646 2357 702 nil
2378 655 2639 717 repugnat
2657 643 2886 701 duorum
2908 642 3228 715 pontiﬁcum
3250 642 3529 715 relegatio.

1927 736 2062 793 Cum
2090 738 2234 793 enim
2261 738 2382 795 ideo
2407 737 2568 794 ﬁdem
2604 746 2846 795 nostram
2873 736 3117 811 proﬁteri
3143 752 3204 795 se
3233 738 3535 806 simularet,

1929 837 1986 885 ut
2038 829 2273 899 placeret
2309 830 2750 903 blandireturqne
2801 846 2851 901 ρ(
2871 829 3003 904 pulo
3051 830 3335 898 Romano,
3380 829 3537 889 facile

1929 920 2193 977 adductus
2224 932 2306 977 est
2331 932 2390 978 ut
2418 938 2485 979 ex
2512 922 2655 979 Urbe
2672 925 2808 979 duos
2832 925 3059 994 pelleret
3086 922 3346 994 praesules
3368 964 3381 988 ,
3414 938 3536 979 cum

1929 1012 2033 1069 hoc
2084 1013 2279 1084 popqu
2307 1025 2519 1084 gratum
2545 1023 2600 1070 et
2632 1024 2914 1086 acceptum
2957 1015 3069 1070 fore
3090 1056 3105 1083 ,
3138 1014 3390 1070 Heraclio
3416 1029 3540 1085 per-

1929 1106 2226 1175 suadente,
2279 1107 2654 1179 comperisset.
2708 1108 2893 1181 Neque
2941 1123 3069 1164 vero
3112 1108 3178 1164 ad
3224 1123 3318 1165 eos
3348 1124 3540 1180 perse-

1930 1200 2175 1270 quendos
2223 1208 2336 1257 tum
2382 1199 2503 1256 fidei
2533 1215 2725 1270 causa,
2762 1202 2859 1258 sed
2897 1202 3162 1258 severitas
3194 1202 3354 1257 nimia
3376 1245 3390 1269 ,
3420 1219 3541 1273 qua:

1930 1293 2258 1350 seditionum
2316 1292 2470 1365 origo
2511 1303 2698 1360 esset,
2758 1293 3338 1364 przetexebatur.llinc
3370 1294 3542 1350 Hera-

1932 1387 2095 1445 clium
2146 1387 2286 1458 apud
2345 1386 2673 1445 Maxentium
2726 1388 2895 1458 gratia
2950 1386 3238 1458 plurimum
3300 1388 3544 1457 potuisse

1932 1482 2246 1554 conjectura
2275 1490 2382 1549 est,
2401 1496 2467 1537 ex
2493 1495 2666 1551 eoque
2689 1481 2964 1537 exstitisse
2984 1495 3145 1552 grege
3158 1479 3546 1536 semichristia-

1934 1589 2158 1640 norum,
2207 1573 2403 1644 quibus
2453 1572 2729 1629 abundant
2800 1573 3101 1643 principum
3167 1572 3395 1639 domus,
3454 1573 3546 1644 qui

1935 1667 2230 1725 christiano
2279 1680 2401 1721 cum
2453 1665 2672 1721 nomine
2718 1665 2905 1723 saeculi
2945 1664 3169 1722 delicias
3210 1680 3542 1737 componere

1936 1769 2142 1826 amant;
2162 1767 2216 1814 et
2238 1773 2359 1814 cum
2394 1772 2621 1828 peccare
2648 1772 2759 1817 non
2791 1759 3036 1825 timeant,
3066 1757 3290 1814 horrent
3315 1773 3543 1830 prorsus

228 1848 831 1922 prorogarinecessario
852 1851 1089 1919 postulat
1115 1850 1166 1907 id
1187 1853 1330 1922 quod
1370 1853 1511 1909 idem
1536 1854 1821 1912 Bucberia.
1860 1855 1911 1917 B
1938 1851 2269 1926 pretiitentire
2321 1851 2572 1920 labores,
2625 1866 2828 1924 eosque
2873 1866 2904 1907 a
2951 1866 3011 1909 se
3058 1850 3244 1923 procul
3274 1850 3545 1907 eliminari

222 1957 327 1998 nus
358 1939 637 2011 catalogus
665 1940 735 1996 de
777 1940 939 2009 hujus
968 1957 1123 2012 papa:
1149 1945 1557 2002 successoribus
1584 1947 1821 2017 subjicit.

230 2057 261 2130 ς
292 2058 356 2115 ll.
384 2085 457 2100 --
482 2056 564 2114 De
587 2060 875 2114 constantia
902 2056 1145 2114 Marcelli
1167 2060 1220 2114 in
1243 2062 1495 2117 servanda
1515 2064 1828 2133 paenitentia!

864 2150 1164 2220 disciplina.

291 2269 346 2324 1.
373 2266 565 2324 Exstat
592 2266 661 2323 de
681 2266 739 2325 S.
773 2265 1030 2323 Marcello
1078 2267 1289 2323 Damasi
1335 2280 1491 2340 papte
1519 2284 1737 2327 carmen
1791 2282 1822 2326 a

218 2361 456 2417 Baronio
485 2358 553 2415 ad
579 2370 778 2415 annum
812 2359 940 2427 509,
983 2374 1041 2415 n.
1089 2360 1143 2426 7,
1198 2360 1428 2429 editum,
1469 2369 1523 2417 et
1550 2363 1696 2420 inter
1716 2364 1821 2418 alia

220 2452 441 2510 Damasi
470 2466 660 2523 opera,
700 2452 947 2519 Parisiis,
1000 2465 1144 2506 anno
1175 2450 1339 2519 1672,
1374 2454 1512 2524 typis
1540 2454 1680 2510 Lud.
1708 2453 1821 2509 Bili-

221 2546 389 2613 laine,
419 2558 543 2600 cum
584 2544 728 2599 notis
757 2543 827 2599 M.
877 2542 1066 2598 Milesii
1114 2543 1447 2613 Sarrazanii,
1486 2560 1608 2617 pag.
1635 2546 1742 2602 17⁸5
1768 2555 1824 2602 et

219 2638 349 2694 alibi
380 2650 654 2704 recusum,
707 2636 929 2707 dignum
970 2652 1102 2693 sane
1128 2637 1273 2709 quod
1310 2647 1366 2693 et
1397 2637 1486 2694 hic
1515 2639 1695 2694 locum
1726 2637 1823 2694 ha-

219 2731 377 2797 beat;
405 2729 641 2784 maxime
690 2743 810 2784 cum
841 2744 905 2784 ex
934 2743 1000 2784 eo
1039 2728 1160 2799 quis
1190 2729 1429 2785 Marcelli
1469 2730 1614 2785 circa
1649 2730 1824 2800 pmnia

220 2823 443 2880 tentiam
469 2822 682 2877 animus
715 2819 905 2888 fuerit,
937 2821 1282 2893 perspicuum
1311 2823 1403 2877 sit.
1437 2822 1514 2877 Ita
1552 2836 1613 2879 se
1634 2822 1820 2880 habet.

416 2932 507 2989 DE
549 2930 817 2990 SANCTO
865 2930 1237 2991 MARCELLO
1290 2931 1628 2990 MARTYRE

699 3043 890 3083 DAMAS]
917 3042 1069 3083 PAPE
1100 3042 1334 3083 CARMEN.

316 3118 577 3183 Yeridlcus
598 3124 762 3183 rector
781 3157 795 3181 ,
817 3118 988 3183 lapsus
1009 3121 1121 3183 quia
1147 3120 1347 3183 crimina
1368 3120 1495 3170 ﬂere

313 3181 550 3244 erdixit
568 3180 785 3244 miseris,
809 3180 901 3231 fuit
921 3180 1151 3233 omnibus
1174 3182 1331 3232 hostis
1355 3194 1568 3233 amarus.

308 3243 439 3308 [line
454 3242 606 3308 furor,
629 3244 744 3308 hinc
766 3242 931 3308 odium
953 3245 1197 3308 Sequitur,
1218 3244 1480 3305 discordia,
1501 3244 1636 3308 lites,

311 3305 523 3371 Seditio,
547 3306 736 3371 caedes;
762 3305 1231 3371 solvunturfmdera
1258 3309 1403 3371 pacis.

309 3367 511 3431 Crimen
532 3369 595 3417 ob
621 3368 827 3431 alterius
849 3368 1093 3420 Christum
1115 3372 1198 3431 qni
1213 3367 1268 3431 in
1290 3381 1410 3428 pace
1432 3369 1665 3431 negavit,

310 3383 511 3418 urtmen
532 3383 595 3417 on
621 3383 827 3419 alterius
849 3383 1093 3420 unrtstum
1152 3384 1198 3418 ιιι
1220 3383 1268 3418 tn
1290 3383 1410 3428 pace
1433 3383 1634 3431 negavit
1650 3406 1665 3431 ,

310 3430 517 3483 Finibus
540 3430 778 3496 eXpulsus
795 3432 964 3496 patriae
990 3440 1068 3483 est
1093 3383 1240 3495 (gcil.
1260 3430 1542 3495 Marcellus)
1565 3432 1760 3485 feritate

700 3554 723 3555 ί
1209 3493 1421 3555 [tyranni
1455 3492 1750 3555 (Maxentii).

1283 3506 1421 3542 rannt
1455 3506 1750 3546 lMﬂXCﬂllll.

1209 3499 1421 3558 [tyrannt
1455 3499 1730 3559 (Maxentii)

308 3553 429 3620 limo
448 3554 677 3620 breviter
698 3554 941 3620 Damasus
965 3556 1117 3606 voluit
1139 3564 1387 3620 comperta
1410 3555 1633 3618 referre,

307 3617 531 3669 Marcelli
550 3623 607 3669 ut
624 3618 832 3683 populus
855 3620 1085 3669 meritum
1108 3617 1412 3682 cognoscere
1438 3617 1625 3683 posset.

287 3725 343 3781 9.
397 3725 586 3782 Virum
640 3725 830 3794 illum,
876 3728 1031 3797 cujus
1079 3728 1148 3782 ob
1206 3727 1414 3783 crimen
1453 3726 1739 3784 Marcellus
1766 3728 1820 3784 in

214 3819 439 3876 exilium
491 3820 800 3892 deportatus
841 3821 1070 3887 dicitur,
1114 3821 1391 3891 probabile
1435 3830 1518 3876 est
1569 3821 1821 3876 eumdem

211 3914 356 3980 esse,
385 3912 546 3983 cujus
566 3913 798 3969 factione
822 3914 983 3968 etiam
1012 3913 1249 3969 Marcelli
1278 3927 1562 3968 successor
1582 3952 1598 3980 ,
1645 3911 1821 3968 Euse-

209 4006 350 4075 bius,
376 4006 572 4063 eadem
601 4022 759 4077 poena
790 4007 1081 4063 mulctatus
1112 4016 1232 4073 est,
1267 4006 1466 4074 quique
1503 4007 1555 4060 iu
1578 4006 1822 4062 carmina

210 4099 279 4156 de
328 4115 456 4157 mox
502 4098 650 4155 dicto
729 4109 915 4154 sancto
977 4099 1207 4169 praesule
1274 4096 1410 4153 infra
1461 4098 1821 4156 exscribenda

210 4192 496 4248 Heraclius
536 4199 894 4260 nuncupatur.
954 4190 1292 4247 Pmniteutite
1340 4190 1591 4246 videlicet
1636 4205 1817 4246 reme-

1931 1945 2140 2003 volunt.

1932 2040 1961 2114 §
1994 2039 2084 2096 ill.
2107 2068 2179 2080 —
2202 2038 2281 2095 De
2310 2038 2508 2095 decreto
2532 2036 2668 2108 quod
2697 2036 2946 2094 Marcello
2974 2037 3314 2104 adscribitur,
3352 2037 3438 2092 ubi
3477 2038 3542 2095 de

2001 2151 2099 2190 usu
2132 2150 2234 2203 quo
2261 2148 2445 2203 pueros
2474 2130 2795 2190 monasteriis
2825 2142 3058 2203 parentes
3098 2131 3405 2202 olfercbdnt,
3437 2131 3545 2188 dis-

2001 2226 2209 2283 seritur.

2003 2320 2057 2374 l.
2087 2316 2240 2388 Apud
2271 2315 2617 2381 Gratianum,
2640 2315 2744 2385 20,
2771 2325 2965 2389 quaest.
2997 2332 3037 2384 ι,
3059 2332 3109 2373 c.
3140 2315 3245 2386 10,
3276 2326 3331 2375 et
3348 2316 3546 2377 exinde

1931 2416 1985 2471 in
2021 2410 2349 2470 editionibus
2371 2408 2761 2478 Conciliorum,
2785 2409 3020 2467 Marcelli
3050 2412 3268 2469 nomine
3310 2411 3541 2483 insigni-

1932 2519 2043 2563 tum
2074 2517 2157 2563 est
2183 2505 2286 2561 hoc
2298 2504 2576 2561 decretum
2605 2522 2619 2559 :
2645 2522 2665 2558 ι
2696 2503 2828 2559 Illud
2851 2514 3031 2561 autem
3057 2504 3400 2562 statuendum
3422 2520 3544 2562 esse

1930 2616 2219 2660 censemus
2238 2641 2254 2667 ,
2285 2608 2342 2654 ut
2371 2599 2415 2654 si
2444 2598 2640 2654 minori
2669 2605 2831 2654 astate
2855 2598 2960 2653 tilii-
2995 2598 3327 2654 monasterio
3375 2597 3543 2655 oblati

1929 2694 2169 2759 fuerint,
2213 2691 2297 2747 vel
2326 2705 2536 2747 sacram
2564 2701 2839 2747 tonsuram
2868 2690 2951 2746 vel
2981 2690 3247 2746 velamina
3281 2705 3540 2762 suscepe-

1932 2787 2065 2851 rint,
2094 2784 2314 2853 dignum
2335 2781 2557 2852 quidem
2570 2781 2844 2847 duximus,
2862 2791 2918 2838 ut
2938 2782 3371 2852 decimo-quinto
3394 2798 3540 2840 anno

1931 2892 1962 2931 a
1995 2874 2232 2947 praelatis
2258 2874 2479 2941 moniti,
2509 2874 2691 2930 verbis
2716 2874 3092 2946 inquirantur,
3124 2884 3305 2932 utrum
3334 2877 3387 2931 in
3418 2877 3539 2949 ipso

1932 2967 2117 3023 habitu
2141 2981 2461 3038 permanere
2489 2967 2730 3038 cupiant,
2754 2982 2971 3023 annon.
2997 2967 3053 3024 Si
3071 2984 3201 3025 vero
3219 2984 3542 3041 permanere

1930 3061 2162 3133 professi
2181 3060 2399 3129 fuerint,
2418 3061 2644 3118 ulterius
2665 3062 2961 3133 pmnitendi
2981 3080 3001 3115 ι
3027 3062 3163 3134 (Hoc
3177 3074 3281 3132 est,
3299 3064 3538 3122 habitum

1929 3154 2174 3211 mutandi
2201 3162 2257 3210 et
2283 3154 2350 3210 ad
2372 3153 2630 3211 smculum
2661 3155 3031 3228 revertendi),
3068 3175 3087 3209 ›
3115 3157 3291 3213 locum
3318 3158 3541 3216 minime

1856 3248 1904 3312 C
1934 3246 2189 3318 amplecti
2241 3258 2487 3318 possunt.
2539 3246 2597 3302 Si
2647 3262 2778 3303 vero
2832 3247 2899 3303 ad
2933 3248 3245 3306 saecularem
3295 3248 3538 3308 habitum

1932 3344 2130 3399 reverti
2160 3340 2448 3409 voluerint,
2481 3338 2742 3397 redeundi
2769 3341 2988 3397 licentia
3014 3341 3162 3397 nullo
3186 3342 3349 3397 modo
3375 3341 3541 3419 dene-

1930 3443 2088 3507 getur
2143 3451 2157 3488 :
2205 3433 2330 3504 quia
2383 3433 2516 3489 satis
2565 3434 2756 3491 inutile
2805 3444 2925 3502 est,
2979 3443 3037 3489 ut
3081 3445 3269 3489 coacta
3314 3435 3536 3493 servitia

1931 3527 2162 3584 Domino
2192 3534 2537 3597 praestentur.
2570 3546 2590 3581 i
2616 3527 2863 3585 Labbeus
2885 3543 3013 3584 vero
3045 3537 3213 3597 notat,
3232 3529 3300 3585 ab
3317 3540 3540 3585 auctore

1929 3620 2135 3678 Glossa:
2160 3621 2301 3693 apud
2324 3621 2637 3679 Gratianum
2672 3622 2900 3679 Martino
2932 3623 3126 3690 tribui,
3149 3622 3375 3695 ejusque
3400 3634 3539 3679 tem-

1930 3713 2153 3784 poribus
2174 3715 2345 3783 magis
2375 3715 2687 3769 convenire.

1941 3878 1969 3887 ﬁ
1996 3804 2053 3858 2.
2101 3803 2405 3861 Obscurum
2453 3814 2603 3859 certe
2635 3820 2745 3859 non
2773 3815 2858 3861 est
2902 3806 3006 3862 hoc
3045 3805 3323 3863 decretum
3355 3788 3536 3865 ad'ea

1928 3898 2204 3970 pertinere
2230 3906 2499 3967 tempora,
2528 3896 2724 3967 quibus
2747 3897 2815 3953 de
2843 3898 2936 3953 illo
2963 3915 3065 3955 usu
3078 3899 3327 3969 derogari
3348 3901 3535 3971 empit,

1926 3991 2018 4063 qui
2040 3991 2152 4063 jam
2184 3989 2391 4060 pridem
2419 3988 2728 4054 obtinebat,
2755 3989 3003 4046 videlicet
3031 4001 3087 4046 ut
3118 3992 3300 4062 pueris
3326 4034 3341 4060 ,
3389 4001 3541 4064 post-

1926 4098 2088 4155 quam
2114 4081 2460 4138 monasteriis
2479 4096 2508 4135 a
2541 4081 2856 4152 parentibus
2885 4083 3111 4138 fuissent
3131 4083 3318 4151 oblati,
3340 4100 3540 4157 propov

1923 4176 2087 4232 situm
2116 4173 2409 4242 deserere,
2450 4183 2506 4229 et
2554 4173 2621 4229 ad
2662 4175 2918 4230 steculum
2949 4174 3159 4246 regredi
3186 4174 3339 4232 nefas
3367 4187 3536 4234 esset.

210 4285 358 4341 dium
398 4285 503 4341 etsi
560 4285 922 4340 necessarium
975 4284 1178 4354 lapsis,
1231 4283 1482 4338 acerbum
1540 4293 1721 4340 tamen
1763 4297 1800 4340 el

2002 4285 2080 4326 inc
2113 4279 2294 4326 autem
2316 4282 2476 4324 usum
2500 4266 2641 4336 apud
2666 4266 2885 4324 Graecos
2916 4284 3208 4340 numquam
3253 4281 3537 4343 receptum

207 4394 452 4435 amarum
492 4386 583 4434 est
615 4395 628 4432 :
661 4378 891 4449 ideoque
921 4393 1135 4448 semper
1167 4376 1375 4445 aliquos
1408 4375 1670 4444 offendit,
1721 4380 1816 4449 qui
1922 4381 2044 4423 esse
2092 4364 2362 4435 colligitur
2390 4371 2506 4418 tum
2555 4379 2622 4419 ex
2673 4362 2759 4419 his
2786 4362 3100 4432 Theodori,
3128 4362 3538 4422 Cantuariensis

207 4481 263 4528 et
288 4472 418 4527 illud
451 4480 810 4542 respuerent,
835 4480 889 4526 et
916 4472 1037 4540 pios
1064 4480 1309 4541 pastores
1332 4508 1345 4531 ,
1373 4484 1401 4522 a
1433 4469 1629 4539 quibus
1673 4469 1800 4525 nihil

2002 4455 2306 4527 :ltiepiscopi
2324 4452 2561 4528 (Spicil.,
2578 4463 2649 4509 to.
2668 4469 2744 4522 rx,
2769 4472 2822 4525 p.
2839 4454 2931 4528 62)
2949 4472 2964 4511 :
2987 4473 3006 4508 t
3028 4455 3259 4512 Basilius
3273 4455 3543 4527 judicavi‘

209 4563 310 4618 sibi
340 4569 631 4634 sperarent
659 4561 1041 4618 remittendum
1062 4602 1077 4627 ,
1112 4563 1259 4618 velut
1285 4562 1543 4619 molestos
1576 4570 1634 4618 et
1653 4561 1800 4617 infes-

2002 4550 2103 4607 eris
2126 4549 2396 4605 licentiam
2422 4547 2547 4619 (leg.
2562 4544 2751 4619 licere)
2773 4547 2977 4603 nubere
2998 4558 3124 4603 ante
3145 4549 3418 4605 sexdecim
3434 4564 3533 4604 an-

212 4663 291 4711 tos
341 4655 531 4711 hostes
586 4653 870 4712 haberent.
925 4655 1127 4711 Horum
1181 4655 1578 4724 importunitati
1611 4655 1800 4725 pridem

2002 4657 2042 4708 s,
2066 4642 2111 4697 si
2132 4640 2404 4697 abstinere
2421 4656 2526 4695 non
2546 4640 2843 4710 potuerint,
2867 4640 3111 4709 quamvis
3130 4641 3378 4698 monachi
3399 4640 3535 4698 fuis-

208 4746 386 4804 clerus
413 4747 696 4804 Romanus
728 4756 849 4819 post
878 4747 1102 4802 Fabiani
1133 4757 1358 4803 mortem
1374 4748 1596 4802 minime
1621 4748 1800 4803 ceden-

2002 4742 2063 4800 ιι,
2096 4742 2207 4788 tum
2242 4747 2309 4788 ex
2353 4731 2484 4802 ipsis
2513 4729 2696 4787 Basilii
2721 4729 2900 4785 verbis
2919 4729 3196 4802 inRegulis
3222 4731 3391 4790 fusius
3417 4732 3534 4790 dis-

210 4839 335 4895 dum
364 4849 518 4896 ratus
541 4851 646 4896 est.
676 4840 872 4895 Iisdem
902 4840 1115 4895 fortiter
1135 4848 1189 4895 et
1212 4850 1523 4897 constanter
1549 4839 1797 4896 resistent

2002 4825 2144 4892 tatis,
2162 4826 2417 4895 interrog.
2442 4823 2530 4888 15,
2551 4832 2605 4878 et
2620 4823 2675 4877 in
2687 4822 3051 4880 Brevioribus.

208 4929 520 5004 Gym-iano,
566 4948 636 4988 ne
671 4940 780 4987 tam
811 4932 1115 4989 "causam
1152 4932 1432 5002 disciplina
1464 4931 1821 4988 ιαδθτθεωτθ.
1996 4920 2051 4974 ὅ.
2083 4923 2154 4972 At
2174 4931 2328 4973 usum
2356 4915 2508 4970 illum
2542 4915 2595 4969 in
2626 4913 2917 4972 Occidente
2945 4916 3144 4973 asserit
3180 4917 3536 4977 Benedictina

213 5032 330 5089 tur,
372 5026 543 5081 multa
585 5043 616 5081 a
669 5026 906 5083 factiosis
958 5025 1176 5083 fuerunt
1205 5026 1542 5082 sustinenda.
1579 5026 1800 5083 Tauden

2002 5013 2155 5083 :gula,
2190 5025 2309 5081 cap.
2337 5007 2429 5075 59,
2452 5022 2681 5079 eamque
2708 5007 2929 5065 ﬁrmant
2957 5024 3064 5066 non
3096 5011 3259 5068 modo
3297 5012 3488 5071 lsidori
3511 5055 3531 5084 ,

212 5117 500 5176 Marcellus
531 5121 713 5176 omnia
741 5121 976 5189 exueriri
997 5164 1012 5189 ,
1037 5138 1195 5194 quam
1225 5130 1429 5178 tantum
1462 5122 1663 5178 malum
1694 5136 1823 5191 pcr-

217 5212 431 5270 mittere
497 5212 709 5268 maluit.
762 5213 947 5285 Neque
995 5214 1112 5285 ejus
1163 5214 1328 5270 exilio
1383 5214 1675 5270 deterritus
1738 5222 1822 5269 est

218 5304 501 5373 Eusebius,
537 5307 828 5378 quominus
849 5324 1008 5378 quam
1037 5307 1293 5364 decessor
1313 5307 1624 5367 defenderat
1650 5314 1820 5382 poeni-

219 5399 397 5455 tentia:
431 5414 656 5455 causam
685 5415 748 5455 ac
783 5401 1123 5471 disciplinam
1144 5441 1160 5467 ,
1190 5401 1391 5456 invicto
1417 5404 1601 5460 animo
1628 5422 1826 5479 propu-

218 5502 425 5562 gnaret.
485 5492 729 5563 Uterque
755 5494 951 5550 merito
993 5495 1296 5566 appelletur
1323 5505 1530 5568 martyr
1553 5497 1779 5568 justitim
1805 5542 1821 5569 ,

220 5597 377 5651 quam
406 5584 666 5641 videlicet
692 5586 805 5642 Deo
831 5594 1062 5657 negant,
1091 5586 1181 5656 qui
1208 5597 1492 5656 postquam
1522 5588 1670 5645 illum
1699 5607 1826 5661 pec-

218 5674 390 5731 cando
415 5675 793 5745 oﬁ‘endcrnut,
827 5679 877 5733 ei
901 5678 1061 5748 digne
1112 5693 1205 5748 per
1250 5678 1622 5751 pmoitentiam
1667 5683 1825 5741 satis.

219 5768 398 5827 facere
427 5768 755 5825 detrectant.

230 5861 344 5944 κδ.
406 5860 600 5921 Tradit
641 5860 858 5934 quidem
910 5861 1176 5921 Eusebius
1225 5861 1319 5922 lib.
1370 5876 1499 5931 rtn,
1548 5875 1668 5935 cap.
1700 5865 1825 5941 ιι,

1928 5103 2190 5176 Magistri,
2220 5112 2277 5158 et
2315 5100 2548 5156 aliorum
2575 5100 2819 5172 Regulae,
2871 5101 2968 5157 sed
2996 5112 3051 5157 et
3089 5102 3323 5173 plurium
3348 5106 3533 5163 conci-

1930 5200 2126 5256 liorum
2159 5206 2271 5253 tum
2299 5196 2353 5253 in
2382 5195 2555 5254 Gallia
2580 5234 2597 5264 ,
2623 5208 2734 5251 tum
2762 5197 2816 5252 in
2845 5196 3100 5268 Hispania
3118 5209 3211 5256 aut
3239 5200 3533 5258 Germania

1925 5292 2268 5357 habitorum,
2294 5305 2358 5346 ac
2396 5303 2734 5345 summorum
2786 5290 3100 5361 pontiﬁcum
3154 5293 3390 5349 decreta.
3432 5290 3533 5354 His

1927 5385 2215 5457 przeiverat
2240 5384 2500 5441 Ecclesiae
2526 5397 2683 5452 mos,
2728 5383 2907 5441 Siricii
2950 5384 3260 5458 Zosimique
3295 5386 3535 5445 decretis

1928 5479 2226 5545 stabilitas,
2269 5494 2376 5550 quo
2423 5478 2564 5535 ﬁlios
2601 5478 2671 5536 ab
2710 5476 2938 5535 infantia
2965 5494 3136 5536 sacra:
3161 5481 3296 5539 cleri
3321 5478 3534 5537 militia

1929 5586 2283 5643 consecrare,
2335 5582 2390 5628 et
2430 5572 2698 5629 lectorum
2747 5571 2926 5627 officio
2976 5571 3161 5628 dicare
3226 5570 3308 5626 fas
3368 5578 3529 5644 erat,

1931 5682 2142 5722 necnon
2164 5682 2294 5724 usus
2321 5665 2413 5737 qui
2442 5665 2511 5721 ab
2544 5663 2888 5722 incunabulis
2928 5662 3191 5720 Ecclesiae
3216 5669 3531 5721 constanter

1930 5758 2200 5829 obtinuit,
2254 5767 2315 5815 ut
2356 5756 2612 5813 nimirum
2639 5757 3044 5828 baptizarentur
3068 5752 3332 5822 infantes,
3363 5760 3531 5825 atque

1930 5852 2128 5913 exinde
2164 5852 2478 5914 christianis
2500 5852 2709 5923 legibus
2760 5850 2833 5907 ita
2877 5853 3227 5919 tenerentur,
3262 5865 3283 5901 ι
3316 5854 3376 5906 ιιι
3412 5859 3529 5903 non
