3838 6278
285 349 359 404 25
1183 340 1274 396 DE
1312 337 1688 396 MARCELLO
1725 332 2124 394 DlSClPLlNE.
2163 323 2602 388 SERVATOBE.
3515 319 3590 376 2i

285 466 506 536 impune
557 464 870 518 desererent
919 457 1150 528 majores
1183 475 1202 507 ›
1237 455 1446 530 (verba
1501 463 1626 508 sunt
1671 450 1884 507 concilii
1913 453 1965 513 Α
1990 464 2054 505 ac
2079 447 2352 520 pr0prium
2382 444 2484 502 sibi
2518 442 2646 498 facit
2675 439 2948 497 laudatum
2977 435 3224 493 Toletani
3267 451 3321 491 tv
3373 435 3589 492 concilii

282 557 534 616 Toletani
557 571 670 622 vnt,
695 570 814 610 can.
847 554 878 607 7
911 556 962 620 ),
1001 568 1021 602 ι
1063 547 1208 622 quod
1239 547 1446 619 parvuli
1480 546 1562 600 vel
1589 543 1885 601 nesciendo

282 653 374 708 vel
399 649 634 707 nolendo
660 653 1036 718 perceperant.
1077 661 1096 694 ι
1133 641 1201 697 Et
1243 640 1347 696 hoc
1368 639 1586 710 quidem
1630 637 1887 708 exemplo

283 757 412 798 mox
435 742 634 796 dictum
665 737 955 794 concilium
975 733 1173 791 evincit
1194 747 1320 797 eos,
1355 731 1465 801 qui,
1501 747 1520 782 r
1555 740 1647 785 aut
1685 737 1884 785 eventu

284 832 667 891 necessitatum
713 837 807 884 aut
850 837 997 883 metu
1061 823 1421 894 periculorum
1465 821 1643 892 adepti
1675 820 1890 877 fuerant

285 924 776 984 ecclesiasticarum
807 919 982 974 ofﬁcia
1011 915 1350 987 dignitatum.
1391 934 1410 968 r
1440 914 1640 970 Horum
1673 911 1887 969 officio—

285 1035 409 1076 rum
425 1018 630 1088 legibus
641 1013 1054 1085 obligari,licetr
1073 1025 1194 1066 cum
1212 1009 1316 1065 illis
1331 1007 1446 1064 haec
1458 1009 1887 1078 imponerentur,

289 1111 346 1167 id
367 1110 470 1166 sibi
500 1109 614 1164 fieri
635 1106 874 1162 noluisse
897 1111 1246 1159 testarentur.
1276 1121 1296 1153 ι
1321 1101 1581 1169 Quocirca
1599 1100 1890 1157 concilium

285 1203 678 1260 Aurelianensc
699 1217 751 1264 v,
777 1213 921 1254 anno
947 1196 1053 1254 549
1081 1195 1344 1260 habitum,
1361 1209 1486 1251 can.
1515 1195 1603 1262 19,
1633 1202 1689 1250 et
1709 1193 1893 1248 Matis-

286 1311 523 1354 conense
553 1311 588 1362 ι,
619 1308 761 1348 anno
791 1291 918 1358 581,
947 1305 1069 1345 can.
1103 1289 1194 1353 12,
1231 1287 1462 1358 puellas,
1491 1307 1512 1340 ‹
1545 1302 1642 1342 seu
1674 1285 1891 1356 propria

282 1389 564 1446 voluntate
599 1386 985 1442 unmasterium
1012 1391 1267 1453 expetant
1291 1423 1308 1448 ,
1347 1399 1366 1432 ‹
1395 1395 1492 1436 seu
1521 1397 1551 1434 a
1578 1377 1892 1451 parentibus

285 1482 620 1546 offerantur,
661 1501 678 1534 ›
715 1482 757 1536 si
793 1499 812 1532 ι
850 1476 1286 1533 aut'voluntarie
1329 1483 1424 1530 aut
1444 1473 1760 1544 parentibus
1781 1473 1894 1528 suis

286 1575 605 1647 rogantibus
649 1572 970 1644 religionem
1012 1567 1272 1640 professae
1321 1566 1407 1623 vel
1461 1564 1891 1622 benedictionem

285 1677 614 1732 consecuta},
634 1678 817 1738 postea
833 1664 898 1720 ad
919 1663 1228 1734 conjugium
1247 1671 1339 1715 aut
1353 1659 1640 1715 illecebras
1661 1657 1845 1714 smculi
1867 1676 1886 1710 ι

289 1761 626 1828 transierint,
649 1757 1034 1814 communione
1055 1757 1288 1826 privant.
1315 1754 1474 1808 Auno
1501 1751 1626 1818 655,
1659 1767 1778 1810 can.
1798 1752 1890 1819 49,

1989 548 2247 598 statutum
2269 581 2284 606 ,
2311 537 2454 610 quod
2485 536 2564 592 sic
2591 532 2750 590 effert
2777 551 2790 589 :
2831 551 2850 585 ε
2879 529 3198 587 Monachum
3223 543 3355 599 ergo
3382 538 3474 584 aut
3495 543 3594 600 pa-

1991 642 2142 688 terna
2191 630 2410 688 devotio
2451 637 2546 683 aut
2592 625 2814 698 propria
2859 622 3076 680 devotio
3120 619 3268 677 facit.
3316 618 3594 691 Quidquid

1991 727 2184 784 horum
2234 723 2431 788 fuerit,
2479 721 2758 792 alligatum
2801 715 3030 774 tenebit.
3083 713 3319 771 Proinde
3361 712 3488 769 huic
3523 713 3592 768 ad

1991 815 2250 872 mundum
2305 813 2502 870 reverti
2549 808 2962 866 iutercludimus
3012 805 3254 872 aditum,
3308 813 3365 859 et
3403 817 3596 859 omnes

1990 911 2058 966 ad
2086 908 2342 966 szeculum
2364 905 2739 963 interdicimus
2758 915 3060 974 regressus.
3100 918 3120 952 ι

2063 1003 2118 1059 4.
2189 999 2552 1070 Quamobrem
2609 1010 2732 1052 cum
2801 992 3114 1063 Capitulare
3161 990 3598 1062 Aquisgrauense

1991 1095 2116 1150 anni
2145 1094 2271 1162 817,
2305 1107 2356 1148 c.
2388 1089 2482 1158 56,
2512 1087 2728 1152 statuit,
2763 1105 2783 1139 ι
2823 1085 2893 1142 llt
2921 1099 3144 1156 puerum
3165 1091 3319 1155 pater
3339 1091 3396 1138 et
3423 1092 3598 1138 mater

1995 1197 2236 1257 tempore
2269 1183 2559 1240 oblationis
2609 1179 2837 1236 offerant
2864 1177 2930 1234 ad
2958 1177 3131 1233 altare
3154 1219 3170 1245 ,
3197 1186 3251 1232 et
3283 1173 3597 1246 petitionem

1997 1295 2092 1353 pro
2135 1294 2202 1336 eo
2243 1293 2426 1334 coram
2455 1277 2605 1332 laicis
2653 1275 2880 1330 testibus
2909 1271 3127 1340 faciant,
3157 1286 3317 1342 quam
3352 1279 3599 1342 tempore

1995 1369 2317 1444 intelligibili
2357 1369 2473 1440 ipse
2501 1366 2786 1424 conﬁrmet
2811 1407 2824 1430 ,
2857 1385 2877 1418 ι
2904 1365 3020 1420 hzcc
3057 1376 3332 1435 postrema
3358 1361 3599 1418 clausula

1995 1463 2218 1534 majoris
2264 1461 2531 1517 cautionis
2579 1475 2709 1530 ergo
2761 1457 2941 1512 addita
2991 1455 3260 1512 censenda
3317 1465 3441 1522 est,
3488 1470 3598 1512 non

1995 1556 2148 1628 quasi
2179 1569 2349 1626 puero
2379 1551 2659 1608 maturiori
2683 1559 2842 1606 :etate
2861 1550 2971 1621 jam
2991 1550 3129 1604 facto
3148 1557 3428 1619 parentum
3451 1548 3602 1604 obla-

1997 1651 2200 1705 tionem
2255 1648 2462 1704 irritam
2520 1646 2698 1702 facere
2745 1643 2974 1700 liberum
3030 1651 3198 1699 esset.
3254 1643 3332 1698 Eo
3383 1641 3603 1714 quidem

1998 1743 2198 1798 sarculo
2219 1740 2656 1808 Gotthescalcus,
2685 1749 2745 1792 ut
2768 1753 2836 1794 ex
2857 1739 3118 1808 opusculo
3142 1735 3347 1792 Rabani
3364 1751 3395 1791 a
3410 1735 3603 1791 Mabil-

289 1853 613 1910 'l‘oletanum
671 1865 722 1904 tv
743 1891 760 1917 ,
813 1847 1100 1904 concilium
1131 1845 1307 1901 edixit
1335 1861 1350 1898 :
1389 1862 1406 1895 ι
1433 1841 1754 1898 Monachum
1794 1851 1888 1896 aut
1914 1844 1963 1906 B
1990 1838 2138 1896 lonio
2163 1845 2349 1892 nostro
2377 1877 2393 1901 ,
2425 1845 2502 1891 to.
2535 1851 2570 1890 ιι
2602 1834 2801 1890 Annal.
2831 1831 3060 1897 Bened.,
3092 1846 3212 1902 pag.
3239 1829 3346 1886 726
3365 1839 3420 1886 et
3443 1845 3596 1902 seqq.

291 1955 516 2018 paterna
547 1943 798 2008 devotio,
827 1951 920 1996 aut
961 1939 1180 2011 propria
1230 1935 1496 2008 professio
1531 1934 1678 1991 facit.
1728 1935 1898 2003 Quid-

2003 1933 2150 1988 edito
2206 1930 2510 2002 colligitur,
2569 1938 2882 2000 parentum,
2931 1941 2962 1980 a
3008 1924 3205 1996 quibus
3231 1939 3362 1994 puer
3389 1921 3603 1977 oblatus

289 2016 418 2112 quid
474 2043 664 2092 horum
717 2035 909 2096 fuerit,
969 2032 1243 2103 alligatum
1289 2029 1510 2085 tenebit.
1557 2028 1792 2084 Proinde
1815 2027 1900 2086 his
2001 2021 2332 2078 monasterio
2380 2019 2593 2087 fuerat,
2645 2029 2771 2076 voto
2812 2016 3114 2088 refragatus
3133 2023 3604 2071 estzverumnon

289 2130 360 2186 ad
385 2129 643 2184 mundum
676 2125 870 2182 reverti
901 2122 1308 2178 iuterclndimus
1334 2119 1562 2186 aditum,
1595 2128 1651 2174 et
1678 2134 1894 2174 omnem

292 2223 362 2280 ad
383 2222 640 2279 saeculum
657 2219 1028 2275 interdicimus
1051 2229 1380 2287 regressum.
1410 2233 1431 2266 ι
1453 2211 1597 2268 Idem
1614 2213 1894 2268 decretum

294 2315 552 2380 firmavit,
575 2329 718 2368 anno
741 2311 869 2377 656,
897 2309 1218 2366 Toletanum
1243 2323 1276 2362 κ
1315 2305 1606 2362 concilium
1625 2349 1640 2372 ,
1685 2319 1808 2359 can.
1836 2305 1892 2372 6,

293 2416 456 2478 atque
493 2403 778 2460 illustravit
819 2401 902 2456 his
931 2400 1145 2456 verbis:
1183 2417 1201 2449 ε
1238 2397 1294 2454 Si
1333 2399 1386 2452 in
1425 2396 1665 2468 qualibet
1702 2397 1893 2452 minori

293 2508 472 2564 aetate,
518 2497 603 2553 vel
639 2495 917 2566 religionis
965 2504 1275 2554 tonsuram,
1327 2491 1409 2544 vel
1454 2489 1700 2560 religioni
1739 2488 1894 2544 debi-

294 2603 404 2650 tam
464 2602 669 2648 vestem
727 2591 779 2645 in
835 2599 1064 2658 utroque
1114 2601 1248 2640 sexu
1302 2583 1426 2639 ﬁliis
1478 2592 1571 2638 aut
1625 2597 1766 2638 uitus
1804 2593 1896 2638 aut

295 2685 458 2740 ambo
509 2693 762 2754 parentes
816 2679 1086 2744 dederint,
1153 2687 1302 2733 certe
1349 2687 1440 2731 aut
1470 2675 1776 2731 nolentibus
1808 2675 1894 2730 vel

295 2776 666 2835 nescientibus
703 2790 762 2830 se
791 2783 1128 2844 susceptam,
1171 2785 1274 2825 non
1313 2783 1437 2824 mox
1473 2769 1641 2824 visam
1673 2767 1726 2822 in
1770 2767 1896 2823 filiis

293 2871 698 2936 abdicaverint,
753 2869 847 2924 sed
905 2869 987 2922 vel
1042 2880 1224 2922 coram
1273 2878 1352 2931 se,
1383 2863 1466 2918 vel
1495 2877 1680 2918 coram
1712 2861 1892 2917 eccle-

293 2966 412 3034 sia,
461 2966 748 3036 palamque
792 2965 844 3017 in
901 2969 1171 3018 conventu
1215 2958 1435 3014 eosdem
1466 2958 1602 3012 ﬁlios
1639 2956 1764 3011 talia
1795 2954 1895 3009 ha-

295 3061 428 3118 bere
471 3059 852 3130 permiserint,
894 3055 962 3112 ad
1023 3055 1340 3111 stecularem
1404 3051 1600 3108 reverti
1655 3050 1894 3105 habitum

295 3154 432 3226 ipsis
460 3153 584 3210 ﬁliis
615 3151 937 3224 quandoque
958 3148 1170 3220 penitus
1199 3162 1304 3203 non
1323 3145 1526 3202 licebit.
1559 3164 1577 3196 ›
1603 3142 1896 3216 Gregorius

2000 2130 2064 2172 ea
2091 2114 2342 2171 utebatur
2365 2113 2597 2180 ratione,
2628 2113 2753 2184 quia
2781 2127 2918 2183 puer
2949 2121 3060 2166 tum
3088 2118 3142 2166 et
3167 2108 3342 2179 impos
3357 2107 3441 2163 sui
3461 2117 3600 2177 erat,

1998 2211 2095 2268 sed
2133 2211 2256 2283 quia
2309 2213 2414 2268 hoc
2469 2221 2722 2282 parentes
2766 2210 2887 2282 ejus
2928 2223 3112 2264 coram
3141 2206 3351 2264 idoneis
3377 2207 3604 2264 testibus

1999 2305 2223 2360 minime
2239 2305 2624 2374 prtestiterant,
2647 2315 2704 2362 et
2728 2321 2852 2362 cum
2881 2304 3036 2376 ipsis,
3055 2311 3244 2372 utpote
3271 2300 3599 2370 Saxonibus,

1997 2399 2140 2455 avita
2157 2399 2275 2472 lege
2296 2419 2316 2452 ι
2347 2399 2449 2456 nisi
2475 2399 2543 2456 de
2560 2401 2776 2471 propria
2797 2414 2892 2456 sua
2909 2413 3032 2454 esse
3048 2407 3208 2470 gente
3223 2397 3374 2452 testis
3395 2404 3601 2468 posset,

1998 2495 2206 2552 alienos
2233 2495 2612 2552 adhibuerant.
2647 2515 2666 2548 ι

1985 2611 1994 2617 ·
2067 2588 2123 2642 5.
2173 2586 2328 2644 Circa
2376 2589 2516 2644 idem
2569 2597 2815 2659 tempus,
2849 2588 2988 2643 utin
3034 2587 3259 2657 epistola
3301 2587 3502 2642 Nicolai
3534 2587 3594 2653 Ι,

1995 2679 2136 2748 apud
2158 2679 2495 2748 Gratianum,
2522 2681 2594 2736 ΞΟ
2617 2721 2633 2746 ,
2665 2690 2855 2752 qutest.
2889 2681 2954 2750 5,
2998 2695 3120 2751 cap.
3154 2681 3217 2742 4,
3258 2688 3313 2736 et
3338 2678 3557 2735 Ivonem
3579 2720 3595 2745 ,

1995 2787 2051 2844 p.
2083 2773 2118 2828 6
2140 2815 2154 2835 .
2179 2787 2231 2828 c.
2261 2773 2399 2842 556,
2434 2773 2630 2846 legitur
2651 2815 2666 2840 ,
2698 2774 3014 2830 Lambertus
3041 2774 3256 2845 quidam
3283 2773 3352 2829 ab
3382 2773 3598 2830 Athone

1996 2871 2149 2934 patre
2170 2880 2269 2918 suo
2297 2865 2436 2922 inter
2463 2875 2712 2920 octavum
2740 2874 2795 2922 et
2818 2865 3164 2922 undecimum
3191 2881 3393 2922 annum
3420 2865 3599 2920 cucul-

1997 2961 2101 3016 lam
2126 2961 2380 3026 indutus,
2411 2977 2442 3016 a
2471 2963 2727 3034 prmdicto
2757 2962 3032 3034 pontiﬁce,
3061 2972 3117 3018 ut
3146 2973 3203 3019 et
3222 2979 3251 3017 a
3281 2960 3596 3018 ntonastica:

1998 3053 2122 3108 vitae
2149 3053 2406 3125 degenda:
2431 3055 2759 3127 obligatione
2785 3056 3178 3123 absolveretur,
3205 3067 3256 3113 et
3283 3072 3350 3112 ne
3375 3065 3595 3128 paterna

1997 3145 2084 3201 vel
2131 3155 2375 3202 materna
2417 3145 2734 3203 haereditate
2763 3146 3138 3216 fraudaretur,
3163 3156 3353 3216 petens
3371 3189 3388 3216 ,
3411 3163 3518 3203 non
3545 3147 3597 3202 id

292 3247 341 3304 ll
365 3289 379 3312 ,
411 3261 555 3302 anno
599 3244 734 3308 726,
790 3257 820 3296 a
857 3239 1130 3297 Bonifacio
1170 3239 1478 3310 Moguntina
1500 3238 1890 3308 interrogatus:
1920 3238 1966 3300 C
1997 3247 2250 3294 causatus
2277 3247 2398 3294 est:
2425 3238 2550 3308 quia
2580 3249 2809 3309 paterna
2843 3239 3116 3296 oblatione
3145 3240 3312 3295 teneri
3335 3254 3440 3296 non
3469 3255 3598 3312 pos-

301 3357 324 3391 ι
357 3338 417 3396 Si
444 3347 598 3408 pater
625 3335 709 3392 vel
733 3343 904 3390 tnater
929 3333 1096 3386 ﬁlium
1128 3331 1209 3387 vel
1243 3331 1404 3384 ﬁliam
1429 3329 1566 3384 intra
1589 3337 1740 3398 septa
1772 3341 1893 3382 mo-

295 3429 520 3488 nasterii
571 3427 625 3482 in
680 3425 915 3480 infantia:
965 3423 1122 3477 annis
1167 3421 1268 3476 sub
1317 3419 1546 3490 regulari
1577 3418 1896 3474 tradiderint

295 3521 621 3594 disciplina,
682 3528 860 3574 utrum
909 3517 1066 3572 liceat
1127 3516 1205 3571 eis
1259 3523 1541 3584 postquam
1599 3512 1895 3583 pubertatis

293 3615 637 3686 impleverim
669 3625 862 3680 annos,
887 3608 1068 3680 egredi
1103 3617 1157 3662 et
1185 3605 1526 3662 matrimonio
1555 3605 1797 3676 c0pulari
1823 3644 1839 3671 ,
1869 3625 1886 3656 ι

295 3705 442 3777 hapd
471 3704 667 3760 dubius
710 3700 998 3770 respondet
1041 3719 1054 3754 :
1091 3718 1110 3752 ι
1155 3698 1267 3754 Hoc
1305 3699 1528 3753 omnino
1557 3697 1890 3764 devitamus,

293 3801 422 3872 quia
452 3797 604 3854 nefas
624 3808 741 3864 est,
765 3805 823 3850 ut
851 3793 1046 3850 oblatis
1083 3809 1112 3847 a
1156 3791 1468 3862 parentibus
1497 3791 1608 3846 Deo
1645 3790 1769 3846 ﬁliis
1794 3806 1892 3844 vo-

294 3889 513 3961 luptatis
536 3888 686 3944 frena
717 3887 982 3942 laxentur.
1017 3904 1036 3936 ι
1069 3883 1270 3939 Verum
1298 3897 1364 3938 ex
1391 3883 1490 3936 hac
1534 3879 1788 3936 Bonifacii
1811 3880 1897 3936 in-

291 3981 658 4052 terrogatione
701 3977 961 4034 discimus
983 4019 996 4041 ,
1043 3975 1234 4031 saltem
1262 3973 1538 4030 nonnullis
1563 3973 1752 4028 duram
1779 3975 1892 4045 jam

290 4074 466 4132 videri
497 4073 728 4145 coepisse
754 4073 897 4127 illam
925 4073 1119 4142 legem.
1160 4069 1340 4126 Nihilo
1363 4079 1541 4124 tamen
1568 4069 1749 4122 minus
1773 4082 1892 4122 eam

292 4169 352 4224 in
374 4165 664 4224 Germania
684 4167 749 4220 ad
770 4180 970 4219 annum
1003 4163 1108 4220 868
1138 4163 1374 4233 viguisse
1399 4161 1569 4230 liquet
1589 4174 1658 4216 ex
1680 4158 1898 4230 Mogun-

293 4261 552 4318 tiacensis
579 4259 812 4324 concilii,
843 4259 947 4314 hoc
967 4275 1111 4313 anno
1142 4256 1396 4312 Ludovici
1429 4256 1496 4326 pii
1519 4255 1672 4326 jussu
1703 4254 1894 4323 habiti,

293 4369 507 4410 canone
532 4353 622 4418 22,
647 4369 755 4425 quo
775 4353 1016 4409 sancitur
1045 4371 1059 4407 :
1089 4372 1106 4404 ι
1134 4352 1190 4408 Si
1235 4361 1384 4422 pater
1431 4357 1487 4403 et
1535 4359 1708 4404 mater
1730 4347 1894 4403 ﬁlium

294 4445 570 4517 filiamque
620 4446 758 4501 intra
805 4456 958 4514 septa
1011 4443 1324 4499 monasterii
1371 4442 1423 4496 in
1467 4439 1704 4495 infantiae
1741 4439 1896 4496 anuis

293 4539 398 4596 sub
448 4537 680 4608 regulari
737 4537 1052 4592 tradiderint
1098 4535 1414 4604 disciplina;
1449 4548 1555 4588 non
1589 4532 1748 4588 liceat
1777 4531 1892 4597 eis,

1999 3340 2104 3396 set,
2136 3331 2234 3387 sed
2260 3348 2276 3386 :
2303 3332 2430 3403 quia
2459 3350 2478 3384 ι
2527 3332 2732 3404 absque
2762 3333 2928 3404 patris
2965 3333 3237 3390 oblatione
3263 3333 3349 3388 vel
3389 3334 3600 3390 abbatis

2001 3431 2254 3494 percepta
2274 3422 2648 3479 benedictione
2664 3424 2962 3480 monastico
2981 3424 3164 3480 habitu
3188 3424 3405 3482 indutus
3435 3445 3454 3479 ›
3477 3423 3598 3481 fue-

1999 3525 2117 3581 rat;
2148 3514 2202 3571 id
2229 3517 2430 3586 pariter
2451 3525 2682 3573 testante
2698 3516 2868 3588 ipsius
2888 3526 3059 3588 patre,
3075 3518 3198 3588 quia
3224 3540 3244 3569 ι
3263 3518 3448 3589 Neque
3473 3532 3596 3589 ego,

2001 3610 2302 3680 paterejus,
2331 3609 2470 3680 palla
2493 3611 2700 3678 altaris,
2723 3627 2744 3664 ‹
2779 3621 2838 3666 ιιι
2861 3611 3205 3666 Benedictina
3238 3610 3435 3680 [tegula
3465 3626 3603 3681 pra:-

1999 3703 2150 3773 cipit,
2187 3720 2206 3753 ‹
2242 3701 2488 3758 indutum
2521 3702 2674 3759 illum
2709 3704 2897 3770 obtuli,
2928 3717 3605 3775 nequeaquocnmquesa-

1998 3793 2219 3850 cerdote
2243 3795 2326 3851 vel
2346 3795 2559 3864 abbate,
2587 3808 2645 3852 ut
2671 3812 2789 3852 mos
2807 3797 3071 3866 deposcit,
3094 3797 3466 3854 benedictione
3482 3811 3603 3867 per-

1996 3899 2174 3960 cepta,
2206 3891 2409 3962 regqu
2433 3907 2684 3962 umquam
2716 3891 2970 3946 subactus
2996 3899 3106 3945 est:
3133 3909 3154 3940 »
3171 3889 3411 3959 adeoque
3428 3905 3601 3959 neque

1997 3981 2212 4037 oblatus
2251 3981 2357 4037 dici
2397 3993 2491 4038 aut
2535 3982 2830 4038 existimari
2879 3980 3085 4037 debuit.
3138 3981 3339 4038 Eadem
3393 3981 3602 4038 ratione

2001 4075 2060 4132 S.
2103 4074 2446 4142 Bernardus,
2497 4075 2657 4145 epist.
2690 4090 2743 4140 ι,
2773 4073 2840 4130 ad
2866 4074 3162 4130 Robertum
3201 4084 3449 4145 nepotem
3469 4117 3486 4142 ,
3511 4076 3600 4145 qui

1999 4167 2142 4224 inter
2165 4167 2410 4223 diversas
2431 4183 2543 4221 sua:
2572 4181 2603 4220 a
2630 4164 3082 4225 Cisterciensibus
3117 4166 3184 4222 ad
3225 4167 3603 4223 Cluniacenses

1999 4256 2320 4314 defectionis
2344 4271 2568 4323 causas,
2607 4255 2742 4312 hanc
2769 4255 3028 4312 afferebat
3057 4273 3072 4311 :
3102 4257 3243 4328 quod
3278 4257 3601 4312 Cluniacen-

2001 4349 2152 4405 sibus
2209 4365 2239 4403 a
2299 4349 2612 4419 parentibus
2659 4349 2772 4403 suis
2811 4348 3023 4404 oblatus
3045 4349 3254 4414 fuerat,
3284 4363 3412 4404 usus
3439 4351 3600 4404 estin

2001 4441 2146 4497 hunc
2167 4441 2418 4496 modum:
2439 4459 2458 4492 ι
2485 4440 2816 4510 Quamquam
2831 4441 3052 4497 dubium
3069 4457 3174 4497 non
3193 4443 3264 4496 sit
3281 4443 3602 4511 promissum

2001 4535 2152 4590 illum
2184 4534 2352 4590 fuisse
2372 4575 2389 4601 ,
2419 4549 2525 4588 non
2553 4533 2842 4599 donatum;
2877 4549 2975 4590 nec
3003 4535 3148 4590 enim
3180 4535 3398 4606 petitio,
3442 4549 3602 4605 quam

291 4642 583 4703 postquam
615 4630 682 4685 ad
712 4629 1009 4701 pubertatis
1039 4626 1381 4698 pervenerint
1407 4639 1578 4680 annos
1597 4667 1611 4690 ,
1639 4621 1824 4694 egredi
1843 4631 1896 4676 et
1919 4631 1974 4690 1)
1999 4624 2205 4695 Regula
2231 4624 2476 4696 praecipit
2499 4663 2515 4688 ,
2545 4638 2646 4695 pro
2679 4637 2745 4678 eo
2777 4623 2912 4679 facta
2944 4624 3044 4679 fuit
3063 4640 3092 4678 a
3121 4624 3435 4694 parentibus
3456 4666 3470 4690 ,
3503 4639 3604 4681 nec

292 4723 642 4780 matrimonio
715 4721 974 4793 cepulari.
1023 4739 1042 4772 ›
1077 4718 1209 4787 Qua:
1233 4717 1395 4774 verba
1441 4715 1508 4771 ad
1563 4713 1894 4786 propositam

291 4815 556 4874 Bonifacii
612 4815 968 4887 quaestionem
1017 4812 1240 4866 onutino
1287 4816 1415 4865 sunt
1467 4805 1892 4862 accommodata.

292 4909 646 4982 Prosequitur
665 4907 861 4963 exinde
882 4904 1168 4960 concilium
1204 4920 1218 4957 :
1250 4920 1271 4954 ‹
1301 4901 1468 4972 Igitur
1493 4913 1598 4954 non
1628 4898 1786 4953 liceat
1817 4898 1898 4953 eis

289 5012 603 5074 susceptum
644 5000 885 5055 habitum
915 5010 1168 5066 umquam
1197 4995 1453 5050 deserere
1483 5008 1497 5045 :
1537 4990 1632 5048 sed
1663 4991 1894 5046 convicti

289 5092 435 5166 quod
493 5101 773 5148 tonsuram
822 5099 914 5144 aut
965 5085 1276 5156 religiosam
1329 5091 1534 5139 vestem
1601 5081 1894 5153 aliquando

287 5186 613 5253 habuerint,
643 5185 716 5250 ;in
760 5180 1040 5253 religionis
1061 5180 1208 5234 cultu
1235 5177 1565 5249 habituque,
1597 5175 1762 5232 velint
1793 5191 1892 5232 no-

287 5281 414 5347 lint,
446 5291 766 5350 permanere
790 5283 1075 5345 cogantur.
1109 5293 1128 5325 ι
1155 5272 1222 5328 Ει
1245 5273 1360 5326 lucc
1391 5287 1604 5326 rursum
1635 5283 1892 5340 expressa

288 5384 418 5429 sunt
467 5385 537 5427 ex
590 5383 798 5426 canone
850 5366 884 5422 6
929 5364 1174 5420 Toletani
1233 5381 1268 5420 χ
1297 5364 1545 5428 concilii,
1573 5373 1776 5418 tantum
1809 5361 1894 5417 his

287 5464 472 5525 verbis
491 5461 737 5528 canonis,
771 5479 791 5514 ι
828 5459 896 5515 ad
923 5457 1199 5530 religionis
1213 5457 1415 5514 cultum
1433 5457 1784 5526 habitumque
1800 5469 1890 5508 re-

283 5567 581 5620 vocentur,
630 5563 687 5609 et
729 5553 829 5608 sub
873 5563 1075 5607 aeterna
1116 5549 1237 5624 (seu
1283 5547 1511 5621 strenua)
1552 5548 1894 5604 districtione

285 5645 971 5718 bujusmodiobservautia:
993 5643 1550 5714 inservirecogantur,
1588 5658 1608 5692 ι
1644 5638 1893 5694 nonnihil

289 5739 512 5796 mutatis
532 5780 546 5804 ,
577 5749 634 5793 ut
661 5737 896 5794 mutandi
926 5735 1142 5792 habitus
1163 5743 1404 5806 potestas
1429 5731 1641 5788 sublata
1677 5729 1892 5800 planius

279 5833 668 5891 enuntiaretura
693 5830 831 5888 Tum
867 5830 1008 5889 idem
1034 5827 1348 5894 concilium,
1376 5841 1500 5881 can.
1527 5824 1623 5887 κδ,
1659 5827 1888 5879 renovat

2003 4732 2197 4773 manus
2224 4717 2366 4772 illius
2391 4731 2516 4773 cum
2545 4719 2658 4788 ipsa
2680 4715 2940 4790 petitione
2963 4717 3198 4772 involuta
3226 4717 3364 4788 palla
3392 4715 3600 4786 altaris,

2006 4810 2156 4866 utsic
2183 4809 2472 4867 offerretur
2497 4825 2681 4866 coram
2717 4811 2963 4866 testibus.
2991 4829 3010 4862 ι
3029 4810 3284 4878 Quamvis
3310 4819 3486 4866 autem
3507 4809 3604 4865 Ni-

2003 4904 2190 4960 colaus
2217 4903 2269 4972 Ι,
2314 4904 2366 4960 in
2403 4905 2609 4974 judicio
2645 4904 2714 4960 de
2748 4905 3021 4960 Lamberti
3049 4891 3444 4976 causa-prolato
3467 4947 3483 4973 ,
3510 4919 3605 4960 ne-

2005 5013 2272 5069 quaquam
2294 4999 2610 5055 existimare
2626 5012 2686 5054 se
2710 4999 3024 5065 rescribat,«
3047 4997 3390 5054 Lambertum
3404 4997 3606 5053 debere

1999 5096 2104 5151 sub
2130 5096 2222 5151 tali
2241 5095 2496 5150 violentia
2520 5093 2638 5150 ﬁeri
2669 5094 3016 5158 monachum,
3047 5113 3066 5146 ν
3097 5093 3222 5164 quia
3255 5112 3273 5145 ι
3308 5092 3452 5164 quod
3482 5092 3604 5162 quis

1999 5203 2107 5244 non
2136 5187 2318 5260 elegit,
2349 5203 2446 5244 nec
2459 5197 2626 5258 optat,
2661 5186 2902 5258 profecto
2928 5202 3036 5242 non
3051 5186 3242 5258 diligit;
3260 5185 3401 5257 quod
3423 5194 3602 5242 autem

1998 5295 2105 5334 non
2121 5278 2308 5350 diligit,
2335 5277 2490 5334 facile
2504 5279 2796 5346 contemnit
2813 5295 2826 5332 :
2851 5297 2872 5330 ι
2893 5288 3068 5334 tamen
3085 5277 3358 5348 aliquanto
3373 5289 3491 5348 post
3505 5276 3606 5334 Ra-

1995 5375 2168 5431 banus
2196 5373 2421 5430 istarum
2452 5373 2784 5430 oblationqu
2816 5387 3018 5428 morem
3047 5373 3307 5444 opusculo
3337 5371 3478 5441 apud
3496 5371 3607 5426 Ma-

1996 5468 2295 5534 billonium,
2320 5479 2381 5523 ut
2403 5468 2652 5538 superius
2677 5467 2877 5523 dictum
2899 5476 3000 5532 est,
3021 5468 3074 5523 in
3103 5468 3276 5522 lucem
3303 5466 3451 5522 edito
3465 5465 3604 5521 acri-

1996 5575 2080 5620 ter
2128 5562 2502 5634 propugnavit.
2532 5562 2602 5616 Et
2635 5561 2886 5632 quidem,
2941 5576 3084 5616 anno
3128 5561 3269 5628 895',
3320 5559 3604 5616 concilium

1995 5657 2343 5714 Triburiense
2368 5699 2382 5722 ,
2415 5672 2538 5712 can.
2572 5655 2674 5724 i6,
2707 5656 2983 5712 conatituit
3031 5673 3045 5710 :
3094 5675 3113 5708 ι
3152 5654 3320 5723 Quem
3354 5657 3604 5726 progeni-

1997 5759 2144 5804 tores
2163 5747 2231 5804 ad
2259 5749 2644 5804 monasterium
2676 5747 3050 5814 tradiderunt,
3077 5756 3133 5803 et
3161 5748 3213 5802 in
3243 5748 3468 5806 ecclesia
3491 5759 3601 5806 cae:

1997 5837 2135 5911 perit
2158 5847 2376 5899 cantare
2403 5848 2455 5894 et
2471 5837 2674 5908 legere,
2699 5839 2800 5895 nec
2818 5845 3039 5897 murem
3057 5833 3272 5904 duceret
3298 5853 3396 5896 nec
3409 5835 3598 5895 moria-‘-
