3838 6278
145 278 215 333 25
1164 277 1504 340 Ευεειςιυε
1540 279 1721 336 ΡΑΡΑ
1760 278 2042 349 QUANDO
2078 282 2388 340 SEDERIT.
3366 286 3435 343 26

142 394 357 452 sterium
402 393 656 451 deserere
693 396 906 465 poterit.
934 395 1042 453 Sed
1061 362 1478 463 srdiscesserit',
1510 396 1737 453 reduca-
1763 403 1815 462 Α
1840 400 1915 455 cit
1943 418 1958 454 :
1993 420 2011 452 ‹
2044 400 2237 457 Postea
2278 402 2514 458 induitur
2562 400 3005 476 (puer)'cuculla,
3033 409 3090 457 et
3125 399 3440 458 de‘caetero

142 500 266 557 tur;
290 489 333 545 si
359 496 631 544 tonsuram
662 488 961 559 dimiserit,
997 505 1212 546 rursum
1244 490 1563 558 tondeatur;
1613 506 1738 547 ιιιιο⁸

143 599 251 641 rem
271 583 314 639 si
337 583 698 655 usurpaverit,
719 582 992 642 dimittere
1017 584 1396 655 compellatur.
1433 604 1453 637 ι

213 676 263 731 6.
312 674 574 730 Eumdem
626 691 834 731 morem
898 676 965 731 ad
1010 677 1267 732 saaculum
1314 693 1426 740 xu,
1478 692 1736 747 perseve-

141 784 299 836 rasse,
332 784 456 825 cum
480 784 547 825 ex
577 770 806 841 epistola
850 787 866 825 ι
895 770 1155 827 Bernardi
1199 770 1444 841 superius
1496 770 1731 838 laudata,

142 873 243 918 tum
267 877 334 918 ex
364 863 596 934 epistola
625 864 824 920 Siberti
874 864 943 919 ad
971 863 1258 920 Bodulfnm
1286 864 1533 920 abbatem
1564 866 1736 920 sancti

136 953 420 1021 Trudnnis,
477 956 568 1027 qui
624 955 728 1012 hoc
753 958 955 1013 sacculo
1007 957 1260 1024 ﬂorebat,
1316 972 1530 1012 necnon
1569 973 1633 1012 ex
1670 973 1734 1013 ca

130 1061 283 1118 quam
312 1046 460 1103 idem
486 1048 655 1105 abbas
681 1050 987 1119 rescripsit,
1017 1051 1361 1121 perspicuum
1391 1060 1475 1105 est
1506 1049 1731 1120 (Decret.

130 1139 361 1213 Gregorii
387 1140 497 1211 IX,
528 1143 615 1197 lib.
646 1160 727 1209 ut,
759 1145 837 1198 tit.
870 1145 961 1211 51,
991 1161 1107 1214 cap.
1140 1146 1198 1199 ll
1237 1154 1281 1199 et
1305 1142 1415 1217 12).
1440 1144 1545 1215 Ipsi
1570 1145 1732 1200 etiam

122 1233 327 1289 saeculo
355 1234 454 1291 illo
490 1235 777 1290 desinente
806 1234 1213 1305 obsequendum
1241 1250 1366 1291 esse
1404 1244 1735 1292 censuerunt

120 1325 436 1384 Alexander
480 1328 555 1389 Ill.
588 1338 643 1385 et
668 1327 923 1385 Clemens
959 1329 1049 1384 lll.
1087 1328 1329 1385 Tandem
1369 1329 1563 1384 horum
1606 1344 1731 1385 suc-

117 1436 313 1478 cessor
341 1421 691 1491 C(elestinus,
723 1424 792 1479 de
822 1438 989 1494 puero
1015 1439 1178 1494 quem
1224 1433 1352 1479 ante
1391 1423 1734 1478 discretionis

114 1530 298 1572 annos
359 1526 515 1589 pater
564 1532 696 1571 suus
765 1516 971 1572 fecerat
1017 1517 1280 1585 ,ltabitum
1356 1516 1733 1573 monachalem

110 1613 432 1679 suscipere,
477 1609 862 1680 interrogatus,
909 1609 1202 1679 respondet
1250 1608 1440 1684 (lbid.,
1468 1627 1516 1664 c.
1569 1611 1636 1666 M
1665 1608 1730 1679 ):

117 1718 137 1753 ι
171 1698 232 1756 Si
266 1700 451 1756 dictus
475 1716 612 1772 puer
634 1702 701 1756 ad
732 1717 901 1756 annos
924 1702 1268 1759 discretionis
1293 1703 1630 1773 pervenerit,
1678 1711 1734 1758 et

111 1790 371 1847 habitum
397 1793 634 1849 retinere
660 1793 897 1849 noluerit
924 1793 1319 1859 monachalem,
1350 1793 1397 1848 si
1419 1796 1486 1849 ad
1514 1794 1618 1848 hoc
1640 1793 1727 1848 in-

1841 492 2144 549 benedictio
2166 495 2284 565 ejus
2307 494 2553 550 dill‘ertur
2582 509 2752 566 usque
2787 494 2853 549 ad
2874 494 3165 566 legitimam
3201 502 3442 564 tetatem,

1841 588 1894 643 id
1926 599 2029 653 est,
2060 588 2105 644 si
2132 605 2237 644 non
2265 590 2516 659 amplius,
2534 589 2617 645 vel
2644 605 2814 660 usque
2829 588 2895 643 ad
2912 604 3193 653 auruncum
3212 603 3397 644 annos.
3412 606 3433 642 ι

1840 682 2107 737 Eumdcm
2126 699 2331 738 morem
2361 683 2587 738 innuere
2607 682 2823 737 videtur
2851 691 2905 738 et
2929 679 3183 737 Clemens
3203 682 3289 748 III,
3314 682 3434 738 loco

1833 774 1945 847 jam
1992 775 2177 842 citato,
2223 775 2310 831 ubi
2354 777 2570 846 puellae,
2616 786 2741 832 ante
2782 775 3128 831 discretionis
3182 789 3356 830 annos
3411 791 3443 830 a

1840 868 2155 938 parentibus
2187 869 2524 923 monasterio
2553 867 2761 922 tradita:
2787 867 2852 922 ad
2875 866 3133 922 smculum
3163 876 3445 921 reverten-

1836 962 1891 1017 di
1921 963 2123 1017 aditum
2156 963 2368 1033 penitus
2398 961 2749 1028 interdicens,
2773 963 2931 1016 istam
2969 960 3244 1017 interdicti
3274 960 3436 1032 hujus

1838 1054 2101 1109 rationem
2135 1053 2319 1123 adjicit
2357 1071 2370 1108 :
2405 1072 2423 1105 ι
2459 1053 2575 1107 Νοιι
2613 1054 2758 1108 enim
2804 1052 3016 1108 videtur
3043 1053 3133 1108 illa
3162 1055 3438 1123 monasti-

1834 1161 1911 1200 cae
1940 1146 2292 1218 professionis
2319 1162 2348 1199 a
2373 1162 2431 1202 se
2462 1162 2622 1217 posse
2648 1147 2835 1217 jugum
2859 1156 3135 1210 excutere,
3155 1162 3280 1203 cum
3310 1163 3433 1203 eam

1836 1255 1944 1295 non
1968 1249 2180 1296 constet
2209 1240 2487 1295 evidenter
2506 1240 2922 1305 contradixissc,
2954 1255 3078 1294 cum
3104 1238 3437 1295 benedictio-

1836 1348 1959 1388 nem
1987 1335 2215 1403 accepit,
2262 1348 2422 1403 quam
2457 1332 2671 1387 nonnisi
2704 1334 2756 1386 in
2782 1339 2941 1387 tetate
2966 1331 3309 1387 discretionis
3350 1345 3436 1386 re-

1838 1425 2043 1496 cipiunt
2097 1441 2219 1496 quae
2276 1426 2554 1492 velantur,
2613 1423 2909 1496 prmscrtim
2961 1423 3006 1477 si
3061 1421 3439 1478 ratibabitionc

1835 1528 2038 1585 secuta,
2072 1519 2176 1574 etsi
2194 1534 2313 1575 eam
2343 1518 2666 1590 quandoque
2694 1516 3085 1573 contradixisse
3102 1515 3430 1579 constiterit,

1834 1614 2136 1669 roboratur.
2180 1612 2344 1668 )Tl'la
2382 1612 2582 1682 quippe
2615 1611 2990 1681 complectitur
3020 1609 3135 1664 hcce
3174 1609 3314 1664 ratio
3340 1624 3353 1662 :
3376 1609 3437 1663 1ο

1835 1703 2043 1773 puellas
2085 1703 2332 1759 benedici
2358 1719 2465 1758 non
2499 1703 2866 1768 consuevisse,
2888 1703 3122 1756 nisicnm
3141 1701 3207 1755 ad
3227 1709 3442 1755 tetatem

1836 1795 2184 1851 discretionis
2211 1796 2618 1865 pervenissent;
2653 1794 2868 1859 deinde,
2900 1794 2978 1848 eis
3005 1801 3133 1847 tunc
3175 1790 3435 1847 benedic-

112 1884 243 1939 duci
300 1886 635 1954 nequiverit,
696 1901 802 1940 non
831 1893 915 1940 est
960 1885 1235 1940 ullatenus
1279 1885 1727 1953 compellendus;
1761 1865 1810 1924 Β
1838 1889 1970 1943 tioni
2022 1888 2333 1957 ltujusmodi
2372 1887 2782 1942 contradicendi
2851 1894 3178 1956 potestatem
3228 1883 3439 1953 fuisse;

114 1978 244 2049 quia
294 1989 411 2032 tum
462 1977 699 2032 liberum
749 1978 851 2033 sibi
891 1978 1141 2033 eriteum
1174 1978 1472 2043 dimittere,
1506 1988 1561 2032 et
1588 1976 1728 2031 bona

117 2078 375 2141 paterna,
408 2084 529 2140 quae
558 2070 661 2126 sibi
690 2086 756 2125 ex
783 2070 1130 2126 successione
1169 2071 1515 2141 prOveuittnt,
1549 2080 1733 2140 postu-

116 2163 252 2220 lare.
284 2183 307 2217 ›

113 2274 121 2294 σ
188 2260 245 2314 7.
305 2256 387 2313 Ea
446 2268 627 2315 tamen
671 2258 755 2315 lex
774 2258 885 2329 jam
918 2268 1077 2314 antea
1103 2258 1373 2314 nonnullis
1389 2259 1442 2315 in
1471 2258 1603 2315 locis
1628 2273 1728 2314 an-

118 2354 320 2424 tiquari
348 2364 608 2424 coeperat.
645 2353 715 2409 Et
741 2353 964 2409 Nicolao
992 2353 1207 2426 quidem
1232 2354 1274 2421 Ι,
1306 2363 1363 2408 ιιι
1387 2370 1549 2424 supra
1573 2353 1726 2409 audi-

117 2446 323 2513 vimus,
358 2446 545 2501 durior
572 2446 687 2502 visa
714 2456 850 2515 erat,
894 2457 949 2502 et
997 2447 1322 2515 libertatem,
1351 2462 1511 2517 quam
1541 2446 1727 2517 hujus-

119 2539 272 2596 modi
302 2549 480 2595 status
504 2541 697 2596 electio
721 2540 1017 2607 desiderat,
1069 2540 1285 2596 laedere.
1352 2541 1462 2596 Nec
1504 2541 1607 2595 alia
1658 2541 1728 2597 de

119 2650 283 2691 causa
309 2634 622 2691 Bonifacius
652 2636 997 2708 Moguntinus
1024 2645 1180 2690 antea
1210 2634 1531 2705 Gregorium
1556 2633 1596 2690 ll
1622 2635 1726 2690 sibi

121 2728 191 2785 de
218 2728 311 2784 illa
340 2729 740 2785 consulendum
767 2729 1015 2785 duxerat.
1046 2729 1398 2784 Postmodum
1446 2745 1576 2783 vero
1603 2726 1728 2783 Clu-

126 2821 421 2878 niacenses
449 2822 723 2892 quoddam
748 2821 798 2877 ei
824 2830 1314 2892 temperamentum
1344 2819 1598 2875 videntur
1630 2820 1727 2873 ad-

122 2913 399 2985 hibuisse.
419 2913 625 2970 Horum
650 2914 849 2986 quippe
872 2913 1296 2970 consuetudines
1335 2922 1462 2967 ante
1488 2907 1726 2967 medium

122 3007 379 3064 saeculum
409 3023 447 3062 χ
482 3006 798 3064 describens
834 3007 893 3063 S.
936 3005 1223 3063 Udalricus
1245 3005 1340 3061 lib.
1375 3021 1451 3071 nt,
1475 3020 1527 3073 c.
1556 3004 1609 3072 8,
1642 3020 1728 3059 re-

125 3102 230 3158 lata
254 3116 553 3174 puerorum
583 3102 857 3159 oblatione
881 3101 1108 3173 ejusque
1128 3101 1255 3166 ritu,
1284 3099 1532 3170 proxime
1549 3098 1722 3170 subji-

1834 1991 2133 2052 postremo,
2163 1979 2663 2035 contradicentibus
2684 1978 2889 2033 aditum
2917 1977 2983 2033 ad
3010 1977 3196 2034 smculi
3220 1992 3439 2049 regres-

1838 2088 1959 2129 sum
1991 2071 2247 2142 patuisse.

1906 2165 1961 2220 8.
2014 2164 2183 2220 Porro
2233 2180 2300 2220 ex
2353 2164 2605 2219 omnibus
2650 2164 2973 2220 testimoniis
3024 2179 3146 2234 quae
3180 2164 3439 2236 colligere

1833 2258 2137 2319 autvidere
2161 2259 2319 2315 nobis
2351 2260 2450 2314 hac
2471 2260 2538 2313 de
2574 2275 2635 2315 re
2685 2259 2858 2328 licuit,
2899 2260 3104 2314 nullum
3139 2268 3245 2327 est,
3293 2259 3438 2328 quod

1834 2368 1958 2408 cum
1986 2351 2206 2408 decreto
2238 2360 2425 2406 nostro
2454 2353 2624 2421 magis
2652 2352 2975 2417 consentiat,
3008 2366 3168 2422 quam
3200 2349 3344 2421 quod
3364 2365 3434 2406 ex

1836 2446 2320 2503 consuetudinibus
2374 2444 2813 2502 Cluniacensium
2866 2445 3207 2514 protulimus.
3260 2445 3439 2512 Quare

1794 2541 1964 2608 ,illud
2013 2541 2078 2595 ad
2105 2541 2304 2595 exitum
2337 2541 2519 2594 saeculi
2550 2540 2678 2594 noni
2719 2547 2813 2593 aut
2857 2539 3070 2593 initium
3114 2538 3311 2594 decimi
3347 2552 3434 2592 re-

1836 2635 1981 2690 ferre
2010 2634 2155 2689 licet.
2187 2632 2293 2687 Aut
2318 2633 2481 2687 etiam
2509 2633 2684 2687 serius
2710 2641 2792 2685 est
2839 2629 3225 2696 dill‘erendum,
3261 2629 3304 2683 si
3337 2628 3436 2683 be-

1836 2727 2092 2792 nedictio,
2122 2741 2283 2796 quam
2321 2725 2760 2780 Cluniacensium
2810 2721 3232 2778 consuetudines
3282 2730 3440 2775 actate

1836 2820 2073 2890 legitima
2131 2817 2470 2889 praecipiunt,
2520 2817 2761 2872 instituta
2815 2815 2905 2881 sit,
2935 2824 2987 2869 ut
3023 2831 3154 2885 puer
3197 2815 3309 2885 jam
3352 2813 3439 2869 sui

1835 2929 2059 2985 compos
2089 2926 2259 2968 ratam
2310 2911 2513 2968 faceret
2552 2920 2715 2981 atque
2759 2909 3109 2966 conﬁrmaret
3153 2915 3436 2978 parentum

1834 3008 2183 3077 oblationem,
2204 3021 2308 3064 non
2323 3006 2539 3078 utoptio
2556 3005 2604 3061 ei
2621 3003 2840 3061 daretur
2857 3000 3135 3075 repetendi
3155 3000 3433 3057 sacculum.

131 3355 3411 3391 —_—_—_—_——_.__——_——_——-—————_d

565 3593 1395 3716 SANCTUS
1468 3591 2333 3724 EUSEBIUS
2406 3592 2988 3711 PAPA.

1391 3910 1661 3942 -——-1"=
1688 3903 2169 3951 θροῶ-

417 4169 509 4241 §l.
532 4196 605 4210 —
631 4166 849 4236 Quando
880 4174 928 4221 et
958 4162 1204 4236 quamdiu
1239 4159 1441 4217 sederit.

196 4349 463 4408 Eusebius
482 4349 534 4403 in
564 4347 809 4417 pluribus
838 4342 1162 4415 pontificalis
1186 4341 1306 4396 libri
1329 4336 1729 4409 exemplaribus

127 4457 297 4499 annos
327 4458 380 4497 vt
400 4483 417 4509 ,
451 4454 698 4496 mensem
726 4456 779 4503 ι,
804 4438 920 4492 dies
948 4453 1003 4491 nt
1028 4479 1044 4503 ,
1076 4436 1128 4490 in
1143 4434 1265 4489 aliis
1295 4447 1469 4486 anuos
1496 4448 1552 4496 ιι,
1573 4445 1728 4484 men-

129 4548 241 4590 sem
270 4550 307 4600 ι,
341 4533 461 4588 dies
492 4547 628 4598 xxv,
653 4529 863 4585 sedisse
893 4529 1113 4583 dicitur.
1149 4529 1280 4581 lium
1311 4523 1572 4579 Eusebius
1614 4521 1730 4576 Cae-

130 4626 387 4682 sariensis
417 4625 712 4697 episcopus
759 4624 813 4677 in
860 4621 1135 4677 Chronico
1190 4628 1399 4688 septem
1451 4615 1729 4671 mensibus

132 4717 429 4774 Ecclesiam
450 4716 863 4772 administrasse
889 4714 1097 4770 scribit.
1161 4713 1237 4768 De
1263 4712 1367 4766 hoc
1411 4725 1549 4781 papa
1588 4708 1727 4763 istud

130 4820 331 4867 tantum
362 4812 417 4867 in
463 4809 804 4866 Bucheriano
849 4807 1095 4878 catalogo
1129 4805 1391 4859 habemus
1424 4821 1436 4857 :
1499 4821 1518 4853 ‹
1554 4801 1726 4856 Euse-

130 4902 247 4958 bius
276 4918 495 4960 menses
522 4918 599 4968 tv,
626 4901 741 4955 dies
765 4915 880 4967 xvr,
934 4915 965 4954 a
1016 4914 1105 4954 xiv
1150 4896 1418 4951 Kalendas
1454 4894 1617 4950 Maias
1662 4894 1727 4949 ad

130 5009 218 5050 ιη
250 4993 526 5050 Kalendas
574 4992 936 5063 Septembris.
970 5011 989 5043 ι
1049 4991 1103 5044 In
1154 5003 1260 5060 quo
1288 4987 1390 5042 sibi
1416 5003 1519 5041 non
1551 4986 1729 5041 cohae-

132 5096 216 5144 t'et
258 5089 365 5146 iste
392 5088 694 5159 catalogus,
721 5103 844 5143 cum
874 5102 905 5140 a
935 5100 1031 5140 xw
1059 5082 1329 5139 Kalendas
1356 5081 1519 5136 Maias
1546 5080 1612 5135 ad
1641 5095 1728 5135 xv:

130 5184 396 5243 Kalendas
427 5187 779 5255 Septembres
804 5192 1040 5256 quatuor
1060 5182 1341 5237 dumtaxat
1372 5197 1591 5238 menses
1618 5197 1729 5238 uno

132 5276 220 5333 die
245 5279 425 5334 minus
481 5277 896 5347 interjiciantur.
929 5276 1013 5331 Ab
1064 5290 1131 5330 eo
1153 5275 1315 5331 etiam
1359 5274 1585 5330 dissidet
1626 5275 1730 5330 Bu-

133 5367 419 5425 cberianus
447 5368 807 5440 depositionis
833 5369 1199 5424 Romanorum
1226 5366 1540 5437 pontiﬁcum
1583 5377 1741 5422 cata-7

134 5462 307 5532 logus,
338 5464 391 5519 in
416 5479 527 5535 quo
548 5464 741 5535 legitur
770 5483 784 5519 :
813 5483 832 5515 ι
861 5480 912 5518 vt
953 5462 1218 5518 Kalendas
1244 5461 1495 5517 Octobris
1512 5461 1727 5516 Eusebii

1758 4152 1803 4215 C
1838 4153 2149 4216 librarium,
2197 4154 2287 4224 qui
2330 4153 2726 4209 Bucberianum
2773 4154 3073 4226 catalogum
3115 4152 3432 4223 descripsit,

1837 4262 1936 4315 pro
1968 4264 1988 4298 ι
2022 4263 2076 4302 γι
2104 4246 2224 4302 Kal.
2255 4247 2511 4303 Octobris
2544 4266 2565 4299 ι
2620 4263 2716 4317 per
2763 4248 3103 4302 oscitantiam
3154 4247 3437 4317 scripsisse

1840 4360 1858 4391 ι
1900 4355 1989 4396 xw
2020 4340 2135 4395 Kal.
2156 4340 2511 4411 Septembris,
2550 4362 2567 4393 ι
2598 4340 2775 4396 addita
2801 4341 3051 4396 videlicet
3082 4339 3150 4395 de
3179 4354 3277 4395 suo
3308 4349 3430 4394 nota

1835 4434 2106 4489 uumerica
2133 4449 2167 4487 x
2193 4444 2247 4490 et
2278 4452 2296 4485 ι
2324 4435 2680 4504 Septembris,
2718 4455 2738 4487 ι
2776 4444 2835 4489 ιιι
2865 4435 3025 4489 vicini
3053 4435 3255 4489 mensis
3277 4448 3434 4488 voca-

1834 4527 1980 4592 bttln,
2012 4528 2153 4598 quod
2184 4528 2452 4584 interdum
2484 4529 2701 4592 accidit,
2739 4549 2758 4581 ‹
2790 4527 3041 4583 Octobris
3076 4547 3095 4580 ι
3134 4528 3254 4582 loco
3301 4527 3429 4583 sub-

1832 4620 2041 4674 stituto.
2071 4620 2335 4686 Quocirca
2359 4619 2548 4675 doctus
2561 4620 2939 4675 Tillemontins
2956 4618 3173 4674 laudato
3194 4619 3434 4674 indiculo

1832 4712 2061 4783 aliisque
2088 4713 2436 4768 monimentis
2481 4712 2657 4768 eidem
2709 4710 3129 4782 suﬂ’ragantibus
3183 4711 3434 4766 standum

1832 4805 2170 4872 existimans,
2202 4821 2265 4861 ac
2294 4821 2511 4862 menses
2537 4816 2770 4875 quatuor
2796 4816 2850 4861 et
2875 4806 3150 4861 sexdecim
3180 4806 3315 4871 dies,
3343 4808 3435 4877 qui

1833 4899 2173 4955 Bucheriano
2211 4900 2264 4953 in
2309 4899 2555 4969 catalogo
2598 4899 2810 4955 Eusebii
2848 4901 3178 4970 pontiﬁcatui
3225 4901 3431 4957 adscri-

1834 4992 2051 5056 buntur,
2084 4991 2342 5056 retinens,
2376 4990 2519 5045 hnnc
2544 5006 2732 5061 papam
2757 5009 2792 5046 x
2824 4992 2944 5047 Maii
2972 4993 3081 5059 die,
3126 4994 3252 5049 anni
3300 4995 3425 5061 510,

1831 5095 2095 5151 creatum,
2123 5092 2178 5139 et
2220 5083 2409 5139 eodem
2437 5099 2581 5139 anno
2608 5102 2732 5141 xxvr
2763 5085 3098 5156 Septembris
3127 5088 3214 5143 die
3241 5088 3308 5143 ad
3351 5090 3432 5143 vi-

1832 5186 1941 5232 tam
1974 5176 2250 5232 meliorem
2280 5177 2541 5247 migrasse
2569 5189 2774 5234 censet.
2809 5180 2953 5237 Sane
2980 5181 3294 5250 chronolngi
3339 5197 3431 5250 pc-

1832 5274 2046 5330 ritiores
2078 5274 2365 5331 Eusebium
2412 5277 2627 5331 nonnisi
2656 5293 2802 5335 anno
2829 5282 2933 5335 510
2965 5281 3203 5349 regimen
3249 5279 3433 5334 Eccle-

1832 5367 1926 5422 sia:
1956 5367 2280 5436 suscepisse,
2309 5378 2468 5437 atque
2490 5378 2616 5424 ante
2648 5370 2981 5439 Septembris
3007 5370 3206 5424 exitum
3232 5370 3434 5425 obiisso

1831 5459 2193 5514 consentiunt.
2221 5457 2532 5515 Undehunc
2564 5479 2751 5531 papam
2774 5463 2917 5515 nullo
2940 5463 3218 5517 Deccmbri
3245 5479 3432 5519 mense

133 5556 187 5611 in
213 5552 439 5611 CalliSti.
472 5577 492 5609 ι
524 5555 682 5613 Unde
715 5556 1006 5612 Eusebium
1035 5555 1376 5627 Septembris
1407 5570 1527 5609 xxvi
1559 5554 1647 5608 die
1673 5555 1725 5609 in
1755 5552 1809 5611 D
1836 5552 2033 5607 vixisse
2058 5553 2361 5608 conﬁcitur.
2389 5554 2517 5622 Qum
2550 5556 2708 5625 igitur
2738 5554 2982 5609 habenda
3015 5555 3145 5609 lidcs
3168 5572 3262 5609 sctt
3318 5554 3432 5609 Bol-

132 5645 336 5703 Callisti
363 5649 677 5704 coemetcrio
704 5648 1008 5717 depositum
1032 5648 1201 5704 fuisse
1216 5648 1493 5702 discimus.
1514 5647 1581 5701 Et
1598 5647 1724 5703 huic

135 5738 347 5809 quidem
370 5740 608 5797 indiculo
628 5741 1010 5813 martyrologia
1068 5750 1253 5796 vetera
1287 5750 1342 5797 et
1370 5742 1549 5811 plures
1600 5740 1725 5796 libri

136 5828 461 5899 pontiﬁcalis
483 5829 699 5891 codich
719 5830 1096 5903 sntl‘rngantur.
1126 5831 1305 5899 Quare
1356 5826 1590 5901 suspicio
1642 5836 1726 5887 est

1838 5644 2093 5699 landiano
2123 5645 2594 5716 librifpontiticalis
2626 5646 2821 5715 codici,
2845 5648 2896 5702 in
2943 5663 3050 5716 quo
3080 5658 3189 5701 trcs
3214 5647 3263 5701 ei
3297 5648 3435 5703 ordi~

1833 5738 2081 5792 nationes
2103 5752 2200 5809 per
2226 5752 2466 5792 mensem
2518 5737 2866 5794 Decembrem
2906 5736 3294 5807 attrilmuntur,
3336 5752 3430 5796 seu

1834 5824 1942 5883 alii.
1976 5828 2026 5885 lu
2052 5827 2244 5899 quibus
2275 5836 2432 5883 unum
2458 5830 2646 5887 eodem
2678 5834 2863 5885 mense
2911 5823 3101 5883 fecisse
3147 5820 3431 5887 narraturi
