3838 6278
364 268 435 326 9.7
1356 280 1443 337 DE
1481 282 1832 343 ΕΙ)ΙὸΤουὸ
1873 284 2167 347 EUSEBIO
2210 287 2642 383 ADBCRIPTiS.
3595 301 3669 357 28

373 388 400 461 ς
429 387 493 446 ll.
522 420 595 432 -—-
615 389 681 448 In
710 406 807 465 qua
842 394 1101 466 vulgatum
1139 398 1202 453 de
1232 394 1293 452 S.
1323 394 1542 455 Eusebio
1565 415 1766 457 carmen
1795 402 1961 474 empti-
1988 403 2039 465 Α
2066 404 2147 458 tit.
2179 405 2244 471 5,
2277 404 2395 477 lege
2421 406 2519 474 56,
2554 416 2664 463 tum
2694 407 2914 464 Novella
2957 410 3082 479 125,
3110 424 3229 483 cap.
3265 413 3356 484 59,
3386 429 3595 472 necnon
3640 430 3673 470 a

1087 498 1251 551 catur.

745 615 1047 661 mentun
1078 603 1159 679 (1)
1187 622 1253 662 ne
1278 619 1326 662 s.
1349 620 1590 662 susum.

438 695 698 764 gerqclius
719 696 792 764 (ἓ)
815 699 977 764 vetuit
999 695 1161 764 lapsos
1183 706 1381 764 peccata
1403 697 1609 764 dolere;

435 759 683 810 Eusebius
701 761 909 809 miseros
931 759 1095 810 docuit
1117 759 1203 809 sua
1229 761 1433 813 crimina
1458 759 1603 813 flere.

440 821 686 891 §cindit_ur
705 822 756 872 in
778 829 949 891 partes
973 821 1647 891 pupulusgliscentefurore,

437 884 597 937 Sedet
619 883 726 935 loca
749 882 872 935 edes
890 882 1006 951 (leg.
1038 882 1249 948 swine,
1278 886 1464 951 cedes)
1484 882 1688 953 bellum,
1712 887 1972 962 discordia,

438 1006 683 1074 Exemplo
701 1009 773 1074 (5)
833 1011 982 1060 arlter
1004 1008 1131 1072 pulsi
1143 1006 1342 1065 feritate
1363 1019 1570 1078 tvranni,
1757 952 1912 1020 ﬂues.

442 1072 644 1135 Integra
669 1086 778 1135 cum
799 1024 873 1135 Fs)
897 1079 1060 1123 rector
1080 1084 1313 1128 servaret
1335 1069 1522 1129 foédera
1548 1082 1702 1135 pacis,

442 1072 649 1143 {ntegra
669 1072 873 1143 cumis)
897 1079 1060 1143 rector
1080 1084 1315 1143 servaret
1328 1072 1522 1143 itide”
1548 1072 1702 1143 pacis,

332 1188 339 1191 ,
440 1133 880 1202 Pertulitjaxilinm
904 1140 1102 1202 omnino
1122 1139 1214 1189 sub
1232 1139 1401 1202 judice
1427 1133 1568 1194 laetus

440 1196 632 1248 Littore
653 1197 904 1249 Trinacrio
928 1197 1002 1263 (ὅ)
1030 1196 1263 1252 mundum
1285 1204 1532 1270 vitamque
1554 1206 1773 1273 reliquit.

381 1296 409 1377 δ
433 1300 678 1359 [IL—De
704 1305 930 1379 epistolis
957 1323 1018 1362 ac
1040 1304 1254 1365 decretis
1274 1306 1499 1371 Eusebio
1512 1330 1666 1384 papae
1685 1313 1979 1385 adscriptis.

454 1419 510 1474 1.
541 1417 678 1476 Tres
703 1419 959 1491 epistolas
977 1430 1164 1491 aperte
1185 1421 1370 1492 falsas,
1402 1434 1457 1480 et
1479 1426 1548 1481 ab
1592 1426 1797 1484 lsidoro
1839 1428 1982 1485 Mer-

384 1518 567 1567 catore
588 1510 805 1568 Eusebii
836 1513 1057 1569 nomine
1083 1514 1360 1582 conﬁctas,
1378 1531 1500 1572 cum
1528 1519 1741 1574 cmteris
1760 1519 1811 1576 in
1838 1520 1984 1590 ejus.

386 1603 511 1661 dem
540 1604 752 1661 ofﬁcina
774 1608 939 1675 cusis,
968 1608 1078 1665 Deo
1109 1608 1293 1678 dante,
1322 1608 1462 1667 forte
1489 1612 1615 1668 alibi
1638 1612 1884 1671 edemus.

458 1697 513 1757 2.
546 1700 816 1757 Praeterea
850 1703 903 1756 in
953 1702 1278 1759 editionibus
1324 1704 1687 1761 Conciliorum
1754 1716 1986 1778 quatuor

387 1794 841 1852 circumferuntur
865 1795 1082 1851 decreta
1110 1812 1142 1852 e
1167 1797 1330 1852 variis
1352 1813 1619 1855 canonum
1646 1800 1984 1857 collectioui-
2012 1798 2060 1858 B

386 1887 511 1954 bus,
540 1887 593 1943 in
617 1886 808 1957 quibus
832 1886 1049 1943 Eusebii
1068 1888 1284 1945 nomine
1315 1889 1705 1960 iusigniuntur,
1732 1892 1983 1949 collecta.

388 1979 593 2039 Horum
621 1980 882 2051 primum,
918 1999 937 2033 ι
978 1981 1365 2052 Desponsatam
1394 1985 1630 2055 puellam
1670 1988 1986 2057 parentibus

388 2087 496 2129 non
523 2064 652 2129 licet
680 2074 769 2129 alii
795 2075 912 2130 viro
933 2074 1182 2142 tradere;
1214 2077 1337 2132 licet
1362 2086 1538 2133 tamen
1589 2083 1982 2139 monasterium

388 2165 491 2223 sibi
519 2165 739 2238 eligere,
778 2185 798 2220 ι
832 2166 974 2239 quod
997 2166 1285 2225 Gratianus
1312 2168 1405 2236 27,
1436 2182 1629 2241 quiest.
1660 2173 1717 2239 3,
1750 2174 1983 2245 cap,27,

388 2259 481 2316 Ivo
503 2275 556 2331 p.
583 2260 637 2329 6,
665 2275 716 2316 c.
749 2260 1173 2327 £0;Buchardus
1199 2262 1294 2318 lib.
1322 2278 1438 2330 vui,
1485 2280 1605 2334 cap.
1649 2266 1706 2333 4,
1751 2267 1990 2325 Eusebio

389 2356 725 2425 adscribunt,
753 2363 838 2412 est
859 2355 1251 2412 Ptenitentialis
1276 2355 1549 2413 Theodori
1579 2356 1988 2418 Cantuariensis

391 2450 631 2522 episcopi
656 2438 797 2521 apud
826 2449 1057 2507 Petitum
1079 2491 1095 2518 ,
1126 2459 1255 2506 tom.
1288 2467 1309 2507 1
1330 2493 1345 2517 ,
1376 2468 1431 2522 p.
1465 2452 1555 2519 12,
1583 2468 1702 2525 cap.
1738 2455 1826 2519 11,
1860 2455 1987 2512 sub-

391 2543 517 2600 inde
547 2543 640 2599 lib.
663 2559 718 2598 vr
746 2542 1155 2613 Capitularium,
1184 2559 1306 2614 cap.
1333 2544 1423 2612 92,
1450 2546 1711 2603 insertum
1756 2546 1839 2603 his
1875 2564 1991 2604 ver-

391 2636 512 2693 bis:
573 2655 593 2689 ί
626 2637 861 2694 Puellam
913 2636 1297 2709 desponsatam
1338 2654 1443 2694 non
1493 2639 1621 2696 licet
1676 2641 1989 2712 parentibus

392 2729 524 2787 dare
543 2729 695 2786 alteri
716 2732 835 2786 viro
865 2748 878 2786 :
916 2740 1095 2787 tamen
1126 2730 1195 2786 ad
1226 2733 1612 2789 monasterium
1653 2733 1780 2791 licet
1823 2734 1901 2790 ire
1941 2734 1991 2791 si

393 2823 647 2880 voluerit.
686 2842 706 2877 ι
760 2823 885 2880 llaec
926 2833 1105 2880 autem
1160 2837 1430 2895 posuema
1463 2840 1586 2895 pars
1627 2825 1696 2882 de
1723 2835 1991 2896 potestate

393 2916 608 2990 petendi
627 2918 1035 2984 monasterium,
1063 2916 1351 2973 Iustiniani
1369 2919 1498 2989 imp.
1523 2933 1646 2974 cum
1674 2917 1809 2975 Cod.
1838 2920 1930 2975 lib.
1949 2936 1991 2991 ι,

467 3049 547 3127 (1)
575 3051 722 3127 Istud
749 3052 1101 3127 epigramma,
1135 3066 1230 3127 seu
1258 3051 1613 3127 epitaphium,
1646 3053 1910 3127 Baronlus
1938 3056 1990 3111 lii

396 3124 687 3180 novissima
711 3124 945 3178 editione
971 3124 1347 3194 Autuerpiensi
1368 3125 1433 3178 ad
1462 3140 1661 3179 annum
1691 3126 1816 3193 557,
1841 3143 1988 3182 num.

398 3197 488 3268 5'7,
515 3210 617 3268 non
650 3195 766 3268 sine
796 3198 1157 3268 cunctatione,
1184 3187 1248 3248 ad
1277 3195 1564 3268 Eusebium
1592 3187 1988 3268 presbyterum,
2019 3187 2064 3251 C

396 3266 489 3336 qui
520 3265 732 3336 Liberio
756 3265 1003 3335 pontifice
1024 3268 1187 3320 vitam
1213 3265 1368 3329 finiit,
1405 3266 1588 3321 refert.
1624 3265 1772 3322 Illud'
1811 3265 1991 3336 potius

397 3335 463 3391 ad
497 3335 784 3391 Eusebium
814 3352 1003 3406 papam
1053 3338 1283 3393 attinere
1329 3336 1537 3403 judicat
1578 3335 1987 3402 Tillemoutius.

399 3406 842 3479 ejusquejudicio
872 3410 1013 3462 ultro
1042 3407 1451 3463 subscribimus.
1496 3408 1604 3463 Nec
1648 3412 1840 3464 mirum
1888 3420 1990 3479 est,

400 3478 618 3548 dignum
636 3478 875 3551 Marcelli
907 3480 1274 3551 successorem
1304 3495 1423 3535 eam
1458 3481 1712 3551 Ecclesia.-
1746 3478 1991 3551 discipli4

402 3565 547 3614 nam,
598 3548 668 3603 ob
692 3549 845 3619 cujus
898 3549 1270 3604 defensionem
1325 3561 1548 3605 sanctus
1606 3550 1695 3606 ille
1743 3548 1998 3608 decessor

401 3619 563 3675 exilio
594 3619 1106 3694 mulctatnsfuerat,
1132 3622 1332 3676 acriter
1358 3622 1682 3688 vindicasse,
1730 3637 1902 3694 eaque
1927 3623 1998 3682 de

402 3705 584 3755 causa,
618 3692 809 3747 eodem
844 3691 1044 3747 Christi
1074 3700 1318 3763 apostata
1376 3694 1629 3760 instante,
1685 3695 1753 3749 ab
1802 3691 1995 3751 eodem

404 3774 653 3835 tyranno
688 3763 930 3819 eamdem
978 3778 1191 3834 poenam
1240 3764 1489 3819 subiisse.
1536 3765 1800 3832 Quocirca
1832 3769 1996 3822 etiam

402 3833 519 3905 ipse
566 3833 659 3905 qui
708 3833 1090 3905 superius’de
1135 3835 1190 3891 S.
1253 3836 1506 3892 Marcello
1559 3852 1776 3892 carmen
1838 3838 1999 3893 ador-

402 3907 549 3962 navit
563 3909 843 3976 Damasus,
860 3911 1019 3966 etiam
1036 3908 1177 3964 istud
1199 3910 1552 3964 concinnasse
1572 3908 1713 3963 haud
1728 3910 2000 3965 immerito

403 3990 710 4035 censeatur.

479 4056 558 4130 (2)
582 4057 679 4113 Hic
707 4057 1140 4129 nomenexprimi
1167 4054 1373 4110 videtur
1388 4052 1824 4130 apostatzeillius,
1840 4069 1998 4130 quem

405 4131 463 4186 in
489 4124 643 4201 'p'ace
691 4131 963 4186 Christum
988 4124 1218 4201 negasse
1257 4127 1503 4201 superius
1551 4126 1618 4180 de
1648 4124 1706 4180 S.
1746 4124 2000 4201 Marcello

406 4196 627 4258 carmen
658 4213 941 4258 memorat.
973 4196 1200 4257 Nomine
1247 4196 1428 4252 auum
1478 4196 1749 4267 lapsorum
1793 4197 1826 4250 ii
1871 4207 1999 4252 tunc

405 4274 568 4344 vulgo
607 4275 1047 4345 designabantur,
1080 4272 1168 4340 qui
1200 4270 1466 4325 idolorqu
1493 4285 1551 4323 se
1572 4268 1853 4345 sacrificiis
1876 4285 2002 4345 con-

410 4340 758 4417 tam—inurunt,
792 4346 873 4402 vel
921 4346 975 4400 iu
1019 4340 1255 4417 quodvis
1294 4349 1631 4417 incurrerunt
1682 4340 2001 4417 idololatria:

408 4416 608 4490 scelus,
637 4429 696 4474 ut
723 4417 975 4490 Cypriani
1023 4410 1159 4490 opus
1216 4410 1534 4490 simpliciter
1587 4412 1902 4485 inscriptum
1939 4412 2005 4466 de

407 4483 613 4561 Lapsis,
635 4483 859 4560 ejusque
886 4483 1125 4558 epistola:
1155 4486 1351 4561 passim
1384 4483 1627 4561 probant.

483 4554 563 4635 (5)
593 4554 694 4635 Hic
718 4554 1047 4635 memoratur
1074 4554 1380 4635 exertiplum
1401 4556 1656 4635 Marcelli,
1684 4555 1774 4626 qui
1803 4554 2004 4625 pariter

407 4651 439 4693 a
471 4629 735 4704 Maxentio
762 4643 990 4704 tyranno
1018 4632 1071 4686 in
1096 4630 1317 4687 exilium
1345 4629 1530 4704 pulsus
1555 4629 1748 4682 fuerat.

470 4700 560 4831 ἇιί)
595 4696 824 4760 Damasb
848 4704 1058 4758 rectoris
1086 4705 1302 4759 nomine
1346 4696 1644 4756 Romanum
1691 4696 1999 4780 pontificem

507 4779 650 4831 icare
678 4790 837 4831 uuam
864 4774 1124 4831 familiare
1146 4774 1326 4831 fuerit.
1342 4768 1577 4828 Milesius
1595 4771 1918 4826 Sarazanms
1945 4768 1998 4822 in

411 4768 650 4833 indicare
678 4790 837 4847 quam
864 4774 1124 4833 familiare
1146 4774 1326 4847 fuerit,
1342 4768 1577 4847 Milesius
1595 4768 1926 4847 Sarazanius
1945 4768 1998 4822 in

413 4850 546 4923 illud
573 4841 868 4923 superioris
898 4846 1316 4923 epigrammatis,
1360 4843 1836 4923 Veridicuajectur,
1878 4841 2000 4921 plu-

411 4922 561 4976 ribus
590 4914 1226 4993 eiemplisde'm'oustrat.
1256 4917 1386 4973 Ideo
1416 4925 1595 4993 autem
1619 4914 1883 4993 Eusebius
1914 4914 2001 4993 in-

414 5002 562 5063 tegra
590 4984 969 5065 pacistutdera
1001 5004 1385 5065 servarenunc
1430 4984 2002 5065 vellendiciturhquia

414 5054 609 5134 pa'cem'
632 5061 793 5132 lapsis
818 5063 1116 5121 concedere
1149 5058 1534 5134 nolebathisi
1564 5055 1641 5134 _i_is
1688 5054 2005 5134 conditioni-

415 5128 516 5192 bus
564 5128 758 5204 quibus
779 5150 897 5191 eam
925 5136 1154 5192 dandam
1208 5146 1331 5187 esse
1380 5128 1667 5185 Cornelius
1714 5136 1834 5180 eum
1890 5131 2003 5180 toto

415 5207 547 5263 orbe
564 5210 896 5262 decreverat.
920 5210 1179 5275 Quocirca
1201 5204 1882 5275 dicitur‘miseroepeccata
1906 5211 2002 5275 sua

416 5279 549 5335 ﬂere
574 5288 628 5334 et
654 5293 752 5350 per
774 5267 965 5353 dignos
1010 5277 1341 5353 pmnitentize
1392 5272 1600 5353 fructus
1638 5269 1845 5353 diluere
1900 5267 2003 5353 do-

417 5354 629 5424 cuisse;
654 5339 785 5424 'cum
818 5339 1209 5424 contra'uollet
1228 5340 1867 5424 Heraclius‘eospeceata
1889 5339 2004 5424 .dof

420 5423 551 5487 lere,
583 5411 677 5477 sed
711 5426 890 5481 statim
934 5420 1323 5487 praetermissis
1366 5413 1713 5487 paenitentiae
1736 5411 2005 5487 laboribus

420 5438 551 5487 tere,
583 5438 677 5477 seu
711 5438 890 5481 Slallm
973 5438 1323 5478 I‘IBIBI‘IIIISSIS
1366 5438 1696 5485 pwllttcuua:
1736 5438 2004 5467 IEUJUI'IUUS

420 5509 603 5565 pacem
636 5500 898 5566 recipere.
928 5438 1128 5549 Eadem
1163 5486 1414 5566 loquendi
1436 5483 1644 5566 ratione
1683 5482 2004 5566 defletrpia

417 5556 658 5638 gramina
679 5556 1045 5638 de'Marcello,
1074 5560 1218 5638 quod
1236 5556 1513 5638 solvuntur
1541 5556 1732 5638 [rudera
1759 5556 1919 5638 pacis.

493 5634 573 5709 (5)
601 5635 864 5694 Videlicet
891 5626 1161 5703 relegatus
1189 5633 1240 5709 i_t_i
1265 5627 1524 5709 Siciliam,
1548 5626 1936 5709 q‘uazStrabqni
1955 5635 2010 5709 et

420 5696 593 5764 Pli‘oi'o
618 5725 645 5759 a
679 5709 853 5763 tribus
877 5696 1280 5773 promontoriis,
1308 5699 1530 5773 Peloro,
1556 5696 1803 5773 Pachyru
1831 5702 1886 5753 et
1914 5696 2008 5751 Li-

420 5782 615 5853 lyhazo,
638 5768 912 5832 Trinacria
926 5775 1066 5828 dicta
1086 5781 1188 5853 est.
1210 5772 1282 5852 lbi
1307 5768 1595 5853 Eusebium
1624 5768 2007 5853 vitaiunctum,

429 5838 496 5911 ad
510 5838 678 5909 caelos
696 5851 958 5917 migrasse
978 5843 1148 5900 nostri
1168 5841 1566 5914 epigrammatis
1576 5840 1816 5902 conditor
1830 5838 2009 5898 docet.

2028 4586 2083 4647 D

2068 496 2328 568 Gregorio
2352 498 2539 555 lndict.
2565 516 2657 569 xv,
2687 503 2846 573 epist.
2872 503 2961 569 00,
2992 504 3060 559 ad
3093 504 3370 563 Fortunat.
3416 518 3469 565 et
3496 506 3665 582 Cypr.

2068 594 2410 663 approbatur.

2143 694 2196 747 5.
2240 693 2563 761 Secundum,
2605 713 2625 747 ‹
2657 695 2917 753 Consulto
2967 699 3205 754 omnium
3260 700 3568 768 statuimus,
3612 710 3676 758 ut

2074 776 2395 842 sacrificium
2425 788 2611 843 altaris
2635 800 2741 845 non
2790 791 2844 846 ln
2889 791 3065 848 serico
3106 806 3322 863 panno,
3375 802 3468 849 aut
3510 795 3680 851 tincto

2076 881 2358 953 quisquam
2400 882 2679 940 celebrare
2711 893 3024 954 praesumat.
3053 898 3183 952 etc.,
3222 905 3241 938 ι
3288 885 3428 956 apud
3470 886 3680 944 Gratia-

2078 989 2227 1042 num,
2251 976 2318 1031 de
2337 976 2766 1034 Consecratione
2792 979 2920 1035 dist.
2956 995 2994 1045 ι,
3011 995 3129 1049 cap.
3155 979 3250 1044 46,
3278 980 3494 1036 Eusebii
3519 981 3681 1037 simul

2078 1078 2133 1125 et
2159 1068 2434 1140 Silvestrl;
2486 1072 2626 1141 apud
2678 1071 2923 1141 Ivonem,
2972 1086 3088 1145 par.
3123 1089 3219 1141 vn,
3248 1091 3301 1132 c.
3337 1075 3427 1143 40,
3461 1085 3515 1132 et
3545 1077 3683 1133 Bur-

2080 1162 2357 1226 ehardum,
2409 1162 2505 1218 lib.
2554 1181 2634 1230 iu,
2684 1181 2803 1237 cap.
2852 1167 2943 1235 99,
2996 1168 3154 1222 unius
3192 1167 3452 1237 Eusebii;
3499 1184 3562 1226 ac
3587 1169 3686 1226 de-

2083 1268 2229 1309 mum
2260 1255 2399 1325 apud
2424 1255 2762 1323 Auselmnm,
2788 1258 2878 1313 lib.
2932 1273 3012 1325 ix,
3045 1274 3164 1333 cap.
3192 1262 3249 1326 2,
3292 1262 3449 1317 unius
3480 1261 3686 1318 Silves-

2084 1348 2153 1404 tri
2207 1364 2316 1420 prce
2367 1365 2428 1406 se
2515 1352 2618 1406 fert
2693 1368 2910 1409 nomen.
2971 1355 3047 1409 Ex
3101 1355 3267 1425 gestis
3334 1365 3514 1412 autem
3579 1355 3689 1413 Sil-

2084 1445 2246 1498 vestri
2281 1443 2417 1499 libro
2434 1443 2737 1500 Pontificeli
2784 1447 3023 1512 insertis,
3057 1461 3181 1517 qua:
3202 1447 3474 1516 Labbeus,
3508 1457 3640 1505 tom.
3669 1460 3686 1506 ι

2083 1534 2316 1601 Coneil.,
2351 1551 2469 1606 pag.
2505 1536 2665 1604 1542,
2695 1536 2881 1602 edidit,
2913 1547 3225 1609 execrptum
3257 1549 3359 1595 est.

2156 1636 2210 1691 4.
2238 1635 2498 1703 Tertium,
2535 1655 2555 1689 ί
2590 1637 2798 1706 ieiunia
2840 1639 2893 1693 in
2948 1639 3187 1695 Ecclesia
3238 1655 3266 1695 a
3314 1641 3687 1699 sacerdOtibus

2086 1727 2377 1783 constituta
2401 1728 2519 1783 sine
2548 1732 2872 1785 necessitate
2898 1729 3202 1787 rationabili
3220 1744 3323 1787 non
3353 1732 3685 1798 solvantur,»

2088 1836 2154 1877 ex
2181 1821 2437 1878 Gratiano
2464 1822 2533 1878 de
2562 1820 2823 1879 Consecr.
2850 1823 2973 1879 dist.
3009 1823 3062 1891 5,
3103 1839 3153 1881 c.
3196 1824 3286 1891 17,
3333 1824 3691 1896 descriptum,

2089 1913 2231 1970 etab
2260 1915 2445 1980 lroue,
2499 1928 2616 1985 par.
2652 1930 2722 1984 iv,
2774 1930 2896 1986 cap.
2949 1915 3041 1984 49,
3092 1931 3304 1972 necnon
3351 1916 3692 1985 Burcbardo,

2088 2006 2184 2061 lib.
2212 2021 2326 2071 xui,
2354 2018 2475 2076 cap.
2509 2006 2596 2075 17,
2631 2006 2777 2062 velut
2799 2025 2818 2059 ι
2844 2023 2910 2063 ex
2940 2008 3100 2063 dictis
3126 2006 3343 2064 Eusebii
3377 2021 3689 2079 papae,cap.

2089 2098 2181 2164 10,
2209 2100 2456 2165 citatum,
2497 2114 2516 2150 ι
2553 2098 2604 2152 in
2626 2098 2923 2170 Capitulari
2957 2100 3010 2167 1,
3035 2099 3179 2171 quod
3201 2099 3394 2171 Steph.
3440 2100 3695 2157 Baluzius

2089 2190 2353 2264 Capitulis
2406 2192 2535 2247 anni
2584 2191 2711 2259 815,
2771 2208 2893 2264 pag.
2936 2192 3063 2259 517,
3097 2192 3346 2265 subjecit,
3379 2193 3696 2265 estcapitu-

2091 2285 2201 2341 lum
2224 2285 2315 2340 25.

2164 2388 2218 2445 5.
2246 2388 2539 2457 Quartum,
2568 2402 2601 2444 e
2629 2386 2818 2443 codice
2862 2388 3098 2459 quinque
3126 2385 3410 2452 librorum,
3442 2400 3564 2459 cap.
3596 2388 3691 2457 41,

2093 2483 2165 2537 ita
2197 2481 2468 2553 profertur
2499 2500 2511 2536 :
2546 2498 2565 2532 ι
2602 2480 2828 2551 Oportet
2854 2484 3165 2551 episcopum
3192 2479 3490 2536 moderatis
3517 2480 3695 2551 epulis

2010 2612 2019 2620 ι
2092 2584 2409 2632 contentum
2439 2588 2583 2639 esse,
2618 2588 2856 2645 suosque
2882 2573 3138 2629 convivas
3180 2571 3247 2627 ad
3293 2570 3695 2628 comedendum

2040 2692 2043 2695 <
2092 2677 2148 2725 et
2175 2667 2465 2725 bibendum
2495 2683 2601 2723 non
2625 2681 2842 2738 urgere.
2873 2665 3282 2721 Removeantur
3313 2665 3382 2721 ab
3418 2666 3537 2737 ejus
3557 2680 3695 2721 con-

2094 2762 2238 2817 vivio
2270 2769 2464 2816 cuncta
2519 2757 2867 2829 turpitudinis
2911 2768 3274 2829 argumenta:
3323 2772 3429 2813 non
3483 2756 3694 2812 ludicra

2096 2855 2421 2927 spectacula,
2437 2868 2545 2910 non
2558 2863 2924 2908 acroamatum
2945 2852 3274 2922 vaniloquia,
3294 2867 3400 2908 non
3422 2850 3697 2907 fatuorum

2097 2947 2459 3018 stultiloquia,
2498 2960 2606 3000 non
2652 2945 2959 3001 scurrilium
3003 2943 3360 3000 admittuntur
3400 2943 3693 3015 prasstlgia.

2097 3041 2295 3098 Adsint
2324 3041 2595 3113 peregrini
2623 3050 2677 3095 et
2704 3054 2971 3112 pauperes
2998 3046 3055 3096 et
3095 3039 3320 3106 debiles,
3371 3039 3460 3111 qui
3502 3037 3572 3095 dc
3615 3053 3701 3095 sa-

2097 3134 2357 3190 cerdotali
2382 3125 2566 3189 mensa
2590 3132 2866 3188 Christum
2904 3133 3311 3199 benedicentes,
3360 3132 3701 3189 benedictio-

2101 3242 2222 3283 nem
2252 3226 2571 3296 percipiant.
2599 3226 2875 3279 Becitetur
2906 3240 3060 3280 sacra
3109 3225 3291 3290 lectio,
3331 3223 3700 3295 subsequatur

2101 3322 2239 3375 viva:
2272 3320 2417 3375 vocis
2443 3317 2749 3373 exhortatio
2781 3335 2793 3370 :
2826 3328 2883 3372 ut
2901 3333 3004 3372 non
3031 3326 3234 3372 tantum
3251 3317 3524 3387 corporali
3548 3316 3699 3384 cibo,

2101 3415 2265 3470 immo
2291 3412 2434 3468 verbi
2458 3412 2714 3483 Spiritalis
2738 3412 2996 3468 alimento
3012 3412 3360 3466 convivantes
3382 3425 3440 3465 se
3463 3412 3703 3466 refectos

2098 3507 2461 3580 gratulentur,
2511 3515 2567 3560 ut
2611 3505 2665 3560 in
2699 3506 2951 3561 omnibus
2990 3505 3376 3560 honorificetur
3413 3505 3553 3559 Deus
3602 3520 3705 3574 per

2099 3601 2284 3659 Jesum
2310 3600 2587 3657 Christum
2623 3600 2911 3656 Dominum
2938 3609 3205 3657 nostrum.
3247 3617 3266 3652 ι
3303 3598 3450 3653 Idem
3480 3613 3705 3669 quoque

2099 3693 2218 3759 lvo,
2243 3709 2359 3766 par.
2385 3702 2569 3758 xttt,c.
2591 3692 2684 3763 75,
2708 3702 2761 3749 et
2775 3691 3141 3757 Burcbardus,
3165 3690 3259 3747 lib.
3290 3707 3400 3759 xiv,
3435 3708 3486 3745 c.
3517 3692 3707 3758 4,vel-

2102 3800 2159 3845 ut
2194 3809 2212 3842 ι
2234 3806 2300 3844 ex
2326 3788 2562 3844 decretis
2591 3788 2805 3843 Eusebii
2833 3830 2849 3855 ,
2877 3803 2998 3858 cap.
3026 3786 3092 3842 10
3127 3805 3146 3839 ›
3183 3786 3370 3841 citant.
3397 3784 3706 3855 Sapientis-

2100 3883 2296 3943 simum
2328 3880 2543 3952 quidem
2572 3880 2977 3945 estdecretum,
3009 3877 3249 3948 nihilque
3276 3876 3523 3947 prmcipit
3556 3876 3706 3947 quod

2106 3976 2340 4032 Eusebio
2368 3975 2619 4030 videatur
2652 3974 2931 4043 indignum
2965 3990 2978 4023 :
3013 3972 3106 4025 sed
3154 3972 3206 4025 id
3251 3972 3394 4042 quod
3426 3972 3701 4041 prohibet,

2104 4070 2156 4125 in
2187 4069 2330 4124 illius
2359 4077 2573 4123 aetatem
2604 4066 2827 4120 minime
2858 4064 3186 4119 arbitramur
3213 4064 3525 4121 convenire.
3550 4064 3711 4121 Tunc

2102 4178 2239 4234 opus
2267 4177 2374 4216 non
2397 4168 2532 4225 emt,
2567 4168 2623 4214 ut
2647 4158 2716 4214 ab
2737 4160 3119 4230 episcoporum
3147 4172 3332 4213 mensa
3359 4172 3456 4213 seu
3488 4168 3707 4229 specta-

2104 4256 2220 4310 cula
2251 4254 2480 4316 ludicra,
2513 4267 2607 4307 seu
2639 4252 2943 4307 scurrilium
2973 4249 3241 4322 przestigia
3267 4261 3703 4306 removerentur.

2105 4349 2370 4404 Ecclesiis
2401 4361 2512 4403 tum
2544 4346 2778 4401 maxime
2799 4353 3072 4417 pra-erant
3097 4345 3133 4399 ii
3163 4346 3449 4413 antistites,
3474 4360 3709 4416 quorum

2106 4442 2386 4498 modesuai
2422 4439 2608 4495 laudes
2639 4438 2801 4494 etiam
2840 4438 3062 4509 gentilis
3091 4453 3154 4493 ac
3184 4426 3462 4508 religionis
3503 4446 3712 4493 nostra

2107 4532 2453 4593 adversarius
2472 4533 2704 4603 scriptor
2727 4547 2926 4603 negare
2957 4547 3065 4587 non
3094 4531 3283 4599 valuit,
3334 4547 3353 4583 ι
3384 4544 3522 4601 quos
3550 4548 3570 4584 ι
3619 4530 3712 4585 ni-

2109 4630 2303 4686 mirum
2330 4646 2350 4680 t
2390 4628 2623 4684 tenuitas
2652 4627 2848 4683 edendi
2875 4625 3206 4698 potandique
3234 4625 3572 4695 parcissime,
3625 4626 3715 4681 vi-

2106 4721 2231 4775 litas
2258 4720 2419 4775 etiam
2449 4719 2908 4784 indumentorum,
2932 4727 2988 4774 et
3007 4718 3294 4789 supercilia
3313 4717 3533 4771 humum
3553 4726 3714 4788 spec-

2107 4812 2273 4867 tantia
2305 4822 2562 4883 perpetuo
2603 4811 2809 4866 numini
2860 4810 3113 4880 verisque
3144 4810 3260 4880 ejus
3298 4809 3601 4866 cultoribus
3653 4819 3716 4866 ut

2108 4921 2272 4976 puros
2296 4904 2748 4961 commendabant
2773 4912 2828 4959 et
2853 4905 3209 4960 verecundos.
3237 4895 3269 4958 ἰ
3302 4905 3378 4959 lta
3399 4918 3567 4976 porro
3601 4904 3712 4959 Da-

2111 5000 2244 5055 masi
2274 5014 2391 5055 aevo
2415 4996 2739 5053 Ammianus
2765 4996 3125 5063 Marcellinus,
3170 4995 3265 5051 lib.
3300 5011 3467 5063 xxvu,
3500 5008 3620 5066 cap.
3653 4996 3711 5065 5,

2108 5094 2448 5167 loquebatur.
2473 5093 2740 5148 Prmdicto
2767 5100 2949 5146 autem
2978 5090 3200 5147 decreto
3228 5088 3396 5146 afﬁne
3450 5098 3534 5145 est
3567 5089 3716 5161 quod

2109 5208 2252 5249 anno
2280 5191 2388 5248 815
2410 5190 2697 5248 concilium
2726 5187 3045 5244 Turonense
3069 5183 3170 5252 Ill,
3200 5200 3321 5240 can.
3354 5184 3389 5240 ὅ
3407 5184 3714 5239 constituit:

2116 5310 2136 5343 ‹
2177 5289 2506 5361 Episcopum
2538 5301 2644 5341 non
2667 5292 2924 5356 oportere
2953 5279 3189 5353 profusis
3231 5279 3548 5335 incumbere
3576 5294 3716 5336 con-

2111 5383 2267 5438 viviis
2300 5400 2312 5436 :
2342 5380 2438 5436 sed
2466 5393 2633 5450 parco
2673 5388 2728 5434 et
2755 5376 3040 5433 moderato
3061 5382 3350 5430 contentus
3374 5372 3445 5427 sit
3465 5372 3612 5439 cibo,
3647 5387 3719 5428 ne

2111 5478 2357 5533 videntur
2387 5473 2601 5529 Domini
2622 5471 2769 5526 abuti
2799 5468 3073 5525 sententia
3112 5466 3343 5522 dicentis
3394 5483 3409 5518 :
3458 5465 3719 5521 Attendite

2118 5587 2179 5625 ne
2205 5574 2480 5640 graventur
2503 5564 2660 5617 corda
2678 5571 2841 5617 vestra
2866 5563 2921 5617 in
2941 5560 3159 5632 crapula
3190 5567 3237 5612 et
3261 5558 3504 5614 ebrietate
3530 5557 3713 5630 (Luc.,

2119 5677 2233 5722 ut,
2257 5660 2373 5729 51).
2402 5658 2469 5711 Ει
2496 5654 2755 5726 quamdiu
2775 5654 3111 5718 convivatur,
3145 5649 3323 5721 potius
3355 5665 3505 5705 sacra
3552 5650 3718 5706 lectio

2117 5764 2243 5809 ante
2274 5765 2518 5808 mensam
2542 5748 2659 5819 ejus
2688 5750 2963 5812 recitatur,
2994 5760 3155 5816 quam
3176 5743 3354 5800 otiosa
3402 5758 3431 5797 a
3464 5759 3720 5801 susurro-

2128 5845 2285 5909 nibus
2307 5850 2567 5903 resonent
2593 5840 2776 5900 verba.
2817 5859 2837 5893 ι
2896 5837 2965 5898 Et
2988 5852 3109 5896 can.
3151 5837 3227 5895 ϐε
3283 5855 3304 5890 1
3341 5836 3619 5908 Peregrini
3663 5847 3723 5897 et
