3838 6278
127 338 191 394 29
1015 336 1107 396 DE
1144 335 1460 397 LITTERIS
1499 340 1834 401 MAXEN‘I'II
1875 341 2251 401 ιιιιωιιιΑοι
2289 343 2512 404 θλπε.
3066 350 3069 351 ⁷
3341 354 3414 409 50

127 466 382 528 pauperes
402 451 644 508 convivae
666 452 1193 525 sintepiscoporum,
1234 469 1355 511 cum
1378 455 1573 527 quibus
1588 472 1694 512 non
1723 460 1774 521 Α
1801 472 1935 523 mes,
1961 466 2090 528 etc.,
2121 478 2141 513 ο
2165 460 2307 532 quod
2325 461 2437 530 iro,
2461 477 2577 533 par.
2604 476 2677 528 tv,
2701 477 2753 519 e.
2778 462 2866 531 50,
2912 464 3161 535 proximo
3186 463 3410 522 decreto

129 546 288 605 solum
317 544 608 616 corporali,
661 546 757 601 sed
797 555 853 602 et
888 547 1116 618 spiritali
1167 548 1477 605 reﬁciantur
1504 550 1646 607 cibo.
1683 568 1703 604 ι

134 639 259 697 Vide
279 646 335 695 et
360 638 645 694 concilium
670 637 940 696 Remense
970 656 1031 708 ιι,
1062 641 1252 698 eodem
1279 657 1422 698 anno
1445 643 1707 711 habitum,

132 747 241 789 can.
265 730 332 785 17
359 737 415 786 et
436 728 524 786 18.
555 724 708 786 Unde
732 742 788 787 et
814 741 1025 803 tempus
1055 733 1250 804 conjici
1279 742 1455 804 potest
1481 750 1589 806 quo
1615 735 1712 792 de-

134 832 327 879 cretum
360 819 596 878 Eusebio
615 822 927 879 attributum
959 824 1173 894 prodiit.

185 916 232 971 6.
263 913 360 972 His
395 915 556 986 adjici
598 917 856 987 potuisset
901 919 1169 989 quintum,
1225 939 1245 972 ι
1277 920 1331 976 Si
1363 922 1606 978 evenerit
1634 920 1714 977 fa-

1817 552 2056 623 subjicit,
2084 568 2147 611 ac
2172 554 2317 610 velut
2335 570 2398 611 ex
2432 555 2623 611 iisdem
2654 554 2887 627 Eusebii
2917 556 3173 624 decretis,
3198 573 3320 630 cap.
3349 558 3405 629 2,

1820 644 2022 701 laudat.
2052 645 2246 701 Verum
2269 648 2408 703 istud
2430 648 2789 717 Burcltardus,
2816 649 2909 704 lib.
2936 665 3049 717 χιιι,
3074 666 3194 722 cap.
3215 652 3304 721 18,
3326 668 3414 710 re-

1818 739 1921 795 l'ert
1947 748 2006 794 ut
2034 758 2055 792 ι
2083 754 2147 796 ex
2180 740 2413 797 decretis
2436 741 2636 798 Liberii
2668 758 2839 813 papae,
2872 759 2923 800 c.
2949 744 2984 799 2
3022 763 3043 798 ι
3071 745 3414 817 Exscriptum

1818 840 1903 888 est
1922 840 2103 889 autem
2125 848 2190 888 es
2214 834 2352 889 libro
2379 851 2395 889 ι
2424 835 2833 906 Capitularium,
2863 851 2983 908 cap.
3014 838 3138 893 118.

122 1026 3414 1060 mm

406 1144 777 1263 εΔιπ
782 1146 1234 1265 (111⁵118
1292 1148 2463 1269 ΜειιαιιιΔυιιε
2539 1150 3109 1269 ΡΔΡΔ.

390 1500 421 1572 ς
446 1494 490 1557 1.
512 1529 586 1542 —
613 1498 835 1566 Quando
870 1509 917 1555 et
944 1499 1190 1571 quamdiu
1218 1499 1420 1555 sederit.

172 1656 228 1712 1.
258 1654 587 1712 Melchiades
604 1656 944 1713 Bucheriano
965 1657 1017 1712 in
1044 1656 1311 1728 catalogo,
1335 1656 1387 1712 in
1411 1670 1538 1726 quo,
1571 1664 1631 1711 ut
1651 1655 1705 1711 in

91 1750 377 1821 plerisque
387 1751 660 1806 veteribus
678 1750 1323 1818 monimentis,Miltiadcs
1343 1760 1704 1823 nuncupatur,

93 1841 242 1896 Petri
259 1841 575 1896 cathedram
599 1844 835 1898 tenuisse
860 1842 1055 1899 dicitur
1088 1862 1107 1894 ‹
1142 1858 1207 1899 ex
1237 1843 1324 1898 die
1350 1859 1400 1897 vr
1416 1842 1597 1898 Nonas
1615 1842 1707 1898 Ju-

98 1932 197 1988 lias
218 1947 250 1987 a
269 1931 561 1988 consulatu
583 1932 908 1988 Maximiano
930 1932 1041 1987 VIII
1062 1934 1201 2002 solo,
1231 1935 1374 2003 quod
1397 1934 1470 1988 lui
1480 1946 1497 1987 ι
1519 1947 1706 1989 mense
1735 1907 1784 1968 Β

95 2024 403 2096 Septembri
431 2016 727 2081 Volusiano
751 2035 803 2080 et
831 2020 1026 2079 Ruﬁno
1047 2066 1062 2091 ,
1093 2040 1262 2095 usque
1291 2023 1342 2078 in
1381 2041 1439 2078 ιιι
1467 2024 1593 2079 ldus
1620 2020 1709 2080 Ja-

98 2116 580 2174 nuariiVoluslano
596 2117 910 2172 etAnniano
938 2116 1271 2172 consulibus.
1290 2130 1309 2170 ι
1330 2117 1461 2183 Quae
1481 2117 1707 2187 inscrip-

100 2215 171 2268 tio
195 2221 255 2267 ut
282 2211 637 2282 intelligatur,
669 2210 1067 2266 observandum
1091 2220 1173 2267 est
1197 2210 1578 2265 Maximianum
1603 2210 1712 2266 Ga-

101 2304 293 2359 lerium
318 2302 498 2359 solum
543 2302 612 2357 ab
635 2300 789 2357 initio
812 2302 936 2356 anni
960 2302 1059 2358 511
1094 2303 1160 2357 ad
1191 2316 1435 2357 mensem
1460 2302 1708 2373 Septem-

100 2396 251 2452 brem
296 2395 642 2451 consulatum
674 2394 930 2466 gessisse,
956 2393 1059 2450 hoc
1107 2405 1286 2450 autem
1331 2410 1518 2451 mense
1542 2394 1708 2450 Volu-

100 2490 311 2545 siannm
359 2488 575 2545 Ruﬁum
598 2497 841 2544 creatum
878 2503 1003 2544 esse
1025 2489 1327 2552 consulem,
1375 2488 1631 2559 adjuncto
1657 2488 1707 2544 ei

103 2580 306 2651 collega
349 2579 611 2647 Eusebio,
652 2580 809 2650 cujus
848 2595 1049 2635 nomen
1079 2579 1373 2650 aliquando
1417 2581 1709 2636 reticentes

105 2672 412 2743 antiquarii,
434 2674 593 2727 unius
617 2672 894 2728 Volusiani
916 2672 1027 2728 duo
1052 2673 1269 2728 nomina
1299 2673 1453 2744 quasi
1479 2673 1706 2729 duorum

107 2764 379 2820 consulum
419 2775 825 2837 expresserunt,
859 2775 915 2822 et
950 2764 1144 2835 Ruﬁno
1184 2782 1282 2836 pro
1314 2766 1473 2835 Ruﬁo
1510 2768 1710 2822 substi-

106 2864 336 2912 tuerunt.
362 2856 519 2912 Hanc
536 2857 955 2926 explicationem
976 2869 1216 2913 nostrain
1246 2859 1513 2913 illu-traut
1534 2874 1597 2914 ac
1619 2860 1708 2914 lir-

109 2957 283 3005 mant:
316 2949 373 3005 1⁰
403 2950 679 3006 indiculns
715 2949 1093 3021 praefectorum
1136 2951 1295 3007 Urbis
1328 2952 1468 3021 apud
1498 2952 1712 3008 Buche-

109 3041 262 3110 rium,
282 3056 337 3113 p.
374 3041 515 3110 258,
540 3043 593 3097 in
616 3058 725 3114 quo
748 3043 815 3097 ad
852 3059 1053 3098 annum
1082 3044 1189 3099 510
1214 3043 1441 3114 legimus
1465 3062 1479 3098 :
1510 3061 1530 3096 ι
1561 3060 1589 3097 v
1614 3044 1710 3099 ka-

109 3135 287 3191 lendas
338 3135 669 3191 Novembris
716 3135 906 3191 Ruﬁna
956 3136 1280 3191 Volusianus
1333 3136 1393 3191 P.
1441 3135 1542 3192 U.»
1593 3136 1708 3193 Hoc

107 3235 184 3280 est
202 3225 417 3297 prefect
431 3242 493 3281 ns
516 3226 675 3282 Urbis
701 3247 714 3282 :
752 3238 864 3283 tum
891 3228 1135 3299 proxime
1154 3229 1399 3300 sequitur
1419 3231 1485 3285 ad
1505 3247 1705 3286 annum

107 3323 228 3389 511,
262 3341 281 3375 ι
315 3324 607 3389 Consules,
637 3340 771 3393 quos
788 3325 1053 3394 jusserint
1080 3326 1190 3381 DD.
1214 3326 1322 3381 NN.
1347 3326 1592 3398 Augusti.
1624 3330 1704 3385 Ex
1732 3299 1777 3363 Ο

110 3429 288 3471 mense
312 3415 842 3487 Septembri‘t‘actum
870 3428 953 3473 est
979 3419 1172 3474 Ruﬁno
1197 3431 1251 3475 et
1280 3421 1550 3490 Eusebio;
1590 3442 1610 3476 ι
1640 3423 1705 3477 2ο

109 3505 384 3563 Fastorum
434 3509 806 3565 consularium
853 3510 1218 3582 fragmentum
1265 3514 1405 3583 apud
1458 3515 1705 3571 eumdem

110 3595 449 3668 Bucberium,
482 3616 605 3672 pag.
648 3601 776 3664 9.50,
804 3602 858 3657 in
890 3619 999 3674 quo
1027 3618 1204 3659 annus
1230 3604 1330 3659 511
1355 3604 1436 3660 sic
1458 3605 1708 3679 designa-

107 3698 192 3745 tur
221 3709 234 3745 :
271 3711 290 3744 ι
317 3692 641 3752 Maximiano
676 3694 784 3752 VIH
827 3697 978 3764 solo;
1016 3717 1036 3751 ι
1069 3699 1197 3754 item
1226 3698 1349 3754 fasti
1386 3699 1708 3773 integriores

108 3784 455 3856 Bucheriani,
491 3805 611 3860 pag.
645 3789 732 3857 4‘2,
781 3792 872 3863 qui
905 3791 972 3847 ad
1002 3792 1253 3848 eumdem
1281 3809 1480 3849 annum
1507 3810 1621 3865 prae
1650 3811 1709 3851 se

107 3874 304 3948 ferunt,
339 3899 358 3933 ι
388 3880 525 3954 Imp.
557 3882 809 3939 Galerius
846 3884 1201 3940 Maximianus
1237 3885 1369 3955 VIII,
1399 3888 1532 3958 Imp.
1564 3888 1707 3943 Lici—

108 3969 224 4025 nius
246 3986 368 4043 aug.
408 3992 429 4026 ι
464 3974 539 4028 al.
575 3993 594 4025 ι
625 3974 852 4032 Ruﬁnus
881 3983 936 4033 et
965 3976 1262 4042 Eusebius;
1306 3997 1323 4030 ι
1371 3993 1433 4033 ac
1483 3979 1703 4034 demum

107 4062 242 4131 quod
265 4064 315 4118 in
344 4064 499 4120 fastis
530 4066 795 4122 ldacianis
823 4080 1173 4138 memoratur,
1206 4089 1224 4122 ι
1249 4069 1573 4126 Maximiano
1599 4071 1709 4128 VIII

107 4154 376 4211 consule.»
395 4157 488 4213 llis
501 4172 685 4213 conss.
702 4158 845 4230 quod
858 4169 941 4215 est
956 4160 1150 4217 Ruﬁno
1166 4171 1221 4216 et
1233 4160 1705 4228 Volusiano,diem

107 4244 313 4304 iunctus
332 4248 689 4307 Maximianus
709 4252 912 4322 junior.
949 4272 967 4306 ι
998 4253 1262 4322 Quocirca
1283 4254 1570 4324 Miltiades,
1610 4272 1707 4313 seu

106 4336 445 4410 Melcliiades,
481 4358 625 4398 anno
652 4343 780 4410 511,
804 4345 931 4400 Julii
977 4362 1013 4401 ιι
1043 4347 1148 4412 die,
1198 4349 1287 4419 qui
1330 4349 1619 4408 secundam
1653 4352 1704 4408 in

108 4429 286 4488 feriam
317 4434 569 4503 cadebat,
601 4435 908 4504 ordinatus,
933 4453 1077 4493 anno
1111 4439 1239 4508 514,
1269 4440 1509 4496 Januarii
1533 4443 1619 4499 die
1647 4460 1703 4512 ιι,

106 4524 340 4592 sepultus
402 4526 680 4583 dicendus
726 4538 828 4585 est.
879 4530 1051 4601 Ipsius
1104 4542 1286 4588 autem
1318 4550 1463 4590 mors
1493 4535 1707 4591 decimo

105 4613 336 4684 ejusdem
377 4620 586 4674 mensis
614 4619 701 4676 die
732 4621 785 4675 in
817 4622 1153 4679 Bueheriauo
1184 4624 1539 4695 depositionis
1590 4628 1705 4683 Ro-

1812 1495 1909 1552 des
1929 1499 2084 1554 annis
2114 1513 2202 1567 ιιι,
2236 1499 2514 1555 mensibus
2544 1515 2596 1554 v1
2618 1536 2632 1564 ,
2664 1498 2856 1555 diebus
2876 1514 2951 1565 ιχ,
2984 1517 3004 1552 ι
3050 1498 3259 1557 sedisse
3287 1502 3422 1558 dici-

1814 1596 1921 1656 tur,
1950 1605 2015 1646 ex
2053 1591 2313 1661 subjectis
2339 1592 2393 1645 in
2417 1591 2610 1647 eodem
2634 1591 2885 1662 catalogo
2913 1592 3228 1649 consulibus
3251 1594 3420 1649 corri-

1811 1682 2067 1750 gendum,
2098 1694 2152 1737 et
2175 1684 2332 1737 annis
2356 1698 2417 1750 ιι,
2453 1698 2550 1752 pro
2577 1684 2735 1738 annis
2774 1700 2828 1738 ιιι
2876 1684 3265 1740 restituendum
3295 1700 3421 1742 esse

1813 1773 2002 1844 liquet;
2031 1775 2187 1830 simul
2216 1784 2271 1830 et
2290 1776 2345 1829 in
2374 1776 2516 1831 notis
2538 1775 2833 1831 nnmcricis
2853 1775 3226 1830 describendis
3251 1790 3413 1845 quam

1812 1867 1986 1923 facilis
2017 1869 2089 1922 sit
2118 1869 2460 1924 librariorum
2511 1870 2695 1939 lapsus
2731 1867 3199 1923 animadvertitur.
3230 1867 3419 1938 Neque

1812 1961 1993 2014 minus
2037 1959 2261 2014 evidens
2313 1968 2400 2015 est
2455 1959 2770 2032 Eusebium,
2823 1958 3207 2031 Hieronymum
3256 1969 3421 2031 atque

1811 2050 2140 2121 Prosperum
2177 2051 2233 2106 in
2266 2050 2574 2117 Cbronicis,
2606 2041 2695 2107 ubi
2723 2059 2834 2107 tres
2860 2049 3205 2120 pontiﬁcatus
3240 2065 3418 2108 annos

1809 2143 2091 2200 Melcltisdi
2114 2145 2434 2212 attribuunt,
2466 2143 2536 2201 de
2557 2142 2769 2200 duobus
2787 2143 3075 2215 completis
3118 2151 3176 2201 et
3200 2159 3310 2199 uno
3336 2145 3421 2199 in~

1808 2240 2005 2296 cbeato
2047 2238 2215 2310 loqui.
2258 2238 2388 2296 Inde
2432 2247 2694 2310 praeterea
2742 2237 3050 2303 conﬁcitur,
3100 2237 3169 2294 ab
3197 2236 3419 2295 Eusebii

1808 2342 1984 2388 morte
2010 2330 2080 2386 ad
2108 2330 2507 2389 ordinationem
2528 2328 2843 2386 Melebiadis
2870 2344 2976 2385 non
3000 2338 3206 2386 tantum
3243 2347 3264 2380 ι
3293 2343 3417 2398 sep-

1811 2432 1920 2480 tem
1946 2424 2087 2492 dies,
2125 2443 2144 2478 ι
2178 2432 2237 2480 ιιι
2290 2424 2537 2494 vulgatus
2584 2421 2905 2478 Anastasius
2946 2437 3043 2479 seu
3092 2418 3417 2491 pontiﬁcalis

1810 2518 1947 2573 liber
1971 2518 2153 2583 habet,
2185 2518 2277 2574 sed
2302 2532 2495 2572 novem
2524 2530 2741 2571 menses
2770 2524 2826 2570 et
2851 2515 3055 2585 aliquot
3081 2513 3201 2569 dies
3221 2513 3420 2568 Roma-

1811 2627 1938 2667 num
1984 2613 2352 2681 episcopatum
2400 2622 2639 2663 vacasse.
2677 2607 2916 2675 Denique
2945 2606 3087 2679 quod
3120 2606 3171 2659 in
3200 2604 3414 2675 vulgato

1809 2701 2106 2774 pontiﬁcali
2137 2700 2274 2757 libro
2300 2696 2371 2754 de
2396 2696 2692 2755 Melcltiade
2720 2697 2947 2770 legitur,
2983 2706 3051 2753 ex
3076 2694 3416 2753 Bucheriano

1811 2793 2056 2865 catalogo
2085 2802 2177 2848 aut
2202 2791 2471 2848 similibus
2501 2802 2662 2862 quam
2692 2796 2947 2862 corrupte
2975 2802 3293 2862 expressum
3323 2790 3417 2863 sit,

1812 2901 1878 2941 ex
1923 2883 2038 2940 sola
2078 2884 2363 2939 collatione
2410 2881 2755 2937 maniﬁestum
2791 2881 2900 2937 ﬁet.
2953 2881 3028 2938 Ita
3053 2894 3216 2957 porro
3245 2882 3296 2937 ln
3324 2882 3419 2938 illo

1812 2979 1949 3035 libro
1992 2979 2357 3049 exprimitur:
2394 2990 2411 3031 ι
2448 2975 2774 3033 Melchiades
2824 2978 3042 3032 natione
3092 2975 3221 3032 Al’er
3278 2976 3420 3032 sedit

1810 3085 1983 3128 allllOS
2016 3074 2095 3139 in,
2125 3082 2342 3127 menses
2371 3084 2462 3138 vn,
2492 3070 2610 3125 dies
2634 3084 2745 3136 νιιι,
2779 3082 2842 3124 ex
2891 3068 2979 3124 die
3022 3067 3292 3123 Nonarum
3324 3067 3419 3123 .ln-

1810 3164 1868 3219 lii
1917 3166 2199 3221 consulatu
2228 3161 2497 3219 Maximini
2527 3176 2604 3227 rx,
2646 3172 2817 3233 usque
2849 3161 2915 3216 ad
2954 3161 3280 3216 Maxentium
3325 3176 3416 3217 ses

1811 3260 2005 3328 eundo,
2036 3260 2127 3332 qui
2160 3259 2256 3316 mn
2279 3268 2465 3315 mense
2489 3257 2812 3329 Septembri,
2832 3255 3125 3312 Volusiano
3147 3264 3202 3313 et
3223 3252 3417 3311 Ruﬁno

1810 3353 2140 3411 consulibus.
2175 3373 2195 3407 ι

1813 3511 1842 3584 ς
1883 3511 1947 3567 Il.
1979 3538 2050 3552 --
2076 3509 2153 3566 Ds
2197 3510 2378 3565 litteris
2436 3509 2688 3565 Maxentii
2725 3511 3052 3581 imperatoris
3089 3527 3151 3564 ac
3190 3511 3418 3582 praefecti

1884 3605 2124 3674 praetorio
2166 3603 2451 3661 dlelcltindi
2488 3604 2648 3668 dotis,
2679 3603 2863 3672 quibus
2899 3603 2982 3658 illi
3029 3603 3259 3658 ecclesiis
3304 3618 3419 3671 qua

1881 3697 2087 3767 fueram
2115 3696 2307 3762 ablata,
2335 3696 2536 3752 nstitui
2562 3695 2831 3767 iubebant.

1884 3874 1935 3926 1.
1971 3871 2028 3925 In
2069 3871 2361 3927 collatione
2389 3871 2823 3943 Carthaginiensi,
2857 3881 2913 3927 ut
2944 3873 3277 3944 Augustinus
3304 3881 3413 3929 tum

1812 3963 1864 4018 in
1895 3963 2176 4019 Breviculo
2197 3963 2521 4034 collationis,
2558 3980 2617 4020 ιιι
2647 3964 2780 4030 diei,
2807 3979 2858 4018 c.
2892 3964 2980 4032 18,
3011 3982 3066 4020 ιι.
3094 3965 3184 4033 51,
3220 3975 3330 4021 tum
3363 3968 3414 4024 in
3454 3958 3461 3965 ’

1812 4057 1950 4112 libro
1977 4058 2043 4113 ad
2071 4059 2394 4127 Donatislas,
2426 4068 2546 4128 post
2568 4058 3065 4130 collationem,cap.
3091 4060 3177 4129 15,
3204 4076 3414 4117 memo-

1810 4161 1915 4219 rat,
1961 4152 2183 4209 recitata
2219 4162 2348 4211 sunt
2392 4161 2563 4225 gesta,
2602 4171 2621 4207 ι
2654 4153 2925 4225 inquibus
2954 4154 3235 4225 legebatur
3264 4155 3414 4213 Mat.-

1810 4260 2037 4303 CBIADES
2085 4246 2300 4303 misisse
2326 4245 2582 4302 diaconos
2628 4244 2959 4319 (Stratonem
2988 4256 3042 4303 et
3066 4246 3408 4322 Cassianum)

1810 4354 1932 4395 cum
1981 4340 2177 4394 litteris
2221 4339 2468 4394 Maxentii
2498 4339 2836 4409 imperatoris
2863 4352 2916 4397 et
2947 4343 3141 4399 litteris
3178 4343 3415 4414 pra-[ccli

1811 4433 2069 4505 praetorio
2095 4432 2160 4488 ad
2190 4432 2511 4503 praefectum
2554 4432 2736 4494 Urbis.
2769 4443 2825 4487 ut
2851 4448 2912 4488 ea
2943 4437 3264 4505 reciperent,
3296 4451 3414 4504 qua:

1812 4536 2063 4597 tempore
2105 4526 2498 4596 persecutionis
2540 4527 2715 4581 ablata
2745 4538 3071 4583 memoratus
3124 4530 3416 4598 imperator

1809 4619 2120 4675 christianis
2142 4619 2382 4690 jusserat
2409 4619 2583 4676 reddi.
2617 4638 2637 4673 ι
2667 4620 2741 4675 Ea
2763 4629 2942 4676 autem
2969 4636 3090 4691 quae
3110 4622 3413 4681 Maxentius

106 4722 375 4765 manorum
400 4712 718 4782 pontiﬁcum
750 4714 986 4770 indiculo
1042 4716 1114 4771 ita
1161 4719 1507 4789 consignatur
1540 4738 1553 4775 τ
1596 4738 1613 4773 ι
1650 4736 1703 4776 ιν
1727 4695 1782 4755 Ῑ)
1804 4713 1968 4784 jussit
1989 4714 2164 4781 reddi,
2191 4730 2317 4770 mox
2348 4716 2681 4784 Augustinus
2707 4724 2865 4769 vocat
2885 4716 3000 4770 loca
3022 4717 3409 4787 ecclesiastica,

106 4800 223 4857 Idus
259 4803 501 4862 Januarii
541 4807 797 4864 Miltiadis
837 4810 889 4865 in
931 4809 1161 4867 Callisti.
1201 4830 1220 4865 ι
1256 4813 1461 4869 Eodem
1492 4831 1707 4887 quoque

106 4894 190 4949 die
214 4905 427 4952 notatur
446 4898 502 4953 in
517 4898 897 4972 Martyrologio
922 4902 1366 4975 Hieronymiano,
1386 4907 1702 4977 quamvisin

106 4992 285 5044 eodem
312 4990 698 5063 Martyrologio
726 5009 943 5049 rursum
968 4995 1034 5050 ad
1063 4995 1206 5051 diem
1234 5013 1269 5051 ιι
1290 4996 1418 5053 Julii
1445 5018 1458 5052 :
1485 5016 1504 5051 ι
1532 4998 1704 5071 Depo-

106 5081 223 5135 sitio
244 5081 494 5139 Miltiadis
526 5100 679 5154 papae
732 5105 750 5138 ι
797 5086 1025 5158 legatur.
1077 5088 1184 5145 Sed
1224 5089 1312 5145 hic
1340 5091 1704 5162 Papebrocius

106 5175 241 5231 diem
287 5179 683 5236 ordinationem
735 5182 873 5252 ejus,
925 5183 1120 5254 Pagins
1169 5201 1297 5241 vero
1351 5186 1698 5258 reliquiarum

106 5270 335 5339 ejusdem
366 5276 775 5331 translationem
797 5318 813 5345 ,
843 5277 1143 5350 cuiusmodi
1166 5280 1557 5338 solemnitatem
1586 5283 1702 5352 ipso

106 5363 291 5420 natalis
333 5380 429 5423 seu
474 5368 833 5426 ordinationis
870 5370 1237 5428 Romanorum
1270 5375 1583 5444 pontiﬁcum
1614 5375 1704 5435 die

106 5455 295 5525 saepius
331 5459 661 5517 celebratam
691 5465 907 5533 asserit,
938 5467 1104 5522 recoli
1151 5468 1463 5538 opinantur.
1514 5469 1703 5541 Neque

103 5545 260 5619 igitur
284 5550 349 5606 ad
369 5551 686 5611 Melchiadis
707 5556 933 5627 obitum,
967 5560 1063 5615 scil
1090 5559 1155 5614 ad
1180 5560 1413 5631 aliquam
1437 5561 1593 5616 aliain
1623 5577 1704 5618 so-

104 5643 426 5701 lemnitatem
454 5648 800 5706 referendum
825 5664 930 5719 est,
957 5654 1099 5724 quod
1127 5655 1179 5709 in
1208 5654 1447 5711 Ecclesia
1480 5672 1701 5714 romana

102 5731 185 5788 die
212 5750 245 5790 ι
265 5738 465 5793 mensis
487 5738 800 5797 Decembris
822 5744 1084 5801 memoria
1115 5745 1232 5815 ejus
1262 5746 1475 5802 colitur.

169 5826 222 5880 ἳ.
271 5828 404 5886 llinc
431 5830 831 5891 Bucberianum
870 5837 1199 5910 catalogum,
1235 5839 1286 5895 in
1318 5853 1425 5916 quo
1458 5856 1476 5892 ι
1508 5838 1698 5904 Miltia-

1809 4806 1913 4863 hoc
1939 4816 2019 4863 est
2046 4822 2169 4863 cum
2200 4822 2262 4864 ea
2297 4808 2350 4862 in
2379 4807 2574 4878 quibus
2599 4806 2843 4863 ecclesia:
2870 4818 3025 4863 erant
3063 4818 3408 4883 constructa,

1808 4908 1863 4957 et
1891 4901 1942 4955 in
1969 4900 2163 4972 quibus
2189 4901 2482 4956 convenire
2519 4899 2767 4956 solebant
2787 4900 3084 4969 christiani,
3115 4912 3227 4958 tum
3250 4904 3409 4960 etiam

1809 5010 1871 5052 ea
1899 5011 2019 5066 quae
2062 4994 2127 5050 ad
2170 4995 2318 5065 ipsas
2359 4994 2617 5050 ecclesias
2647 4994 3039 5064 pertinuerant,
3075 4997 3150 5051 ull
3193 4996 3413 5053 disertis

1808 5089 1991 5144 verbis
2016 5087 2358 5143 Constantini
2399 5096 2453 5142 et
2482 5087 2670 5143 Licinii
2694 5089 3027 5152 constitutio.
3070 5090 3210 5161 apud
3241 5091 3411 5147 Euse-

1802 5182 1972 5248 bium,
2012 5180 2104 5236 lib.
2153 5196 2188 5235 ι
2225 5178 2387 5248 Hist.,
2429 5196 2478 5235 c.
2505 5182 2556 5248 5,
2590 5181 2832 5252 praecipit
2875 5182 2926 5235 in
2958 5181 3099 5239 ltuno
3138 5183 3355 5237 modum
3391 5202 3405 5238 :

1785 5291 1830 5329 ’ί
1864 5272 1918 5328 1ιι
1941 5273 2166 5345 gratiam
2189 5272 2624 5328 Christianorum
2648 5273 3015 5343 decernimus,
3046 5284 3103 5328 ut
3122 5273 3238 5328 loca
3266 5276 3408 5346 ipso-

1804 5380 1924 5421 rum
1966 5365 2020 5419 in
2069 5364 2267 5435 quibus
2296 5362 2524 5419 antehac
2566 5365 2860 5421 convenire
2884 5350 3297 5434 consueverant,
3339 5364 3409 5424 de

1807 5458 2001 5530 quibus
2030 5459 2084 5514 in
2110 5459 2307 5514 litteris
2328 5459 2476 5530 prius
2496 5456 2562 5512 ad
2590 5458 2930 5513 devotionem
2963 5468 3107 5513 tuam
3145 5457 3283 5513 (latis
3304 5458 3407 5513 alia

1807 5564 1927 5611 erat
1966 5551 2138 5610 forma
2166 5554 2426 5626 superiori
2452 5561 2696 5624 tempore
2725 5554 3037 5623 constituta,
3069 5556 3114 5609 si
3144 5556 3232 5627 qui
3261 5562 3348 5608 aut
3374 5569 3404 5608 a

1808 5648 1940 5707 ﬁsco
1968 5658 2175 5715 nostro,
2199 5656 2295 5703 aut
2322 5647 2424 5702 alio
2452 5645 2704 5719 quopiam
2734 5660 2797 5701 ea
2829 5646 3025 5702 emisse
3055 5646 3152 5701 visi
3180 5645 3400 5713 fuerint,

1801 5745 1935 5816 ipsis
1973 5743 2300 5806 christianis,
2338 5742 2545 5813 absque
2582 5741 2688 5797 ulla
2731 5740 2952 5811 pecunia
2981 5748 3033 5793 et
3059 5739 3179 5794 sine
3205 5741 3404 5811 repeti-

1800 5843 1949 5899 tione
1970 5842 2077 5909 ulla
2100 5836 2457 5913 superadjecti
2480 5837 2659 5915 pretii,
2686 5838 3056 5901 incunctanter
3069 5846 3133 5893 ac
3155 5834 3272 5893 sine
3295 5837 3403 5905 ulla
