3838 6278
367 288 430 348 3i
1296 291 1630 351 EPISTULA
1668 294 2121 354 CONSTANTINI
2159 299 2250 354 AD
2288 301 2590 361 MELCHIA
2599 303 2755 362 DEM.
3605 311 3679 366 32

365 412 596 485 ambage
634 413 948 470 restituant.
975 411 1133 482 Quod
1153 413 1199 468 si
1225 413 1316 485 qui
1339 429 1403 469 ea
1429 414 1545 469 loca
1571 423 1835 481 emerunt,
1884 425 1973 469 aut
2002 420 2053 476 Λ
2078 415 2190 470 loca
2213 415 2279 470 ad
2299 418 2388 486 jus
2414 417 2847 477 Christianorum
2875 423 3105 480 antehac
3129 425 3458 496 pertinentia
3482 437 3548 480 ex
3566 424 3680 494 jus-

364 506 564 564 douata
583 516 930 578 acceperunt,
951 505 1152 578 aliquid
1172 522 1200 561 a
1225 517 1408 563 nostra
1421 507 1707 563 clementia
1729 509 1972 576 accipere

364 600 556 664 velint,
581 601 619 655 ii
649 599 966 672 praefectum
991 603 1082 671 qui
1107 601 1161 654 in
1184 600 1275 656 illa
1301 601 1576 671 provincia
1606 602 1692 672 jus
1723 601 1852 655 dicit
1877 599 1972 654 ad-

367 705 516 758 eant.
541 705 646 750 uta
671 703 855 750 nostra
883 695 1176 750 serenitate
1199 697 1336 750 ratio
1360 695 1638 751 habeatur.
1654 715 1673 748 ι
1703 694 1971 750 Hactenus

365 785 438 845 de
467 787 601 844 locis
625 803 746 860 qua:
772 787 1192 844 christianorum
1221 789 1579 844 conventibus
1608 796 1765 842 erant
1787 801 1973 842 conse-

370 893 520 939 crata
570 902 586 939 :
637 893 747 938 tum
776 883 846 940 de
872 883 1008 938 locis
1029 883 1095 938 ad
1124 883 1270 954 ipsas
1291 883 1552 939 ecclesias
1579 879 1972 952 pertinentibus

368 976 588 1034 subdit:
623 995 643 1029 ι
681 977 748 1032 Et
783 977 1037 1046 quoniam
1066 977 1226 1032 iidem
1253 974 1531 1030 chriStiani
1554 989 1659 1029 non
1690 972 1865 1027 solum
1911 987 1973 1026 ea

369 1069 512 1136 loca,
535 1070 588 1124 in
609 1070 805 1142 quibus
819 1070 1111 1127 convenire
1131 1070 1396 1135 solebant,
1422 1066 1516 1123 sed
1539 1067 1701 1122 etiam
1729 1065 1832 1120 alia
1853 1081 1976 1135 pos-

371 1161 584 1220 sedisse
610 1173 930 1229 noscuntur,
957 1180 1076 1234 qua:
1114 1179 1220 1218 non
1263 1163 1511 1233 privatim
1539 1159 1608 1214 ad
1632 1159 1876 1230 singulos
1897 1159 1976 1228 ip-

373 1269 582 1324 sorum,
633 1257 731 1314 sed
773 1257 951 1327 adjus
981 1258 1225 1328 corporis
1255 1256 1610 1328 pertinerent;
1653 1253 1770 1308 haec
1794 1253 1974 1307 omnia

373 1360 500 1424 post
547 1351 720 1422 legem
766 1366 794 1405 a
824 1350 981 1407 nobis
1003 1359 1355 1407 memoratam
1384 1349 1590 1421 absque
1617 1347 1723 1403 ulla
1765 1345 1979 1401 dubita-
2013 1397 2018 1401 .

376 1444 525 1500 tione
552 1442 744 1499 iisdem
773 1441 1116 1507 Christianis,
1149 1443 1252 1498 hoc
1289 1451 1374 1498 est
1418 1442 1640 1497 cuilibet
1667 1439 1882 1510 corpori
1924 1451 1980 1494 et

377 1536 760 1592 conventiculo
779 1537 1038 1608 ipsorum,
1053 1536 1260 1592 restitui
1275 1535 1508 1606 jubebis,
1537 1533 1846 1606 supradicta
1874 1533 1978 1588 sci-

374 1629 504 1688 licet
543 1630 752 1686 ratione
793 1640 1032 1686 servata:
1073 1638 1131 1685 ut
1161 1629 1251 1701 qui
1283 1644 1345 1684 ea
1372 1629 1490 1684 loca
1513 1627 1716 1698 absque
1743 1626 1980 1682 redhibi-

379 1725 525 1780 tione
554 1725 735 1794 pretii,
767 1726 908 1782 sicut
932 1724 1134 1781 dictum
1163 1733 1270 1788 est,
1302 1723 1664 1791 restituerint,
1715 1723 1982 1778 indemni-

2074 511 2228 566 sione
2252 509 2498 567 divorum
2523 524 2803 584 parentum
2829 526 3138 573 nostrorum
3169 516 3237 574 ad
3257 517 3346 587 jus
3371 517 3486 572 lisci
3515 515 3681 574 devo-

2075 601 2182 656 luta
2233 603 2360 668 sint,
2412 614 2504 659 aut
2542 605 2610 660 ab
2639 607 2814 677 aliqua
2845 610 3065 666 civitate
3094 621 3377 681 occupata,
3409 619 3504 665 aut
3532 623 3682 666 certe
3742 655 3752 662 .

2076 695 2308 761 vendita,
2347 707 2438 752 aut
2482 699 2640 755 alicui
2671 701 2816 756 dono
2859 702 3004 772 data,
3053 714 3243 760 cuncta
3285 703 3353 759 ad
3397 705 3682 775 pristinum

2071 784 2160 855 jus
2205 803 2268 842 ac
2314 787 2607 844 dominium
2652 793 3070 849 ehristianorum
3115 805 3457 860 revocentur,
3501 795 3684 850 uthac

2077 881 2237 935 etiam
2265 881 2319 936 in
2349 898 2408 936 re
2436 883 2689 953 pietatem
2719 902 2781 942 ac
2811 887 3204 957 providentiam
3228 898 3466 944 nostram
3493 888 3673 943 cuncti

2077 972 2286 1043 possint
2330 989 2624 1045 agnoscere
2660 995 2678 1029 ι
2717 978 2959 1049 (Euseb.,
2993 980 3082 1034 lib.
3114 996 3188 1045 tx,
3231 997 3350 1050 cap.
3385 978 3496 1053 10).
3544 979 3687 1048 Quin

2081 1067 2256 1134 potius
2280 1081 2308 1119 a
2338 1069 2549 1124 cunctis
2573 1081 2900 1140 agnoscatur
2943 1087 3006 1127 ac
3031 1072 3359 1142 suspiciatur
3397 1071 3689 1141 singularis

2079 1173 2206 1227 erga
2237 1160 2533 1216 Ecclesiam
2563 1162 2904 1218 Providentia
2929 1164 3044 1230 Dei,
3077 1165 3311 1236 quicum
3341 1179 3461 1220 eam
3488 1165 3690 1233 ubique

2083 1251 2417 1307 infeStissimi
2449 1254 2804 1324 imperatores
2835 1257 3140 1311 saevissimo
3166 1256 3312 1312 bello
3335 1256 3607 1327 persequi,
3632 1265 3694 1312 et

2082 1344 2134 1400 iu
2157 1358 2364 1401 certum
2394 1347 2510 1418 ejus
2539 1347 2762 1403 exitium
2793 1350 3106 1420 conspirare
3153 1350 3487 1417 viderentur,
3537 1364 3693 1420 pror-

2081 1451 2174 1491 sus
2199 1437 2524 1507 inSperatam
2555 1440 2604 1495 ei
2633 1456 2820 1512 pacem
2843 1441 3022 1497 subito
3042 1441 3297 1498 reddidit.
3318 1441 3516 1498 Verum
3549 1441 3695 1496 banc

2082 1531 2338 1588 continuo
2352 1533 2724 1589 interturbavit
2741 1537 2984 1605 pertinax
3006 1545 3061 1590 et
3080 1535 3411 1592 obstinatum
3436 1534 3674 1590 schisma

2087 1626 2506 1695 Donatistarum,
2533 1643 2758 1699 quorum
2787 1645 3002 1685 causam
3028 1629 3435 1697 Constantinus,
3463 1629 3532 1686 ab
3559 1628 3698 1700 ipsis

2087 1717 2483 1790 interpellatus,
2517 1721 2802 1778 Melchiatli
2829 1722 3200 1780 demandavit.

377 1827 542 1875 tatem
581 1835 732 1876 suam
778 1837 808 1876 a
841 1829 1028 1876 nostra
1059 1820 1392 1890 benignitate
1426 1827 1764 1890 exspectent.
1793 1837 1814 1872 ι
1843 1817 1987 1885 Qua-
2017 1821 2066 1882 B

376 1927 598 1988 propter
623 1924 680 1972 et
709 1915 777 1972 ad
802 1915 1115 1984 Anulinum,
1143 1915 1340 1972 Africa:
1384 1915 1784 1985 proconsulem,
1818 1915 1982 1971 iidem

376 2009 750 2079 imperatores,
765 2007 905 2079 apud
925 2007 1174 2064 eumdem
1202 2005 1517 2072 Eusebium,
1532 2005 1688 2072 ibid.,
1707 2005 1982 2061 scribunt:

381 2119 404 2154 ι
432 2099 664 2172 Operam
700 2101 878 2168 dabis,
917 2109 977 2158 ut
1003 2103 1116 2158 sive
1145 2101 1310 2169 horti,
1342 2101 1457 2156 sive
1481 2103 1649 2168 aedes,
1693 2115 1790 2156 seu
1816 2101 1986 2172 quod-

379 2211 612 2269 cumque
631 2198 799 2267 aliud,
818 2199 884 2255 ad
905 2199 1318 2270 jusearumdem
1342 2199 1688 2256 ecclesiarum
1713 2203 1986 2273 pertinue-

379 2291 473 2357 rit,
503 2301 702 2348 cuncta
725 2291 831 2349 illis
861 2294 1182 2363 quantocius
1209 2294 1566 2350 restituantur
1597 2313 1610 2348 :
1645 2311 1753 2365 quo
1781 2296 1985 2352 scilicet

377 2396 432 2446 te
459 2387 584 2444 huic
610 2397 799 2446 nostro
825 2395 1096 2461 praecepto
1135 2387 1538 2446 accuratissime
1577 2388 1986 2460 obtemperasse

375 2479 756 2554 intelligamus.

447 2623 505 2678 2.
545 2620 800 2678 Maxentii
820 2621 1033 2688 litterte,
1053 2621 1120 2678 ad
1138 2636 1274 2693 quas
1294 2622 1614 2679 obtinendas
1634 2624 1984 2682 Melchiadem

378 2730 600 2787 operam
645 2729 797 2771 suam
826 2714 1121 2770 contulisse
1172 2714 1331 2770 valde
1386 2715 1662 2786 probabile
1709 2725 1814 2782 est,
1841 2733 1984 2773 anno

377 2807 578 2866 Christi
603 2809 706 2865 311
738 2808 960 2864 indulta:
987 2815 1130 2862 sunt.
1156 2807 1266 2864 Has
1286 2818 1617 2879 exceperunt
1644 2810 1764 2865 dum
1793 2811 1982 2868 Licinii

377 2913 434 2962 et
461 2903 798 2962 Constantini
830 2901 1216 2974 imperatorum
1242 2903 1310 2960 de
1337 2903 1528 2961 eadem
1559 2921 1618 2961 re
1639 2907 1984 2963 constitutio-

379 3015 477 3058 nes
506 3019 519 3054 :
545 3000 738 3072 prima,
769 3014 891 3070 quae
920 2996 1141 3064 excidit,
1175 3012 1319 3054 anno
1349 2999 1456 3053 512
1496 2999 1732 3066 labente,
1765 3011 1884 3071 post
1905 3003 1985 3072 ip-

379 3094 494 3152 sius
521 3093 774 3150 Maxentii
804 3108 1016 3160 necem,
1045 3094 1405 3165 promulgata;
1429 3093 1618 3161 altera,
1644 3110 1804 3165 quam
1829 3097 1986 3152 nobis

2089 1929 2116 2000 §
2157 1929 2244 1985 Ill.
2273 1959 2342 1970 —
2375 1927 2765 1984 Donatistarum
2792 1945 2949 1984 causa
2987 1927 3295 1984 Melchiadis
3325 1926 3607 1999 cognitioni
3668 1943 3703 1984 α

2375 2044 2706 2100 Constantino
2744 2044 3050 2117 imperatore
3081 2041 3438 2098 dentandatur.

2158 2250 2212 2306 5.
2229 2249 2574 2305 Caecilianum
2593 2249 2854 2306 Ecclesia:
2882 2249 3296 2320 Carthaginensi
3317 2261 3554 2318 praeesse
3568 2247 3695 2303 ideo

2087 2361 2192 2400 non
2216 2360 2375 2415 posse
2395 2344 2794 2402 contendebant
2813 2344 3102 2399 Donatistm
3127 2341 3397 2415 (Augusl.,
3421 2339 3527 2411 Ep.
3561 2340 3690 2407 l05,

2086 2456 2141 2496 ιι.
2169 2439 2222 2506 8,
2255 2438 2379 2493 olim
2407 2437 2519 2510 16),
2552 2437 2674 2508 quia
2703 2436 2859 2492 Felix
2893 2434 3284 2506 Aptugnensis,
3313 2449 3472 2504 quem
3517 2433 3691 2488 libro-

2087 2546 2205 2586 rum
2250 2545 2527 2585 sacrorum
2555 2528 2871 2584 traditorem
2895 2527 3061 2584 fuisse
3087 2526 3573 2590 calumniabantur,
3608 2524 3690 2593 ip-

2087 2639 2206 2678 sum
2232 2622 2557 2677 ordinasset.
2575 2621 2938 2688 Quamobrem
2953 2635 3097 2674 anno
3117 2618 3319 2675 Christi
3337 2618 3444 2674 515
3464 2630 3687 2672 causam

2088 2716 2233 2773 illius
2279 2716 2348 2771 ad
2398 2716 2777 2785 imperatorem
2795 2713 3233 2780 Constantinum,
3260 2711 3512 2785 precibus
3538 2710 3685 2766 datis

2085 2831 2219 2886 quas
2249 2814 2474 2886 Oplatus
2501 2814 2602 2868 sub
2636 2812 2756 2868 libri
2787 2812 2868 2867 sui
2902 2811 3058 2882 primi
3084 2810 3245 2866 linem
3275 2809 3455 2874 refert,
3483 2806 3687 2861 detule-

2085 2917 2213 2962 runt
2247 2925 2258 2959 :
2298 2926 2316 2957 ‹
2352 2906 2458 2962 Sed
2486 2908 2630 2977 quia,
2675 2925 2694 2958 ι
2729 2913 2787 2960 ιιι
2816 2905 3152 2976 Augustinus
3196 2903 3454 2974 loquitur,
3489 2919 3508 2952 ι
3539 2898 3687 2954 Cou-

2087 3002 2354 3056 stantinus
2402 3018 2507 3054 non
2547 3012 2630 3056 est
2650 3015 2814 3056 ausus
2855 3000 2923 3054 de
2949 3015 3109 3055 causa
3139 2997 3376 3069 episcopi
3397 2995 3641 3066 judicare
3666 3034 3683 3060 ,

2088 3113 2207 3152 eam
2240 3095 2628 3152 discutiendam
2655 3106 2818 3165 atque
2844 3093 3132 3150 ﬁniendam
3161 3091 3430 3162 episcopis
3457 3089 3685 3144 deman~

377 3187 674 3243 asservavit
698 3186 987 3253 Eusebius,
1007 3195 1065 3243 et
1083 3202 1149 3242 ex
1179 3203 1284 3258 qua
1301 3187 1548 3242 nonnihil
1575 3204 1734 3260 supra
1756 3189 1984 3260 decerp-
2011 3207 2056 3270 ρ
2088 3189 2256 3244 davit.
2287 3188 2442 3257 Quod
2473 3198 2527 3243 et
2553 3187 2750 3243 factum
2779 3196 2863 3242 est
2889 3187 2941 3240 in
2975 3185 3108 3241 urbe
3139 3184 3332 3250 Roma,
3363 3179 3687 3253 prmsidctite

375 3282 566 3349 simus,
604 3281 911 3350 Mediolani,
937 3283 1080 3340 circa
1108 3282 1318 3338 initium
1346 3283 1470 3340 anni
1497 3283 1621 3352 515,
1653 3286 1977 3356 conscripta.

378 3375 618 3433 Tandem
646 3392 714 3434 eo
740 3377 858 3448 ipso
883 3391 1026 3432 anno
1054 3377 1160 3432 515
1189 3377 1532 3448 Maximinus,
1564 3395 1685 3434 eum
1716 3395 1746 3435 a
1775 3379 1981 3436 Licinio

379 3469 623 3525 devictus
648 3468 858 3535 luisset,
886 3469 1268 3539 praedictorum
1309 3471 1694 3542 imperatorum
1723 3488 1850 3542 erga
1881 3473 1980 3527 Ee-

379 3563 605 3619 clesiam
654 3563 1047 3618 benevolentia;
1100 3578 1306 3618 morem
1353 3579 1572 3634 gerens,
1611 3565 1752 3620 istud
1782 3565 1982 3634 pariter

381 3655 590 3712 edixit:
629 3673 648 3706 ι
687 3654 754 3711 Ut
797 3654 1126 3726 indulgentia
1171 3664 1358 3712 nostra
1407 3657 1666 3728 prolixior
1703 3667 1976 3728 appareat,

377 3745 512 3803 illud
555 3745 716 3803 etiam
757 3745 970 3803 sancire
1009 3747 1280 3817 volumus,
1319 3758 1380 3804 ut
1404 3749 1452 3805 si
1489 3764 1610 3820 quas
1649 3748 1844 3806 domus
1891 3759 1985 3805 aut

764 3948 1148 4008 EXEMPLUM
1199 3951 1586 4010 EPISTOL‘E.

372 4149 724 4191 CONSTANTINI
756 4147 1132 4200 IIPEBATORIS,
1174 4150 1278 4200 ρυΑ
1306 4149 1666 4192 EPISCOPOBUI
1697 4150 1980 4194 οοωοιιιωι

451 4241 611 4282 ΒΟΠΑΕ
649 4242 792 4282 FIERI
829 4241 996 4282 JUBET
1026 4243 1128 4283 PRO
1158 4243 1393 4314 υΝιτΑτβ
1433 4243 1503 4283 ET
1544 4244 1840 4286 CONCOBDIA
1883 4247 1980 4286 EC-

442 4341 590 4384 CLESI
595 4341 694 4382 ΑΜ]
700 4342 734 4380 1
743 4366 758 4380 .

377 4483 740 4542 Constantinus
778 4483 1038 4554 Augustus
1083 4479 1314 4536 Miltiadi
1349 4481 1586 4553 episcopo
1630 4480 1770 4537 urbis
1801 4481 1982 4537 Romw

974 4585 1022 4630 et
1062 4573 1246 4629 Marco
1276 4572 1375 4647 (1).

444 4739 502 4792 4.
533 4734 800 4804 Quoniam
832 4732 1138 4800 hujusmodi
1177 4733 1358 4802 plures
1395 4732 1558 4788 libelli
1583 4749 1611 4786 a
1639 4734 1756 4790 viro
1790 4733 1979 4789 claris-

375 4829 516 4886 simo
538 4827 797 4894 Anulino,
822 4825 1015 4880 Africa:
1057 4827 1398 4895 proconsule,
1431 4826 1496 4880 ad
1528 4843 1616 4882 me
1648 4837 1776 4883 sunt
1804 4829 1972 4892 missi,

2089 3281 2404 3348 Melchiade,
2429 3281 2680 3350 episeopo
2707 3279 2852 3334 illius
2878 3279 3142 3344 ecclesias,
3167 3291 3289 3331 cum
3322 3273 3689 3330 multiseollr-

2086 3376 2166 3444 gis
2195 3375 2327 3430 suis.
2365 3392 2383 3426 ι
2435 3373 2610 3443 Ipsam
2650 3371 2931 3442 epistolam
2975 3386 3080 3442 qua
3129 3367 3531 3423 Constantiuus-
3559 3367 3690 3424 Mel-

2085 3468 2258 3524 chiadi
2286 3467 2483 3536 negotii
2525 3467 2683 3536 hujus
2709 3465 2975 3538 delegavit
2999 3462 3387 3533 cognitionem,
3414 3461 3688 3516 Eusebius

2086 3577 2116 3615 e
2147 3560 2313 3614 latino
2338 3575 2588 3616 sermone
2611 3561 2662 3614 in
2686 3574 2920 3630 graecum
2940 3570 3275 3616 conversam,
3299 3553 3554 3608 Historiae
3571 3570 3689 3608 sua:

2087 3655 2334 3710 inseruit.
2372 3654 2518 3709 lianc
2545 3664 2722 3709 autem
2753 3663 2811 3708 ut
2840 3652 3216 3719 exhibeamus,
3251 3656 3497 3704 nostrum
3529 3647 3691 3704 insti-

2089 3757 2263 3804 tutum
2295 3748 2508 3804 videtur
2536 3751 2832 3820 postulare.

2541 3965 2906 4012 ΔΝΤῙΓΡΔΦΟΝ
2944 3961 3242 4010 ΒΛΣΙΛΙΚΗΣ

2087 4141 2357 4202 ἐπιστολῆς
2387 4139 2454 4197 δι’
2481 4137 2540 4200 ἧς
2569 4136 2782 4193 σύνοδον
2811 4138 3099 4192 ἐπισκόπων
3147 4139 3232 4192 ἐπὶ
3273 4136 3466 4207 Ῥώμης
3494 4136 3690 4191 κελεύει

2155 4237 2385 4309 γενέσθαι
2429 4235 2562 4310 ὑπὲρ
2609 4241 2700 4292 τῆς
2728 4239 2825 4286 τῶν
2879 4232 3148 4289 ἐκκλησιῶν
3193 4230 3418 4290 ἐνὼσεὼς
3459 4250 3513 4286 τε
3547 4231 3630 4284 καὶ
3663 4231 3686 4286 ὁ

2162 4332 2384 4403 μονοίας.

2085 4498 2458 4553 Κωνσταντῖνος
2486 4491 2738 4553 creatore;
2764 4488 3008 4566 Μιλτιάδῃ
3033 4489 3300 4563 ἐπισκὸπῳ
3325 4487 3576 4560 Ῥωμαίων
3597 4492 3688 4543 καὶ

2783 4587 2988 4661 Μάρκῳ.

2154 4744 2208 4798 4.
2239 4741 2438 4802 Ἐπειδὴ
2468 4749 2691 4798 τοιοῦτοι
2722 4745 2922 4819 χάρται
2967 4743 3107 4818 παρὰ
3132 4741 3377 4795 ’Λνυλίνου
3418 4745 3506 4795 τοῦ
3555 4739 3684 4811 λιμ-

2081 4838 2342 4912 προτὰτον
2394 4838 2684 4891 ἀνθυπάτου
2743 4845 2835 4896 τῆς
2889 4835 3119 4911 Ἀφρικῆς
3168 4833 3294 4906 πρὸς
3359 4855 3419 4900 με
3474 4833 3685 4893 πλείους

373 4924 431 4981 in
459 4922 656 4996 quibus
677 4920 990 4978 continetur
1017 4917 1387 4987 Cmciliauum,
1413 4919 1862 4994 Carthaginensis
1899 4940 1975 4978 ur-

2127 4928 2471 4993 πεστά).ησαν,
2497 4930 2546 4982 ἐν
2575 4925 2645 4988 οἷς
2669 4929 2955 4999 ἐμφέρεται,
2996 4927 3324 4990 Καικιλιανὸν,
3355 4926 3440 4980 τὸν
3470 4927 3684 4979 ἐπίσκο-

448 5131 532 5206 (l)
557 5131 814 5206 Quisnam
838 5127 912 5206 _sit
933 5127 1026 5182 ille
1046 5127 1282 5206 Marcus,
1312 5130 1452 5206 inter
1479 5130 1720 5206 eruditos
1750 5131 1972 5186 minime

375 5200 609 5262 constat.
657 5201 947 5272 Baronius,
991 5200 1057 5253 atl
1088 5216 1286 5255 annum
1319 5202 1424 5256 515
1450 5243 1464 5266 ,
1500 5217 1554 5254 n.
1601 5204 1670 5256 55
1691 5245 1706 5266 ,
1738 5218 1972 5272 graecum

376 5273 597 5332 Eusebii
645 5283 842 5328 textum
889 5271 1238 5339 depravatum
1278 5289 1399 5326 esse
1445 5271 1749 5340 conjeclat,
1793 5283 1846 5327 et
1887 5279 1974 5328 καὶ

377 5350 570 5424 Macae.
600 5359 694 5415 pro
715 5345 985 5424 _i_epapzfi,
1014 5342 1124 5424 hoc
1149 5352 1258 5424 est,
1291 5344 1525 5424 Romano
1549 5345 1861 5424 hierarcltaz,
1900 5346 1968 5424 irj

379 5415 615 5488 repsisse
648 5415 958 5488 arbitratur}
1012 5415 1116 5469 Sed
1163 5417 1207 5469 si
1248 5418 1349 5488 hoc
1379 5415 1641 5488 vocabulo
1673 5431 1798 5488 usus
1831 5423 1976 5488 esset

379 5485 786 5551 Constantinus,
835 5496 989 5541 antea
1035 5487 1260 5558 episcopi
1300 5500 1429 5558 voce
1467 5485 1833 5541 abstinuisset.
1867 5485 1976 5540 Nec

384 5559 554 5629 magis
597 5559 769 5632 placet
797 5558 966 5632 altera
1009 5557 1250 5632 Perronii
1283 5557 1589 5632 COnjec_lttr:t
1613 5573 1759 5632 ._qua
1799 5560 1975 5632 καιρὸν

426 5627 606 5707 αέρὸνέ
640 5630 743 5683 hoc
763 5629 1110 5707 est,_longmn
1137 5630 1312 5707 vitam,
1346 5627 1738 5707 pra-ferendum
1770 5627 1972 5707 censet.

426 5655 604 5707 ακρον,
640 5655 743 5683 ιιυυ
763 5655 867 5695 cat,
903 5655 1110 5697 wuymu
1138 5655 1312 5693 vuum,
1347 5655 1738 5696 praru'l'cuuutll
1770 5655 1972 5684 CUlthl.

384 5655 492 5757 i‘sIa
523 5701 665 5756 enim
691 5700 930 5766 precatio
960 5713 1067 5752 non
1096 5696 1148 5751 iu
1173 5699 1471 5768 litterarum
1499 5696 1676 5752 fronte
1701 5701 1974 5768 prtcmitti,

390 5771 485 5839 sed
517 5772 582 5826 ad
612 5763 815 5839 calcem
844 5769 1216 5839 subjicisolet,
1253 5763 1340 5839 ubi
1371 5770 1544 5838 reipsa
1571 5785 1603 5839 ιι
1625 5763 1977 5839 Constantino

388 5836 624 5918 ponitur.
678 5828 1238 5896 Vateslua'etlstimat
1278 5833 1364 5896 hic
1409 5828 1582 5895 notari
1631 5838 1978 5911 promutuum

2081 5133 2328 5188 Ecclesia:
2353 5134 2778 5205 Rontmtw,quem
2805 5152 2906 5190 una
2934 5153 3049 5190 cunt
3074 5135 3314 5189 Miltiade
3341 5135 3466 5205 huic
3483 5135 3684 5204 synodo

2078 5205 2322 5258 interesse
2349 5205 2507 5259 voluit
2549 5203 2914 5260 Constantinus
2938 5250 2952 5273 ,
2987 5224 3108 5260 cum
3146 5206 3396 5261 videlicet
3420 5203 3678 5266 Murrum,

2079 5277 2166 5344 qui
2209 5285 2319 5339 post
2354 5276 2658 5330 Silvastrum
2694 5296 2880 5346 papam
2921 5280 3269 5347 apiswpatmn
3316 5276 3456 5329 urbis
3501 5275 3686 5332 Roma:

2080 5348 2254 5418 gessit.
2289 5347 2414 5414 Alii,
2438 5348 2563 5401 licet
2586 5349 2800 5404 Barouii
2827 5350 3177 5417 Perrouiique
3202 5348 3545 5417 conjecturas
3573 5363 3680 5402 non

2082 5419 2344 5488 probent,
2394 5421 2535 5472 ultro
2569 5431 2744 5474 tamen
2786 5421 2850 5474 iis
2881 5423 2932 5476 in
2963 5423 3180 5476 nomine
3217 5419 3378 5474 Marci
3422 5418 3678 5472 mendum

2083 5505 2204 5544 esse
2233 5490 2550 5563 largiuntur.
2587 5491 2745 5546 Certe
2766 5493 3011 5563 Oplatus,
3045 5508 3166 5547 Cum
3195 5491 3434 5544 omnium
3462 5494 3550 5560 qui
3577 5489 3680 5545 R0-

2087 5577 2246 5614 tttatto
2274 5561 2325 5614 in
2357 5562 2586 5614 concilio
2617 5561 2976 5616 consederunt
3008 5565 3219 5616 nomina
3261 5571 3678 5630 cotnmctttoret,

2087 5633 2282 5686 nullius
2312 5641 2488 5686 tamen
2509 5634 2665 5687 Marci
2692 5635 2952 5688 meminit.
2981 5634 3086 5688 Nec
3113 5634 3266 5688 facile
3294 5633 3413 5702 quis
3436 5631 3537 5685 sibi
3562 5647 3681 5696 per.

2086 5703 2319 5757 suaserit
2381 5719 2502 5756 eum
2562 5703 2647 5758 cui
2696 5706 2783 5760 uni
2828 5707 3142 5758 nominatim
3195 5719 3318 5758 cum
3378 5703 3683 5758 Melchiade

2085 5774 2418 5844 Constantini
2469 5773 2536 5830 de
2583 5773 2830 5844 habendo
2875 5774 3366 5844 concili‘o‘epistola
3417 5771 3683 5844 inscripta

2087 5831 2270 5908 fuerit,
2324 5833 2448 5900 iniit!
2495 5837 2726 5903 cnttcllid
2769 5837 2872 5900 non
2917 5831 3258 5908 interfuisse,
3314 5847 3404 5898 nttt
3439 5838 3480 5896 si
3513 5831 3684 5900 iniria
