  <div class='ocr_page' id='page_1' title='image "/cluster/home/n/w/nwhite01/storage/ocr_20150623/6/uva.x000669814/026.png"; bbox 0 0 3838 6278; ppageno 0'>
   <div class='ocr_carea' id='block_1_1' title="bbox 129 299 2590 364">
    <p class='ocr_par' dir='ltr' id='par_1_1' title="bbox 129 299 2590 364">
     <span class='ocr_line' id='line_1_1' title="bbox 129 299 2590 364; baseline -0.002 -2"><span class='ocrx_word' id='word_1_1' title='bbox 129 305 190 362; x_wconf 77' lang='grc'><strong>55</strong></span> <span class='ocrx_word' id='word_1_2' title='bbox 923 302 1340 364; x_wconf 82' lang='lat' dir='ltr'><strong>MELCHIADIS</strong></span> <span class='ocrx_word' id='word_1_3' title='bbox 1381 301 1471 358; x_wconf 88' lang='lat' dir='ltr'><strong>DE</strong></span> <span class='ocrx_word' id='word_1_4' title='bbox 1513 300 1879 358; x_wconf 69' lang='lat' dir='ltr'><strong>C/ECILlA-NI</strong></span> <span class='ocrx_word' id='word_1_5' title='bbox 1916 300 2142 360; x_wconf 80' lang='lat' dir='ltr'><strong>CAUSA</strong></span> <span class='ocrx_word' id='word_1_6' title='bbox 2183 299 2590 359; x_wconf 78' lang='lat' dir='ltr'><strong>SENTENTIA.</strong></span> 
     </span>
    </p>
   </div>
   <div class='ocr_carea' id='block_1_2' title="bbox 3347 295 3416 352">
    <p class='ocr_par' dir='ltr' id='par_1_2' title="bbox 3347 295 3416 352">
     <span class='ocr_line' id='line_1_2' title="bbox 3347 295 3416 352; baseline 0 0"><span class='ocrx_word' id='word_1_7' title='bbox 3347 295 3416 352; x_wconf 72' lang='grc' dir='ltr'>δι</span> 
     </span>
    </p>
   </div>
   <div class='ocr_carea' id='block_1_3' title="bbox 129 409 1724 494">
    <p class='ocr_par' dir='ltr' id='par_1_3' title="bbox 129 415 1711 490">
     <span class='ocr_line' id='line_1_3' title="bbox 129 415 1711 490; baseline -0.004 -13"><span class='ocrx_word' id='word_1_8' title='bbox 129 422 202 478; x_wconf 81' lang='lat' dir='ltr'><strong>bis</strong></span> <span class='ocrx_word' id='word_1_9' title='bbox 219 415 551 489; x_wconf 88' lang='lat' dir='ltr'><strong>episcopum,</strong></span> <span class='ocrx_word' id='word_1_10' title='bbox 575 431 606 471; x_wconf 92' lang='lat' dir='ltr'><strong>a</strong></span> <span class='ocrx_word' id='word_1_11' title='bbox 635 417 960 484; x_wconf 85' lang='lat' dir='ltr'><strong>quibusdam</strong></span> <span class='ocrx_word' id='word_1_12' title='bbox 983 420 1204 490; x_wconf 80' lang='lat' dir='ltr'><strong>collegis</strong></span> <span class='ocrx_word' id='word_1_13' title='bbox 1231 419 1343 474; x_wconf 85' lang='lat' dir='ltr'><strong>suis</strong></span> <span class='ocrx_word' id='word_1_14' title='bbox 1361 434 1458 488; x_wconf 87' lang='lat' dir='ltr'><strong>per</strong></span> <span class='ocrx_word' id='word_1_15' title='bbox 1477 417 1711 472; x_wconf 82' lang='lat' dir='ltr'><strong>Africam</strong></span> 
     </span>
    </p>
   </div>
   <div class='ocr_carea' id='block_1_4' title="bbox 1972 409 3418 494">
    <p class='ocr_par' dir='ltr' id='par_1_4' title="bbox 1972 409 3418 494">
     <span class='ocr_line' id='line_1_4' title="bbox 1972 409 3418 494; baseline -0.004 -24"><span class='ocrx_word' id='word_1_16' title='bbox 1972 426 2028 478; x_wconf 75' lang='grc' dir='ltr'><strong>ἧς</strong></span> <span class='ocrx_word' id='word_1_17' title='bbox 2057 417 2498 494; x_wconf 78' lang='grc' dir='ltr'>Καρταγεννησίων</span> <span class='ocrx_word' id='word_1_18' title='bbox 2535 414 2748 476; x_wconf 83' lang='grc' dir='ltr'>πόλεως,</span> <span class='ocrx_word' id='word_1_19' title='bbox 2797 414 2938 488; x_wconf 80' lang='grc' dir='ltr'>παρὰ</span> <span class='ocrx_word' id='word_1_20' title='bbox 2980 432 3128 467; x_wconf 86' lang='grc' dir='ltr'>τινων</span> <span class='ocrx_word' id='word_1_21' title='bbox 3168 409 3418 484; x_wconf 78' lang='grc' dir='ltr'>κολλὴγων</span> 
     </span>
    </p>
   </div>
   <div class='ocr_carea' id='block_1_5' title="bbox 133 511 1716 582">
    <p class='ocr_par' dir='ltr' id='par_1_5' title="bbox 133 511 1716 582">
     <span class='ocr_line' id='line_1_5' title="bbox 133 511 1716 582; baseline 0 -16"><span class='ocrx_word' id='word_1_22' title='bbox 133 511 442 576; x_wconf 71' lang='lat' dir='ltr'><strong>constitutis,</strong></span> <span class='ocrx_word' id='word_1_23' title='bbox 472 511 656 564; x_wconf 89' lang='lat' dir='ltr'><strong>multis</strong></span> <span class='ocrx_word' id='word_1_24' title='bbox 685 511 754 566; x_wconf 89' lang='lat' dir='ltr'><strong>de</strong></span> <span class='ocrx_word' id='word_1_25' title='bbox 785 511 944 566; x_wconf 86' lang='lat' dir='ltr'><strong>rebus</strong></span> <span class='ocrx_word' id='word_1_26' title='bbox 977 513 1308 576; x_wconf 84' lang='lat' dir='ltr'><strong>insimulari;</strong></span> <span class='ocrx_word' id='word_1_27' title='bbox 1342 527 1404 568; x_wconf 88' lang='lat' dir='ltr'><strong>ac</strong></span> <span class='ocrx_word' id='word_1_28' title='bbox 1435 511 1566 566; x_wconf 88' lang='lat' dir='ltr'><strong>mihi</strong></span> <span class='ocrx_word' id='word_1_29' title='bbox 1594 525 1716 582; x_wconf 83' lang='lat' dir='ltr'><strong>per—</strong></span> 
     </span>
    </p>
   </div>
   <div class='ocr_carea' id='block_1_6' title="bbox 135 603 1720 675">
    <p class='ocr_par' dir='ltr' id='par_1_6' title="bbox 135 603 1720 675">
     <span class='ocr_line' id='line_1_6' title="bbox 135 603 1720 675; baseline -0.003 -14"><span class='ocrx_word' id='word_1_30' title='bbox 135 605 400 661; x_wconf 90' lang='lat' dir='ltr'><strong>molestum</strong></span> <span class='ocrx_word' id='word_1_31' title='bbox 433 603 665 670; x_wconf 87' lang='lat' dir='ltr'><strong>videtur,</strong></span> <span class='ocrx_word' id='word_1_32' title='bbox 699 603 752 657; x_wconf 90' lang='lat' dir='ltr'><strong>in</strong></span> <span class='ocrx_word' id='word_1_33' title='bbox 781 603 848 658; x_wconf 90' lang='lat' dir='ltr'><strong>iis</strong></span> <span class='ocrx_word' id='word_1_34' title='bbox 877 604 1189 674; x_wconf 88' lang='lat' dir='ltr'><strong>provinciis,</strong></span> <span class='ocrx_word' id='word_1_35' title='bbox 1235 619 1367 675; x_wconf 88' lang='lat' dir='ltr'><strong>quas</strong></span> <span class='ocrx_word' id='word_1_36' title='bbox 1393 605 1570 659; x_wconf 84' lang='lat' dir='ltr'><strong>divina</strong></span> <span class='ocrx_word' id='word_1_37' title='bbox 1601 619 1720 673; x_wconf 81' lang='lat' dir='ltr'><strong>pro-</strong></span> 
     </span>
    </p>
   </div>
   <div class='ocr_carea' id='block_1_7' title="bbox 136 695 1718 763">
    <p class='ocr_par' dir='ltr' id='par_1_7' title="bbox 136 695 1718 763">
     <span class='ocr_line' id='line_1_7' title="bbox 136 695 1718 763; baseline -0.002 -9"><span class='ocrx_word' id='word_1_38' title='bbox 136 695 352 754; x_wconf 86' lang='lat' dir='ltr'><strong>videntia</strong></span> <span class='ocrx_word' id='word_1_39' title='bbox 382 711 516 751; x_wconf 71' lang='lat' dir='ltr'><strong>mere</strong></span> <span class='ocrx_word' id='word_1_40' title='bbox 539 695 816 752; x_wconf 76' lang='lat' dir='ltr'><strong>devotioni</strong></span> <span class='ocrx_word' id='word_1_41' title='bbox 847 713 995 753; x_wconf 88' lang='lat' dir='ltr'><strong>mera</strong></span> <span class='ocrx_word' id='word_1_42' title='bbox 1025 697 1352 754; x_wconf 88' lang='lat' dir='ltr'><strong>liberalitate</strong></span> <span class='ocrx_word' id='word_1_43' title='bbox 1381 697 1633 763; x_wconf 89' lang='lat' dir='ltr'><strong>tradidit,</strong></span> <span class='ocrx_word' id='word_1_44' title='bbox 1663 704 1718 752; x_wconf 87' lang='lat' dir='ltr'><strong>et</strong></span> 
     </span>
    </p>
   </div>
   <div class='ocr_carea' id='block_1_8' title="bbox 135 789 1718 862">
    <p class='ocr_par' dir='ltr' id='par_1_8' title="bbox 135 789 1718 862">
     <span class='ocr_line' id='line_1_8' title="bbox 135 789 1718 862; baseline 0 -18"><span class='ocrx_word' id='word_1_45' title='bbox 135 793 182 848; x_wconf 92' lang='lat' dir='ltr'><strong>in</strong></span> <span class='ocrx_word' id='word_1_46' title='bbox 207 789 395 860; x_wconf 88' lang='lat' dir='ltr'><strong>quibus</strong></span> <span class='ocrx_word' id='word_1_47' title='bbox 418 789 648 843; x_wconf 80' lang='lat' dir='ltr'><strong>maxima</strong></span> <span class='ocrx_word' id='word_1_48' title='bbox 670 798 754 844; x_wconf 90' lang='lat' dir='ltr'><strong>est</strong></span> <span class='ocrx_word' id='word_1_49' title='bbox 775 791 961 860; x_wconf 92' lang='lat' dir='ltr'><strong>populi</strong></span> <span class='ocrx_word' id='word_1_50' title='bbox 991 790 1298 852; x_wconf 89' lang='lat' dir='ltr'><strong>multitudo.</strong></span> <span class='ocrx_word' id='word_1_51' title='bbox 1329 790 1541 860; x_wconf 85' lang='lat' dir='ltr'><strong>plebem</strong></span> <span class='ocrx_word' id='word_1_52' title='bbox 1564 792 1718 862; x_wconf 89' lang='lat' dir='ltr'><strong>quasi</strong></span> 
     </span>
    </p>
   </div>
   <div class='ocr_carea' id='block_1_9' title="bbox 133 880 1720 953">
    <p class='ocr_par' dir='ltr' id='par_1_9' title="bbox 133 880 1720 953">
     <span class='ocr_line' id='line_1_9' title="bbox 133 880 1720 953; baseline -0.003 -13"><span class='ocrx_word' id='word_1_53' title='bbox 133 884 182 940; x_wconf 91' lang='lat' dir='ltr'><strong>in</strong></span> <span class='ocrx_word' id='word_1_54' title='bbox 208 881 336 937; x_wconf 85' lang='lat' dir='ltr'><strong>duas</strong></span> <span class='ocrx_word' id='word_1_55' title='bbox 377 891 563 953; x_wconf 87' lang='lat' dir='ltr'><strong>partes</strong></span> <span class='ocrx_word' id='word_1_56' title='bbox 607 880 835 937; x_wconf 82' lang='lat' dir='ltr'><strong>divisam</strong></span> <span class='ocrx_word' id='word_1_57' title='bbox 877 881 946 937; x_wconf 89' lang='lat' dir='ltr'><strong>ad</strong></span> <span class='ocrx_word' id='word_1_58' title='bbox 981 883 1251 938; x_wconf 81' lang='lat' dir='ltr'><strong>deteriora</strong></span> <span class='ocrx_word' id='word_1_59' title='bbox 1295 881 1620 947; x_wconf 83' lang='lat' dir='ltr'><strong>deﬂectere,</strong></span> <span class='ocrx_word' id='word_1_60' title='bbox 1665 888 1720 936; x_wconf 85' lang='lat' dir='ltr'><strong>et</strong></span> 
     </span>
    </p>
   </div>
   <div class='ocr_carea' id='block_1_10' title="bbox 131 975 1720 1047">
    <p class='ocr_par' dir='ltr' id='par_1_10' title="bbox 131 975 1720 1047">
     <span class='ocr_line' id='line_1_10' title="bbox 131 975 1720 1047; baseline -0.001 -14"><span class='ocrx_word' id='word_1_61' title='bbox 131 979 404 1047; x_wconf 89' lang='lat' dir='ltr'><strong>episcopos</strong></span> <span class='ocrx_word' id='word_1_62' title='bbox 440 976 584 1031; x_wconf 88' lang='lat' dir='ltr'><strong>inter</strong></span> <span class='ocrx_word' id='word_1_63' title='bbox 619 991 678 1031; x_wconf 89' lang='lat' dir='ltr'><strong>se</strong></span> <span class='ocrx_word' id='word_1_64' title='bbox 717 975 1004 1032; x_wconf 88' lang='lat' dir='ltr'><strong>dissentire</strong></span> <span class='ocrx_word' id='word_1_65' title='bbox 1036 995 1048 1030; x_wconf 90' lang='lat'><strong>:</strong></span> <span class='ocrx_word' id='word_1_66' title='bbox 1086 976 1288 1032; x_wconf 84' lang='lat' dir='ltr'><strong>Placuit</strong></span> <span class='ocrx_word' id='word_1_67' title='bbox 1317 977 1478 1044; x_wconf 85' lang='lat' dir='ltr'><strong>mibi,</strong></span> <span class='ocrx_word' id='word_1_68' title='bbox 1521 985 1574 1031; x_wconf 90' lang='lat' dir='ltr'><strong>ut</strong></span> <span class='ocrx_word' id='word_1_69' title='bbox 1607 976 1720 1046; x_wconf 91' lang='lat' dir='ltr'><strong>ipse</strong></span> 
     </span>
    </p>
   </div>
   <div class='ocr_carea' id='block_1_11' title="bbox 128 1069 1718 1143">
    <p class='ocr_par' dir='ltr' id='par_1_11' title="bbox 128 1069 1718 1143">
     <span class='ocr_line' id='line_1_11' title="bbox 128 1069 1718 1143; baseline 0.001 -18"><span class='ocrx_word' id='word_1_70' title='bbox 128 1069 438 1126; x_wconf 75' lang='lat' dir='ltr'><strong>Caecilianus</strong></span> <span class='ocrx_word' id='word_1_71' title='bbox 467 1085 588 1126; x_wconf 90' lang='lat' dir='ltr'><strong>cum</strong></span> <span class='ocrx_word' id='word_1_72' title='bbox 627 1070 814 1126; x_wconf 86' lang='lat' dir='ltr'><strong>decem</strong></span> <span class='ocrx_word' id='word_1_73' title='bbox 852 1071 1120 1142; x_wconf 89' lang='lat' dir='ltr'><strong>episcopis</strong></span> <span class='ocrx_word' id='word_1_74' title='bbox 1149 1071 1240 1143; x_wconf 90' lang='lat' dir='ltr'><strong>qui</strong></span> <span class='ocrx_word' id='word_1_75' title='bbox 1270 1087 1529 1128; x_wconf 80' lang='lat' dir='ltr'><strong>accusare</strong></span> <span class='ocrx_word' id='word_1_76' title='bbox 1570 1073 1718 1127; x_wconf 89' lang='lat' dir='ltr'><strong>illum</strong></span> 
     </span>
    </p>
   </div>
   <div class='ocr_carea' id='block_1_12' title="bbox 130 1162 1721 1236">
    <p class='ocr_par' dir='ltr' id='par_1_12' title="bbox 130 1162 1721 1236">
     <span class='ocr_line' id='line_1_12' title="bbox 130 1162 1721 1236; baseline 0.003 -20"><span class='ocrx_word' id='word_1_77' title='bbox 130 1162 394 1229; x_wconf 74' lang='lat' dir='ltr'><strong>ridentur,</strong></span> <span class='ocrx_word' id='word_1_78' title='bbox 427 1179 490 1218; x_wconf 85' lang='lat' dir='ltr'><strong>ac</strong></span> <span class='ocrx_word' id='word_1_79' title='bbox 513 1163 697 1219; x_wconf 85' lang='lat' dir='ltr'><strong>decem</strong></span> <span class='ocrx_word' id='word_1_80' title='bbox 728 1165 848 1218; x_wconf 87' lang='lat' dir='ltr'><strong>aliis</strong></span> <span class='ocrx_word' id='word_1_81' title='bbox 873 1207 887 1230; x_wconf 90' lang='lat'><strong>,</strong></span> <span class='ocrx_word' id='word_1_82' title='bbox 921 1181 1058 1236; x_wconf 90' lang='lat' dir='ltr'><strong>quos</strong></span> <span class='ocrx_word' id='word_1_83' title='bbox 1085 1165 1199 1236; x_wconf 91' lang='lat' dir='ltr'><strong>ipse</strong></span> <span class='ocrx_word' id='word_1_84' title='bbox 1227 1165 1294 1220; x_wconf 89' lang='lat' dir='ltr'><strong>ad</strong></span> <span class='ocrx_word' id='word_1_85' title='bbox 1321 1181 1539 1221; x_wconf 87' lang='lat' dir='ltr'><strong>causam</strong></span> <span class='ocrx_word' id='word_1_86' title='bbox 1569 1180 1721 1220; x_wconf 90' lang='lat' dir='ltr'><strong>suam</strong></span> 
     </span>
    </p>
   </div>
   <div class='ocr_carea' id='block_1_13' title="bbox 126 1257 1724 1328">
    <p class='ocr_par' dir='ltr' id='par_1_13' title="bbox 126 1257 1724 1328">
     <span class='ocr_line' id='line_1_13' title="bbox 126 1257 1724 1328; baseline 0.001 -16"><span class='ocrx_word' id='word_1_87' title='bbox 126 1257 462 1312; x_wconf 83' lang='lat' dir='ltr'><strong>necessarios</strong></span> <span class='ocrx_word' id='word_1_88' title='bbox 502 1271 624 1313; x_wconf 88' lang='lat' dir='ltr'><strong>esse</strong></span> <span class='ocrx_word' id='word_1_89' title='bbox 647 1257 971 1327; x_wconf 87' lang='lat' dir='ltr'><strong>judicaverit</strong></span> <span class='ocrx_word' id='word_1_90' title='bbox 995 1301 1010 1325; x_wconf 94' lang='lat'><strong>,</strong></span> <span class='ocrx_word' id='word_1_91' title='bbox 1045 1259 1270 1313; x_wconf 80' lang='lat' dir='ltr'><strong>Romam</strong></span> <span class='ocrx_word' id='word_1_92' title='bbox 1291 1259 1538 1328; x_wconf 84' lang='lat' dir='ltr'><strong>naviget;</strong></span> <span class='ocrx_word' id='word_1_93' title='bbox 1568 1269 1624 1313; x_wconf 89' lang='lat' dir='ltr'><strong>ut</strong></span> <span class='ocrx_word' id='word_1_94' title='bbox 1651 1258 1724 1314; x_wconf 87' lang='lat' dir='ltr'><strong>ibi</strong></span> 
     </span>
    </p>
   </div>
   <div class='ocr_carea' id='block_1_14' title="bbox 124 1349 1722 1422">
    <p class='ocr_par' dir='ltr' id='par_1_14' title="bbox 124 1349 1722 1422">
     <span class='ocr_line' id='line_1_14' title="bbox 124 1349 1722 1422; baseline 0 -18"><span class='ocrx_word' id='word_1_95' title='bbox 124 1363 306 1404; x_wconf 86' lang='lat' dir='ltr'><strong>coram</strong></span> <span class='ocrx_word' id='word_1_96' title='bbox 335 1349 762 1412; x_wconf 47' lang='lat' dir='ltr'><strong>vobis,‘necnon</strong></span> <span class='ocrx_word' id='word_1_97' title='bbox 791 1349 1000 1404; x_wconf 75' lang='lat' dir='ltr'><strong>Reticio</strong></span> <span class='ocrx_word' id='word_1_98' title='bbox 1020 1390 1035 1414; x_wconf 89' lang='lat'><strong>,</strong></span> <span class='ocrx_word' id='word_1_99' title='bbox 1065 1349 1306 1404; x_wconf 86' lang='lat' dir='ltr'><strong>Materno</strong></span> <span class='ocrx_word' id='word_1_100' title='bbox 1337 1359 1385 1404; x_wconf 93' lang='lat' dir='ltr'><strong>et</strong></span> <span class='ocrx_word' id='word_1_101' title='bbox 1414 1349 1620 1406; x_wconf 85' lang='lat' dir='ltr'><strong>Marino</strong></span> <span class='ocrx_word' id='word_1_102' title='bbox 1645 1349 1722 1422; x_wconf 88' lang='lat' dir='ltr'><strong>(l)</strong></span> 
     </span>
    </p>
   </div>
   <div class='ocr_carea' id='block_1_15' title="bbox 124 1440 1726 1513">
    <p class='ocr_par' dir='ltr' id='par_1_15' title="bbox 124 1440 1726 1513">
     <span class='ocr_line' id='line_1_15' title="bbox 124 1440 1726 1513; baseline -0.001 -16"><span class='ocrx_word' id='word_1_103' title='bbox 124 1440 349 1511; x_wconf 84' lang='lat' dir='ltr'><strong>collegis</strong></span> <span class='ocrx_word' id='word_1_104' title='bbox 373 1440 590 1508; x_wconf 81' lang='lat' dir='ltr'><strong>vestris,</strong></span> <span class='ocrx_word' id='word_1_105' title='bbox 621 1455 758 1511; x_wconf 90' lang='lat' dir='ltr'><strong>quos</strong></span> <span class='ocrx_word' id='word_1_106' title='bbox 784 1440 942 1510; x_wconf 84' lang='lat' dir='ltr'><strong>hujus</strong></span> <span class='ocrx_word' id='word_1_107' title='bbox 967 1441 1048 1496; x_wconf 87' lang='lat' dir='ltr'><strong>rei</strong></span> <span class='ocrx_word' id='word_1_108' title='bbox 1076 1457 1237 1496; x_wconf 87' lang='lat' dir='ltr'><strong>causa</strong></span> <span class='ocrx_word' id='word_1_109' title='bbox 1264 1441 1491 1498; x_wconf 85' lang='lat' dir='ltr'><strong>Romam</strong></span> <span class='ocrx_word' id='word_1_110' title='bbox 1527 1457 1726 1513; x_wconf 86' lang='lat' dir='ltr'><strong>prope-</strong></span> 
     </span>
    </p>
   </div>
   <div class='ocr_carea' id='block_1_16' title="bbox 121 1533 1729 1606">
    <p class='ocr_par' dir='ltr' id='par_1_16' title="bbox 121 1533 1729 1606">
     <span class='ocr_line' id='line_1_16' title="bbox 121 1533 1729 1606; baseline -0.001 -16"><span class='ocrx_word' id='word_1_111' title='bbox 121 1550 248 1590; x_wconf 87' lang='lat' dir='ltr'><strong>rare</strong></span> <span class='ocrx_word' id='word_1_112' title='bbox 279 1534 537 1606; x_wconf 74' lang='lat' dir='ltr'><strong>praecepi,</strong></span> <span class='ocrx_word' id='word_1_113' title='bbox 569 1535 740 1604; x_wconf 89' lang='lat' dir='ltr'><strong>possit</strong></span> <span class='ocrx_word' id='word_1_114' title='bbox 767 1533 973 1600; x_wconf 90' lang='lat' dir='ltr'><strong>audiri,</strong></span> <span class='ocrx_word' id='word_1_115' title='bbox 1017 1535 1470 1604; x_wconf 86' lang='lat' dir='ltr'><strong>quemadmodum</strong></span> <span class='ocrx_word' id='word_1_116' title='bbox 1502 1535 1729 1590; x_wconf 89' lang='lat' dir='ltr'><strong>sanctis—</strong></span> 
     </span>
    </p>
   </div>
   <div class='ocr_carea' id='block_1_17' title="bbox 122 1624 1730 1696">
    <p class='ocr_par' dir='ltr' id='par_1_17' title="bbox 122 1624 1730 1696">
     <span class='ocr_line' id='line_1_17' title="bbox 122 1624 1730 1696; baseline -0.001 -16"><span class='ocrx_word' id='word_1_117' title='bbox 122 1627 283 1680; x_wconf 76' lang='lat' dir='ltr'><strong>simze</strong></span> <span class='ocrx_word' id='word_1_118' title='bbox 309 1625 412 1696; x_wconf 84' lang='lat' dir='ltr'><strong>legi</strong></span> <span class='ocrx_word' id='word_1_119' title='bbox 443 1624 736 1681; x_wconf 89' lang='lat' dir='ltr'><strong>convenire</strong></span> <span class='ocrx_word' id='word_1_120' title='bbox 764 1625 966 1695; x_wconf 89' lang='lat' dir='ltr'><strong>optime</strong></span> <span class='ocrx_word' id='word_1_121' title='bbox 992 1627 1184 1682; x_wconf 87' lang='lat' dir='ltr'><strong>nostis.</strong></span> <span class='ocrx_word' id='word_1_122' title='bbox 1215 1626 1386 1681; x_wconf 91' lang='lat' dir='ltr'><strong>Porro</strong></span> <span class='ocrx_word' id='word_1_123' title='bbox 1418 1635 1478 1680; x_wconf 88' lang='lat' dir='ltr'><strong>ut</strong></span> <span class='ocrx_word' id='word_1_124' title='bbox 1513 1625 1583 1680; x_wconf 92' lang='lat' dir='ltr'><strong>de</strong></span> <span class='ocrx_word' id='word_1_125' title='bbox 1613 1640 1730 1678; x_wconf 86' lang='lat' dir='ltr'><strong>om-</strong></span> 
     </span>
    </p>
   </div>
   <div class='ocr_carea' id='block_1_18' title="bbox 123 1715 1728 1786">
    <p class='ocr_par' dir='ltr' id='par_1_18' title="bbox 123 1715 1728 1786">
     <span class='ocr_line' id='line_1_18' title="bbox 123 1715 1728 1786; baseline 0.001 -16"><span class='ocrx_word' id='word_1_126' title='bbox 123 1715 293 1772; x_wconf 89' lang='lat' dir='ltr'><strong>nibus</strong></span> <span class='ocrx_word' id='word_1_127' title='bbox 355 1715 439 1771; x_wconf 90' lang='lat' dir='ltr'><strong>his</strong></span> <span class='ocrx_word' id='word_1_128' title='bbox 491 1716 857 1786; x_wconf 90' lang='lat' dir='ltr'><strong>plenissimam</strong></span> <span class='ocrx_word' id='word_1_129' title='bbox 910 1717 1134 1772; x_wconf 85' lang='lat' dir='ltr'><strong>valeatis</strong></span> <span class='ocrx_word' id='word_1_130' title='bbox 1189 1717 1389 1774; x_wconf 84' lang='lat' dir='ltr'><strong>habere</strong></span> <span class='ocrx_word' id='word_1_131' title='bbox 1445 1718 1728 1782; x_wconf 84' lang='lat' dir='ltr'><strong>notitiam,</strong></span> 
     </span>
    </p>
   </div>
   <div class='ocr_carea' id='block_1_19' title="bbox 1815 503 3422 585">
    <p class='ocr_par' dir='ltr' id='par_1_19' title="bbox 1815 503 3422 585">
     <span class='ocr_line' id='line_1_19' title="bbox 1815 503 3422 585; baseline -0.004 -19"><span class='ocrx_word' id='word_1_132' title='bbox 1815 512 1975 566; x_wconf 79' lang='grc' dir='ltr'>αὐτοῦ</span> <span class='ocrx_word' id='word_1_133' title='bbox 2026 518 2124 566; x_wconf 82' lang='grc' dir='ltr'>τῶν</span> <span class='ocrx_word' id='word_1_134' title='bbox 2170 513 2306 566; x_wconf 87' lang='grc' dir='ltr'><strong>κατά</strong></span> <span class='ocrx_word' id='word_1_135' title='bbox 2341 515 2430 570; x_wconf 73' lang='grc' dir='ltr'>τήν</span> <span class='ocrx_word' id='word_1_136' title='bbox 2457 508 2685 585; x_wconf 73' lang='grc' dir='ltr'>Ἀφρικὴν</span> <span class='ocrx_word' id='word_1_137' title='bbox 2727 507 3064 561; x_wconf 83' lang='grc' dir='ltr'>κατεστὼτων</span> <span class='ocrx_word' id='word_1_138' title='bbox 3115 507 3166 560; x_wconf 81' lang='grc' dir='ltr'>ἐν</span> <span class='ocrx_word' id='word_1_139' title='bbox 3213 503 3422 564; x_wconf 79' lang='grc' dir='ltr'><strong>πολλοῖς</strong></span> 
     </span>
    </p>
   </div>
   <div class='ocr_carea' id='block_1_20' title="bbox 1817 593 3424 682">
    <p class='ocr_par' dir='ltr' id='par_1_20' title="bbox 1817 593 3424 682">
     <span class='ocr_line' id='line_1_20' title="bbox 1817 593 3424 682; baseline -0.004 -26"><span class='ocrx_word' id='word_1_140' title='bbox 1817 605 2114 682; x_wconf 79' lang='grc' dir='ltr'>πράγμασιν</span> <span class='ocrx_word' id='word_1_141' title='bbox 2186 603 2526 664; x_wconf 52' lang='grc' dir='ltr'>εὐθύνεσθαιοέ</span> <span class='ocrx_word' id='word_1_142' title='bbox 2570 602 2658 654; x_wconf 84' lang='grc' dir='ltr'>καὶ</span> <span class='ocrx_word' id='word_1_143' title='bbox 2708 597 2864 654; x_wconf 82' lang='grc' dir='ltr'>τοῦτό</span> <span class='ocrx_word' id='word_1_144' title='bbox 2909 619 2995 665; x_wconf 86' lang='grc' dir='ltr'><strong>μοι</strong></span> <span class='ocrx_word' id='word_1_145' title='bbox 3045 597 3178 672; x_wconf 80' lang='grc' dir='ltr'>βαρύ</span> <span class='ocrx_word' id='word_1_146' title='bbox 3225 593 3424 672; x_wconf 79' lang='grc' dir='ltr'>σφόδρα</span> 
     </span>
    </p>
   </div>
   <div class='ocr_carea' id='block_1_21' title="bbox 1819 689 3426 769">
    <p class='ocr_par' dir='ltr' id='par_1_21' title="bbox 1819 689 3426 769">
     <span class='ocr_line' id='line_1_21' title="bbox 1819 689 3426 769; baseline -0.005 -17"><span class='ocrx_word' id='word_1_147' title='bbox 1819 696 1970 762; x_wconf 85' lang='grc' dir='ltr'>δοκεῖ,</span> <span class='ocrx_word' id='word_1_148' title='bbox 1998 699 2056 753; x_wconf 90' lang='grc' dir='ltr'>τὸ</span> <span class='ocrx_word' id='word_1_149' title='bbox 2081 698 2131 750; x_wconf 88' lang='grc' dir='ltr'>ἐν</span> <span class='ocrx_word' id='word_1_150' title='bbox 2161 697 2380 756; x_wconf 78' lang='grc' dir='ltr'><strong>ταύταις</strong></span> <span class='ocrx_word' id='word_1_151' title='bbox 2405 701 2521 755; x_wconf 89' lang='grc' dir='ltr'>ταῖς</span> <span class='ocrx_word' id='word_1_152' title='bbox 2550 695 2856 769; x_wconf 80' lang='grc' dir='ltr'><strong>ἐπαρχίαις,</strong></span> <span class='ocrx_word' id='word_1_153' title='bbox 2911 689 2974 752; x_wconf 82' lang='grc' dir='ltr'><strong>ἃς</strong></span> <span class='ocrx_word' id='word_1_154' title='bbox 3023 698 3087 764; x_wconf 79' lang='grc' dir='ltr'><strong>τῇ</strong></span> <span class='ocrx_word' id='word_1_155' title='bbox 3136 690 3229 765; x_wconf 74' lang='grc' dir='ltr'>ἐμῇ</span> <span class='ocrx_word' id='word_1_156' title='bbox 3277 689 3426 745; x_wconf 61' lang='lat' dir='ltr'><strong>meo-</strong></span> 
     </span>
    </p>
   </div>
   <div class='ocr_carea' id='block_1_22' title="bbox 1821 784 3426 865">
    <p class='ocr_par' dir='ltr' id='par_1_22' title="bbox 1821 784 3426 865">
     <span class='ocr_line' id='line_1_22' title="bbox 1821 784 3426 865; baseline -0.005 -19"><span class='ocrx_word' id='word_1_157' title='bbox 1821 793 2003 846; x_wconf 86' lang='grc' dir='ltr'>σιώσει</span> <span class='ocrx_word' id='word_1_158' title='bbox 2043 789 2332 865; x_wconf 79' lang='grc' dir='ltr'>αὐθαίρετος</span> <span class='ocrx_word' id='word_1_159' title='bbox 2381 789 2412 846; x_wconf 75' lang='grc' dir='ltr'>ἡ</span> <span class='ocrx_word' id='word_1_160' title='bbox 2460 787 2569 841; x_wconf 83' lang='grc' dir='ltr'>θεία</span> <span class='ocrx_word' id='word_1_161' title='bbox 2618 785 2831 862; x_wconf 85' lang='grc' dir='ltr'>πρόνοια</span> <span class='ocrx_word' id='word_1_162' title='bbox 2859 784 3170 860; x_wconf 75' lang='grc' dir='ltr'><strong>ἐνεχείρισε,</strong></span> <span class='ocrx_word' id='word_1_163' title='bbox 3217 784 3426 856; x_wconf 80' lang='grc' dir='ltr'>κᾴκεῖσε</span> 
     </span>
    </p>
   </div>
   <div class='ocr_carea' id='block_1_23' title="bbox 1821 875 3432 951">
    <p class='ocr_par' dir='ltr' id='par_1_23' title="bbox 1821 875 3432 951">
     <span class='ocr_line' id='line_1_23' title="bbox 1821 875 3432 951; baseline -0.004 -13"><span class='ocrx_word' id='word_1_164' title='bbox 1821 883 1949 938; x_wconf 68' lang='grc' dir='ltr'>πολύ</span> <span class='ocrx_word' id='word_1_165' title='bbox 1976 882 2163 942; x_wconf 82' lang='grc' dir='ltr'>πλῆθος</span> <span class='ocrx_word' id='word_1_166' title='bbox 2189 881 2330 945; x_wconf 82' lang='grc' dir='ltr'>λαοῦ,</span> <span class='ocrx_word' id='word_1_167' title='bbox 2379 875 2538 951; x_wconf 77' lang='grc' dir='ltr'>ὄχλον</span> <span class='ocrx_word' id='word_1_168' title='bbox 2569 880 2656 933; x_wconf 83' lang='grc' dir='ltr'><strong>ἐπὶ</strong></span> <span class='ocrx_word' id='word_1_169' title='bbox 2680 877 2738 932; x_wconf 86' lang='grc' dir='ltr'>τὸ</span> <span class='ocrx_word' id='word_1_170' title='bbox 2782 875 3088 951; x_wconf 75' lang='grc' dir='ltr'><strong>φαυλότερον</strong></span> <span class='ocrx_word' id='word_1_171' title='bbox 3131 875 3432 948; x_wconf 76' lang='grc' dir='ltr'><strong>ἐπιμένοντα</strong></span> 
     </span>
    </p>
   </div>
   <div class='ocr_carea' id='block_1_24' title="bbox 1823 968 3431 1053">
    <p class='ocr_par' dir='ltr' id='par_1_24' title="bbox 1823 968 3431 1053">
     <span class='ocr_line' id='line_1_24' title="bbox 1823 968 3431 1053; baseline -0.004 -22"><span class='ocrx_word' id='word_1_172' title='bbox 1823 977 2150 1053; x_wconf 81' lang='grc' dir='ltr'>εὑρίσκεσθαι</span> <span class='ocrx_word' id='word_1_173' title='bbox 2181 977 2371 1031; x_wconf 85' lang='grc' dir='ltr'>ὡσανεί</span> <span class='ocrx_word' id='word_1_174' title='bbox 2415 970 2862 1044; x_wconf 83' lang='grc' dir='ltr'>διχοστατοῦντα,</span> <span class='ocrx_word' id='word_1_175' title='bbox 2892 971 2979 1023; x_wconf 85' lang='grc' dir='ltr'>καὶ</span> <span class='ocrx_word' id='word_1_176' title='bbox 3002 969 3194 1040; x_wconf 83' lang='grc' dir='ltr'>μεταξύ</span> <span class='ocrx_word' id='word_1_177' title='bbox 3226 968 3431 1024; x_wconf 67' lang='grc' dir='ltr'>ἑπισκόο</span> 
     </span>
    </p>
   </div>
   <div class='ocr_carea' id='block_1_25' title="bbox 1823 1059 3434 1145">
    <p class='ocr_par' dir='ltr' id='par_1_25' title="bbox 1823 1059 3434 1145">
     <span class='ocr_line' id='line_1_25' title="bbox 1823 1059 3434 1145; baseline -0.004 -20"><span class='ocrx_word' id='word_1_178' title='bbox 1823 1091 1956 1130; x_wconf 90' lang='grc' dir='ltr'>πους</span> <span class='ocrx_word' id='word_1_179' title='bbox 1985 1067 2227 1145; x_wconf 78' lang='grc' dir='ltr'>διαφορὰς</span> <span class='ocrx_word' id='word_1_180' title='bbox 2255 1067 2419 1140; x_wconf 78' lang='grc' dir='ltr'>ἔχειν’</span> <span class='ocrx_word' id='word_1_181' title='bbox 2463 1063 2604 1130; x_wconf 78' lang='grc' dir='ltr'>ἕδοξέ</span> <span class='ocrx_word' id='word_1_182' title='bbox 2645 1085 2734 1136; x_wconf 88' lang='grc' dir='ltr'><strong>μοι</strong></span> <span class='ocrx_word' id='word_1_183' title='bbox 2763 1061 2826 1116; x_wconf 79' lang='grc' dir='ltr'><strong>ἶν’</strong></span> <span class='ocrx_word' id='word_1_184' title='bbox 2851 1063 3008 1122; x_wconf 82' lang='grc' dir='ltr'>αὐτὸς</span> <span class='ocrx_word' id='word_1_185' title='bbox 3053 1059 3080 1115; x_wconf 88' lang='grc' dir='ltr'><strong>ό</strong></span> <span class='ocrx_word' id='word_1_186' title='bbox 3121 1063 3434 1123; x_wconf 73' lang='grc' dir='ltr'>Καικιλιανός</span> 
     </span>
    </p>
   </div>
   <div class='ocr_carea' id='block_1_26' title="bbox 1825 1153 3434 1242">
    <p class='ocr_par' dir='ltr' id='par_1_26' title="bbox 1825 1153 3434 1242">
     <span class='ocr_line' id='line_1_26' title="bbox 1825 1153 3434 1242; baseline -0.007 -20"><span class='ocrx_word' id='word_1_187' title='bbox 1825 1165 1955 1242; x_wconf 80' lang='grc' dir='ltr'>μετά</span> <span class='ocrx_word' id='word_1_188' title='bbox 1983 1163 2107 1220; x_wconf 82' lang='grc' dir='ltr'>δέκα</span> <span class='ocrx_word' id='word_1_189' title='bbox 2124 1163 2424 1219; x_wconf 61' lang='grc' dir='ltr'>’ἐπισκόπων</span> <span class='ocrx_word' id='word_1_190' title='bbox 2445 1167 2544 1217; x_wconf 85' lang='grc' dir='ltr'><strong>τῶν</strong></span> <span class='ocrx_word' id='word_1_191' title='bbox 2583 1159 2736 1216; x_wconf 79' lang='grc' dir='ltr'>αὐτόν</span> <span class='ocrx_word' id='word_1_192' title='bbox 2763 1159 2987 1213; x_wconf 74' lang='grc' dir='ltr'>εὐθύνειν</span> <span class='ocrx_word' id='word_1_193' title='bbox 3017 1153 3317 1220; x_wconf 79' lang='grc' dir='ltr'>δοκούντων,</span> <span class='ocrx_word' id='word_1_194' title='bbox 3345 1157 3434 1211; x_wconf 85' lang='grc' dir='ltr'><strong>καί</strong></span> 
     </span>
    </p>
   </div>
   <div class='ocr_carea' id='block_1_27' title="bbox 1827 1250 3432 1335">
    <p class='ocr_par' dir='ltr' id='par_1_27' title="bbox 1827 1250 3432 1335">
     <span class='ocr_line' id='line_1_27' title="bbox 1827 1250 3432 1335; baseline -0.006 -19"><span class='ocrx_word' id='word_1_195' title='bbox 1827 1261 1952 1318; x_wconf 82' lang='grc' dir='ltr'>δέκα</span> <span class='ocrx_word' id='word_1_196' title='bbox 1977 1261 2160 1335; x_wconf 76' lang='grc' dir='ltr'>ἑτέρων</span> <span class='ocrx_word' id='word_1_197' title='bbox 2191 1257 2280 1319; x_wconf 74' lang='grc' dir='ltr'>οὓς</span> <span class='ocrx_word' id='word_1_198' title='bbox 2305 1259 2458 1318; x_wconf 77' lang='grc' dir='ltr'>αὐτὸς</span> <span class='ocrx_word' id='word_1_199' title='bbox 2492 1263 2556 1332; x_wconf 77' lang='grc' dir='ltr'><strong>τῇ</strong></span> <span class='ocrx_word' id='word_1_200' title='bbox 2606 1255 2792 1310; x_wconf 75' lang='grc' dir='ltr'>ἑαυτοῦ</span> <span class='ocrx_word' id='word_1_201' title='bbox 2821 1251 2934 1326; x_wconf 78' lang='grc' dir='ltr'>δίκῃ</span> <span class='ocrx_word' id='word_1_202' title='bbox 2964 1253 3274 1324; x_wconf 71' lang='grc' dir='ltr'><strong>ἀναγκαίους</strong></span> <span class='ocrx_word' id='word_1_203' title='bbox 3301 1250 3432 1306; x_wconf 85' lang='grc' dir='ltr'>ύπο·</span> 
     </span>
    </p>
   </div>
   <div class='ocr_carea' id='block_1_28' title="bbox 1827 1343 3436 1424">
    <p class='ocr_par' dir='ltr' id='par_1_28' title="bbox 1827 1343 3436 1424">
     <span class='ocr_line' id='line_1_28' title="bbox 1827 1343 3436 1424; baseline -0.007 -14"><span class='ocrx_word' id='word_1_204' title='bbox 1827 1356 1991 1418; x_wconf 77' lang='grc' dir='ltr'>λάϐοι,</span> <span class='ocrx_word' id='word_1_205' title='bbox 2019 1356 2090 1415; x_wconf 81' lang='grc' dir='ltr'>εἰς</span> <span class='ocrx_word' id='word_1_206' title='bbox 2118 1357 2208 1413; x_wconf 74' lang='grc' dir='ltr'>τὴν</span> <span class='ocrx_word' id='word_1_207' title='bbox 2231 1351 2423 1424; x_wconf 77' lang='grc' dir='ltr'>Ῥωμὴν</span> <span class='ocrx_word' id='word_1_208' title='bbox 2452 1349 2564 1422; x_wconf 84' lang='grc' dir='ltr'>πλῷ</span> <span class='ocrx_word' id='word_1_209' title='bbox 2613 1347 2836 1404; x_wconf 79' lang='grc' dir='ltr'>ἀπιέναι·</span> <span class='ocrx_word' id='word_1_210' title='bbox 2864 1343 2928 1398; x_wconf 82' lang='grc' dir='ltr'><strong>ἶν’</strong></span> <span class='ocrx_word' id='word_1_211' title='bbox 2959 1345 3124 1399; x_wconf 81' lang='grc' dir='ltr'><strong>ἐκεῖσε</strong></span> <span class='ocrx_word' id='word_1_212' title='bbox 3151 1343 3295 1416; x_wconf 86' lang='grc' dir='ltr'>ύμῶν</span> <span class='ocrx_word' id='word_1_213' title='bbox 3333 1364 3436 1398; x_wconf 86' lang='grc' dir='ltr'>πα-</span> 
     </span>
    </p>
   </div>
   <div class='ocr_carea' id='block_1_29' title="bbox 1831 1435 3436 1525">
    <p class='ocr_par' dir='ltr' id='par_1_29' title="bbox 1831 1435 3436 1525">
     <span class='ocr_line' id='line_1_29' title="bbox 1831 1435 3436 1525; baseline -0.01 -23"><span class='ocrx_word' id='word_1_214' title='bbox 1831 1449 2042 1525; x_wconf 83' lang='grc' dir='ltr'>ρόντων,</span> <span class='ocrx_word' id='word_1_215' title='bbox 2065 1447 2192 1502; x_wconf 84' lang='grc' dir='ltr'><strong>ἀλλά</strong></span> <span class='ocrx_word' id='word_1_216' title='bbox 2221 1451 2316 1518; x_wconf 70' lang='grc' dir='ltr'>μὴν</span> <span class='ocrx_word' id='word_1_217' title='bbox 2341 1447 2428 1498; x_wconf 83' lang='grc' dir='ltr'><strong>καί</strong></span> <span class='ocrx_word' id='word_1_218' title='bbox 2447 1441 2709 1504; x_wconf 74' lang='grc' dir='ltr'>“Ρετικίου,</span> <span class='ocrx_word' id='word_1_219' title='bbox 2741 1441 2824 1492; x_wconf 79' lang='grc' dir='ltr'><strong>καί</strong></span> <span class='ocrx_word' id='word_1_220' title='bbox 2851 1437 3116 1512; x_wconf 83' lang='grc' dir='ltr'>Ματέρνου</span> <span class='ocrx_word' id='word_1_221' title='bbox 3151 1437 3238 1490; x_wconf 81' lang='grc' dir='ltr'><strong>καί</strong></span> <span class='ocrx_word' id='word_1_222' title='bbox 3268 1435 3436 1509; x_wconf 80' lang='grc' dir='ltr'>Μαρί-</span> 
     </span>
    </p>
   </div>
   <div class='ocr_carea' id='block_1_30' title="bbox 1831 1531 3437 1614">
    <p class='ocr_par' dir='ltr' id='par_1_30' title="bbox 1831 1531 3437 1614">
     <span class='ocr_line' id='line_1_30' title="bbox 1831 1531 3437 1614; baseline -0.011 -15"><span class='ocrx_word' id='word_1_223' title='bbox 1831 1565 1920 1599; x_wconf 88' lang='grc' dir='ltr'><strong>νου</strong></span> <span class='ocrx_word' id='word_1_224' title='bbox 1966 1552 2066 1599; x_wconf 83' lang='grc' dir='ltr'><strong>τῶν</strong></span> <span class='ocrx_word' id='word_1_225' title='bbox 2110 1543 2360 1614; x_wconf 83' lang='grc' dir='ltr'>κολλήγων</span> <span class='ocrx_word' id='word_1_226' title='bbox 2409 1540 2582 1612; x_wconf 81' lang='grc' dir='ltr'>ὑμῶν,</span> <span class='ocrx_word' id='word_1_227' title='bbox 2633 1534 2726 1596; x_wconf 74' lang='grc' dir='ltr'><strong>οὒς</strong></span> <span class='ocrx_word' id='word_1_228' title='bbox 2771 1535 2957 1589; x_wconf 89' lang='grc' dir='ltr'>τούτου</span> <span class='ocrx_word' id='word_1_229' title='bbox 3015 1532 3178 1587; x_wconf 80' lang='grc' dir='ltr'>ἕνεκεν</span> <span class='ocrx_word' id='word_1_230' title='bbox 3233 1531 3304 1590; x_wconf 85' lang='grc' dir='ltr'>εἰς</span> <span class='ocrx_word' id='word_1_231' title='bbox 3347 1532 3437 1588; x_wconf 79' lang='grc' dir='ltr'>τήν</span> 
     </span>
    </p>
   </div>
   <div class='ocr_carea' id='block_1_31' title="bbox 1801 1625 3440 1712">
    <p class='ocr_par' dir='ltr' id='par_1_31' title="bbox 1801 1625 3440 1712">
     <span class='ocr_line' id='line_1_31' title="bbox 1801 1625 3440 1712; baseline -0.008 -20"><span class='ocrx_word' id='word_1_232' title='bbox 1801 1683 1809 1692; x_wconf 92' lang='grc'><strong>.</strong></span> <span class='ocrx_word' id='word_1_233' title='bbox 1833 1636 2026 1709; x_wconf 66' lang='grc' dir='ltr'>Ῥώμην</span> <span class='ocrx_word' id='word_1_234' title='bbox 2050 1636 2343 1712; x_wconf 84' lang='grc' dir='ltr'>προσεταξα</span> <span class='ocrx_word' id='word_1_235' title='bbox 2381 1635 2702 1688; x_wconf 80' lang='grc' dir='ltr'><strong>ἐπισπεῦσαι</strong></span> <span class='ocrx_word' id='word_1_236' title='bbox 2725 1669 2738 1692; x_wconf 89' lang='grc'><strong>,</strong></span> <span class='ocrx_word' id='word_1_237' title='bbox 2769 1626 2952 1702; x_wconf 71' lang='grc' dir='ltr'>δυνηθῇ</span> <span class='ocrx_word' id='word_1_238' title='bbox 2998 1625 3308 1684; x_wconf 80' lang='grc' dir='ltr'>ἀκουσθῆναι</span> <span class='ocrx_word' id='word_1_239' title='bbox 3328 1662 3342 1686; x_wconf 88' lang='grc'><strong>,</strong></span> <span class='ocrx_word' id='word_1_240' title='bbox 3369 1625 3440 1684; x_wconf 83' lang='grc' dir='ltr'><strong>ὡς</strong></span> 
     </span>
    </p>
   </div>
   <div class='ocr_carea' id='block_1_32' title="bbox 1837 1716 3441 1802">
    <p class='ocr_par' dir='ltr' id='par_1_32' title="bbox 1837 1716 3441 1802">
     <span class='ocr_line' id='line_1_32' title="bbox 1837 1716 3441 1802; baseline -0.009 -17"><span class='ocrx_word' id='word_1_241' title='bbox 1837 1725 1896 1784; x_wconf 82' lang='grc' dir='ltr'><strong>ἂν</strong></span> <span class='ocrx_word' id='word_1_242' title='bbox 1918 1731 2260 1802; x_wconf 78' lang='grc' dir='ltr'>καταμάθοιτε</span> <span class='ocrx_word' id='word_1_243' title='bbox 2285 1734 2358 1800; x_wconf 87' lang='grc' dir='ltr'>τῷ</span> <span class='ocrx_word' id='word_1_244' title='bbox 2381 1723 2796 1796; x_wconf 79' lang='grc' dir='ltr'>σεϐασμιωτάτῳ</span> <span class='ocrx_word' id='word_1_245' title='bbox 2837 1721 2976 1792; x_wconf 85' lang='grc' dir='ltr'>νόμῳ</span> <span class='ocrx_word' id='word_1_246' title='bbox 3015 1718 3309 1794; x_wconf 78' lang='grc' dir='ltr'>ἁρμόττειν.</span> <span class='ocrx_word' id='word_1_247' title='bbox 3351 1716 3441 1771; x_wconf 77' lang='grc' dir='ltr'>ἵνα</span> 
     </span>
    </p>
   </div>
   <div class='ocr_carea' id='block_1_33' title="bbox 125 1809 1724 1894">
    <p class='ocr_par' dir='ltr' id='par_1_33' title="bbox 125 1809 1724 1882">
     <span class='ocr_line' id='line_1_33' title="bbox 125 1809 1724 1882; baseline -0.001 -14"><span class='ocrx_word' id='word_1_248' title='bbox 125 1811 380 1881; x_wconf 86' lang='lat' dir='ltr'><strong>exempla</strong></span> <span class='ocrx_word' id='word_1_249' title='bbox 426 1810 734 1867; x_wconf 87' lang='lat' dir='ltr'><strong>libellorum</strong></span> <span class='ocrx_word' id='word_1_250' title='bbox 767 1809 847 1882; x_wconf 76' lang='lat'><strong>(2)</strong></span> <span class='ocrx_word' id='word_1_251' title='bbox 876 1811 942 1866; x_wconf 90' lang='lat' dir='ltr'><strong>ad</strong></span> <span class='ocrx_word' id='word_1_252' title='bbox 971 1829 1058 1868; x_wconf 91' lang='lat' dir='ltr'><strong>me</strong></span> <span class='ocrx_word' id='word_1_253' title='bbox 1080 1813 1150 1868; x_wconf 89' lang='lat' dir='ltr'><strong>ab</strong></span> <span class='ocrx_word' id='word_1_254' title='bbox 1178 1813 1412 1868; x_wconf 81' lang='lat' dir='ltr'><strong>Anulino</strong></span> <span class='ocrx_word' id='word_1_255' title='bbox 1442 1814 1724 1868; x_wconf 89' lang='lat' dir='ltr'><strong>missormn</strong></span> 
     </span>
    </p>
   </div>
   <div class='ocr_carea' id='block_1_34' title="bbox 1972 1809 3442 1894">
    <p class='ocr_par' dir='ltr' id='par_1_34' title="bbox 1972 1809 3442 1894">
     <span class='ocr_line' id='line_1_34' title="bbox 1972 1809 3442 1894; baseline -0.009 -19"><span class='ocrx_word' id='word_1_256' title='bbox 1972 1844 2010 1876; x_wconf 74' lang='grc' dir='ltr'><strong>οι</strong></span> <span class='ocrx_word' id='word_1_257' title='bbox 2066 1823 2148 1874; x_wconf 84' lang='grc' dir='ltr'>καὶ</span> <span class='ocrx_word' id='word_1_258' title='bbox 2189 1823 2310 1894; x_wconf 84' lang='grc' dir='ltr'>περὶ</span> <span class='ocrx_word' id='word_1_259' title='bbox 2359 1820 2562 1872; x_wconf 87' lang='grc' dir='ltr'>πάντων</span> <span class='ocrx_word' id='word_1_260' title='bbox 2608 1817 2773 1870; x_wconf 83' lang='grc' dir='ltr'>αὐτῶν</span> <span class='ocrx_word' id='word_1_261' title='bbox 2833 1814 3030 1868; x_wconf 87' lang='grc' dir='ltr'>τούτων</span> <span class='ocrx_word' id='word_1_262' title='bbox 3085 1809 3442 1887; x_wconf 68' lang='grc' dir='ltr'>πληρεστάτην</span> 
     </span>
    </p>
   </div>
   <div class='ocr_carea' id='block_1_35' title="bbox 125 1902 1736 1975">
    <p class='ocr_par' dir='ltr' id='par_1_35' title="bbox 125 1902 1736 1975">
     <span class='ocr_line' id='line_1_35' title="bbox 125 1902 1736 1975; baseline -0.001 -16"><span class='ocrx_word' id='word_1_263' title='bbox 125 1903 328 1959; x_wconf 84' lang='lat' dir='ltr'><strong>litteris</strong></span> <span class='ocrx_word' id='word_1_264' title='bbox 357 1902 493 1958; x_wconf 89' lang='lat' dir='ltr'><strong>meis</strong></span> <span class='ocrx_word' id='word_1_265' title='bbox 513 1903 774 1972; x_wconf 85' lang='lat' dir='ltr'><strong>subjecta,</strong></span> <span class='ocrx_word' id='word_1_266' title='bbox 802 1903 870 1958; x_wconf 87' lang='lat' dir='ltr'><strong>ad</strong></span> <span class='ocrx_word' id='word_1_267' title='bbox 899 1905 1240 1973; x_wconf 88' lang='lat' dir='ltr'><strong>supradictos</strong></span> <span class='ocrx_word' id='word_1_268' title='bbox 1261 1905 1496 1975; x_wconf 83' lang='lat' dir='ltr'><strong>collegas</strong></span> <span class='ocrx_word' id='word_1_269' title='bbox 1523 1914 1736 1959; x_wconf 88' lang='lat' dir='ltr'><strong>vestros</strong></span> 
     </span>
    </p>
   </div>
   <div class='ocr_carea' id='block_1_36' title="bbox 131 1996 1740 2070">
    <p class='ocr_par' dir='ltr' id='par_1_36' title="bbox 131 1996 1740 2070">
     <span class='ocr_line' id='line_1_36' title="bbox 131 1996 1740 2070; baseline -0.002 -16"><span class='ocrx_word' id='word_1_270' title='bbox 131 1996 434 2054; x_wconf 85' lang='lat' dir='ltr'><strong>transmisi.</strong></span> <span class='ocrx_word' id='word_1_271' title='bbox 485 1997 692 2065; x_wconf 82' lang='lat' dir='ltr'><strong>Quibus</strong></span> <span class='ocrx_word' id='word_1_272' title='bbox 723 1996 876 2052; x_wconf 87' lang='lat' dir='ltr'><strong>lectis</strong></span> <span class='ocrx_word' id='word_1_273' title='bbox 919 1997 1220 2068; x_wconf 88' lang='lat' dir='ltr'><strong>perpendet</strong></span> <span class='ocrx_word' id='word_1_274' title='bbox 1257 2000 1497 2070; x_wconf 81' lang='lat' dir='ltr'><strong>gravitas</strong></span> <span class='ocrx_word' id='word_1_275' title='bbox 1521 2006 1698 2054; x_wconf 88' lang='lat' dir='ltr'><strong>vestra</strong></span> <span class='ocrx_word' id='word_1_276' title='bbox 1722 2037 1740 2066; x_wconf 83' lang='lat'><strong>,</strong></span> 
     </span>
    </p>
   </div>
   <div class='ocr_carea' id='block_1_37' title="bbox 129 2089 1739 2162">
    <p class='ocr_par' dir='ltr' id='par_1_37' title="bbox 129 2089 1739 2162">
     <span class='ocr_line' id='line_1_37' title="bbox 129 2089 1739 2162; baseline 0.002 -19"><span class='ocrx_word' id='word_1_277' title='bbox 129 2105 374 2162; x_wconf 87' lang='lat' dir='ltr'><strong>quonam</strong></span> <span class='ocrx_word' id='word_1_278' title='bbox 424 2089 586 2144; x_wconf 90' lang='lat' dir='ltr'><strong>modo</strong></span> <span class='ocrx_word' id='word_1_279' title='bbox 621 2089 876 2159; x_wconf 72' lang='lat' dir='ltr'><strong>praedicta</strong></span> <span class='ocrx_word' id='word_1_280' title='bbox 919 2091 1294 2146; x_wconf 89' lang='lat' dir='ltr'><strong>controversia</strong></span> <span class='ocrx_word' id='word_1_281' title='bbox 1335 2091 1739 2146; x_wconf 88' lang='lat' dir='ltr'><strong>accuratissime</strong></span> 
     </span>
    </p>
   </div>
   <div class='ocr_carea' id='block_1_38' title="bbox 129 2181 1736 2254">
    <p class='ocr_par' dir='ltr' id='par_1_38' title="bbox 129 2181 1736 2254">
     <span class='ocr_line' id='line_1_38' title="bbox 129 2181 1736 2254; baseline -0.001 -16"><span class='ocrx_word' id='word_1_282' title='bbox 129 2183 482 2254; x_wconf 87' lang='lat' dir='ltr'><strong>dijudicanda</strong></span> <span class='ocrx_word' id='word_1_283' title='bbox 505 2185 596 2248; x_wconf 86' lang='lat' dir='ltr'><strong>sit,</strong></span> <span class='ocrx_word' id='word_1_284' title='bbox 625 2189 678 2237; x_wconf 87' lang='lat' dir='ltr'><strong>et</strong></span> <span class='ocrx_word' id='word_1_285' title='bbox 701 2197 764 2237; x_wconf 79' lang='lat' dir='ltr'><strong>ex</strong></span> <span class='ocrx_word' id='word_1_286' title='bbox 789 2182 1107 2252; x_wconf 80' lang='lat' dir='ltr'><strong>praescripto</strong></span> <span class='ocrx_word' id='word_1_287' title='bbox 1126 2181 1348 2251; x_wconf 84' lang='lat' dir='ltr'><strong>jnstitiae</strong></span> <span class='ocrx_word' id='word_1_288' title='bbox 1377 2181 1736 2238; x_wconf 87' lang='lat' dir='ltr'><strong>terminanda.</strong></span> 
     </span>
    </p>
   </div>
   <div class='ocr_carea' id='block_1_39' title="bbox 134 2276 1740 2352">
    <p class='ocr_par' dir='ltr' id='par_1_39' title="bbox 134 2276 1740 2352">
     <span class='ocr_line' id='line_1_39' title="bbox 134 2276 1740 2352; baseline -0.004 -16"><span class='ocrx_word' id='word_1_289' title='bbox 134 2279 422 2352; x_wconf 74' lang='lat' dir='ltr'><strong>Siquidem</strong></span> <span class='ocrx_word' id='word_1_290' title='bbox 447 2293 547 2334; x_wconf 91' lang='lat' dir='ltr'><strong>nec</strong></span> <span class='ocrx_word' id='word_1_291' title='bbox 571 2287 804 2333; x_wconf 88' lang='lat' dir='ltr'><strong>vestram</strong></span> <span class='ocrx_word' id='word_1_292' title='bbox 836 2276 1178 2332; x_wconf 84' lang='lat' dir='ltr'><strong>sedulitatem</strong></span> <span class='ocrx_word' id='word_1_293' title='bbox 1209 2279 1340 2333; x_wconf 89' lang='lat' dir='ltr'><strong>latet</strong></span> <span class='ocrx_word' id='word_1_294' title='bbox 1365 2286 1564 2331; x_wconf 85' lang='lat' dir='ltr'><strong>tantam</strong></span> <span class='ocrx_word' id='word_1_295' title='bbox 1593 2291 1622 2329; x_wconf 87' lang='lat' dir='ltr'><strong>a</strong></span> <span class='ocrx_word' id='word_1_296' title='bbox 1654 2291 1740 2330; x_wconf 87' lang='lat' dir='ltr'><strong>me</strong></span> 
     </span>
    </p>
   </div>
   <div class='ocr_carea' id='block_1_40' title="bbox 131 2368 1742 2430">
    <p class='ocr_par' dir='ltr' id='par_1_40' title="bbox 131 2368 1742 2430">
     <span class='ocr_line' id='line_1_40' title="bbox 131 2368 1742 2430; baseline -0.004 -1"><span class='ocrx_word' id='word_1_297' title='bbox 131 2373 505 2430; x_wconf 84' lang='lat' dir='ltr'><strong>reverentiam</strong></span> <span class='ocrx_word' id='word_1_298' title='bbox 551 2371 906 2427; x_wconf 77' lang='lat' dir='ltr'><strong>sanetissinue</strong></span> <span class='ocrx_word' id='word_1_299' title='bbox 953 2369 1211 2426; x_wconf 86' lang='lat' dir='ltr'><strong>Ecclesiae</strong></span> <span class='ocrx_word' id='word_1_300' title='bbox 1256 2369 1539 2425; x_wconf 63' lang='lat' dir='ltr'><strong>catholica;</strong></span> <span class='ocrx_word' id='word_1_301' title='bbox 1590 2368 1742 2424; x_wconf 83' lang='lat' dir='ltr'><strong>exhi-</strong></span> 
     </span>
    </p>
   </div>
   <div class='ocr_carea' id='block_1_41' title="bbox 137 2461 1746 2534">
    <p class='ocr_par' dir='ltr' id='par_1_41' title="bbox 137 2461 1746 2534">
     <span class='ocr_line' id='line_1_41' title="bbox 137 2461 1746 2534; baseline -0.004 -12"><span class='ocrx_word' id='word_1_302' title='bbox 137 2467 296 2534; x_wconf 82' lang='lat' dir='ltr'><strong>beri,</strong></span> <span class='ocrx_word' id='word_1_303' title='bbox 341 2473 401 2520; x_wconf 93' lang='lat' dir='ltr'><strong>ut</strong></span> <span class='ocrx_word' id='word_1_304' title='bbox 430 2464 633 2520; x_wconf 85' lang='lat' dir='ltr'><strong>nullum</strong></span> <span class='ocrx_word' id='word_1_305' title='bbox 661 2463 884 2519; x_wconf 90' lang='lat' dir='ltr'><strong>omnino</strong></span> <span class='ocrx_word' id='word_1_306' title='bbox 923 2463 1158 2519; x_wconf 88' lang='lat' dir='ltr'><strong>schisma</strong></span> <span class='ocrx_word' id='word_1_307' title='bbox 1201 2462 1285 2517; x_wconf 86' lang='lat' dir='ltr'><strong>vel</strong></span> <span class='ocrx_word' id='word_1_308' title='bbox 1321 2461 1606 2517; x_wconf 86' lang='lat' dir='ltr'><strong>discidium</strong></span> <span class='ocrx_word' id='word_1_309' title='bbox 1635 2461 1746 2516; x_wconf 92' lang='lat' dir='ltr'><strong>ullo</strong></span> 
     </span>
    </p>
   </div>
   <div class='ocr_carea' id='block_1_42' title="bbox 137 2554 1748 2627">
    <p class='ocr_par' dir='ltr' id='par_1_42' title="bbox 137 2554 1748 2627">
     <span class='ocr_line' id='line_1_42' title="bbox 137 2554 1748 2627; baseline -0.002 -13"><span class='ocrx_word' id='word_1_310' title='bbox 137 2561 192 2614; x_wconf 92' lang='lat' dir='ltr'><strong>in</strong></span> <span class='ocrx_word' id='word_1_311' title='bbox 216 2560 344 2614; x_wconf 91' lang='lat' dir='ltr'><strong>loco</strong></span> <span class='ocrx_word' id='word_1_312' title='bbox 371 2574 403 2613; x_wconf 86' lang='lat' dir='ltr'><strong>a</strong></span> <span class='ocrx_word' id='word_1_313' title='bbox 438 2557 588 2614; x_wconf 88' lang='lat' dir='ltr'><strong>vobis</strong></span> <span class='ocrx_word' id='word_1_314' title='bbox 625 2557 852 2627; x_wconf 80' lang='lat' dir='ltr'><strong>relinqui</strong></span> <span class='ocrx_word' id='word_1_315' title='bbox 875 2555 1055 2612; x_wconf 87' lang='lat' dir='ltr'><strong>velim.</strong></span> <span class='ocrx_word' id='word_1_316' title='bbox 1109 2554 1374 2610; x_wconf 88' lang='lat' dir='ltr'><strong>Divinitas</strong></span> <span class='ocrx_word' id='word_1_317' title='bbox 1413 2555 1609 2610; x_wconf 86' lang='lat' dir='ltr'><strong>summi</strong></span> <span class='ocrx_word' id='word_1_318' title='bbox 1652 2555 1748 2611; x_wconf 85' lang='lat' dir='ltr'><strong>Dei</strong></span> 
     </span>
    </p>
   </div>
   <div class='ocr_carea' id='block_1_43' title="bbox 138 2650 1254 2718">
    <p class='ocr_par' dir='ltr' id='par_1_43' title="bbox 138 2650 1254 2718">
     <span class='ocr_line' id='line_1_43' title="bbox 138 2650 1254 2718; baseline -0.005 -8"><span class='ocrx_word' id='word_1_319' title='bbox 138 2653 324 2710; x_wconf 87' lang='lat' dir='ltr'><strong>multis</strong></span> <span class='ocrx_word' id='word_1_320' title='bbox 355 2652 522 2708; x_wconf 89' lang='lat' dir='ltr'><strong>annis</strong></span> <span class='ocrx_word' id='word_1_321' title='bbox 543 2667 642 2708; x_wconf 89' lang='lat' dir='ltr'><strong>vos</strong></span> <span class='ocrx_word' id='word_1_322' title='bbox 670 2659 847 2708; x_wconf 84' lang='lat' dir='ltr'><strong>servet</strong></span> <span class='ocrx_word' id='word_1_323' title='bbox 869 2692 884 2718; x_wconf 91' lang='lat'><strong>,</strong></span> <span class='ocrx_word' id='word_1_324' title='bbox 913 2650 1254 2706; x_wconf 88' lang='lat' dir='ltr'><strong>cbarissime.</strong></span> 
     </span>
    </p>
   </div>
   <div class='ocr_carea' id='block_1_44' title="bbox 219 2975 1681 3056">
    <p class='ocr_par' dir='ltr' id='par_1_44' title="bbox 219 2975 1681 3056">
     <span class='ocr_line' id='line_1_44' title="bbox 219 2975 1681 3056; baseline -0.005 -18"><span class='ocrx_word' id='word_1_325' title='bbox 219 2983 249 3056; x_wconf 63' lang='grc' dir='ltr'>ᾗ</span> <span class='ocrx_word' id='word_1_326' title='bbox 275 2979 370 3038; x_wconf 83' lang='lat' dir='ltr'><strong>IV.</strong></span> <span class='ocrx_word' id='word_1_327' title='bbox 400 3012 477 3022; x_wconf 93' lang='lat'><strong>—</strong></span> <span class='ocrx_word' id='word_1_328' title='bbox 507 2975 809 3036; x_wconf 79' lang='lat' dir='ltr'><strong>Melchiadis</strong></span> <span class='ocrx_word' id='word_1_329' title='bbox 835 2976 1083 3034; x_wconf 78' lang='lat' dir='ltr'><strong>sententia</strong></span> <span class='ocrx_word' id='word_1_330' title='bbox 1120 2978 1183 3032; x_wconf 83' lang='lat' dir='ltr'><strong>de</strong></span> <span class='ocrx_word' id='word_1_331' title='bbox 1209 2977 1472 3033; x_wconf 64' lang='lat' dir='ltr'><strong>Caeciliani</strong></span> <span class='ocrx_word' id='word_1_332' title='bbox 1503 2993 1681 3032; x_wconf 75' lang='lat' dir='ltr'><strong>causa.</strong></span> 
     </span>
    </p>
   </div>
   <div class='ocr_carea' id='block_1_45' title="bbox 219 3137 1754 3208">
    <p class='ocr_par' dir='ltr' id='par_1_45' title="bbox 219 3137 1754 3208">
     <span class='ocr_line' id='line_1_45' title="bbox 219 3137 1754 3208; baseline -0.003 -10"><span class='ocrx_word' id='word_1_333' title='bbox 219 3143 276 3199; x_wconf 82' lang='lat'><strong>5.</strong></span> <span class='ocrx_word' id='word_1_334' title='bbox 305 3141 522 3198; x_wconf 87' lang='lat' dir='ltr'><strong>Eodem</strong></span> <span class='ocrx_word' id='word_1_335' title='bbox 549 3153 692 3195; x_wconf 86' lang='lat' dir='ltr'><strong>anno</strong></span> <span class='ocrx_word' id='word_1_336' title='bbox 722 3139 845 3204; x_wconf 79' lang='lat' dir='ltr'><strong>&#39;5l5,</strong></span> <span class='ocrx_word' id='word_1_337' title='bbox 877 3137 1129 3194; x_wconf 90' lang='lat' dir='ltr'><strong>Octobris</strong></span> <span class='ocrx_word' id='word_1_338' title='bbox 1151 3137 1394 3194; x_wconf 90' lang='lat' dir='ltr'><strong>secundo</strong></span> <span class='ocrx_word' id='word_1_339' title='bbox 1423 3137 1512 3193; x_wconf 92' lang='lat' dir='ltr'><strong>die</strong></span> <span class='ocrx_word' id='word_1_340' title='bbox 1537 3178 1552 3203; x_wconf 88' lang='lat'><strong>,</strong></span> <span class='ocrx_word' id='word_1_341' title='bbox 1583 3137 1672 3208; x_wconf 87' lang='lat' dir='ltr'><strong>qui</strong></span> <span class='ocrx_word' id='word_1_342' title='bbox 1703 3137 1754 3193; x_wconf 92' lang='lat' dir='ltr'><strong>in</strong></span> 
     </span>
    </p>
   </div>
   <div class='ocr_carea' id='block_1_46' title="bbox 149 3231 1762 3300">
    <p class='ocr_par' dir='ltr' id='par_1_46' title="bbox 149 3231 1762 3300">
     <span class='ocr_line' id='line_1_46' title="bbox 149 3231 1762 3300; baseline -0.004 -6"><span class='ocrx_word' id='word_1_343' title='bbox 149 3248 358 3294; x_wconf 80' lang='lat' dir='ltr'><strong>sextam</strong></span> <span class='ocrx_word' id='word_1_344' title='bbox 377 3235 575 3292; x_wconf 87' lang='lat' dir='ltr'><strong>feriam</strong></span> <span class='ocrx_word' id='word_1_345' title='bbox 599 3233 890 3296; x_wconf 88' lang='lat' dir='ltr'><strong>incidebat,</strong></span> <span class='ocrx_word' id='word_1_346' title='bbox 918 3235 972 3288; x_wconf 91' lang='lat' dir='ltr'><strong>in</strong></span> <span class='ocrx_word' id='word_1_347' title='bbox 997 3233 1218 3288; x_wconf 90' lang='lat' dir='ltr'><strong>domum</strong></span> <span class='ocrx_word' id='word_1_348' title='bbox 1244 3232 1478 3300; x_wconf 63' lang='lat' dir='ltr'><strong>Fausta},</strong></span> <span class='ocrx_word' id='word_1_349' title='bbox 1503 3231 1762 3288; x_wconf 86' lang='lat' dir='ltr'><strong>Constan-</strong></span> 
     </span>
    </p>
   </div>
   <div class='ocr_carea' id='block_1_47' title="bbox 151 3325 1764 3394">
    <p class='ocr_par' dir='ltr' id='par_1_47' title="bbox 151 3325 1764 3394">
     <span class='ocr_line' id='line_1_47' title="bbox 151 3325 1764 3394; baseline -0.002 -8"><span class='ocrx_word' id='word_1_350' title='bbox 151 3331 250 3386; x_wconf 85' lang='lat' dir='ltr'><strong>tini</strong></span> <span class='ocrx_word' id='word_1_351' title='bbox 274 3329 505 3394; x_wconf 81' lang='lat' dir='ltr'><strong>uxoris,</strong></span> <span class='ocrx_word' id='word_1_352' title='bbox 541 3327 592 3380; x_wconf 92' lang='lat' dir='ltr'><strong>in</strong></span> <span class='ocrx_word' id='word_1_353' title='bbox 620 3326 890 3382; x_wconf 84' lang='lat' dir='ltr'><strong>Laterano</strong></span> <span class='ocrx_word' id='word_1_354' title='bbox 915 3335 1288 3382; x_wconf 89' lang='lat' dir='ltr'><strong>convenerunt</strong></span> <span class='ocrx_word' id='word_1_355' title='bbox 1319 3335 1374 3381; x_wconf 91' lang='lat' dir='ltr'><strong>et</strong></span> <span class='ocrx_word' id='word_1_356' title='bbox 1398 3325 1764 3382; x_wconf 87' lang='lat' dir='ltr'><strong>consederunt</strong></span> 
     </span>
    </p>
   </div>
   <div class='ocr_carea' id='block_1_48' title="bbox 147 3418 1766 3496">
    <p class='ocr_par' dir='ltr' id='par_1_48' title="bbox 147 3418 1766 3496">
     <span class='ocr_line' id='line_1_48' title="bbox 147 3418 1766 3496; baseline -0.001 -20"><span class='ocrx_word' id='word_1_357' title='bbox 147 3419 710 3496; x_wconf 81' lang='lat' dir='ltr'><strong>judiceszMiltiades,</strong></span> <span class='ocrx_word' id='word_1_358' title='bbox 739 3420 1024 3491; x_wconf 89' lang='lat' dir='ltr'><strong>episcopos</strong></span> <span class='ocrx_word' id='word_1_359' title='bbox 1062 3419 1209 3474; x_wconf 86' lang='lat' dir='ltr'><strong>urbis</strong></span> <span class='ocrx_word' id='word_1_360' title='bbox 1239 3418 1449 3485; x_wconf 60' lang='lat' dir='ltr'><strong>Romae;</strong></span> <span class='ocrx_word' id='word_1_361' title='bbox 1493 3419 1766 3475; x_wconf 84' lang='lat' dir='ltr'><strong>Maternus</strong></span> 
     </span>
    </p>
   </div>
   <div class='ocr_carea' id='block_1_49' title="bbox 152 3512 1765 3590">
    <p class='ocr_par' dir='ltr' id='par_1_49' title="bbox 152 3512 1765 3590">
     <span class='ocr_line' id='line_1_49' title="bbox 152 3512 1765 3590; baseline -0.006 -16"><span class='ocrx_word' id='word_1_362' title='bbox 152 3519 478 3590; x_wconf 79' lang='lat' dir='ltr'><strong>Agrippinae</strong></span> <span class='ocrx_word' id='word_1_363' title='bbox 503 3515 755 3578; x_wconf 87' lang='lat' dir='ltr'><strong>civitatis,</strong></span> <span class='ocrx_word' id='word_1_364' title='bbox 781 3513 1020 3568; x_wconf 81' lang='lat' dir='ltr'><strong>Reticius</strong></span> <span class='ocrx_word' id='word_1_365' title='bbox 1046 3512 1571 3584; x_wconf 80' lang='lat' dir='ltr'><strong>Augustodunensis,</strong></span> <span class='ocrx_word' id='word_1_366' title='bbox 1603 3512 1765 3566; x_wconf 85' lang='lat' dir='ltr'><strong>Mari-</strong></span> 
     </span>
    </p>
   </div>
   <div class='ocr_carea' id='block_1_50' title="bbox 152 3604 1770 3676">
    <p class='ocr_par' dir='ltr' id='par_1_50' title="bbox 152 3604 1770 3676">
     <span class='ocr_line' id='line_1_50' title="bbox 152 3604 1770 3676; baseline -0.003 -11"><span class='ocrx_word' id='word_1_367' title='bbox 152 3626 258 3666; x_wconf 89' lang='lat' dir='ltr'><strong>nus</strong></span> <span class='ocrx_word' id='word_1_368' title='bbox 284 3607 651 3673; x_wconf 80' lang='lat' dir='ltr'><strong>Arelatensis,</strong></span> <span class='ocrx_word' id='word_1_369' title='bbox 677 3605 936 3662; x_wconf 87' lang='lat' dir='ltr'><strong>Merocles</strong></span> <span class='ocrx_word' id='word_1_370' title='bbox 955 3604 1392 3672; x_wconf 74' lang='lat' dir='ltr'><strong>Medionalcnsis,</strong></span> <span class='ocrx_word' id='word_1_371' title='bbox 1421 3604 1616 3676; x_wconf 87' lang='lat' dir='ltr'><strong>aliique</strong></span> <span class='ocrx_word' id='word_1_372' title='bbox 1637 3619 1770 3676; x_wconf 82' lang='lat' dir='ltr'><strong>qna-</strong></span> 
     </span>
    </p>
   </div>
   <div class='ocr_carea' id='block_1_51' title="bbox 155 3699 1770 3776">
    <p class='ocr_par' dir='ltr' id='par_1_51' title="bbox 155 3699 1770 3776">
     <span class='ocr_line' id='line_1_51' title="bbox 155 3699 1770 3776; baseline -0.003 -15"><span class='ocrx_word' id='word_1_373' title='bbox 155 3704 474 3761; x_wconf 87' lang='lat' dir='ltr'><strong>tuordecim</strong></span> <span class='ocrx_word' id='word_1_374' title='bbox 501 3703 736 3776; x_wconf 86' lang='lat' dir='ltr'><strong>episcopi</strong></span> <span class='ocrx_word' id='word_1_375' title='bbox 767 3701 880 3756; x_wconf 86' lang='lat' dir='ltr'><strong>Itali</strong></span> <span class='ocrx_word' id='word_1_376' title='bbox 905 3741 922 3768; x_wconf 93' lang='lat'><strong>,</strong></span> <span class='ocrx_word' id='word_1_377' title='bbox 956 3717 1182 3772; x_wconf 90' lang='lat' dir='ltr'><strong>quorum</strong></span> <span class='ocrx_word' id='word_1_378' title='bbox 1211 3709 1266 3756; x_wconf 88' lang='lat' dir='ltr'><strong>et</strong></span> <span class='ocrx_word' id='word_1_379' title='bbox 1293 3701 1508 3755; x_wconf 88' lang='lat' dir='ltr'><strong>nomina</strong></span> <span class='ocrx_word' id='word_1_380' title='bbox 1531 3708 1588 3756; x_wconf 92' lang='lat' dir='ltr'><strong>et</strong></span> <span class='ocrx_word' id='word_1_381' title='bbox 1612 3699 1770 3756; x_wconf 89' lang='lat' dir='ltr'><strong>sedes</strong></span> 
     </span>
    </p>
   </div>
   <div class='ocr_carea' id='block_1_52' title="bbox 154 3791 1774 3869">
    <p class='ocr_par' dir='ltr' id='par_1_52' title="bbox 154 3791 1774 3869">
     <span class='ocr_line' id='line_1_52' title="bbox 154 3791 1774 3869; baseline -0.006 -14"><span class='ocrx_word' id='word_1_382' title='bbox 154 3799 395 3869; x_wconf 84' lang='lat' dir='ltr'><strong>Optatos</strong></span> <span class='ocrx_word' id='word_1_383' title='bbox 425 3805 696 3854; x_wconf 86' lang='lat' dir='ltr'><strong>recenset.</strong></span> <span class='ocrx_word' id='word_1_384' title='bbox 736 3813 756 3846; x_wconf 81' lang='grc' dir='ltr'><strong>ι</strong></span> <span class='ocrx_word' id='word_1_385' title='bbox 789 3795 884 3850; x_wconf 89' lang='lat' dir='ltr'><strong>His</strong></span> <span class='ocrx_word' id='word_1_386' title='bbox 909 3793 1098 3850; x_wconf 89' lang='lat' dir='ltr'><strong>decem</strong></span> <span class='ocrx_word' id='word_1_387' title='bbox 1131 3801 1186 3849; x_wconf 90' lang='lat' dir='ltr'><strong>et</strong></span> <span class='ocrx_word' id='word_1_388' title='bbox 1213 3808 1406 3848; x_wconf 90' lang='lat' dir='ltr'><strong>novem</strong></span> <span class='ocrx_word' id='word_1_389' title='bbox 1444 3791 1774 3847; x_wconf 82' lang='lat' dir='ltr'><strong>considenti-</strong></span> 
     </span>
    </p>
   </div>
   <div class='ocr_carea' id='block_1_53' title="bbox 153 3885 1774 3965">
    <p class='ocr_par' dir='ltr' id='par_1_53' title="bbox 153 3885 1774 3965">
     <span class='ocr_line' id='line_1_53' title="bbox 153 3885 1774 3965; baseline -0.006 -16"><span class='ocrx_word' id='word_1_390' title='bbox 153 3895 257 3949; x_wconf 87' lang='lat' dir='ltr'><strong>bus</strong></span> <span class='ocrx_word' id='word_1_391' title='bbox 283 3892 570 3965; x_wconf 85' lang='lat' dir='ltr'><strong>episcopis</strong></span> <span class='ocrx_word' id='word_1_392' title='bbox 591 3933 605 3956; x_wconf 90' lang='lat'><strong>,</strong></span> <span class='ocrx_word' id='word_1_393' title='bbox 643 3911 660 3941; x_wconf 79' lang='grc' dir='ltr'><strong>ι</strong></span> <span class='ocrx_word' id='word_1_394' title='bbox 687 3891 858 3960; x_wconf 85' lang='lat' dir='ltr'><strong>inquit</strong></span> <span class='ocrx_word' id='word_1_395' title='bbox 887 3888 1026 3945; x_wconf 87' lang='lat' dir='ltr'><strong>idem</strong></span> <span class='ocrx_word' id='word_1_396' title='bbox 1051 3887 1298 3958; x_wconf 82' lang='lat' dir='ltr'><strong>Optatos,</strong></span> <span class='ocrx_word' id='word_1_397' title='bbox 1336 3905 1356 3938; x_wconf 79' lang='grc' dir='ltr'><strong>ι</strong></span> <span class='ocrx_word' id='word_1_398' title='bbox 1389 3901 1549 3941; x_wconf 88' lang='lat' dir='ltr'><strong>causa</strong></span> <span class='ocrx_word' id='word_1_399' title='bbox 1583 3885 1774 3941; x_wconf 89' lang='lat' dir='ltr'><strong>Donati</strong></span> 
     </span>
    </p>
   </div>
   <div class='ocr_carea' id='block_1_54' title="bbox 153 3979 1776 4050">
    <p class='ocr_par' dir='ltr' id='par_1_54' title="bbox 153 3979 1776 4050">
     <span class='ocr_line' id='line_1_54' title="bbox 153 3979 1776 4050; baseline -0.008 -6"><span class='ocrx_word' id='word_1_400' title='bbox 153 3999 208 4044; x_wconf 88' lang='lat' dir='ltr'><strong>ct</strong></span> <span class='ocrx_word' id='word_1_401' title='bbox 229 3985 522 4044; x_wconf 75' lang='lat' dir='ltr'><strong>Caeciliani</strong></span> <span class='ocrx_word' id='word_1_402' title='bbox 549 3986 600 4039; x_wconf 91' lang='lat' dir='ltr'><strong>in</strong></span> <span class='ocrx_word' id='word_1_403' title='bbox 625 3983 862 4039; x_wconf 91' lang='lat' dir='ltr'><strong>medium</strong></span> <span class='ocrx_word' id='word_1_404' title='bbox 887 3984 1048 4037; x_wconf 89' lang='lat' dir='ltr'><strong>missa</strong></span> <span class='ocrx_word' id='word_1_405' title='bbox 1080 3991 1164 4038; x_wconf 90' lang='lat' dir='ltr'><strong>est</strong></span> <span class='ocrx_word' id='word_1_406' title='bbox 1191 3997 1218 4035; x_wconf 89' lang='lat' dir='ltr'><strong>a</strong></span> <span class='ocrx_word' id='word_1_407' title='bbox 1242 3980 1486 4050; x_wconf 84' lang='lat' dir='ltr'><strong>singulis.</strong></span> <span class='ocrx_word' id='word_1_408' title='bbox 1515 3979 1572 4034; x_wconf 92' lang='lat' dir='ltr'><strong>In</strong></span> <span class='ocrx_word' id='word_1_409' title='bbox 1600 3979 1776 4032; x_wconf 85' lang='lat' dir='ltr'><strong>Dona-</strong></span> 
     </span>
    </p>
   </div>
   <div class='ocr_carea' id='block_1_55' title="bbox 156 4071 1770 4154">
    <p class='ocr_par' dir='ltr' id='par_1_55' title="bbox 156 4071 1770 4154">
     <span class='ocr_line' id='line_1_55' title="bbox 156 4071 1770 4154; baseline -0.008 -17"><span class='ocrx_word' id='word_1_410' title='bbox 156 4091 270 4137; x_wconf 89' lang='lat' dir='ltr'><strong>tum</strong></span> <span class='ocrx_word' id='word_1_411' title='bbox 323 4082 417 4154; x_wconf 84' lang='lat' dir='ltr'><strong>(A</strong></span> <span class='ocrx_word' id='word_1_412' title='bbox 447 4077 606 4135; x_wconf 83' lang='lat' dir='ltr'><strong>Casis</strong></span> <span class='ocrx_word' id='word_1_413' title='bbox 629 4077 826 4147; x_wconf 85' lang='lat' dir='ltr'><strong>Nigris,</strong></span> <span class='ocrx_word' id='word_1_414' title='bbox 875 4085 930 4130; x_wconf 84' lang='lat' dir='ltr'><strong>ut</strong></span> <span class='ocrx_word' id='word_1_415' title='bbox 972 4076 1126 4146; x_wconf 81' lang='lat' dir='ltr'><strong>liquet</strong></span> <span class='ocrx_word' id='word_1_416' title='bbox 1166 4091 1230 4128; x_wconf 81' lang='lat' dir='ltr'><strong>ea:</strong></span> <span class='ocrx_word' id='word_1_417' title='bbox 1271 4073 1558 4144; x_wconf 81' lang='lat' dir='ltr'><strong>Augustino</strong></span> <span class='ocrx_word' id='word_1_418' title='bbox 1588 4071 1770 4126; x_wconf 84' lang='lat' dir='ltr'><strong>brevic.</strong></span> 
     </span>
    </p>
   </div>
   <div class='ocr_carea' id='block_1_56' title="bbox 155 4163 1825 4236">
    <p class='ocr_par' dir='ltr' id='par_1_56' title="bbox 155 4163 1825 4236">
     <span class='ocr_line' id='line_1_56' title="bbox 155 4163 1825 4236; baseline -0.008 -7"><span class='ocrx_word' id='word_1_419' title='bbox 155 4173 295 4230; x_wconf 81' lang='lat' dir='ltr'><strong>Coll.</strong></span> <span class='ocrx_word' id='word_1_420' title='bbox 331 4174 440 4228; x_wconf 84' lang='lat' dir='ltr'><strong>diei</strong></span> <span class='ocrx_word' id='word_1_421' title='bbox 463 4187 548 4236; x_wconf 86' lang='grc' dir='ltr'>ιιι,</span> <span class='ocrx_word' id='word_1_422' title='bbox 573 4187 626 4225; x_wconf 86' lang='grc' dir='ltr'>η.</span> <span class='ocrx_word' id='word_1_423' title='bbox 659 4169 749 4234; x_wconf 77' lang='grc'><strong>56,</strong></span> <span class='ocrx_word' id='word_1_424' title='bbox 779 4178 826 4223; x_wconf 82' lang='lat' dir='ltr'><strong>et</strong></span> <span class='ocrx_word' id='word_1_425' title='bbox 857 4169 944 4223; x_wconf 82' lang='lat' dir='ltr'><strong>lib.</strong></span> <span class='ocrx_word' id='word_1_426' title='bbox 973 4167 1041 4221; x_wconf 87' lang='lat' dir='ltr'><strong>ad</strong></span> <span class='ocrx_word' id='word_1_427' title='bbox 1067 4165 1256 4220; x_wconf 80' lang='lat' dir='ltr'><strong>Donat.</strong></span> <span class='ocrx_word' id='word_1_428' title='bbox 1295 4175 1407 4236; x_wconf 80' lang='lat' dir='ltr'><strong>post</strong></span> <span class='ocrx_word' id='word_1_429' title='bbox 1429 4163 1564 4220; x_wconf 81' lang='lat' dir='ltr'><strong>Coll.</strong></span> <span class='ocrx_word' id='word_1_430' title='bbox 1595 4181 1648 4217; x_wconf 86' lang='grc' dir='ltr'>η.</span> <span class='ocrx_word' id='word_1_431' title='bbox 1687 4163 1778 4236; x_wconf 83' lang='grc'><strong>17)</strong></span> <span class='ocrx_word' id='word_1_432' title='bbox 1816 4199 1825 4207; x_wconf 66' lang='grc' dir='ltr'>α</span> 
     </span>
    </p>
   </div>
   <div class='ocr_carea' id='block_1_57' title="bbox 153 4256 1778 4328">
    <p class='ocr_par' dir='ltr' id='par_1_57' title="bbox 153 4256 1778 4328">
     <span class='ocr_line' id='line_1_57' title="bbox 153 4256 1778 4328; baseline -0.007 -6"><span class='ocrx_word' id='word_1_433' title='bbox 153 4278 284 4323; x_wconf 82' lang='lat' dir='ltr'><strong>sunt</strong></span> <span class='ocrx_word' id='word_1_434' title='bbox 308 4266 397 4322; x_wconf 73' lang='lat' dir='ltr'><strong>lue</strong></span> <span class='ocrx_word' id='word_1_435' title='bbox 426 4263 718 4322; x_wconf 81' lang='lat' dir='ltr'><strong>sententia:</strong></span> <span class='ocrx_word' id='word_1_436' title='bbox 746 4263 866 4316; x_wconf 71' lang='lat' dir='ltr'><strong>lata:</strong></span> <span class='ocrx_word' id='word_1_437' title='bbox 899 4279 912 4316; x_wconf 83' lang='lat'><strong>2</strong></span> <span class='ocrx_word' id='word_1_438' title='bbox 937 4259 1093 4328; x_wconf 84' lang='lat' dir='ltr'><strong>Quod</strong></span> <span class='ocrx_word' id='word_1_439' title='bbox 1117 4257 1401 4314; x_wconf 86' lang='lat' dir='ltr'><strong>confessus</strong></span> <span class='ocrx_word' id='word_1_440' title='bbox 1431 4257 1502 4311; x_wconf 85' lang='lat' dir='ltr'><strong>sit</strong></span> <span class='ocrx_word' id='word_1_441' title='bbox 1535 4273 1593 4312; x_wconf 91' lang='lat' dir='ltr'><strong>se</strong></span> <span class='ocrx_word' id='word_1_442' title='bbox 1618 4256 1778 4312; x_wconf 84' lang='lat' dir='ltr'><strong>reba-</strong></span> 
     </span>
    </p>
   </div>
   <div class='ocr_carea' id='block_1_58' title="bbox 157 4349 1780 4435">
    <p class='ocr_par' dir='ltr' id='par_1_58' title="bbox 157 4349 1780 4435">
     <span class='ocr_line' id='line_1_58' title="bbox 157 4349 1780 4435; baseline -0.007 -18"><span class='ocrx_word' id='word_1_443' title='bbox 157 4363 444 4435; x_wconf 81' lang='lat' dir='ltr'><strong>ptizasse,</strong></span> <span class='ocrx_word' id='word_1_444' title='bbox 503 4371 560 4416; x_wconf 90' lang='lat' dir='ltr'><strong>et</strong></span> <span class='ocrx_word' id='word_1_445' title='bbox 607 4357 876 4428; x_wconf 86' lang='lat' dir='ltr'><strong>episcopis</strong></span> <span class='ocrx_word' id='word_1_446' title='bbox 930 4355 1092 4426; x_wconf 88' lang='lat' dir='ltr'><strong>lapsis</strong></span> <span class='ocrx_word' id='word_1_447' title='bbox 1148 4368 1363 4408; x_wconf 91' lang='lat' dir='ltr'><strong>manum</strong></span> <span class='ocrx_word' id='word_1_448' title='bbox 1417 4349 1780 4420; x_wconf 83' lang='lat' dir='ltr'><strong>imposuisse;</strong></span> 
     </span>
    </p>
   </div>
   <div class='ocr_carea' id='block_1_59' title="bbox 154 4441 1780 4528">
    <p class='ocr_par' dir='ltr' id='par_1_59' title="bbox 154 4441 1780 4528">
     <span class='ocr_line' id='line_1_59' title="bbox 154 4441 1780 4528; baseline -0.011 -15"><span class='ocrx_word' id='word_1_449' title='bbox 154 4456 304 4528; x_wconf 87' lang='lat' dir='ltr'><strong>quod</strong></span> <span class='ocrx_word' id='word_1_450' title='bbox 335 4455 409 4510; x_wconf 85' lang='lat' dir='ltr'><strong>ab</strong></span> <span class='ocrx_word' id='word_1_451' title='bbox 448 4449 698 4508; x_wconf 86' lang='lat' dir='ltr'><strong>Ecclesia</strong></span> <span class='ocrx_word' id='word_1_452' title='bbox 739 4449 968 4504; x_wconf 89' lang='lat' dir='ltr'><strong>alienmn</strong></span> <span class='ocrx_word' id='word_1_453' title='bbox 997 4455 1099 4500; x_wconf 65' lang='lat' dir='ltr'><strong>est.</strong></span> <span class='ocrx_word' id='word_1_454' title='bbox 1149 4445 1339 4499; x_wconf 84' lang='lat' dir='ltr'><strong>Testes</strong></span> <span class='ocrx_word' id='word_1_455' title='bbox 1379 4442 1578 4498; x_wconf 88' lang='lat' dir='ltr'><strong>inducti</strong></span> <span class='ocrx_word' id='word_1_456' title='bbox 1610 4456 1639 4495; x_wconf 92' lang='lat' dir='ltr'><strong>a</strong></span> <span class='ocrx_word' id='word_1_457' title='bbox 1671 4441 1780 4496; x_wconf 46' lang='lat' dir='ltr'><strong>Do.</strong></span> 
     </span>
    </p>
   </div>
   <div class='ocr_carea' id='block_1_60' title="bbox 159 4535 1778 4608">
    <p class='ocr_par' dir='ltr' id='par_1_60' title="bbox 159 4535 1778 4608">
     <span class='ocr_line' id='line_1_60' title="bbox 159 4535 1778 4608; baseline -0.009 -6"><span class='ocrx_word' id='word_1_458' title='bbox 159 4557 291 4604; x_wconf 90' lang='lat' dir='ltr'><strong>nato</strong></span> <span class='ocrx_word' id='word_1_459' title='bbox 321 4545 573 4603; x_wconf 80' lang='lat' dir='ltr'><strong>confessi</strong></span> <span class='ocrx_word' id='word_1_460' title='bbox 595 4551 721 4599; x_wconf 91' lang='lat' dir='ltr'><strong>sunt</strong></span> <span class='ocrx_word' id='word_1_461' title='bbox 741 4557 798 4597; x_wconf 88' lang='lat' dir='ltr'><strong>se</strong></span> <span class='ocrx_word' id='word_1_462' title='bbox 827 4556 933 4596; x_wconf 91' lang='lat' dir='ltr'><strong>non</strong></span> <span class='ocrx_word' id='word_1_463' title='bbox 961 4540 1162 4595; x_wconf 86' lang='lat' dir='ltr'><strong>habere</strong></span> <span class='ocrx_word' id='word_1_464' title='bbox 1187 4537 1328 4608; x_wconf 90' lang='lat' dir='ltr'><strong>quod</strong></span> <span class='ocrx_word' id='word_1_465' title='bbox 1357 4538 1409 4592; x_wconf 92' lang='lat' dir='ltr'><strong>in</strong></span> <span class='ocrx_word' id='word_1_466' title='bbox 1433 4535 1778 4592; x_wconf 69' lang='lat' dir='ltr'><strong>Ctecilianum</strong></span> 
     </span>
    </p>
   </div>
   <div class='ocr_carea' id='block_1_61' title="bbox 157 4633 1780 4716">
    <p class='ocr_par' dir='ltr' id='par_1_61' title="bbox 157 4633 1780 4716">
     <span class='ocr_line' id='line_1_61' title="bbox 157 4633 1780 4716; baseline -0.007 -21"><span class='ocrx_word' id='word_1_467' title='bbox 157 4641 436 4716; x_wconf 70' lang='lat' dir='ltr'><strong>dicerent.</strong></span> <span class='ocrx_word' id='word_1_468' title='bbox 479 4659 500 4692; x_wconf 75' lang='grc' dir='ltr'><strong>ι</strong></span> <span class='ocrx_word' id='word_1_469' title='bbox 556 4634 876 4692; x_wconf 62' lang='lat' dir='ltr'><strong>Caecilianus</strong></span> <span class='ocrx_word' id='word_1_470' title='bbox 905 4633 1142 4689; x_wconf 89' lang='lat' dir='ltr'><strong>omnium</strong></span> <span class='ocrx_word' id='word_1_471' title='bbox 1172 4646 1331 4702; x_wconf 87' lang='lat' dir='ltr'><strong>supra</strong></span> <span class='ocrx_word' id='word_1_472' title='bbox 1362 4638 1780 4686; x_wconf 86' lang='lat' dir='ltr'><strong>memoratorum</strong></span> 
     </span>
    </p>
   </div>
   <div class='ocr_carea' id='block_1_62' title="bbox 160 4838 1782 4916">
    <p class='ocr_par' dir='ltr' id='par_1_62' title="bbox 160 4838 1782 4916">
     <span class='ocr_line' id='line_1_62' title="bbox 160 4838 1782 4916; baseline -0.008 -9"><span class='ocrx_word' id='word_1_473' title='bbox 160 4853 366 4914; x_wconf 86' lang='lat' dir='ltr'><strong>fuerit,</strong></span> <span class='ocrx_word' id='word_1_474' title='bbox 415 4851 493 4903; x_wconf 85' lang='lat' dir='ltr'><strong>ab</strong></span> <span class='ocrx_word' id='word_1_475' title='bbox 525 4847 720 4916; x_wconf 88' lang='lat' dir='ltr'><strong>Optato</strong></span> <span class='ocrx_word' id='word_1_476' title='bbox 754 4841 1022 4900; x_wconf 89' lang='lat' dir='ltr'><strong>silendum</strong></span> <span class='ocrx_word' id='word_1_477' title='bbox 1071 4856 1212 4898; x_wconf 86' lang='lat' dir='ltr'><strong>esse.</strong></span> <span class='ocrx_word' id='word_1_478' title='bbox 1247 4838 1782 4916; x_wconf 64' lang='lat' dir='ltr'><strong>Quocirca_Merocli,</strong></span> 
     </span>
    </p>
   </div>
   <div class='ocr_carea' id='block_1_63' title="bbox 157 4911 1784 4996">
    <p class='ocr_par' dir='ltr' id='par_1_63' title="bbox 157 4911 1784 4996">
     <span class='ocr_line' id='line_1_63' title="bbox 157 4911 1784 4996; baseline -0.006 -20"><span class='ocrx_word' id='word_1_479' title='bbox 157 4925 251 4996; x_wconf 85' lang='lat' dir='ltr'><strong>qui</strong></span> <span class='ocrx_word' id='word_1_480' title='bbox 287 4911 723 4996; x_wconf 76' lang='lat' dir='ltr'><strong>Mediolanensis</strong></span> <span class='ocrx_word' id='word_1_481' title='bbox 751 4926 876 4970; x_wconf 86' lang='lat' dir='ltr'><strong>tunc</strong></span> <span class='ocrx_word' id='word_1_482' title='bbox 905 4915 1189 4996; x_wconf 66' lang='lat' dir='ltr'><strong>cpi§c0pus</strong></span> <span class='ocrx_word' id='word_1_483' title='bbox 1211 4921 1355 4994; x_wconf 75' lang='lat' dir='ltr'><strong>erat,</strong></span> <span class='ocrx_word' id='word_1_484' title='bbox 1383 4928 1480 4982; x_wconf 91' lang='lat' dir='ltr'><strong>pro</strong></span> <span class='ocrx_word' id='word_1_485' title='bbox 1499 4911 1692 4996; x_wconf 45' lang='lat' dir='ltr'><strong>.Marco</strong></span> <span class='ocrx_word' id='word_1_486' title='bbox 1717 4928 1784 4968; x_wconf 90' lang='lat' dir='ltr'><strong>eo</strong></span> 
     </span>
    </p>
   </div>
   <div class='ocr_carea' id='block_1_64' title="bbox 200 4984 1783 5058">
    <p class='ocr_par' dir='ltr' id='par_1_64' title="bbox 200 4984 1783 5058">
     <span class='ocr_line' id='line_1_64' title="bbox 200 4984 1783 5058; baseline -0.008 -8"><span class='ocrx_word' id='word_1_487' title='bbox 200 4993 524 5052; x_wconf 73' lang='lat' dir='ltr'><strong>robaliilius</strong></span> <span class='ocrx_word' id='word_1_488' title='bbox 552 4990 792 5055; x_wconf 79' lang='lat' dir='ltr'><strong>mallent,</strong></span> <span class='ocrx_word' id='word_1_489' title='bbox 822 4987 964 5058; x_wconf 90' lang='lat' dir='ltr'><strong>quod</strong></span> <span class='ocrx_word' id='word_1_490' title='bbox 981 4984 1385 5044; x_wconf 84' lang='lat' dir='ltr'><strong>Constantinus,</strong></span> <span class='ocrx_word' id='word_1_491' title='bbox 1404 4999 1470 5038; x_wconf 88' lang='lat' dir='ltr'><strong>eo</strong></span> <span class='ocrx_word' id='word_1_492' title='bbox 1499 4985 1615 5058; x_wconf 82' lang='lat' dir='ltr'><strong>ipso</strong></span> <span class='ocrx_word' id='word_1_493' title='bbox 1640 4999 1783 5058; x_wconf 80' lang='lat' dir='ltr'><strong>anno</strong></span> 
     </span>
    </p>
   </div>
   <div class='ocr_carea' id='block_1_65' title="bbox 185 5056 1784 5127">
    <p class='ocr_par' dir='ltr' id='par_1_65' title="bbox 185 5056 1784 5127">
     <span class='ocr_line' id='line_1_65' title="bbox 185 5056 1784 5127; baseline -0.008 -5"><span class='ocrx_word' id='word_1_494' title='bbox 185 5064 466 5122; x_wconf 72' lang='lat' dir='ltr'><strong>rlediolani</strong></span> <span class='ocrx_word' id='word_1_495' title='bbox 501 5070 748 5116; x_wconf 78' lang='lat' dir='ltr'><strong>versatus</strong></span> <span class='ocrx_word' id='word_1_496' title='bbox 773 5099 788 5121; x_wconf 92' lang='lat'><strong>,</strong></span> <span class='ocrx_word' id='word_1_497' title='bbox 819 5056 1096 5127; x_wconf 78' lang='lat' dir='ltr'><strong>probatam</strong></span> <span class='ocrx_word' id='word_1_498' title='bbox 1125 5072 1188 5110; x_wconf 90' lang='lat' dir='ltr'><strong>ac</strong></span> <span class='ocrx_word' id='word_1_499' title='bbox 1220 5064 1552 5124; x_wconf 85' lang='lat' dir='ltr'><strong>perspectam</strong></span> <span class='ocrx_word' id='word_1_500' title='bbox 1585 5056 1784 5110; x_wconf 85' lang='lat' dir='ltr'><strong>habere</strong></span> 
     </span>
    </p>
   </div>
   <div class='ocr_carea' id='block_1_66' title="bbox 165 5127 1788 5206">
    <p class='ocr_par' dir='ltr' id='par_1_66' title="bbox 165 5127 1788 5206">
     <span class='ocr_line' id='line_1_66' title="bbox 165 5127 1788 5206; baseline -0.007 -12"><span class='ocrx_word' id='word_1_501' title='bbox 165 5138 416 5206; x_wconf 82' lang='lat' dir='ltr'><strong>pomerit</strong></span> <span class='ocrx_word' id='word_1_502' title='bbox 435 5133 694 5189; x_wconf 83' lang='lat' dir='ltr'><strong>Meroclis</strong></span> <span class='ocrx_word' id='word_1_503' title='bbox 713 5131 1040 5206; x_wconf 65' lang='lat' dir='ltr'><strong>(equitatem.</strong></span> <span class='ocrx_word' id='word_1_504' title='bbox 1065 5127 1192 5206; x_wconf 72' lang='lat' dir='ltr'><strong>inde</strong></span> <span class='ocrx_word' id='word_1_505' title='bbox 1216 5135 1391 5206; x_wconf 72' lang='lat' dir='ltr'><strong>tamen</strong></span> <span class='ocrx_word' id='word_1_506' title='bbox 1415 5128 1615 5206; x_wconf 80' lang='lat' dir='ltr'><strong>moveri</strong></span> <span class='ocrx_word' id='word_1_507' title='bbox 1639 5127 1788 5206; x_wconf 73' lang='lat' dir='ltr'><strong>quis-</strong></span> 
     </span>
    </p>
   </div>
   <div class='ocr_carea' id='block_1_67' title="bbox 164 5197 1788 5279">
    <p class='ocr_par' dir='ltr' id='par_1_67' title="bbox 164 5197 1788 5279">
     <span class='ocr_line' id='line_1_67' title="bbox 164 5197 1788 5279; baseline -0.006 -16"><span class='ocrx_word' id='word_1_508' title='bbox 164 5197 314 5279; x_wconf 78' lang='lat' dir='ltr'><strong>piam</strong></span> <span class='ocrx_word' id='word_1_509' title='bbox 345 5203 744 5279; x_wconf 72' lang='lat' dir='ltr'><strong>potest_,__quo_d</strong></span> <span class='ocrx_word' id='word_1_510' title='bbox 775 5197 1040 5279; x_wconf 34' lang='lat' dir='ltr'><strong>i&#39;n‘eadem</strong></span> <span class='ocrx_word' id='word_1_511' title='bbox 1070 5197 1438 5279; x_wconf 69' lang='lat' dir='ltr'><strong>inscriptione,</strong></span> <span class='ocrx_word' id='word_1_512' title='bbox 1475 5199 1527 5251; x_wconf 92' lang='lat' dir='ltr'><strong>in</strong></span> <span class='ocrx_word' id='word_1_513' title='bbox 1560 5197 1669 5268; x_wconf 82' lang='lat' dir='ltr'><strong>qna</strong></span> <span class='ocrx_word' id='word_1_514' title='bbox 1690 5198 1788 5279; x_wconf 78' lang='lat' dir='ltr'><strong>de-</strong></span> 
     </span>
    </p>
   </div>
   <div class='ocr_carea' id='block_1_68' title="bbox 167 5269 1788 5340">
    <p class='ocr_par' dir='ltr' id='par_1_68' title="bbox 167 5269 1788 5340">
     <span class='ocr_line' id='line_1_68' title="bbox 167 5269 1788 5340; baseline -0.007 -5"><span class='ocrx_word' id='word_1_515' title='bbox 167 5269 496 5335; x_wconf 73' lang='lat' dir='ltr'><strong>nominatur</strong></span> <span class='ocrx_word' id='word_1_516' title='bbox 518 5269 786 5330; x_wconf 80' lang='lat' dir='ltr'><strong>Miltiades</strong></span> <span class='ocrx_word' id='word_1_517' title='bbox 827 5273 1083 5327; x_wconf 77' lang='lat' dir='ltr'><strong>Romamn</strong></span> <span class='ocrx_word' id='word_1_518' title='bbox 1115 5269 1264 5324; x_wconf 71' lang='lat' dir='ltr'><strong>urbis</strong></span> <span class='ocrx_word' id='word_1_519' title='bbox 1288 5271 1574 5340; x_wconf 85' lang='lat' dir='ltr'><strong>episcopus</strong></span> <span class='ocrx_word' id='word_1_520' title='bbox 1597 5311 1612 5334; x_wconf 91' lang='lat'><strong>,</strong></span> <span class='ocrx_word' id='word_1_521' title='bbox 1655 5271 1788 5324; x_wconf 86' lang='lat' dir='ltr'><strong>alte-</strong></span> 
     </span>
    </p>
   </div>
   <div class='ocr_carea' id='block_1_69' title="bbox 166 5341 1789 5420">
    <p class='ocr_par' dir='ltr' id='par_1_69' title="bbox 166 5341 1789 5420">
     <span class='ocr_line' id='line_1_69' title="bbox 166 5341 1789 5420; baseline -0.008 -13"><span class='ocrx_word' id='word_1_522' title='bbox 166 5354 288 5408; x_wconf 87' lang='lat' dir='ltr'><strong>rius</strong></span> <span class='ocrx_word' id='word_1_523' title='bbox 309 5392 324 5414; x_wconf 88' lang='lat'><strong>,</strong></span> <span class='ocrx_word' id='word_1_524' title='bbox 361 5349 459 5420; x_wconf 87' lang='lat' dir='ltr'><strong>qui</strong></span> <span class='ocrx_word' id='word_1_525' title='bbox 491 5347 548 5402; x_wconf 89' lang='lat' dir='ltr'><strong>ei</strong></span> <span class='ocrx_word' id='word_1_526' title='bbox 585 5344 928 5420; x_wconf 68' lang='lat' dir='ltr'><strong>adiungitur,</strong></span> <span class='ocrx_word' id='word_1_527' title='bbox 960 5341 1196 5420; x_wconf 80' lang='lat' dir='ltr'><strong>dignitas</strong></span> <span class='ocrx_word' id='word_1_528' title='bbox 1229 5351 1489 5420; x_wconf 75' lang='lat' dir='ltr'><strong>taceatur.</strong></span> <span class='ocrx_word' id='word_1_529' title='bbox 1521 5341 1789 5420; x_wconf 54' lang='lat' dir='ltr'><strong>Praeterea</strong></span> 
     </span>
    </p>
   </div>
   <div class='ocr_carea' id='block_1_70' title="bbox 167 5411 1791 5492">
    <p class='ocr_par' dir='ltr' id='par_1_70' title="bbox 167 5411 1791 5492">
     <span class='ocr_line' id='line_1_70' title="bbox 167 5411 1791 5492; baseline -0.007 -16"><span class='ocrx_word' id='word_1_530' title='bbox 167 5411 404 5478; x_wconf 65' lang='lat' dir='ltr'><strong>sorbum</strong></span> <span class='ocrx_word' id='word_1_531' title='bbox 435 5411 1090 5492; x_wconf 65' lang='grc' dir='ltr'>τιμιώτάτε,ἐΙιαιςίδείῃιε,</span> <span class='ocrx_word' id='word_1_532' title='bbox 1119 5427 1224 5482; x_wconf 87' lang='lat' dir='ltr'><strong>quo</strong></span> <span class='ocrx_word' id='word_1_533' title='bbox 1245 5411 1791 5492; x_wconf 41' lang='lat' dir='ltr'><strong>epistola.clauditur,</strong></span> 
     </span>
    </p>
   </div>
   <div class='ocr_carea' id='block_1_71' title="bbox 167 5481 1792 5558">
    <p class='ocr_par' dir='ltr' id='par_1_71' title="bbox 167 5481 1792 5558">
     <span class='ocr_line' id='line_1_71' title="bbox 167 5481 1792 5558; baseline -0.009 -8"><span class='ocrx_word' id='word_1_534' title='bbox 167 5494 384 5550; x_wconf 83' lang='lat' dir='ltr'><strong>indicio</strong></span> <span class='ocrx_word' id='word_1_535' title='bbox 416 5481 552 5546; x_wconf 78' lang='lat' dir='ltr'><strong>esse</strong></span> <span class='ocrx_word' id='word_1_536' title='bbox 583 5496 785 5558; x_wconf 84' lang='lat' dir='ltr'><strong>posset,</strong></span> <span class='ocrx_word' id='word_1_537' title='bbox 815 5485 1093 5558; x_wconf 84' lang='lat' dir='ltr'><strong>epistolam</strong></span> <span class='ocrx_word' id='word_1_538' title='bbox 1124 5481 1260 5558; x_wconf 73' lang='lat' dir='ltr'><strong>lianc</strong></span> <span class='ocrx_word' id='word_1_539' title='bbox 1287 5481 1506 5558; x_wconf 77' lang='lat' dir='ltr'><strong>Miltiadi</strong></span> <span class='ocrx_word' id='word_1_540' title='bbox 1540 5483 1653 5558; x_wconf 78' lang='lat' dir='ltr'><strong>uni,</strong></span> <span class='ocrx_word' id='word_1_541' title='bbox 1687 5497 1792 5558; x_wconf 76' lang='lat' dir='ltr'><strong>non</strong></span> 
     </span>
    </p>
   </div>
   <div class='ocr_carea' id='block_1_72' title="bbox 169 5553 1796 5628">
    <p class='ocr_par' dir='ltr' id='par_1_72' title="bbox 169 5553 1796 5628">
     <span class='ocr_line' id='line_1_72' title="bbox 169 5553 1796 5628; baseline -0.01 -6"><span class='ocrx_word' id='word_1_542' title='bbox 169 5565 395 5622; x_wconf 87' lang='lat' dir='ltr'><strong>duobus</strong></span> <span class='ocrx_word' id='word_1_543' title='bbox 437 5553 708 5628; x_wconf 75' lang='lat' dir='ltr'><strong>scriptam</strong></span> <span class='ocrx_word' id='word_1_544' title='bbox 735 5573 856 5613; x_wconf 89' lang='lat' dir='ltr'><strong>esse</strong></span> <span class='ocrx_word' id='word_1_545' title='bbox 877 5598 891 5622; x_wconf 92' lang='lat'><strong>,</strong></span> <span class='ocrx_word' id='word_1_546' title='bbox 922 5555 1032 5628; x_wconf 11' lang='lat' dir='ltr'><strong>nisi,</strong></span> <span class='ocrx_word' id='word_1_547' title='bbox 1051 5555 1329 5628; x_wconf 42' lang='lat' dir='ltr'><strong>et‘eadem</strong></span> <span class='ocrx_word' id='word_1_548' title='bbox 1359 5553 1626 5608; x_wconf 81' lang='lat' dir='ltr'><strong>scribendi</strong></span> <span class='ocrx_word' id='word_1_549' title='bbox 1661 5553 1796 5628; x_wconf 82' lang='lat' dir='ltr'><strong>ratio</strong></span> 
     </span>
    </p>
   </div>
   <div class='ocr_carea' id='block_1_73' title="bbox 171 5625 1798 5705">
    <p class='ocr_par' dir='ltr' id='par_1_73' title="bbox 171 5625 1798 5705">
     <span class='ocr_line' id='line_1_73' title="bbox 171 5625 1798 5705; baseline -0.009 -13"><span class='ocrx_word' id='word_1_550' title='bbox 171 5639 445 5705; x_wconf 83' lang='lat' dir='ltr'><strong>frequens</strong></span> <span class='ocrx_word' id='word_1_551' title='bbox 485 5625 807 5705; x_wconf 65' lang='lat' dir='ltr'><strong>occurreret</strong></span> <span class='ocrx_word' id='word_1_552' title='bbox 841 5628 893 5682; x_wconf 94' lang='lat' dir='ltr'><strong>in</strong></span> <span class='ocrx_word' id='word_1_553' title='bbox 936 5627 1077 5705; x_wconf 77' lang='lat' dir='ltr'><strong>ipsis</strong></span> <span class='ocrx_word' id='word_1_554' title='bbox 1098 5625 1465 5705; x_wconf 78' lang='lat' dir='ltr'><strong>Romanorum</strong></span> <span class='ocrx_word' id='word_1_555' title='bbox 1505 5625 1798 5705; x_wconf 67' lang='lat' dir='ltr'><strong>praesnlum</strong></span> 
     </span>
    </p>
   </div>
   <div class='ocr_carea' id='block_1_74' title="bbox 172 5694 1800 5776">
    <p class='ocr_par' dir='ltr' id='par_1_74' title="bbox 172 5694 1800 5776">
     <span class='ocr_line' id='line_1_74' title="bbox 172 5694 1800 5776; baseline -0.009 -11"><span class='ocrx_word' id='word_1_556' title='bbox 172 5694 404 5773; x_wconf 72' lang='lat' dir='ltr'><strong>litteris,</strong></span> <span class='ocrx_word' id='word_1_557' title='bbox 437 5715 573 5776; x_wconf 63' lang='lat' dir='ltr'><strong>qua:</strong></span> <span class='ocrx_word' id='word_1_558' title='bbox 597 5699 839 5776; x_wconf 75' lang='lat' dir='ltr'><strong>pluribus</strong></span> <span class='ocrx_word' id='word_1_559' title='bbox 863 5715 895 5753; x_wconf 93' lang='lat' dir='ltr'><strong>a</strong></span> <span class='ocrx_word' id='word_1_560' title='bbox 921 5694 1034 5770; x_wconf 70' lang='lat' dir='ltr'><strong>pari</strong></span> <span class='ocrx_word' id='word_1_561' title='bbox 1065 5697 1336 5776; x_wconf 58' lang='lat' dir='ltr'><strong>inscripta</strong></span> <span class='ocrx_word' id='word_1_562' title='bbox 1357 5704 1503 5751; x_wconf 86' lang='lat' dir='ltr'><strong>sunt.</strong></span> <span class='ocrx_word' id='word_1_563' title='bbox 1530 5694 1648 5749; x_wconf 85' lang='lat' dir='ltr'><strong>.Iam</strong></span> <span class='ocrx_word' id='word_1_564' title='bbox 1671 5709 1800 5776; x_wconf 79' lang='lat' dir='ltr'><strong>vero</strong></span> 
     </span>
    </p>
   </div>
   <div class='ocr_carea' id='block_1_75' title="bbox 625 5767 1800 5836">
    <p class='ocr_par' dir='ltr' id='par_1_75' title="bbox 625 5767 1800 5836">
     <span class='ocr_line' id='line_1_75' title="bbox 625 5767 1800 5836; baseline -0.005 -10"><span class='ocrx_word' id='word_1_565' title='bbox 625 5787 653 5825; x_wconf 92' lang='lat' dir='ltr'><strong>e</strong></span> <span class='ocrx_word' id='word_1_566' title='bbox 679 5770 785 5826; x_wconf 82' lang='lat' dir='ltr'><strong>hoc</strong></span> <span class='ocrx_word' id='word_1_567' title='bbox 821 5767 940 5825; x_wconf 86' lang='lat' dir='ltr'><strong>loco</strong></span> <span class='ocrx_word' id='word_1_568' title='bbox 969 5767 1340 5836; x_wconf 86' lang='lat' dir='ltr'><strong>conjecturas,</strong></span> <span class='ocrx_word' id='word_1_569' title='bbox 1385 5775 1442 5822; x_wconf 88' lang='lat' dir='ltr'><strong>et</strong></span> <span class='ocrx_word' id='word_1_570' title='bbox 1485 5773 1800 5836; x_wconf 87' lang='lat' dir='ltr'><strong>argumenta</strong></span> 
     </span>
    </p>
   </div>
   <div class='ocr_carea' id='block_1_76' title="bbox 171 5837 1804 5930">
    <p class='ocr_par' dir='ltr' id='par_1_76' title="bbox 171 5837 1804 5930">
     <span class='ocr_line' id='line_1_76' title="bbox 171 5837 1804 5930; baseline -0.007 -23"><span class='ocrx_word' id='word_1_571' title='bbox 171 5866 302 5930; x_wconf 75' lang='lat' dir='ltr'><strong>qua:</strong></span> <span class='ocrx_word' id='word_1_572' title='bbox 330 5847 477 5922; x_wconf 84' lang='lat' dir='ltr'><strong>ipsis</strong></span> <span class='ocrx_word' id='word_1_573' title='bbox 503 5841 602 5900; x_wconf 88' lang='lat' dir='ltr'><strong>vel</strong></span> <span class='ocrx_word' id='word_1_574' title='bbox 621 5841 976 5899; x_wconf 82' lang='lat' dir='ltr'><strong>adversentur</strong></span> <span class='ocrx_word' id='word_1_575' title='bbox 1001 5837 1086 5898; x_wconf 90' lang='lat' dir='ltr'><strong>vel</strong></span> <span class='ocrx_word' id='word_1_576' title='bbox 1115 5840 1348 5907; x_wconf 84' lang='lat' dir='ltr'><strong>faveant,</strong></span> <span class='ocrx_word' id='word_1_577' title='bbox 1371 5837 1636 5910; x_wconf 81' lang='lat' dir='ltr'><strong>exposui:</strong></span> <span class='ocrx_word' id='word_1_578' title='bbox 1661 5851 1804 5896; x_wconf 90' lang='lat' dir='ltr'><strong>nunc</strong></span> 
     </span>
    </p>
   </div>
   <div class='ocr_carea' id='block_1_77' title="bbox 173 5778 536 5835">
    <p class='ocr_par' dir='ltr' id='par_1_77' title="bbox 173 5778 536 5835">
     <span class='ocr_line' id='line_1_77' title="bbox 173 5778 536 5835; baseline -0.019 0"><span class='ocrx_word' id='word_1_579' title='bbox 173 5778 536 5835; x_wconf 86' lang='lat' dir='ltr'><strong>eruditorum</strong></span> 
     </span>
    </p>
   </div>
   <div class='ocr_carea' id='block_1_78' title="bbox 1839 1903 3444 1983">
    <p class='ocr_par' dir='ltr' id='par_1_78' title="bbox 1839 1903 3444 1983">
     <span class='ocr_line' id='line_1_78' title="bbox 1839 1903 3444 1983; baseline -0.006 -17"><span class='ocrx_word' id='word_1_580' title='bbox 1839 1911 2080 1970; x_wconf 75' lang='grc' dir='ltr'><strong>δυνηθῆτε</strong></span> <span class='ocrx_word' id='word_1_581' title='bbox 2119 1908 2263 1980; x_wconf 75' lang='grc' dir='ltr'>ἔχειν</span> <span class='ocrx_word' id='word_1_582' title='bbox 2289 1916 2496 1983; x_wconf 82' lang='grc' dir='ltr'>γνῶσιν,</span> <span class='ocrx_word' id='word_1_583' title='bbox 2537 1908 2604 1962; x_wconf 82' lang='grc' dir='ltr'><strong>τά</strong></span> <span class='ocrx_word' id='word_1_584' title='bbox 2645 1907 2900 1961; x_wconf 82' lang='grc' dir='ltr'>ἀντίτυπα</span> <span class='ocrx_word' id='word_1_585' title='bbox 2925 1910 3025 1958; x_wconf 85' lang='grc' dir='ltr'>τῶν</span> <span class='ocrx_word' id='word_1_586' title='bbox 3052 1903 3316 1979; x_wconf 72' lang='grc' dir='ltr'>ἐγγράφων</span> <span class='ocrx_word' id='word_1_587' title='bbox 3342 1909 3444 1958; x_wconf 84' lang='grc' dir='ltr'><strong>τῶν</strong></span> 
     </span>
    </p>
   </div>
   <div class='ocr_carea' id='block_1_79' title="bbox 1840 1995 3447 2080">
    <p class='ocr_par' dir='ltr' id='par_1_79' title="bbox 1840 1995 3447 2080">
     <span class='ocr_line' id='line_1_79' title="bbox 1840 1995 3447 2080; baseline -0.005 -22"><span class='ocrx_word' id='word_1_588' title='bbox 1840 2004 1967 2080; x_wconf 83' lang='grc' dir='ltr'>πρός·</span> <span class='ocrx_word' id='word_1_589' title='bbox 1992 2024 2054 2076; x_wconf 86' lang='grc' dir='ltr'><strong>με</strong></span> <span class='ocrx_word' id='word_1_590' title='bbox 2079 2003 2226 2076; x_wconf 88' lang='grc' dir='ltr'><strong>παρά</strong></span> <span class='ocrx_word' id='word_1_591' title='bbox 2245 1999 2499 2056; x_wconf 82' lang='grc' dir='ltr'>’Λνυλίνου</span> <span class='ocrx_word' id='word_1_592' title='bbox 2539 1997 2926 2054; x_wconf 82' lang='grc' dir='ltr'>ἀποσταλέντων</span> <span class='ocrx_word' id='word_1_593' title='bbox 2972 1997 3270 2071; x_wconf 86' lang='grc' dir='ltr'>γράμμασιν</span> <span class='ocrx_word' id='word_1_594' title='bbox 3305 1995 3447 2064; x_wconf 81' lang='grc' dir='ltr'>ἐμοῖς</span> 
     </span>
    </p>
   </div>
   <div class='ocr_carea' id='block_1_80' title="bbox 1839 2089 3448 2171">
    <p class='ocr_par' dir='ltr' id='par_1_80' title="bbox 1839 2089 3448 2171">
     <span class='ocr_line' id='line_1_80' title="bbox 1839 2089 3448 2171; baseline -0.007 -20"><span class='ocrx_word' id='word_1_595' title='bbox 1839 2097 2097 2160; x_wconf 75' lang='grc' dir='ltr'>ὑποτάξας</span> <span class='ocrx_word' id='word_1_596' title='bbox 2150 2095 2279 2171; x_wconf 82' lang='grc' dir='ltr'>πρὸς</span> <span class='ocrx_word' id='word_1_597' title='bbox 2333 2096 2457 2154; x_wconf 84' lang='grc' dir='ltr'>τούς</span> <span class='ocrx_word' id='word_1_598' title='bbox 2532 2091 2935 2168; x_wconf 79' lang='grc' dir='ltr'>προειρημένους</span> <span class='ocrx_word' id='word_1_599' title='bbox 2999 2089 3244 2164; x_wconf 83' lang='grc' dir='ltr'>κόλληγας</span> <span class='ocrx_word' id='word_1_600' title='bbox 3302 2089 3448 2160; x_wconf 78' lang='grc' dir='ltr'>ὑμῶν</span> 
     </span>
    </p>
   </div>
   <div class='ocr_carea' id='block_1_81' title="bbox 1842 2177 3449 2262">
    <p class='ocr_par' dir='ltr' id='par_1_81' title="bbox 1842 2177 3449 2262">
     <span class='ocr_line' id='line_1_81' title="bbox 1842 2177 3449 2262; baseline -0.002 -23"><span class='ocrx_word' id='word_1_601' title='bbox 1842 2185 2125 2262; x_wconf 66' lang='grc' dir='ltr'>ἐξέπεμψαθ</span> <span class='ocrx_word' id='word_1_602' title='bbox 2159 2183 2233 2248; x_wconf 82' lang='grc' dir='ltr'>οἷς</span> <span class='ocrx_word' id='word_1_603' title='bbox 2285 2187 2589 2257; x_wconf 79' lang='grc' dir='ltr'>ἐντυχοῦσα</span> <span class='ocrx_word' id='word_1_604' title='bbox 2623 2186 2654 2242; x_wconf 78' lang='grc' dir='ltr'>ἡ</span> <span class='ocrx_word' id='word_1_605' title='bbox 2695 2183 2925 2258; x_wconf 78' lang='grc' dir='ltr'>ὑμετέρα</span> <span class='ocrx_word' id='word_1_606' title='bbox 2975 2181 3260 2256; x_wconf 70' lang='grc' dir='ltr'>περῥότης</span> <span class='ocrx_word' id='word_1_607' title='bbox 3309 2177 3449 2236; x_wconf 81' lang='grc' dir='ltr'>δοκι·</span> 
     </span>
    </p>
   </div>
   <div class='ocr_carea' id='block_1_82' title="bbox 1846 2271 3454 2354">
    <p class='ocr_par' dir='ltr' id='par_1_82' title="bbox 1846 2271 3454 2354">
     <span class='ocr_line' id='line_1_82' title="bbox 1846 2271 3454 2354; baseline -0.005 -20"><span class='ocrx_word' id='word_1_608' title='bbox 1846 2281 2004 2352; x_wconf 89' lang='grc' dir='ltr'>μάσει</span> <span class='ocrx_word' id='word_1_609' title='bbox 2031 2275 2085 2334; x_wconf 82' lang='grc' dir='ltr'>ὅν</span> <span class='ocrx_word' id='word_1_610' title='bbox 2107 2301 2220 2336; x_wconf 90' lang='grc' dir='ltr'>τινα</span> <span class='ocrx_word' id='word_1_611' title='bbox 2241 2284 2352 2354; x_wconf 78' lang='grc' dir='ltr'>χρὴ</span> <span class='ocrx_word' id='word_1_612' title='bbox 2379 2277 2570 2352; x_wconf 82' lang='grc' dir='ltr'>τρόπον</span> <span class='ocrx_word' id='word_1_613' title='bbox 2596 2280 2688 2334; x_wconf 78' lang='grc' dir='ltr'>τήν</span> <span class='ocrx_word' id='word_1_614' title='bbox 2713 2274 3080 2351; x_wconf 76' lang='grc' dir='ltr'>προειρημένην</span> <span class='ocrx_word' id='word_1_615' title='bbox 3103 2271 3244 2332; x_wconf 82' lang='grc' dir='ltr'>δίκην</span> <span class='ocrx_word' id='word_1_616' title='bbox 3269 2272 3454 2344; x_wconf 82' lang='grc' dir='ltr'>ἐπιμε-</span> 
     </span>
    </p>
   </div>
   <div class='ocr_carea' id='block_1_83' title="bbox 1845 2363 3452 2446">
    <p class='ocr_par' dir='ltr' id='par_1_83' title="bbox 1845 2363 3452 2446">
     <span class='ocr_line' id='line_1_83' title="bbox 1845 2363 3452 2446; baseline -0.005 -21"><span class='ocrx_word' id='word_1_617' title='bbox 1845 2371 2072 2427; x_wconf 83' lang='grc' dir='ltr'>λέστατα</span> <span class='ocrx_word' id='word_1_618' title='bbox 2097 2368 2468 2446; x_wconf 80' lang='grc' dir='ltr'>διευκρινῆσαι,</span> <span class='ocrx_word' id='word_1_619' title='bbox 2509 2370 2594 2422; x_wconf 85' lang='grc' dir='ltr'><strong>καί</strong></span> <span class='ocrx_word' id='word_1_620' title='bbox 2629 2367 2764 2422; x_wconf 84' lang='grc' dir='ltr'><strong>κατά</strong></span> <span class='ocrx_word' id='word_1_621' title='bbox 2800 2366 2859 2420; x_wconf 89' lang='grc' dir='ltr'><strong>τό</strong></span> <span class='ocrx_word' id='word_1_622' title='bbox 2888 2363 3078 2420; x_wconf 83' lang='grc' dir='ltr'>δίκαιον</span> <span class='ocrx_word' id='word_1_623' title='bbox 3118 2365 3452 2440; x_wconf 82' lang='grc' dir='ltr'>τερματίσαι.</span> 
     </span>
    </p>
   </div>
   <div class='ocr_carea' id='block_1_84' title="bbox 1848 2446 3454 2537">
    <p class='ocr_par' dir='ltr' id='par_1_84' title="bbox 1848 2446 3454 2537">
     <span class='ocr_line' id='line_1_84' title="bbox 1848 2446 3454 2537; baseline -0.006 -19"><span class='ocrx_word' id='word_1_624' title='bbox 1848 2461 2036 2520; x_wconf 84' lang='grc' dir='ltr'>Ὀπὸτε</span> <span class='ocrx_word' id='word_1_625' title='bbox 2076 2461 2202 2537; x_wconf 77' lang='grc' dir='ltr'>μηδὲ</span> <span class='ocrx_word' id='word_1_626' title='bbox 2228 2467 2319 2521; x_wconf 78' lang='grc' dir='ltr'><strong>τήν</strong></span> <span class='ocrx_word' id='word_1_627' title='bbox 2345 2446 2596 2536; x_wconf 78' lang='grc' dir='ltr'>ὑμετέραν</span> <span class='ocrx_word' id='word_1_628' title='bbox 2617 2458 2901 2530; x_wconf 82' lang='grc' dir='ltr'>ἐπιμέλειαν</span> <span class='ocrx_word' id='word_1_629' title='bbox 2925 2457 3168 2523; x_wconf 79' lang='grc' dir='ltr'>λανθάνει,</span> <span class='ocrx_word' id='word_1_630' title='bbox 3192 2457 3454 2515; x_wconf 79' lang='grc' dir='ltr'>τοσαύτην</span> 
     </span>
    </p>
   </div>
   <div class='ocr_carea' id='block_1_85' title="bbox 1853 2550 3460 2632">
    <p class='ocr_par' dir='ltr' id='par_1_85' title="bbox 1853 2550 3460 2632">
     <span class='ocr_line' id='line_1_85' title="bbox 1853 2550 3460 2632; baseline -0.004 -21"><span class='ocrx_word' id='word_1_631' title='bbox 1853 2577 1915 2629; x_wconf 82' lang='grc' dir='ltr'><strong>με</strong></span> <span class='ocrx_word' id='word_1_632' title='bbox 1930 2554 2054 2611; x_wconf 82' lang='grc' dir='ltr'><strong>αἰδῶ</strong></span> <span class='ocrx_word' id='word_1_633' title='bbox 2069 2564 2132 2632; x_wconf 78' lang='grc' dir='ltr'><strong>τῇ</strong></span> <span class='ocrx_word' id='word_1_634' title='bbox 2153 2557 2202 2610; x_wconf 81' lang='grc' dir='ltr'>ἐν</span> <span class='ocrx_word' id='word_1_635' title='bbox 2221 2555 2395 2628; x_wconf 83' lang='grc' dir='ltr'>θεσμῷ</span> <span class='ocrx_word' id='word_1_636' title='bbox 2417 2551 2543 2625; x_wconf 78' lang='lat' dir='ltr'><strong>(sic)</strong></span> <span class='ocrx_word' id='word_1_637' title='bbox 2560 2551 2784 2627; x_wconf 78' lang='grc' dir='ltr'>καθολικῇ</span> <span class='ocrx_word' id='word_1_638' title='bbox 2799 2550 3068 2624; x_wconf 75' lang='grc' dir='ltr'>Ἐκκλησία</span> <span class='ocrx_word' id='word_1_639' title='bbox 3083 2550 3370 2620; x_wconf 74' lang='grc' dir='ltr'>ἀπονέμειν,</span> <span class='ocrx_word' id='word_1_640' title='bbox 3387 2550 3460 2610; x_wconf 82' lang='grc' dir='ltr'>ὡς</span> 
     </span>
    </p>
   </div>
   <div class='ocr_carea' id='block_1_86' title="bbox 1857 2638 3458 2720">
    <p class='ocr_par' dir='ltr' id='par_1_86' title="bbox 1857 2638 3458 2720">
     <span class='ocr_line' id='line_1_86' title="bbox 1857 2638 3458 2720; baseline -0.007 -14"><span class='ocrx_word' id='word_1_641' title='bbox 1857 2647 2012 2720; x_wconf 79' lang='grc' dir='ltr'>μηδὲν</span> <span class='ocrx_word' id='word_1_642' title='bbox 2034 2647 2246 2702; x_wconf 87' lang='grc' dir='ltr'>καθόλου</span> <span class='ocrx_word' id='word_1_643' title='bbox 2269 2649 2485 2717; x_wconf 80' lang='grc' dir='ltr'>σχίσμα</span> <span class='ocrx_word' id='word_1_644' title='bbox 2509 2643 2539 2703; x_wconf 76' lang='grc' dir='ltr'>ἦ</span> <span class='ocrx_word' id='word_1_645' title='bbox 2570 2643 2924 2715; x_wconf 84' lang='grc' dir='ltr'>διχοστασίαν</span> <span class='ocrx_word' id='word_1_646' title='bbox 2962 2638 3012 2696; x_wconf 80' lang='grc' dir='ltr'>ἕν</span> <span class='ocrx_word' id='word_1_647' title='bbox 3032 2662 3130 2696; x_wconf 88' lang='grc' dir='ltr'>τινι</span> <span class='ocrx_word' id='word_1_648' title='bbox 3161 2640 3304 2712; x_wconf 85' lang='grc' dir='ltr'>τόπῳ</span> <span class='ocrx_word' id='word_1_649' title='bbox 3329 2640 3458 2714; x_wconf 85' lang='grc' dir='ltr'>βού-</span> 
     </span>
    </p>
   </div>
   <div class='ocr_carea' id='block_1_87' title="bbox 1861 2731 3461 2810">
    <p class='ocr_par' dir='ltr' id='par_1_87' title="bbox 1861 2731 3461 2810">
     <span class='ocr_line' id='line_1_87' title="bbox 1861 2731 3461 2810; baseline -0.003 -18"><span class='ocrx_word' id='word_1_650' title='bbox 1861 2739 2033 2794; x_wconf 82' lang='grc' dir='ltr'>λεσθαί</span> <span class='ocrx_word' id='word_1_651' title='bbox 2057 2758 2120 2810; x_wconf 77' lang='grc' dir='ltr'><strong>με</strong></span> <span class='ocrx_word' id='word_1_652' title='bbox 2143 2737 2281 2809; x_wconf 76' lang='grc' dir='ltr'>ὑμᾶς</span> <span class='ocrx_word' id='word_1_653' title='bbox 2303 2735 2622 2791; x_wconf 86' lang='grc' dir='ltr'>καταλιπεῖν.</span> <span class='ocrx_word' id='word_1_654' title='bbox 2645 2731 2700 2788; x_wconf 77' lang='grc' dir='ltr'>Ἠ</span> <span class='ocrx_word' id='word_1_655' title='bbox 2727 2733 2923 2794; x_wconf 80' lang='grc' dir='ltr'>θειότης</span> <span class='ocrx_word' id='word_1_656' title='bbox 2948 2734 3088 2806; x_wconf 86' lang='grc' dir='ltr'>ύμᾶς</span> <span class='ocrx_word' id='word_1_657' title='bbox 3125 2738 3217 2788; x_wconf 86' lang='grc' dir='ltr'>τοῦ</span> <span class='ocrx_word' id='word_1_658' title='bbox 3239 2733 3461 2806; x_wconf 83' lang='grc' dir='ltr'>μεγάλου</span> 
     </span>
    </p>
   </div>
   <div class='ocr_carea' id='block_1_88' title="bbox 1863 2825 3048 2902">
    <p class='ocr_par' dir='ltr' id='par_1_88' title="bbox 1863 2825 3048 2902">
     <span class='ocr_line' id='line_1_88' title="bbox 1863 2825 3048 2902; baseline -0.006 -15"><span class='ocrx_word' id='word_1_659' title='bbox 1863 2837 1992 2888; x_wconf 83' lang='grc' dir='ltr'>Θεοῦ</span> <span class='ocrx_word' id='word_1_660' title='bbox 2021 2829 2312 2902; x_wconf 76' lang='grc' dir='ltr'>διαφυλάξαι</span> <span class='ocrx_word' id='word_1_661' title='bbox 2331 2829 2533 2888; x_wconf 84' lang='grc' dir='ltr'>πολλοῖς</span> <span class='ocrx_word' id='word_1_662' title='bbox 2563 2825 2724 2893; x_wconf 76' lang='grc' dir='ltr'>ἔτεσι,</span> <span class='ocrx_word' id='word_1_663' title='bbox 2747 2828 3048 2898; x_wconf 85' lang='grc' dir='ltr'>τιμιώτατε.</span> 
     </span>
    </p>
   </div>
   <div class='ocr_carea' id='block_1_89' title="bbox 1864 2980 3468 3056">
    <p class='ocr_par' dir='ltr' id='par_1_89' title="bbox 1864 2980 3468 3056">
     <span class='ocr_line' id='line_1_89' title="bbox 1864 2980 3468 3056; baseline -0.005 -10"><span class='ocrx_word' id='word_1_664' title='bbox 1864 2988 2148 3046; x_wconf 88' lang='lat' dir='ltr'><strong>sententiis</strong></span> <span class='ocrx_word' id='word_1_665' title='bbox 2178 2987 2441 3042; x_wconf 90' lang='lat' dir='ltr'><strong>innocens</strong></span> <span class='ocrx_word' id='word_1_666' title='bbox 2468 2993 2552 3040; x_wconf 90' lang='lat' dir='ltr'><strong>est</strong></span> <span class='ocrx_word' id='word_1_667' title='bbox 2581 2982 2963 3056; x_wconf 84' lang='lat' dir='ltr'><strong>pronuntiatus</strong></span> <span class='ocrx_word' id='word_1_668' title='bbox 2982 3025 2998 3050; x_wconf 90' lang='lat'><strong>,</strong></span> <span class='ocrx_word' id='word_1_669' title='bbox 3030 2981 3191 3039; x_wconf 88' lang='lat' dir='ltr'><strong>etiam</strong></span> <span class='ocrx_word' id='word_1_670' title='bbox 3215 2980 3468 3038; x_wconf 84' lang='lat' dir='ltr'><strong>Miltiadis</strong></span> 
     </span>
    </p>
   </div>
   <div class='ocr_carea' id='block_1_90' title="bbox 1863 3075 3469 3154">
    <p class='ocr_par' dir='ltr' id='par_1_90' title="bbox 1863 3075 3469 3154">
     <span class='ocr_line' id='line_1_90' title="bbox 1863 3075 3469 3154; baseline -0.004 -16"><span class='ocrx_word' id='word_1_671' title='bbox 1863 3083 2154 3148; x_wconf 88' lang='lat' dir='ltr'><strong>sententia,</strong></span> <span class='ocrx_word' id='word_1_672' title='bbox 2182 3081 2558 3154; x_wconf 88' lang='lat' dir='ltr'><strong>quajudicium</strong></span> <span class='ocrx_word' id='word_1_673' title='bbox 2573 3079 2813 3135; x_wconf 89' lang='lat' dir='ltr'><strong>clausum</strong></span> <span class='ocrx_word' id='word_1_674' title='bbox 2831 3084 2916 3132; x_wconf 89' lang='lat' dir='ltr'><strong>est</strong></span> <span class='ocrx_word' id='word_1_675' title='bbox 2939 3075 3022 3131; x_wconf 90' lang='lat' dir='ltr'><strong>bis</strong></span> <span class='ocrx_word' id='word_1_676' title='bbox 3042 3075 3222 3132; x_wconf 89' lang='lat' dir='ltr'><strong>verbis</strong></span> <span class='ocrx_word' id='word_1_677' title='bbox 3251 3093 3264 3129; x_wconf 92' lang='lat'><strong>:</strong></span> <span class='ocrx_word' id='word_1_678' title='bbox 3287 3094 3308 3128; x_wconf 83' lang='grc' dir='ltr'><strong>ι</strong></span> <span class='ocrx_word' id='word_1_679' title='bbox 3333 3075 3469 3132; x_wconf 89' lang='lat' dir='ltr'><strong>Cum</strong></span> 
     </span>
    </p>
   </div>
   <div class='ocr_carea' id='block_1_91' title="bbox 1787 3171 3470 3259">
    <p class='ocr_par' dir='ltr' id='par_1_91' title="bbox 1787 3171 3470 3259">
     <span class='ocr_line' id='line_1_91' title="bbox 1787 3171 3470 3259; baseline -0.005 -22"><span class='ocrx_word' id='word_1_680' title='bbox 1787 3195 1832 3259; x_wconf 72' lang='grc' dir='ltr'><strong>ρ</strong></span> <span class='ocrx_word' id='word_1_681' title='bbox 1863 3179 2168 3236; x_wconf 88' lang='lat' dir='ltr'><strong>constiterit</strong></span> <span class='ocrx_word' id='word_1_682' title='bbox 2191 3178 2544 3234; x_wconf 74' lang='lat' dir='ltr'><strong>Caecilianum</strong></span> <span class='ocrx_word' id='word_1_683' title='bbox 2571 3175 2638 3231; x_wconf 88' lang='lat' dir='ltr'><strong>ab</strong></span> <span class='ocrx_word' id='word_1_684' title='bbox 2665 3175 2732 3230; x_wconf 91' lang='lat' dir='ltr'><strong>iis</strong></span> <span class='ocrx_word' id='word_1_685' title='bbox 2756 3215 2772 3241; x_wconf 93' lang='lat'><strong>,</strong></span> <span class='ocrx_word' id='word_1_686' title='bbox 2805 3173 2895 3244; x_wconf 88' lang='lat' dir='ltr'><strong>qui</strong></span> <span class='ocrx_word' id='word_1_687' title='bbox 2921 3187 3044 3228; x_wconf 88' lang='lat' dir='ltr'><strong>cum</strong></span> <span class='ocrx_word' id='word_1_688' title='bbox 3069 3171 3278 3227; x_wconf 89' lang='lat' dir='ltr'><strong>Donato</strong></span> <span class='ocrx_word' id='word_1_689' title='bbox 3305 3185 3470 3228; x_wconf 87' lang='lat' dir='ltr'><strong>vene-</strong></span> 
     </span>
    </p>
   </div>
   <div class='ocr_carea' id='block_1_92' title="bbox 1863 3265 3472 3342">
    <p class='ocr_par' dir='ltr' id='par_1_92' title="bbox 1863 3265 3472 3342">
     <span class='ocr_line' id='line_1_92' title="bbox 1863 3265 3472 3342; baseline -0.006 -12"><span class='ocrx_word' id='word_1_690' title='bbox 1863 3282 2008 3337; x_wconf 89' lang='lat' dir='ltr'><strong>ruut,</strong></span> <span class='ocrx_word' id='word_1_691' title='bbox 2049 3272 2201 3342; x_wconf 84' lang='lat' dir='ltr'><strong>juxta</strong></span> <span class='ocrx_word' id='word_1_692' title='bbox 2235 3269 2630 3340; x_wconf 84' lang='lat' dir='ltr'><strong>professionem</strong></span> <span class='ocrx_word' id='word_1_693' title='bbox 2666 3281 2818 3322; x_wconf 87' lang='lat' dir='ltr'><strong>suam</strong></span> <span class='ocrx_word' id='word_1_694' title='bbox 2851 3281 2959 3322; x_wconf 91' lang='lat' dir='ltr'><strong>non</strong></span> <span class='ocrx_word' id='word_1_695' title='bbox 2987 3265 3270 3332; x_wconf 85' lang='lat' dir='ltr'><strong>accusari,</strong></span> <span class='ocrx_word' id='word_1_696' title='bbox 3309 3279 3412 3321; x_wconf 87' lang='lat' dir='ltr'><strong>nec</strong></span> <span class='ocrx_word' id='word_1_697' title='bbox 3438 3279 3472 3321; x_wconf 82' lang='lat' dir='ltr'><strong>a</strong></span> 
     </span>
    </p>
   </div>
   <div class='ocr_carea' id='block_1_93' title="bbox 1868 3357 3469 3430">
    <p class='ocr_par' dir='ltr' id='par_1_93' title="bbox 1868 3357 3469 3430">
     <span class='ocr_line' id='line_1_93' title="bbox 1868 3357 3469 3430; baseline -0.006 -8"><span class='ocrx_word' id='word_1_698' title='bbox 1868 3366 2078 3422; x_wconf 88' lang='lat' dir='ltr'><strong>Donato</strong></span> <span class='ocrx_word' id='word_1_699' title='bbox 2115 3365 2424 3420; x_wconf 88' lang='lat' dir='ltr'><strong>convictum</strong></span> <span class='ocrx_word' id='word_1_700' title='bbox 2455 3376 2575 3417; x_wconf 88' lang='lat' dir='ltr'><strong>esse</strong></span> <span class='ocrx_word' id='word_1_701' title='bbox 2615 3361 2666 3416; x_wconf 92' lang='lat' dir='ltr'><strong>in</strong></span> <span class='ocrx_word' id='word_1_702' title='bbox 2703 3359 2884 3430; x_wconf 89' lang='lat' dir='ltr'><strong>aliqua</strong></span> <span class='ocrx_word' id='word_1_703' title='bbox 2921 3367 3076 3430; x_wconf 89' lang='lat' dir='ltr'><strong>parte</strong></span> <span class='ocrx_word' id='word_1_704' title='bbox 3117 3357 3469 3424; x_wconf 86' lang='lat' dir='ltr'><strong>constiterit;</strong></span> 
     </span>
    </p>
   </div>
   <div class='ocr_carea' id='block_1_94' title="bbox 1866 3452 3477 3526">
    <p class='ocr_par' dir='ltr' id='par_1_94' title="bbox 1866 3452 3477 3526">
     <span class='ocr_line' id='line_1_94' title="bbox 1866 3452 3477 3526; baseline -0.007 -9"><span class='ocrx_word' id='word_1_705' title='bbox 1866 3476 1979 3516; x_wconf 63' lang='lat' dir='ltr'><strong>suae</strong></span> <span class='ocrx_word' id='word_1_706' title='bbox 2005 3459 2374 3516; x_wconf 90' lang='lat' dir='ltr'><strong>communioni</strong></span> <span class='ocrx_word' id='word_1_707' title='bbox 2404 3455 2787 3512; x_wconf 74' lang='lat' dir='ltr'><strong>ecclesiastica:</strong></span> <span class='ocrx_word' id='word_1_708' title='bbox 2819 3453 3032 3526; x_wconf 83' lang='lat' dir='ltr'><strong>integro</strong></span> <span class='ocrx_word' id='word_1_709' title='bbox 3060 3462 3204 3509; x_wconf 89' lang='lat' dir='ltr'><strong>statu</strong></span> <span class='ocrx_word' id='word_1_710' title='bbox 3233 3452 3477 3509; x_wconf 81' lang='lat' dir='ltr'><strong>retinen-</strong></span> 
     </span>
    </p>
   </div>
   <div class='ocr_carea' id='block_1_95' title="bbox 1869 3547 3474 3617">
    <p class='ocr_par' dir='ltr' id='par_1_95' title="bbox 1869 3547 3474 3617">
     <span class='ocr_line' id='line_1_95' title="bbox 1869 3547 3474 3617; baseline -0.005 -9"><span class='ocrx_word' id='word_1_711' title='bbox 1869 3555 1999 3610; x_wconf 88' lang='lat' dir='ltr'><strong>dum</strong></span> <span class='ocrx_word' id='word_1_712' title='bbox 2039 3567 2162 3609; x_wconf 88' lang='lat' dir='ltr'><strong>esse</strong></span> <span class='ocrx_word' id='word_1_713' title='bbox 2190 3565 2409 3608; x_wconf 92' lang='lat' dir='ltr'><strong>censeo.</strong></span> <span class='ocrx_word' id='word_1_714' title='bbox 2458 3569 2479 3602; x_wconf 73' lang='grc' dir='ltr'><strong>ι</strong></span> <span class='ocrx_word' id='word_1_715' title='bbox 2509 3547 2819 3606; x_wconf 83' lang='lat' dir='ltr'><strong>Melchiadis</strong></span> <span class='ocrx_word' id='word_1_716' title='bbox 2849 3547 3172 3602; x_wconf 88' lang='lat' dir='ltr'><strong>sententiam</strong></span> <span class='ocrx_word' id='word_1_717' title='bbox 3209 3547 3474 3617; x_wconf 76' lang='lat' dir='ltr'><strong>integram</strong></span> 
     </span>
    </p>
   </div>
   <div class='ocr_carea' id='block_1_96' title="bbox 1871 3639 3476 3719">
    <p class='ocr_par' dir='ltr' id='par_1_96' title="bbox 1871 3639 3476 3719">
     <span class='ocr_line' id='line_1_96' title="bbox 1871 3639 3476 3719; baseline -0.004 -17"><span class='ocrx_word' id='word_1_718' title='bbox 1871 3649 1939 3702; x_wconf 91' lang='lat' dir='ltr'><strong>ab</strong></span> <span class='ocrx_word' id='word_1_719' title='bbox 1987 3647 2184 3718; x_wconf 86' lang='lat' dir='ltr'><strong>Optato</strong></span> <span class='ocrx_word' id='word_1_720' title='bbox 2233 3645 2462 3719; x_wconf 88' lang='lat' dir='ltr'><strong>relatam</strong></span> <span class='ocrx_word' id='word_1_721' title='bbox 2487 3659 2612 3714; x_wconf 41' lang='lat' dir='ltr'><strong>‘non</strong></span> <span class='ocrx_word' id='word_1_722' title='bbox 2657 3657 2782 3698; x_wconf 90' lang='lat' dir='ltr'><strong>esse</strong></span> <span class='ocrx_word' id='word_1_723' title='bbox 2821 3640 2988 3712; x_wconf 90' lang='lat' dir='ltr'><strong>liquet</strong></span> <span class='ocrx_word' id='word_1_724' title='bbox 3035 3655 3100 3695; x_wconf 82' lang='lat' dir='ltr'><strong>ex</strong></span> <span class='ocrx_word' id='word_1_725' title='bbox 3148 3639 3476 3710; x_wconf 76' lang='lat' dir='ltr'><strong>Augustino,</strong></span> 
     </span>
    </p>
   </div>
   <div class='ocr_carea' id='block_1_97' title="bbox 1871 3731 3475 3813">
    <p class='ocr_par' dir='ltr' id='par_1_97' title="bbox 1871 3731 3475 3813">
     <span class='ocr_line' id='line_1_97' title="bbox 1871 3731 3475 3813; baseline -0.006 -16"><span class='ocrx_word' id='word_1_726' title='bbox 1871 3743 2031 3813; x_wconf 88' lang='lat' dir='ltr'><strong>epist.</strong></span> <span class='ocrx_word' id='word_1_727' title='bbox 2063 3740 2135 3794; x_wconf 65' lang='grc'><strong>45</strong></span> <span class='ocrx_word' id='word_1_728' title='bbox 2157 3779 2174 3806; x_wconf 93' lang='grc'><strong>,</strong></span> <span class='ocrx_word' id='word_1_729' title='bbox 2205 3739 2338 3793; x_wconf 91' lang='lat' dir='ltr'><strong>olim</strong></span> <span class='ocrx_word' id='word_1_730' title='bbox 2363 3735 2491 3802; x_wconf 74' lang='grc'>162,</span> <span class='ocrx_word' id='word_1_731' title='bbox 2521 3752 2576 3790; x_wconf 93' lang='lat' dir='ltr'><strong>n.</strong></span> <span class='ocrx_word' id='word_1_732' title='bbox 2607 3736 2696 3801; x_wconf 82' lang='lat' dir='ltr'><strong>l6,</strong></span> <span class='ocrx_word' id='word_1_733' title='bbox 2729 3733 2822 3804; x_wconf 89' lang='lat' dir='ltr'><strong>qui</strong></span> <span class='ocrx_word' id='word_1_734' title='bbox 2847 3747 2967 3788; x_wconf 87' lang='lat' dir='ltr'><strong>eam</strong></span> <span class='ocrx_word' id='word_1_735' title='bbox 2997 3731 3196 3788; x_wconf 88' lang='lat' dir='ltr'><strong>ibidem</strong></span> <span class='ocrx_word' id='word_1_736' title='bbox 3226 3731 3475 3788; x_wconf 85' lang='lat' dir='ltr'><strong>laudibus</strong></span> 
     </span>
    </p>
   </div>
   <div class='ocr_carea' id='block_1_98' title="bbox 1873 3822 3476 3897">
    <p class='ocr_par' dir='ltr' id='par_1_98' title="bbox 1873 3822 3476 3897">
     <span class='ocr_line' id='line_1_98' title="bbox 1873 3822 3476 3897; baseline -0.006 -6"><span class='ocrx_word' id='word_1_737' title='bbox 1873 3835 2085 3891; x_wconf 82' lang='lat' dir='ltr'><strong>extollit</strong></span> <span class='ocrx_word' id='word_1_738' title='bbox 2116 3836 2166 3887; x_wconf 92' lang='lat' dir='ltr'><strong>in</strong></span> <span class='ocrx_word' id='word_1_739' title='bbox 2195 3831 2340 3886; x_wconf 88' lang='lat' dir='ltr'><strong>hunc</strong></span> <span class='ocrx_word' id='word_1_740' title='bbox 2384 3830 2641 3886; x_wconf 89' lang='lat' dir='ltr'><strong>modum:</strong></span> <span class='ocrx_word' id='word_1_741' title='bbox 2677 3847 2696 3880; x_wconf 80' lang='grc' dir='ltr'><strong>ι</strong></span> <span class='ocrx_word' id='word_1_742' title='bbox 2733 3825 2922 3895; x_wconf 82' lang='lat' dir='ltr'><strong>Qualis</strong></span> <span class='ocrx_word' id='word_1_743' title='bbox 2958 3824 3126 3897; x_wconf 92' lang='lat' dir='ltr'><strong>ipsius</strong></span> <span class='ocrx_word' id='word_1_744' title='bbox 3155 3822 3476 3882; x_wconf 81' lang='lat' dir='ltr'><strong>Melehiadis</strong></span> 
     </span>
    </p>
   </div>
   <div class='ocr_carea' id='block_1_99' title="bbox 1877 3921 3476 3996">
    <p class='ocr_par' dir='ltr' id='par_1_99' title="bbox 1877 3921 3476 3996">
     <span class='ocr_line' id='line_1_99' title="bbox 1877 3921 3476 3996; baseline -0.006 -11"><span class='ocrx_word' id='word_1_745' title='bbox 1877 3931 2062 3986; x_wconf 89' lang='lat' dir='ltr'><strong>ultima</strong></span> <span class='ocrx_word' id='word_1_746' title='bbox 2091 3935 2174 3984; x_wconf 85' lang='lat' dir='ltr'><strong>est</strong></span> <span class='ocrx_word' id='word_1_747' title='bbox 2202 3926 2408 3996; x_wconf 86' lang='lat' dir='ltr'><strong>prolata</strong></span> <span class='ocrx_word' id='word_1_748' title='bbox 2433 3924 2728 3990; x_wconf 82' lang='lat' dir='ltr'><strong>sententia,</strong></span> <span class='ocrx_word' id='word_1_749' title='bbox 2778 3934 2939 3994; x_wconf 85' lang='lat' dir='ltr'><strong>quam</strong></span> <span class='ocrx_word' id='word_1_750' title='bbox 2970 3921 3228 3976; x_wconf 89' lang='lat' dir='ltr'><strong>innocens</strong></span> <span class='ocrx_word' id='word_1_751' title='bbox 3251 3961 3268 3988; x_wconf 92' lang='lat'><strong>,</strong></span> <span class='ocrx_word' id='word_1_752' title='bbox 3315 3935 3476 3992; x_wconf 88' lang='lat' dir='ltr'><strong>quam</strong></span> 
     </span>
    </p>
   </div>
   <div class='ocr_carea' id='block_1_100' title="bbox 1877 4011 3479 4094">
    <p class='ocr_par' dir='ltr' id='par_1_100' title="bbox 1877 4011 3479 4094">
     <span class='ocr_line' id='line_1_100' title="bbox 1877 4011 3479 4094; baseline -0.006 -16"><span class='ocrx_word' id='word_1_753' title='bbox 1877 4023 2109 4094; x_wconf 88' lang='lat' dir='ltr'><strong>integra,</strong></span> <span class='ocrx_word' id='word_1_754' title='bbox 2138 4035 2298 4092; x_wconf 88' lang='lat' dir='ltr'><strong>quam</strong></span> <span class='ocrx_word' id='word_1_755' title='bbox 2331 4017 2554 4088; x_wconf 91' lang='lat' dir='ltr'><strong>provida</strong></span> <span class='ocrx_word' id='word_1_756' title='bbox 2577 4025 2740 4088; x_wconf 90' lang='lat' dir='ltr'><strong>atque</strong></span> <span class='ocrx_word' id='word_1_757' title='bbox 2763 4014 3006 4087; x_wconf 83' lang='lat' dir='ltr'><strong>pacifica,</strong></span> <span class='ocrx_word' id='word_1_758' title='bbox 3031 4029 3135 4084; x_wconf 90' lang='lat' dir='ltr'><strong>qua</strong></span> <span class='ocrx_word' id='word_1_759' title='bbox 3162 4028 3338 4085; x_wconf 85' lang='lat' dir='ltr'><strong>neque</strong></span> <span class='ocrx_word' id='word_1_760' title='bbox 3362 4011 3479 4070; x_wconf 86' lang='lat' dir='ltr'><strong>col-</strong></span> 
     </span>
    </p>
   </div>
   <div class='ocr_carea' id='block_1_101' title="bbox 1878 4105 3480 4188">
    <p class='ocr_par' dir='ltr' id='par_1_101' title="bbox 1878 4105 3480 4188">
     <span class='ocr_line' id='line_1_101' title="bbox 1878 4105 3480 4188; baseline -0.007 -15"><span class='ocrx_word' id='word_1_761' title='bbox 1878 4117 2044 4188; x_wconf 89' lang='lat' dir='ltr'><strong>legas,</strong></span> <span class='ocrx_word' id='word_1_762' title='bbox 2071 4118 2123 4170; x_wconf 92' lang='lat' dir='ltr'><strong>in</strong></span> <span class='ocrx_word' id='word_1_763' title='bbox 2151 4114 2347 4186; x_wconf 88' lang='lat' dir='ltr'><strong>quibus</strong></span> <span class='ocrx_word' id='word_1_764' title='bbox 2376 4111 2508 4167; x_wconf 82' lang='lat' dir='ltr'><strong>nihil</strong></span> <span class='ocrx_word' id='word_1_765' title='bbox 2537 4111 2873 4174; x_wconf 89' lang='lat' dir='ltr'><strong>constiterat,</strong></span> <span class='ocrx_word' id='word_1_766' title='bbox 2907 4109 2976 4164; x_wconf 92' lang='lat' dir='ltr'><strong>de</strong></span> <span class='ocrx_word' id='word_1_767' title='bbox 3004 4105 3240 4179; x_wconf 85' lang='lat' dir='ltr'><strong>collegio</strong></span> <span class='ocrx_word' id='word_1_768' title='bbox 3265 4122 3366 4163; x_wconf 90' lang='lat' dir='ltr'><strong>suo</strong></span> <span class='ocrx_word' id='word_1_769' title='bbox 3389 4121 3480 4162; x_wconf 82' lang='lat' dir='ltr'><strong>au-</strong></span> 
     </span>
    </p>
   </div>
   <div class='ocr_carea' id='block_1_102' title="bbox 1879 4197 3480 4274">
    <p class='ocr_par' dir='ltr' id='par_1_102' title="bbox 1879 4197 3480 4274">
     <span class='ocr_line' id='line_1_102' title="bbox 1879 4197 3480 4274; baseline -0.007 -9"><span class='ocrx_word' id='word_1_770' title='bbox 1879 4225 1972 4266; x_wconf 90' lang='lat' dir='ltr'><strong>sus</strong></span> <span class='ocrx_word' id='word_1_771' title='bbox 1997 4218 2079 4265; x_wconf 87' lang='lat' dir='ltr'><strong>est</strong></span> <span class='ocrx_word' id='word_1_772' title='bbox 2105 4221 2388 4264; x_wconf 87' lang='lat' dir='ltr'><strong>removere</strong></span> <span class='ocrx_word' id='word_1_773' title='bbox 2410 4246 2425 4271; x_wconf 94' lang='lat'><strong>,</strong></span> <span class='ocrx_word' id='word_1_774' title='bbox 2477 4214 2532 4260; x_wconf 95' lang='lat' dir='ltr'><strong>et</strong></span> <span class='ocrx_word' id='word_1_775' title='bbox 2560 4204 2771 4258; x_wconf 86' lang='lat' dir='ltr'><strong>Donato</strong></span> <span class='ocrx_word' id='word_1_776' title='bbox 2801 4203 2918 4257; x_wconf 91' lang='lat' dir='ltr'><strong>solo</strong></span> <span class='ocrx_word' id='word_1_777' title='bbox 2964 4200 2984 4274; x_wconf 96' lang='lat'>(</span> <span class='ocrx_word' id='word_1_778' title='bbox 3008 4217 3038 4254; x_wconf 90' lang='lat' dir='ltr'><strong>a</strong></span> <span class='ocrx_word' id='word_1_779' title='bbox 3067 4200 3225 4256; x_wconf 84' lang='lat' dir='ltr'><strong>Casis</strong></span> <span class='ocrx_word' id='word_1_780' title='bbox 3253 4198 3430 4272; x_wconf 84' lang='lat' dir='ltr'><strong>Nigris</strong></span> <span class='ocrx_word' id='word_1_781' title='bbox 3457 4197 3480 4272; x_wconf 95' lang='lat'><strong>)</strong></span> 
     </span>
    </p>
   </div>
   <div class='ocr_carea' id='block_1_103' title="bbox 1881 4290 3482 4376">
    <p class='ocr_par' dir='ltr' id='par_1_103' title="bbox 1881 4290 3482 4376">
     <span class='ocr_line' id='line_1_103' title="bbox 1881 4290 3482 4376; baseline -0.009 -16"><span class='ocrx_word' id='word_1_782' title='bbox 1881 4320 2038 4376; x_wconf 88' lang='lat' dir='ltr'><strong>quem</strong></span> <span class='ocrx_word' id='word_1_783' title='bbox 2073 4302 2236 4358; x_wconf 92' lang='lat' dir='ltr'><strong>totius</strong></span> <span class='ocrx_word' id='word_1_784' title='bbox 2261 4301 2388 4354; x_wconf 91' lang='lat' dir='ltr'><strong>mali</strong></span> <span class='ocrx_word' id='word_1_785' title='bbox 2421 4298 2716 4369; x_wconf 83' lang='lat' dir='ltr'><strong>principem</strong></span> <span class='ocrx_word' id='word_1_786' title='bbox 2745 4297 3062 4361; x_wconf 87' lang='lat' dir='ltr'><strong>invenerat,</strong></span> <span class='ocrx_word' id='word_1_787' title='bbox 3111 4293 3346 4349; x_wconf 88' lang='lat' dir='ltr'><strong>maxime</strong></span> <span class='ocrx_word' id='word_1_788' title='bbox 3372 4290 3482 4348; x_wconf 87' lang='lat' dir='ltr'><strong>cul-</strong></span> 
     </span>
    </p>
   </div>
   <div class='ocr_carea' id='block_1_104' title="bbox 1881 4385 3478 4470">
    <p class='ocr_par' dir='ltr' id='par_1_104' title="bbox 1881 4385 3478 4470">
     <span class='ocr_line' id='line_1_104' title="bbox 1881 4385 3478 4470; baseline -0.008 -18"><span class='ocrx_word' id='word_1_789' title='bbox 1881 4407 2038 4470; x_wconf 87' lang='lat' dir='ltr'><strong>pato,</strong></span> <span class='ocrx_word' id='word_1_790' title='bbox 2085 4395 2328 4451; x_wconf 88' lang='lat' dir='ltr'><strong>sanitatis</strong></span> <span class='ocrx_word' id='word_1_791' title='bbox 2356 4390 2738 4461; x_wconf 66' lang='lat' dir='ltr'><strong>recuperanda:</strong></span> <span class='ocrx_word' id='word_1_792' title='bbox 2767 4388 3040 4458; x_wconf 85' lang='lat' dir='ltr'><strong>optionem</strong></span> <span class='ocrx_word' id='word_1_793' title='bbox 3068 4385 3295 4443; x_wconf 82' lang='lat' dir='ltr'><strong>liberam</strong></span> <span class='ocrx_word' id='word_1_794' title='bbox 3323 4391 3478 4440; x_wconf 65' lang='lat' dir='ltr'><strong>caete-</strong></span> 
     </span>
    </p>
   </div>
   <div class='ocr_carea' id='block_1_105' title="bbox 1883 4475 3483 4558">
    <p class='ocr_par' dir='ltr' id='par_1_105' title="bbox 1883 4475 3483 4558">
     <span class='ocr_line' id='line_1_105' title="bbox 1883 4475 3483 4558; baseline -0.009 -11"><span class='ocrx_word' id='word_1_795' title='bbox 1883 4491 1958 4547; x_wconf 86' lang='lat' dir='ltr'><strong>ris</strong></span> <span class='ocrx_word' id='word_1_796' title='bbox 2005 4488 2151 4556; x_wconf 87' lang='lat' dir='ltr'><strong>fecit,</strong></span> <span class='ocrx_word' id='word_1_797' title='bbox 2203 4495 2419 4558; x_wconf 88' lang='lat' dir='ltr'><strong>paratus</strong></span> <span class='ocrx_word' id='word_1_798' title='bbox 2467 4485 2675 4540; x_wconf 90' lang='lat' dir='ltr'><strong>litteras</strong></span> <span class='ocrx_word' id='word_1_799' title='bbox 2715 4477 3222 4538; x_wconf 83' lang='lat' dir='ltr'><strong>communicatorias</strong></span> <span class='ocrx_word' id='word_1_800' title='bbox 3263 4475 3483 4534; x_wconf 86' lang='lat' dir='ltr'><strong>mittere</strong></span> 
     </span>
    </p>
   </div>
   <div class='ocr_carea' id='block_1_106' title="bbox 1808 4573 3480 4660">
    <p class='ocr_par' dir='ltr' id='par_1_106' title="bbox 1808 4573 3480 4660">
     <span class='ocr_line' id='line_1_106' title="bbox 1808 4573 3480 4660; baseline -0.01 -20"><span class='ocrx_word' id='word_1_801' title='bbox 1808 4599 1863 4660; x_wconf 72' lang='grc' dir='ltr'>Β</span> <span class='ocrx_word' id='word_1_802' title='bbox 1886 4585 2045 4640; x_wconf 89' lang='lat' dir='ltr'><strong>etiam</strong></span> <span class='ocrx_word' id='word_1_803' title='bbox 2074 4582 2140 4636; x_wconf 91' lang='lat' dir='ltr'><strong>iis</strong></span> <span class='ocrx_word' id='word_1_804' title='bbox 2160 4622 2176 4649; x_wconf 95' lang='lat'><strong>,</strong></span> <span class='ocrx_word' id='word_1_805' title='bbox 2206 4596 2341 4651; x_wconf 88' lang='lat' dir='ltr'><strong>quos</strong></span> <span class='ocrx_word' id='word_1_806' title='bbox 2373 4595 2402 4634; x_wconf 93' lang='lat' dir='ltr'><strong>a</strong></span> <span class='ocrx_word' id='word_1_807' title='bbox 2432 4577 2694 4648; x_wconf 84' lang='lat' dir='ltr'><strong>Majorino</strong></span> <span class='ocrx_word' id='word_1_808' title='bbox 2721 4573 2995 4630; x_wconf 88' lang='lat' dir='ltr'><strong>ordinatos</strong></span> <span class='ocrx_word' id='word_1_809' title='bbox 3015 4585 3138 4628; x_wconf 87' lang='lat' dir='ltr'><strong>esse</strong></span> <span class='ocrx_word' id='word_1_810' title='bbox 3165 4577 3480 4636; x_wconf 88' lang='lat' dir='ltr'><strong>constaret;</strong></span> 
     </span>
    </p>
   </div>
   <div class='ocr_carea' id='block_1_107' title="bbox 1896 4663 3492 4749">
    <p class='ocr_par' dir='ltr' id='par_1_107' title="bbox 1896 4663 3492 4749">
     <span class='ocr_line' id='line_1_107' title="bbox 1896 4663 3492 4749; baseline -0.009 -16"><span class='ocrx_word' id='word_1_811' title='bbox 1896 4687 1945 4733; x_wconf 88' lang='lat' dir='ltr'><strong>ta</strong></span> <span class='ocrx_word' id='word_1_812' title='bbox 1975 4687 2034 4734; x_wconf 90' lang='lat' dir='ltr'><strong>ut</strong></span> <span class='ocrx_word' id='word_1_813' title='bbox 2057 4679 2487 4749; x_wconf 88' lang='lat' dir='ltr'><strong>quibuscumque</strong></span> <span class='ocrx_word' id='word_1_814' title='bbox 2535 4673 2668 4734; x_wconf 88' lang='lat' dir='ltr'><strong>locis</strong></span> <span class='ocrx_word' id='word_1_815' title='bbox 2693 4669 2801 4726; x_wconf 91' lang='lat' dir='ltr'><strong>duo</strong></span> <span class='ocrx_word' id='word_1_816' title='bbox 2830 4673 3013 4724; x_wconf 86' lang='lat' dir='ltr'><strong>essent</strong></span> <span class='ocrx_word' id='word_1_817' title='bbox 3056 4663 3324 4738; x_wconf 79' lang='lat' dir='ltr'><strong>episcOpi.</strong></span> <span class='ocrx_word' id='word_1_818' title='bbox 3353 4677 3492 4736; x_wconf 87' lang='lat' dir='ltr'><strong>quos</strong></span> 
     </span>
    </p>
   </div>
   <div class='ocr_carea' id='block_1_108' title="bbox 1873 4847 3490 4930">
    <p class='ocr_par' dir='ltr' id='par_1_108' title="bbox 1873 4847 3490 4930">
     <span class='ocr_line' id='line_1_108' title="bbox 1873 4847 3490 4930; baseline -0.01 -13"><span class='ocrx_word' id='word_1_819' title='bbox 1873 4859 2085 4930; x_wconf 77' lang='lat' dir='ltr'><strong>.seligat</strong></span> <span class='ocrx_word' id='word_1_820' title='bbox 2118 4859 2345 4927; x_wconf 85' lang='lat' dir='ltr'><strong>quisque</strong></span> <span class='ocrx_word' id='word_1_821' title='bbox 2383 4853 2658 4930; x_wconf 84' lang='lat' dir='ltr'><strong>quodsibi</strong></span> <span class='ocrx_word' id='word_1_822' title='bbox 2690 4847 3112 4930; x_wconf 70' lang='lat' dir='ltr'><strong>magisarridet.</strong></span> <span class='ocrx_word' id='word_1_823' title='bbox 3157 4847 3256 4930; x_wconf 51' lang='lat' dir='ltr'><strong>Itei</strong></span> <span class='ocrx_word' id='word_1_824' title='bbox 3289 4847 3490 4930; x_wconf 69' lang='lat' dir='ltr'><strong>verita-</strong></span> 
     </span>
    </p>
   </div>
   <div class='ocr_carea' id='block_1_109' title="bbox 1894 4919 3495 4991">
    <p class='ocr_par' dir='ltr' id='par_1_109' title="bbox 1894 4919 3495 4991">
     <span class='ocr_line' id='line_1_109' title="bbox 1894 4919 3495 4991; baseline -0.006 -5"><span class='ocrx_word' id='word_1_825' title='bbox 1894 4919 2361 4986; x_wconf 56' lang='lat' dir='ltr'><strong>tem&#39;nos&#39;certins</strong></span> <span class='ocrx_word' id='word_1_826' title='bbox 2391 4919 2662 4982; x_wconf 84' lang='lat' dir='ltr'><strong>docuisset</strong></span> <span class='ocrx_word' id='word_1_827' title='bbox 2709 4919 3010 4980; x_wconf 84' lang='lat' dir='ltr'><strong>collationis</strong></span> <span class='ocrx_word' id='word_1_828' title='bbox 3055 4919 3495 4991; x_wconf 80' lang='lat' dir='ltr'><strong>Carthaginensis</strong></span> 
     </span>
    </p>
   </div>
   <div class='ocr_carea' id='block_1_110' title="bbox 1894 4991 3496 5085">
    <p class='ocr_par' dir='ltr' id='par_1_110' title="bbox 1894 4991 3496 5085">
     <span class='ocr_line' id='line_1_110' title="bbox 1894 4991 3496 5085; baseline -0.007 -28"><span class='ocrx_word' id='word_1_829' title='bbox 1894 5004 2048 5058; x_wconf 85' lang='lat' dir='ltr'><strong>tertia</strong></span> <span class='ocrx_word' id='word_1_830' title='bbox 2095 5015 2242 5085; x_wconf 72' lang='lat' dir='ltr'><strong>pars,</strong></span> <span class='ocrx_word' id='word_1_831' title='bbox 2282 5015 2401 5069; x_wconf 83' lang='lat' dir='ltr'><strong>cap.</strong></span> <span class='ocrx_word' id='word_1_832' title='bbox 2433 4998 2576 5082; x_wconf 51' lang='lat'><strong>5:19,</strong></span> <span class='ocrx_word' id='word_1_833' title='bbox 2619 4997 2708 5085; x_wconf 76' lang='lat' dir='ltr'><strong>cui</strong></span> <span class='ocrx_word' id='word_1_834' title='bbox 2737 4996 2853 5085; x_wconf 73' lang='lat' dir='ltr'><strong>haec</strong></span> <span class='ocrx_word' id='word_1_835' title='bbox 2889 4995 3001 5064; x_wconf 89' lang='lat' dir='ltr'><strong>ipsa</strong></span> <span class='ocrx_word' id='word_1_836' title='bbox 3029 4991 3258 5064; x_wconf 90' lang='lat' dir='ltr'><strong>epistola</strong></span> <span class='ocrx_word' id='word_1_837' title='bbox 3289 4993 3496 5048; x_wconf 88' lang='lat' dir='ltr'><strong>inserta</strong></span> 
     </span>
    </p>
   </div>
   <div class='ocr_carea' id='block_1_111' title="bbox 1893 5069 2844 5142">
    <p class='ocr_par' dir='ltr' id='par_1_111' title="bbox 1893 5069 2844 5142">
     <span class='ocr_line' id='line_1_111' title="bbox 1893 5069 2844 5142; baseline -0.008 -12"><span class='ocrx_word' id='word_1_838' title='bbox 1893 5087 2034 5138; x_wconf 87' lang='lat' dir='ltr'><strong>erat,</strong></span> <span class='ocrx_word' id='word_1_839' title='bbox 2064 5069 2162 5127; x_wconf 85' lang='lat' dir='ltr'><strong>nisi</strong></span> <span class='ocrx_word' id='word_1_840' title='bbox 2190 5071 2305 5126; x_wconf 83' lang='lat' dir='ltr'><strong>haec</strong></span> <span class='ocrx_word' id='word_1_841' title='bbox 2331 5073 2508 5142; x_wconf 89' lang='lat' dir='ltr'><strong>portio</strong></span> <span class='ocrx_word' id='word_1_842' title='bbox 2535 5069 2844 5142; x_wconf 68' lang='lat' dir='ltr'><strong>excidisset.</strong></span> 
     </span>
    </p>
   </div>
   <div class='ocr_carea' id='block_1_112' title="bbox 1966 5135 3498 5219">
    <p class='ocr_par' dir='ltr' id='par_1_112' title="bbox 1966 5135 3498 5219">
     <span class='ocr_line' id='line_1_112' title="bbox 1966 5135 3498 5219; baseline -0.005 -19"><span class='ocrx_word' id='word_1_843' title='bbox 1966 5135 2048 5219; x_wconf 42' lang='lat' dir='ltr'><strong>(l&#39;)</strong></span> <span class='ocrx_word' id='word_1_844' title='bbox 2081 5135 2375 5219; x_wconf 63' lang='lat' dir='ltr'><strong>Episcopos</strong></span> <span class='ocrx_word' id='word_1_845' title='bbox 2412 5143 2533 5219; x_wconf 83' lang='lat' dir='ltr'><strong>illos</strong></span> <span class='ocrx_word' id='word_1_846' title='bbox 2558 5141 2741 5196; x_wconf 88' lang='lat' dir='ltr'><strong>Gallos</strong></span> <span class='ocrx_word' id='word_1_847' title='bbox 2766 5153 2889 5194; x_wconf 91' lang='lat' dir='ltr'><strong>cum</strong></span> <span class='ocrx_word' id='word_1_848' title='bbox 2930 5135 3498 5219; x_wconf 61' lang='lat' dir='ltr'><strong>Romanopopvenire</strong></span> 
     </span>
    </p>
   </div>
   <div class='ocr_carea' id='block_1_113' title="bbox 1895 5205 3498 5286">
    <p class='ocr_par' dir='ltr' id='par_1_113' title="bbox 1895 5205 3498 5286">
     <span class='ocr_line' id='line_1_113' title="bbox 1895 5205 3498 5286; baseline -0.007 -16"><span class='ocrx_word' id='word_1_849' title='bbox 1895 5205 2152 5286; x_wconf 60' lang='lat' dir='ltr'><strong>praecepit</strong></span> <span class='ocrx_word' id='word_1_850' title='bbox 2189 5205 2570 5270; x_wconf 81' lang='lat' dir='ltr'><strong>Constantinus</strong></span> <span class='ocrx_word' id='word_1_851' title='bbox 2595 5254 2612 5280; x_wconf 90' lang='lat'><strong>,</strong></span> <span class='ocrx_word' id='word_1_852' title='bbox 2659 5225 2861 5286; x_wconf 83' lang='lat' dir='ltr'><strong>morem</strong></span> <span class='ocrx_word' id='word_1_853' title='bbox 2891 5207 3239 5286; x_wconf 80' lang='lat' dir='ltr'><strong>gerens__huic</strong></span> <span class='ocrx_word' id='word_1_854' title='bbox 3271 5205 3498 5286; x_wconf 73' lang='lat' dir='ltr'><strong>Donati-</strong></span> 
     </span>
    </p>
   </div>
   <div class='ocr_carea' id='block_1_114' title="bbox 1896 5276 3500 5356">
    <p class='ocr_par' dir='ltr' id='par_1_114' title="bbox 1896 5276 3500 5356">
     <span class='ocr_line' id='line_1_114' title="bbox 1896 5276 3500 5356; baseline -0.006 -14"><span class='ocrx_word' id='word_1_855' title='bbox 1896 5276 2100 5342; x_wconf 75' lang='lat' dir='ltr'><strong>starum</strong></span> <span class='ocrx_word' id='word_1_856' title='bbox 2148 5286 2392 5356; x_wconf 84' lang='lat' dir='ltr'><strong>petitioni</strong></span> <span class='ocrx_word' id='word_1_857' title='bbox 2421 5325 2435 5348; x_wconf 89' lang='lat'><strong>,</strong></span> <span class='ocrx_word' id='word_1_858' title='bbox 2479 5286 2543 5356; x_wconf 87' lang='lat' dir='ltr'><strong>in</strong></span> <span class='ocrx_word' id='word_1_859' title='bbox 2571 5276 2674 5353; x_wconf 84' lang='lat' dir='ltr'><strong>qua</strong></span> <span class='ocrx_word' id='word_1_860' title='bbox 2703 5283 2882 5356; x_wconf 76' lang='lat' dir='ltr'><strong>legere</strong></span> <span class='ocrx_word' id='word_1_861' title='bbox 2897 5276 2991 5335; x_wconf 71' lang='grc' dir='ltr'><strong>ἐει</strong></span> <span class='ocrx_word' id='word_1_862' title='bbox 3014 5297 3032 5356; x_wconf 67' lang='grc' dir='ltr'><strong>ι</strong></span> <span class='ocrx_word' id='word_1_863' title='bbox 3065 5276 3300 5334; x_wconf 79' lang='lat' dir='ltr'><strong>Petimus</strong></span> <span class='ocrx_word' id='word_1_864' title='bbox 3335 5286 3392 5332; x_wconf 84' lang='lat' dir='ltr'><strong>ut</strong></span> <span class='ocrx_word' id='word_1_865' title='bbox 3421 5277 3500 5356; x_wconf 83' lang='lat' dir='ltr'><strong>_de</strong></span> 
     </span>
    </p>
   </div>
   <div class='ocr_carea' id='block_1_115' title="bbox 1901 5349 3500 5427">
    <p class='ocr_par' dir='ltr' id='par_1_115' title="bbox 1901 5349 3500 5427">
     <span class='ocr_line' id='line_1_115' title="bbox 1901 5349 3500 5427; baseline -0.008 -13"><span class='ocrx_word' id='word_1_866' title='bbox 1901 5357 2086 5414; x_wconf 79' lang='lat' dir='ltr'><strong>Galliis</strong></span> <span class='ocrx_word' id='word_1_867' title='bbox 2114 5349 2257 5413; x_wconf 79' lang='lat' dir='ltr'><strong>nobis</strong></span> <span class='ocrx_word' id='word_1_868' title='bbox 2277 5358 2485 5427; x_wconf 82' lang='lat' dir='ltr'><strong>judices</strong></span> <span class='ocrx_word' id='word_1_869' title='bbox 2512 5349 2628 5408; x_wconf 67' lang='lat' dir='ltr'><strong>dari</strong></span> <span class='ocrx_word' id='word_1_870' title='bbox 2669 5349 2938 5427; x_wconf 54' lang='lat' dir='ltr'><strong>praecipiat</strong></span> <span class='ocrx_word' id='word_1_871' title='bbox 2973 5355 3136 5427; x_wconf 68' lang='lat' dir='ltr'><strong>pietas</strong></span> <span class='ocrx_word' id='word_1_872' title='bbox 3161 5361 3302 5427; x_wconf 36' lang='lat' dir='ltr'><strong>.tua;</strong></span> <span class='ocrx_word' id='word_1_873' title='bbox 3345 5349 3500 5427; x_wconf 80' lang='lat' dir='ltr'><strong>quia,</strong></span> 
     </span>
    </p>
   </div>
   <div class='ocr_carea' id='block_1_116' title="bbox 1903 5419 3502 5554">
    <p class='ocr_par' dir='ltr' id='par_1_116' title="bbox 1903 5419 3502 5554">
     <span class='ocr_line' id='line_1_116' title="bbox 1903 5419 3502 5554; baseline -0.007 -70"><span class='ocrx_word' id='word_1_874' title='bbox 1903 5431 2150 5554; x_wconf 61' lang='lat' dir='ltr'><strong>i(uqltltiuut</strong></span> <span class='ocrx_word' id='word_1_875' title='bbox 2175 5470 2189 5494; x_wconf 93' lang='lat'><strong>,</strong></span> <span class='ocrx_word' id='word_1_876' title='bbox 2235 5419 2298 5484; x_wconf 72' lang='grc' dir='ltr'>αὖ</span> <span class='ocrx_word' id='word_1_877' title='bbox 2325 5431 2420 5483; x_wconf 84' lang='lat' dir='ltr'><strong>hoc</strong></span> <span class='ocrx_word' id='word_1_878' title='bbox 2445 5419 2679 5498; x_wconf 73' lang='lat' dir='ltr'><strong>facinore</strong></span> <span class='ocrx_word' id='word_1_879' title='bbox 2703 5433 2760 5480; x_wconf 91' lang='lat' dir='ltr'><strong>et</strong></span> <span class='ocrx_word' id='word_1_880' title='bbox 2784 5419 3126 5479; x_wconf 71' lang='lat' dir='ltr'><strong>dissensione</strong></span> <span class='ocrx_word' id='word_1_881' title='bbox 3154 5419 3398 5476; x_wconf 75' lang='lat' dir='ltr'><strong>immunis</strong></span> <span class='ocrx_word' id='word_1_882' title='bbox 3427 5426 3502 5474; x_wconf 74' lang='lat' dir='ltr'><strong>est</strong></span> 
     </span>
     <span class='ocr_line' id='line_1_117' title="bbox 1931 5519 2098 5554; baseline 0.012 -2"><span class='ocrx_word' id='word_1_883' title='bbox 1931 5520 1982 5554; x_wconf 65' lang='lat' dir='ltr'><strong>na</strong></span> <span class='ocrx_word' id='word_1_884' title='bbox 2031 5519 2098 5554; x_wconf 86' lang='lat' dir='ltr'><strong>ta.</strong></span> 
     </span>
    </p>
   </div>
   <div class='ocr_carea' id='block_1_117' title="bbox 1931 5500 2098 5556">
    <p class='ocr_par' dir='ltr' id='par_1_117' title="bbox 1931 5500 2098 5556">
     <span class='ocr_line' id='line_1_118' title="bbox 1931 5500 2098 5556; baseline 0.018 -4"><span class='ocrx_word' id='word_1_885' title='bbox 1931 5500 2098 5556; x_wconf 78' lang='lat' dir='ltr'><strong>.‘allia.</strong></span> 
     </span>
    </p>
   </div>
   <div class='ocr_carea' id='block_1_118' title="bbox 1978 5566 3504 5645">
    <p class='ocr_par' dir='ltr' id='par_1_118' title="bbox 1978 5566 3504 5645">
     <span class='ocr_line' id='line_1_119' title="bbox 1978 5566 3504 5645; baseline -0.005 -19"><span class='ocrx_word' id='word_1_886' title='bbox 1978 5571 2058 5645; x_wconf 72' lang='grc' dir='ltr'><strong>(Ξ)</strong></span> <span class='ocrx_word' id='word_1_887' title='bbox 2117 5572 2368 5645; x_wconf 35' lang='lat' dir='ltr'><strong>Precum~</strong></span> <span class='ocrx_word' id='word_1_888' title='bbox 2393 5585 2491 5628; x_wconf 91' lang='lat' dir='ltr'><strong>seu</strong></span> <span class='ocrx_word' id='word_1_889' title='bbox 2530 5566 2872 5645; x_wconf 88' lang='lat' dir='ltr'><strong>_l_i_bellorum_</strong></span> <span class='ocrx_word' id='word_1_890' title='bbox 2905 5572 3112 5645; x_wconf 68' lang='lat' dir='ltr'><strong>partem</strong></span> <span class='ocrx_word' id='word_1_891' title='bbox 3144 5570 3504 5645; x_wconf 68' lang='lat' dir='ltr'><strong>postremam</strong></span> 
     </span>
    </p>
   </div>
   <div class='ocr_carea' id='block_1_119' title="bbox 1905 5631 3509 5714">
    <p class='ocr_par' dir='ltr' id='par_1_119' title="bbox 1905 5631 3509 5714">
     <span class='ocr_line' id='line_1_120' title="bbox 1905 5631 3509 5714; baseline -0.007 -12"><span class='ocrx_word' id='word_1_892' title='bbox 1905 5631 2132 5714; x_wconf 51' lang='lat' dir='ltr'><strong>Op‘ta&#39;tus</strong></span> <span class='ocrx_word' id='word_1_893' title='bbox 2173 5647 2317 5701; x_wconf 88' lang='lat' dir='ltr'><strong>circa</strong></span> <span class='ocrx_word' id='word_1_894' title='bbox 2342 5643 2504 5700; x_wconf 84' lang='lat' dir='ltr'><strong>linem</strong></span> <span class='ocrx_word' id='word_1_895' title='bbox 2528 5641 2625 5696; x_wconf 89' lang='lat' dir='ltr'><strong>lib.</strong></span> <span class='ocrx_word' id='word_1_896' title='bbox 2654 5656 2669 5695; x_wconf 93' lang='grc' dir='ltr'><strong>ι</strong></span> <span class='ocrx_word' id='word_1_897' title='bbox 2701 5631 3006 5710; x_wconf 81' lang='lat' dir='ltr'><strong>exscripsit.</strong></span> <span class='ocrx_word' id='word_1_898' title='bbox 3045 5631 3258 5690; x_wconf 66' lang='lat' dir='ltr'><strong>Caetera</strong></span> <span class='ocrx_word' id='word_1_899' title='bbox 3295 5631 3509 5691; x_wconf 87' lang='lat' dir='ltr'><strong>deside-</strong></span> 
     </span>
    </p>
   </div>
   <div class='ocr_carea' id='block_1_120' title="bbox 1905 5725 2115 5773">
    <p class='ocr_par' dir='ltr' id='par_1_120' title="bbox 1905 5725 2115 5773">
     <span class='ocr_line' id='line_1_121' title="bbox 1905 5725 2115 5773; baseline -0.01 0"><span class='ocrx_word' id='word_1_900' title='bbox 1905 5725 2115 5773; x_wconf 85' lang='lat' dir='ltr'><strong>rantur.</strong></span> 
     </span>
    </p>
   </div>
  </div>
