3838 6278
381 330 454 397 55
1177 348 1183 365 ‘
1215 331 1634 395 MILCBIADIS
1669 332 1759 391 DE
1796 326 2161 390 CECIUANI
2198 329 2426 390 CAUSA
2464 328 2901 389 MNT“.
3619 332 3693 392 56

379 454 647 512 dissensio
671 456 1015 527 geminasset,
1047 468 1169 509 eum
1190 454 1500 510 confirmari
1524 452 1703 519 vellet,
1731 450 1824 523 qui
1855 450 1980 506 fuis-
2004 450 2057 511 Α
2083 449 2339 504 unitatem
2385 446 2678 513 redierint,
2729 448 2810 504 sic
2849 446 3189 518 recipiendos
3234 460 3356 503 esse
3379 486 3397 515 ,
3433 465 3453 500 ι
3493 455 3554 504 ut
3579 465 3687 507 non

382 556 466 607 act
510 547 787 604 ordinatos
828 547 994 617 prior,
1041 547 1197 603 alteri
1238 556 1419 604 autem
1459 562 1645 602 eorum
1686 545 1838 617 plebs
1874 545 1977 601 alia

381 641 620 713 regenda
664 640 1081 716 provideretur!
1114 642 1159 697 0
1187 642 1362 698 virum
1389 642 1691 713 optimum!
1734 656 1767 697 ο
1808 640 1977 703 lilium

379 735 695 792 Christianae
734 735 884 805 pacis
911 743 967 791 et
994 744 1203 808 patrem
1230 737 1542 793 christiana:
1571 734 1856 807 plebiet...
1884 733 1980 789 llic

380 843 484 886 nec
506 827 863 886 mansuetudo
886 828 1248 899 integritatem
1274 830 1518 900 corrupit
1535 869 1552 897 ,
1580 843 1681 887 nec
1701 827 1982 900 integritas

378 920 785 977 mansuetudini
808 920 1152 991 repugnavit.
1186 940 1207 974 ι

451 1014 507 1069 6.
536 1015 602 1070 Et
626 1016 681 1075 in
710 1015 810 1069 hac
836 1013 1054 1085 quidem
1084 1016 1353 1075 sententia
1381 1016 1572 1086 triplex
1601 1016 1879 1085 suspicere
1899 1024 1983 1072 est

380 1106 587 1178 providi
615 1106 847 1177 pastoris
876 1114 1362 1178 temperamentum
1387 1150 1401 1175 ,
1434 1105 1576 1176 quod
1600 1106 1858 1178 deinceps
1884 1105 1984 1161 Ec-

379 1199 563 1255 clesia
590 1198 858 1255 similibus
883 1199 937 1255 in
967 1201 1145 1257 causis
1172 1216 1369 1271 magno
1395 1201 1513 1257 usui
1542 1199 1643 1256 fuit
1670 1219 1682 1254 :
1714 1200 1945 1272 primum
1966 1240 1982 1267 ,

380 1290 524 1362 quod
554 1291 721 1349 totius
750 1293 880 1349 ntali
922 1294 1221 1365 principem
1253 1294 1520 1351 Donatum
1559 1295 1823 1351 damnare
1853 1310 1986 1351 ceno

382 1391 581 1447 tentus,
612 1382 826 1441 caeteris
856 1383 973 1455 ejus
998 1385 1342 1444 consortibus
1370 1386 1599 1442 liberam
1629 1386 1984 1457 resipiscendi

380 1474 687 1535 facultatem
714 1477 953 1548 reliquit.
984 1477 1252 1545 Alterum,
1282 1481 1427 1552 quod
1448 1482 1613 1536 etiam
1640 1496 1672 1535 a
1698 1480 1983 1553 Majorino,

380 1569 473 1638 qui
495 1568 907 1642 Carthagineusi
932 1573 1180 1631 ecclesias
1208 1574 1261 1629 in
1284 1574 1556 1631 Caeciliani
1579 1576 1759 1633 locum
1780 1591 1811 1632 a
1838 1577 1986 1633 sebi-

381 1662 623 1721 smaticis
652 1664 943 1734 praefectus
974 1666 1186 1734 fuerat,
1234 1667 1515 1723 ordinatos
1543 1668 1612 1723 ad
1650 1670 1989 1725 commuttio-

382 1769 507 1815 nem
562 1769 718 1814 suam
758 1755 1049 1815 admittere
1096 1775 1205 1815 non
1257 1763 1548 1817 recusavit.
1601 1761 1986 1827 Postremum,

2079 541 2256 596 solum
2272 541 2409 595 viam
2424 541 2614 596 salutis
2640 539 2936 607 inveniant,
2958 539 3053 595 sed
3071 554 3170 596 nec
3184 539 3448 598 honorem
3470 543 3689 614 episco-

2082 643 2239 705 patus
2285 634 2551 689 amittant.
2596 633 3048 704 Poterit'quippe,
3081 633 3368 704 inquiunt,
3396 636 3689 707 unusquis-

2081 741 2184 795 que
2212 737 2454 780 nostrum
2481 766 2495 791 ,
2532 725 2758 780 honoris
2799 724 2905 779 sibi
2935 726 3087 780 socio
3113 726 3370 797 copulato
3395 769 3411 794 ,
3446 728 3687 785 vicissim

2082 817 2273 873 sedere
2319 818 2653 873 eminentius
2675 859 2689 884 ,
2747 818 2889 872 sicut
2930 818 3219 887 peregrino
3249 819 3510 889 episcopo
3534 820 3692 892 juxta

2082 908 2401 964 considente
2422 909 2650 980 collega.
2683 908 2799 964 lloc
2825 924 2949 964 cum
2978 908 3207 965 alternis
3233 910 3485 969 basilicis
3523 914 3694 969 utris-

2083 1020 2190 1075 que
2220 1004 2560 1071 eonceditur,
2588 1014 2821 1077 uterque
2844 1006 2914 1061 ab
2943 1006 3228 1073 alterutro,
3259 1018 3451 1063 mutuo
3480 1008 3695 1064 honore

2087 1098 2414 1166 praevenitur
2442 1114 2457 1152 :
2481 1098 2607 1169 quia
2638 1097 2729 1154 ubi
2760 1100 3058 1169 preceptio
3077 1099 3360 1156 charitatis
3384 1100 3699 1158 dilataverit

2086 1187 2275 1250 corda,
2306 1188 2583 1258 possessio
2609 1190 2760 1261 pacis
2789 1205 2897 1245 non
2922 1189 2982 1245 fit
3006 1200 3269 1261 augusta;
3300 1201 3359 1248 ut
3374 1207 3698 1250 unoeorum

2086 1280 2346 1337 defuncto
2365 1282 2627 1353 deinceps
2647 1284 2759 1353 jam
2791 1284 3018 1355 singulis
3037 1285 3238 1356 singuli
3270 1287 3504 1357 pristino
3531 1302 3694 1344 more

2089 1372 2406 1429 succedant.
2463 1374 2576 1431 Nec
2617 1390 2818 1431 novum
2876 1377 3083 1448 aliquid
3115 1378 3233 1445 ~lict
3276 1396 3289 1433 :
3321 1395 3445 1435 nam
3485 1381 3590 1438 hoc
3626 1382 3702 1439 ab

2091 1467 2262 1537 ipsius
2285 1470 2647 1539 separatiouis
2681 1472 2910 1528 exordio
2934 1512 2950 1538 ,
2993 1473 3047 1527 in
3074 1472 3157 1529 eis
3183 1474 3275 1545 qui
3298 1473 3560 1531 damnato
3600 1491 3671 1532 ne
3691 1509 3705 1518 -

2089 1558 2245 1615 feria:
2264 1559 2606 1618 discissionis
2623 1578 2813 1619 errore
2840 1565 3059 1618 unitatis
3082 1563 3429 1623 dulcedinem
3454 1567 3540 1624 vel
3568 1582 3705 1624 sero

2091 1666 2411 1724 sapueruat,
2436 1654 2703 1711 catholica
2731 1655 2956 1711 dilectio
2979 1657 3294 1713 custodivit.
3333 1678 3354 1712 ι

2167 1748 2256 1803 t0.
2285 1748 2434 1803 Istud
2466 1765 2627 1819 porro
2652 1750 2721 1805 de
2749 1750 2960 1807 duobus
2987 1753 3258 1823 episcopis
3285 1752 3339 1808 in
3381 1769 3488 1810 una
3516 1755 3706 1811 eccle-

383 1846 531 1919 quod
558 1847 615 1903 in
643 1846 728 1903 his
756 1849 1023 1915 ωθιθεῆε,
1057 1851 1111 1906 in
1138 1852 1333 1923 quibus
1355 1854 1463 1910 δυο
1492 1866 1675 1911 “se.”
1705 1856 1981 1925 μττεςυιθε,
2014 1846 2064 1908 Β
2090 1844 2169 1898 sia
2197 1844 2360 1899 simul
2379 1842 2754 1916 relinquendis
2773 1847 3061 1901 consilium
3084 1848 3319 1918 primum
3354 1848 3707 1905 Arelatensis

386 1953 526 1999 unus
550 1954 581 1994 a
607 1936 871 2009 “nigritie
890 1982 904 2005 ,
934 1941 1071 1998 alter
1095 1957 1127 1997 a
1151 1940 1447 2001 Catholicis
1467 1946 1778 2014 ordinatus,
1807 1948 1859 2003 ei
1896 1947 1987 2018 qui

384 2032 535 2103 prior
555 2041 673 2089 erat
701 2031 983 2090 ordinatus
1009 2034 1296 2092 ecclesiam
1323 2036 1522 2107 ipsam,
1551 2054 1711 2108 quam
1742 2041 1981 2110 regebat,

386 2123 468 2179 sic
494 2122 819 2192 adiudicavit
843 2167 858 2189 ,
906 2136 962 2183 ut
992 2134 1047 2183 et
1074 2125 1231 2185 alteri
1260 2127 1473 2198 plebem
1502 2129 1663 2184 aliam
1695 2131 1985 2202 regean

389 2215 657 2285 provideri
686 2216 845 2273 simul
872 2217 1110 2287 iuberet.

458 2308 512 2362 7.
555 2307 793 2365 Primum
819 2324 886 2369 ex
912 2308 995 2367 bis
1026 2313 1467 2382 temperamean
1491 2322 1711 2371 secutus
1748 2313 1987 2371 Hilarius

387 2400 723 2461 Picuvensis
751 2402 1036 2473 episcopus
1075 2419 1136 2461 se
1172 2420 1299 2460 cum
1328 2404 1621 2463 Gallicanis
1653 2407 1924 2478 episcopis
1954 2423 1984 2462 a

387 2492 665 2551 Saturnini
709 2503 768 2553 et
806 2493 1013 2553 Ursacii
1050 2504 1107 2554 et
1137 2494 1403 2565 Valentis,
1441 2498 1537 2566 qui
1564 2498 1893 2553 Arianorum
1932 2500 1985 2553 in

389 2583 685 2645 Occidente
706 2585 873 2647 duces
897 2595 1073 2653 erant.
1105 2589 1489 2645 communione
1514 2591 1805 2660 separavit,
1842 2609 1863 2642 ι
1896 2589 1986 2645 ln-

390 2678 541 2736 dulta
573 2679 787 2741 catenis
813 2679 1156 2739 consortibus
1197 2695 1387 2737 eorum
1426 2682 1780 2753 resipisceudi
1820 2682 1987 2738 facul-

390 2780 533 2837 tate;
581 2780 639 2829 ut
658 2787 760 2831 nec
785 2772 936 2841 pacis
958 2771 1171 2831 obesset
1202 2774 1485 2841 voluntas,
1515 2782 1572 2831 et
1602 2774 1983 2844 principalium

389 2863 700 2918 morborum
731 2862 922 2923 fmtida
949 2873 1003 2922 et
1029 2864 1082 2923 in
1110 2866 1517 2934 corruptionem
1544 2868 1711 2923 totius
1736 2867 1986 2937 corporis

390 2958 629 3013 membra
653 2958 991 3029 proficientia
1017 2958 1422 3014 desecarentur.
1456 2978 1475 3011 ι
1501 2959 1670 3031 quue
1694 2970 1878 3032 postea
1903 2975 1986 3015 re-

386 3050 525 3120 gulae
556 3050 726 3103 instar
753 3047 806 3102 ln
840 3048 1080 3104 Ecclesia
1112 3058 1429 3106 constanter
1457 3050 1710 3105 obtinuit.

2091 1937 2283 2008 synodi
2318 1937 2583 1993 claritate
2611 1938 2891 1993 inventum
2936 1947 3101 2010 atque
3129 1940 3454 1996 auctoritate
3499 1938 3707 1996 fultum

2092 2028 2491 2095 'l‘illemontios,
2522 2038 2654 2085 tom.
2689 2045 2764 2093 vt,
2796 2045 2916 2102 pag.
2947 2030 3040 2098 49,
3071 2032 3371 2089 existimat.
3400 2031 3707 2089 Necaliam

2091 2121 2256 2176 affert
2282 2121 2558 2192 opinionis
2585 2137 2698 2178 sua:
2725 2124 3014 2193 rationem,
3043 2124 3146 2179 nisi
3177 2125 3322 2196 quod
3351 2125 3600 2182 Romano
3642 2127 3701 2182 in

2095 2214 2327 2269 concilio
2349 2215 2495 2269 aliud
2523 2215 2668 2270 circa
2690 2216 2912 2273 eosdem
2936 2218 3224 2289 episcopos
3249 2234 3278 2273 a
3310 2218 3615 2276 Melchiade
3642 2227 3706 2276 et

2092 2306 2258 2361 sociis
2306 2306 2585 2363 decretum
2627 2308 2745 2363 fuit.
2776 2308 2979 2365 Verum
3019 2325 3142 2366 cum
3190 2311 3381 2367 horum
3422 2312 3702 2369 sententia

2091 2413 2267 2469 neque
2324 2398 2394 2453 ab
2448 2400 2689 2470 Optate,
2746 2416 2922 2472 neque
2986 2403 3058 2458 ab
3121 2403 3455 2475 Augustino,
3524 2418 3708 2474 neque

2089 2493 2159 2548 ab
2198 2494 2311 2548 ullo
2355 2494 2466 2547 alio
2520 2494 2727 2565 integra
2776 2496 3090 2552 transmissa
3170 2497 3373 2564 fuerit,
3434 2498 3704 2554 ofﬁrmari

2089 2594 2241 2641 certo
2269 2587 2490 2657 nequit,
2536 2587 2665 2643 illud
2708 2589 2973 2655 alterum,
3027 2589 3170 2660 quod
3198 2590 3311 2647 Afri
3341 2609 3363 2643 r
3414 2591 3487 2647 ab
3527 2592 3703 2663 ipsius

2089 2681 2447 2750 separationis
2519 2682 2792 2737 exordio»
2848 2683 2990 2755 apud
3051 2698 3112 2740 se
3173 2685 3499 2741 custoditum
3571 2700 3701 2742 esse

2090 2779 2375 2840 testantur,
2422 2774 2475 2828 in
2504 2773 2590 2828 illa
2641 2776 2905 2831 sententia
2964 2776 3185 2833 minime
3232 2777 3401 2836 fuisse
3450 2781 3703 2851 proposi—

2091 2876 2226 2921 tum.
2283 2866 2464 2922 Potuit
2492 2868 2637 2922 enim
2695 2868 2830 2935 lieri,
2889 2879 2945 2923 ut
2992 2870 3230 2925 Romana
3279 2872 3558 2943 synodus,
3604 2873 3697 2928 cui

2089 2958 2422 3015 Melcbiades
2445 2969 2697 3032 praeerat,
2740 2977 2846 3016 non
2890 2978 3051 3019 unam
3100 2964 3152 3019 in
3180 2965 3443 3032 ecclesiis,
3476 2967 3532 3023 in
3575 2967 3699 3038 qui-

2089 3049 2188 3105 bus
2227 3048 2333 3105 duo
2381 3060 2563 3106 essent
2616 3052 2887 3123 episcopi,
2941 3055 3327 3126 componendae
3372 3058 3517 3128 pacis
3551 3058 3697 3114 viam

457 3139 511 3196 8.
536 3140 709 3197 Alteri
736 3155 941 3196 morem
962 3152 1253 3213 gesserunt
1280 3159 1389 3198 non
1417 3144 1592 3199 solum
1621 3142 1862 3199 Africani
1889 3158 1982 3200 ca-
2022 3130 2369 3216 \panderet.
2422 3144 2538 3203 lloc
2572 3153 2724 3203 certe
2766 3145 2837 3202 ab
2884 3146 3075 3204 iisdem
3122 3147 3269 3205 Afris
3313 3148 3512 3207 factum
3560 3151 3699 3222 legi-

389 3233 575 3289 tbolici
603 3248 727 3304 erga
762 3232 1070 3290 Donatistas
1110 3234 1177 3290 ad
1221 3237 1483 3292 unitatem
1520 3237 1843 3303 redeuntes,
1886 3238 1982 3293 sed
2012 3241 2058 3306 ο
2091 3251 2243 3301 mus,
2290 3236 2383 3307 qui
2407 3251 2533 3295 cum
2559 3237 2720 3293 unius
2738 3238 2984 3297 ecclesia:
3027 3255 3212 3299 curam
3242 3241 3455 3299 duobus
3484 3242 3702 3313 episco-

386 3334 442 3381 et
482 3326 641 3396 longe
683 3335 873 3397 postea
916 3325 1068 3382 Felix
1097 3326 1163 3395 ll,
1214 3342 1382 3399 papa,
1434 3337 1491 3384 ut
1530 3330 1881 3385 ecclesiarum
1914 3330 1985 3386 ob

389 3420 570 3476 Acacii
610 3434 830 3477 causam
872 3421 1163 3477 scissarum
1204 3422 1717 3493 rediutegrationem
1761 3423 1984 3493 expedi-

388 3515 583 3571 tiorem
636 3514 1044 3586 facilioremque
1097 3516 1387 3582 redderet,
1447 3535 1467 3568 ι
1504 3516 1699 3583 nobis,
1733 3537 1753 3571 ι
1812 3518 1986 3589 inquit

387 3610 549 3681 epist.
578 3609 670 3677 η,
692 3609 763 3665 ad
793 3608 1078 3675 Flavitam,
1109 3626 1167 3667 n.
1197 3612 1251 3677 4,
1286 3629 1307 3663 t
1343 3613 1454 3667 Deo
1479 3612 1779 3684 inspirante
1805 3614 1984 3684 provi-

388 3704 534 3761 suris
576 3703 1035 3761 rationabiliter...
1073 3712 1132 3759 ut
1174 3718 1361 3760 eorum
1411 3718 1553 3777 quos
1594 3704 1863 3761 ordinavit
1900 3704 1986 3761 vel

388 3797 678 3869 baptizavit
713 3797 941 3853 Aeacius
961 3838 976 3866 ,
1009 3797 1156 3853 salva
1185 3796 1533 3854 confessione
1554 3797 1821 3854 catholica
1841 3840 1856 3865 ,
1890 3812 1987 3869 pro

388 3890 669 3946 charitatis
719 3889 980 3947 Ecciesnu
1036 3890 1495 3961 redintegratione
1547 3890 1682 3946 nihil
1740 3898 1979 3960 pereat.»

388 3982 543 4051 Quod
581 3983 801 4055 quidem
825 3983 989 4038 illaesa
1015 3982 1123 4038 fide
1169 3982 1433 4055 indulgeri
1468 3994 1627 4054 posse
1652 3982 1768 4039 Afri
1799 3982 1986 4039 catho-

390 4076 477 4132 lici
500 4078 556 4132 in
575 4078 824 4149 epistola,
852 4094 974 4149 quas
994 4077 1300 4133 collationis
1324 4078 1767 4149 Carthaginiensis
1796 4078 1986 4149 cogni-

389 4171 521 4226 tioni
551 4171 604 4238 l,
634 4185 753 4242 cap.
790 4170 879 4239 l6,
914 4172 1115 4227 inserta
1153 4178 1276 4239 est,
1322 4170 1423 4227 hac
1460 4172 1671 4226 ratione
1706 4172 1940 4242 probant
1969 4191 1981 4226 :

394 4281 413 4315 ι
449 4262 635 4334 Neque
661 4263 807 4319 enim
830 4263 883 4318 in
911 4264 993 4319 eis
1018 4263 1216 4319 divinae
1240 4274 1579 4319 sacramenta
1603 4263 1862 4330 veritatis,
1889 4262 1986 4318 sed

387 4366 693 4413 commenta
720 4356 940 4411 humani
968 4356 1301 4413 detestamur
1328 4356 1557 4422 erroris;
1589 4357 1786 4428 quibus
1810 4356 1988 4411 subla-

390 4452 459 4506 tis
482 4493 497 4520 ,
540 4450 840 4507 fraternum
873 4459 1062 4521 pectus
1088 4450 1464 4519 amplectimur
1488 4450 1794 4506 Christiana
1827 4450 1984 4506 nobis

386 4545 655 4602 eharitate
697 4544 1069 4616 coniunctum.
1095 4562 1117 4596 ν
1148 4544 1407 4600 Eamdcm
1452 4545 1719 4601 rationem
1748 4546 1988 4617 pluribus

2087 3331 2171 3402 pis
2195 3329 2356 3389 simul
2374 3330 2786 3401 permittendum
2809 3334 3239 3404 proposuissent,
3262 3334 3607 3393 boealterum
3626 3336 3699 3394 de

2086 3420 2299 3479 duobus
2312 3422 2631 3479 amovendis
2643 3423 2823 3479 statim
2838 3424 3126 3496 subjiciunt
3142 3445 3188 3482 ει
3199 3428 3309 3484 Aut
3318 3428 3366 3484 si
3381 3428 3526 3486 forte
3536 3426 3698 3485 Chri-

2088 3513 2246 3569 stiani
2270 3514 2451 3584 populi
2475 3514 2698 3585 singulis
2714 3514 3051 3575 delectantur
3063 3518 3355 3588 episcopis,
3379 3527 3436 3576 et
3461 3520 3697 3577 duorum

2087 3608 2441 3675 consortium,
2473 3607 2729 3665 inusitata
2756 3625 2937 3666 rerum
2967 3608 3127 3675 facie,
3159 3610 3391 3673 tolerare
3428 3628 3535 3669 non
3570 3627 3697 3683 pos-

2087 3708 2212 3759 sunt
2248 3716 2264 3756 :
2295 3703 2510 3773 utrique
2560 3702 2627 3757 de
2659 3701 2840 3759 medio
2867 3702 3207 3771 accedamus,
3240 3712 3297 3761 et
3333 3704 3603 3775 ecclesiis,
3639 3706 3695 3762 in

2090 3795 2318 3867 singulis
2353 3795 2607 3853 damnata
2649 3795 2955 3855 schismatis
2995 3813 3179 3868 causa,
3230 3799 3287 3855 iu
3342 3801 3551 3857 unitate
3596 3816 3698 3873 pa—

2088 3886 2241 3945 cifica
2267 3889 2575 3947 constitutis
2594 3929 2608 3956 ,
2640 3889 2708 3945 ab
2730 3889 2815 3945 his
2840 3890 2929 3960 qui
2960 3891 3158 3964 singuli
3213 3892 3269 3947 in
3302 3894 3551 3951 ecclesiis
3575 3896 3695 3952 sin—

2088 3981 2229 4053 gulis
2267 3983 2644 4048 invenientur,
2692 3983 2881 4041 uuitati
2911 3983 3064 4041 facta
3098 4000 3192 4055 per
3231 3986 3350 4043 loca
3382 3990 3693 4047 necessaria

2088 4074 2485 4131 constituantur
2516 4073 2778 4147 episcOpi.
2821 4093 2840 4126 ι
2893 4073 3024 4143 Quae
3070 4077 3233 4133 verba
3261 4077 3591 4151 Augustinus
3638 4082 3695 4137 in

2092 4165 2396 4231 Breviculo,
2445 4164 2570 4221 coll.
2619 4165 2807 4235 primas
2834 4165 2941 4225 diei
2962 4208 2979 4233 ,
3022 4182 3143 4239 cap.
3177 4168 3233 4235 5,
3262 4171 3343 4227 sic
3372 4172 3689 4229 summatim

2089 4256 2290 4322 reddit,
2317 4266 2533 4327 pactum
2560 4270 2683 4313 esse
2709 4272 2739 4313 a
2769 4257 3053 4315 catholicis
3091 4258 3320 4328 docens,
3350 4270 3412 4319 ut
3443 4281 3465 4317 ε
3503 4264 3551 4318 si
3581 4263 3697 4335 ple-

2090 4350 2186 4407 bes
2216 4349 2352 4407 duos
2375 4350 2427 4405 iu
2450 4364 2555 4413 una
2585 4350 2817 4406 ecclesia
2843 4352 3131 4424 episcopos
3144 4352 3293 4412 ferre
3317 4371 3423 4413 non
3445 4365 3692 4428 possent,

2092 4442 2338 4512 utrisque
2360 4441 2430 4497 de
2444 4441 2625 4498 medio
2647 4442 3050 4511 recedentibus,
3071 4446 3269 4517 singuli
3288 4448 3692 4506 constitueren-

2094 4541 2181 4589 tur
2207 4533 2470 4603 episcopi,
2498 4532 2568 4589 ab
2595 4534 2675 4590 eis
2704 4534 2974 4605 episcopis
3000 4536 3320 4606 ordinandi,
3367 4540 3460 4610 qui
3489 4541 3547 4597 in
3576 4542 3694 4599 suis

386 4640 617 4709 explicat
642 4648 697 4695 et
734 4638 970 4693 illustrat
998 4636 1317 4694 Anastasius
1347 4636 1411 4705 fl,
1445 4652 1579 4709 papa
1601 4681 1614 4702 ,
1647 4638 1889 4694 scribens
1919 4637 1989 4692 ad
2015 4639 2069 4701 1)
2095 4631 2353 4702 plebibus
2383 4631 2584 4704 singuli
2634 4633 3026 4691 invenirentur.
3066 4653 3086 4686 ι
3115 4634 3185 4689 Ει
3214 4634 3280 4690 iis
3307 4634 3526 4703 quidem
3565 4636 3691 4692 novi

384 4731 728 4788 Anastasium
755 4732 910 4802 imp.,
941 4747 997 4786 η.
1030 4733 1083 4787 8.
1116 4730 1217 4788 Ubi
1245 4732 1297 4787 in
1325 4740 1665 4788 antecessum
1688 4746 1984 4801 prirmouc-

385 4839 527 4891 mus,
555 4840 715 4895 quam
738 4822 934 4879 frustra
960 4823 1099 4880 idem
1127 4824 1447 4881 Anastasius
1477 4840 1614 4896 papa
1643 4824 1785 4894 apud
1816 4823 1983 4878 llinc-

386 4932 594 4972 marum
616 4958 630 4983 ,
666 4928 797 4971 tom.
826 4932 901 4984 ιι,
932 4932 1053 4989 pag.
1083 4916 1193 4973 278
1214 4959 1227 4981 ,
1269 4918 1439 4974 sacris
1480 4917 1780 4973 canouibus
1811 4924 1866 4971 et
1890 4915 1984 4971 de-

384 5011 547 5069 cretis
586 5009 935 5070 decessorum
978 5026 1084 5069 non
1120 5010 1411 5069 convenire
1451 5019 1612 5086 atque
1649 5007 1983 5067 concordare

384 5104 585 5161 idcirco
615 5105 827 5160 dicatur
848 5146 862 5172 ,
911 5104 1055 5176 quod
1086 5105 1366 5163 ordinatos
1394 5106 1465 5161 ab
1493 5104 1690 5161 Aeaeio
1727 5101 1984 5158 damnato

381 5196 437 5252 in
468 5198 585 5252 suis
612 5195 892 5252 ordinibus
932 5196 1175 5268 recipere
1218 5212 1327 5253 non
1363 5196 1692 5252 detrectaret
1722 5212 1737 5249 :
1768 5208 1891 5248 cum
1920 5192 1984 5247 il-

382 5289 495 5346 lum
526 5303 589 5345 ea
621 5288 679 5344 in
704 5304 800 5356 re.
847 5296 903 5345 et
932 5289 1281 5348 decessorum
1323 5302 1547 5345 suorum
1579 5285 1890 5343 Melcliiadis
1919 5301 1985 5342 ac

382 5378 601 5449 Felicis,
632 5391 686 5439 et
716 5378 968 5440 Afrorum
1017 5381 1255 5443 decretis
1301 5380 1621 5439 obsecutum
1649 5393 1770 5437 esse
1799 5379 1974 5449 ραιέιιιι

382 5472 475 5529 sit.

468 5564 519 5622 9.
573 5566 813 5623 Tertium
863 5569 1053 5623 imitati
1106 5574 1232 5624 sunt
1270 5565 1507 5623 Africani
1562 5565 1819 5638 episcopi,
1881 5581 1978 5637 per

381 5657 695 5732 epistolam,
716 5676 836 5732 qua:
854 5659 1161 5717 collationis
1176 5657 1649 5732 Cartltag.:cognit.
1674 5675 1715 5727 ι,
1735 5673 1857 5732 cap.
1884 5659 1973 5727 16,

377 5752 581 5808 inserta
623 5762 728 5818 est,
774 5767 1003 5823 (litaeque
1050 5750 1191 5822 apud
1220 5752 1573 5822 Augustinum
1597 5762 1774 5809 exstat
1812 5753 1973 5823 epist.

384 5843 512 5914 128,
545 5843 836 5907 Donatistis
860 5844 1216 5916 pollicentes,
1250 5859 1345 5902 eos
1374 5861 1405 5903 a
1431 5861 1489 5903 se
1509 5889 1522 5916 ,
1574 5846 1620 5902 si
1647 5846 1879 5905 convicti
1906 5846 1974 5903 ad

2095 4724 2255 4795 hujus
2288 4727 2698 4794 temperamenti
2725 4736 2852 4782 ante
2884 4726 3254 4781 Arelatensem
3298 4725 3566 4796 synodum
3588 4767 3603 4794 ,
3641 4727 3691 4782 si

2091 4833 2205 4872 rem
2234 4833 2298 4873 ex
2332 4817 2522 4875 ordine
2551 4831 2735 4875 narrat
2758 4819 3005 4890 Optatus,
3026 4820 3137 4889 jam
3158 4819 3484 4895 precluxerat
3503 4836 3694 4878 exem-

2091 4913 2277 4982 plum:
2327 4927 2452 4968 cum
2494 4911 2879 4985 Carthaginem
2937 4914 3085 4969 missi
3138 4913 3249 4970 sint
3284 4913 3586 4971 Eunomius
3634 4924 3692 4971 et

2088 5002 2389 5075 Olympius,
2418 5006 2511 5077 qui
2534 5006 2749 5061 duobus
2772 5005 2899 5062 inde
2912 5006 3129 5074 amotis,
3159 5021 3323 5060 unum
3350 5005 3687 5062 ordinarent.

2165 5100 2255 5154 ll.
2286 5099 2492 5171 Nempe
2509 5100 2736 5172 Optatos
2750 5101 2950 5165 verbis,
2977 5101 3174 5170 quibus
3201 5099 3518 5156 Melcbiadis
3540 5100 3692 5170 judi-

2091 5192 2234 5249 cium
2265 5193 2506 5249 clausum
2531 5203 2637 5260 est,
2666 5195 2851 5250 relatis
2877 5195 3131 5265 proxime
3159 5193 3381 5264 subjicit
3400 5211 3414 5248 :
3434 5211 3453 5246 ι
3479 5192 3695 5250 Sufﬁcit

2093 5302 2222 5357 ergo
2246 5296 2299 5342 et
2320 5289 2585 5343 Donatum
2605 5296 2681 5342 tot
2700 5286 2987 5343 sententiis
3005 5301 3323 5357 percussum
3339 5301 3484 5351 esse,
3511 5286 3693 5343 θεοκ-

2092 5383 2346 5438 cilianum
2369 5393 2517 5438 tanto
2530 5382 2735 5453 judicio
2755 5397 2879 5438 esse
2892 5391 3202 5454 purgatum.
3222 5380 3292 5436 Et
3308 5387 3490 5436 tamen
3512 5381 3691 5436 Dona-

2085 5484 2172 5530 tus
2202 5474 2585 5546 appellandum
2618 5489 2740 5531 esse
2767 5475 2835 5530 ab
2875 5475 3151 5546 episcopis
3182 5473 3436 5530 credidit.
3465 5493 3485 5527 i
3509 5472 3611 5530 Ubi
3639 5473 3688 5529 si

2083 5567 2376 5637 appellatio
2406 5582 2436 5621 a
2464 5565 2777 5622 Melcbiadis
2803 5567 3076 5622 sententia
3109 5565 3405 5633 indicatur,
3437 5564 3506 5622 ad
3529 5579 3686 5620 eam-

2082 5660 2209 5718 dem
2258 5662 2488 5718 attinere
2517 5661 2747 5729 videtur,
2781 5660 2925 5732 quod
2955 5659 3097 5716 idem
3127 5658 3358 5731 Optatos
3380 5657 3686 5716 subnectit:

2092 5773 2111 5808 ί
2144 5754 2227 5811 Ad
2264 5770 2424 5827 qttam
2474 5754 2895 5826 appellationem
2942 5752 3333 5811 Constantinus
3387 5753 3688 5825 imperator

2082 5849 2162 5907 sic
2204 5848 2533 5922 respondit:
2566 5848 2611 5908 o
2642 5848 2829 5908 ianua
2871 5846 3073 5907 tuoin
3117 5849 3373 5908 audacia!
3428 5847 3580 5908 Sicut
3630 5850 3691 5913 in
