3838 6278
116 335 178 402 5⁸1

916 325 1334 398 Μεωιιιιιιις
1370 324 1690 389 JUDICIUM
1728 321 2154 387 ΒΟΝΑΤΙὸΤΕ
2189 319 2576 388 BESPUUN'I.

3325 330 3394 388 '58

118 450 275 510 causis
323 447 617 511 Gentilium
653 446 774 506 ﬁeri
799 447 1025 516 assolet.
1059 447 1480 520 appellationem
1530 447 1698 504 inter-
1721 445 1776 510 Α
1872 446 1962 502 1⁸5.
1993 445 2169 503 Unum
2209 447 2410 516 adhuc,
2440 446 2583 505 unde
2613 443 2896 520 disciplina
2923 445 3290 504 ecclesiastica
3331 446 3397 500 il-

123 551 413 618 posuerunt.
442 540 648 602 Eodem
679 550 928 613 tempore
957 541 1099 598 idem
1130 542 1368 598 Donatus
1399 540 1554 612 petiit
1575 581 1590 607 ,
1640 549 1700 595 ut

117 638 160 697 ci
191 634 375 698 reverti
409 633 650 696 licuisset
673 633 782 705 (ita
811 631 1170 690 ms.Gerntan.
1194 632 1235 706 ),
1267 646 1369 689 nec
1385 632 1451 688 ad
1468 630 1696 688 Cartha-

118 729 278 805 ginem
309 723 614 785 accederet.
642 723 797 784 Tunc
835 739 866 778 a
895 723 1168 784 Filumino
1189 721 1552 794 suffragatore
1570 737 1702 793 sug-

115 829 312 898 gestum
349 827 455 884 est,
486 827 541 873 ut
567 818 714 883 bono
744 817 894 888 pacis
923 815 1246 876 Cacilianns
1274 815 1472 872 Brixia:
1497 815 1704 870 retine-

117 921 251 976 retur
277 927 292 966 :
325 920 379 973 et
401 909 601 972 factum
633 921 739 970 est.
783 909 935 968 Tunc
965 908 1073 966 duo
1099 908 1344 981 episcOpi
1370 907 1439 965 ad
1467 905 1704 964 Africam

116 1006 254 1066 missi
279 1013 443 1076 sunt,
472 1004 777 1062 Eunomius
803 1014 860 1062 et
883 1001 1200 1076 Olympius:
1235 1011 1296 1059 ut
1315 1002 1540 1058 remotis
1566 1000 1708 1057 duo-

114 1101 208 1160 bus
232 1115 400 1158 unum
439 1097 783 1168 ordinarunt.
832 1097 1114 1157 Venerunt
1147 1104 1204 1154 et
1251 1096 1394 1167 apud
1427 1093 1710 1166 Carthagi-

111 1209 262 1254 nem:
294 1192 516 1256 luerunt
534 1209 630 1265 per
649 1191 768 1253 dies
788 1191 862 1252 l0
886 1231 904 1259 ,
929 1200 986 1251 ut
1009 1191 1423 1262 pronuntiarent
1447 1189 1538 1245 ubi
1565 1195 1712 1245 esset

111 1285 397 1348 catholica.
427 1285 542 1347 Hoc
571 1285 829 1344 seditiosa
859 1298 986 1356 pars
1031 1283 1226 1340 Donati
1256 1281 1376 1342 ﬁeri
1413 1295 1570 1354 passa
1603 1293 1711 1335 non

108 1388 210 1440 est.
243 1381 323 1435 De
348 1377 532 1440 studio
558 1378 794 1451 partium
821 1375 1082 1447 strepitus
1111 1375 1419 1446 quntidiani
1463 1382 1590 1431 sunt
1617 1372 1715 1428 lia-

108 1475 227 1536 hiti.
278 1473 587 1534 Novissima
642 1473 914 1534 sententia
977 1473 1298 1530 earumdem
1337 1471 1715 1543 episcoporum

104 1566 370 1624 Eunomii
399 1574 454 1622 et
498 1563 737 1636 Olympii
775 1563 902 1624 talis
949 1563 1166 1636 legitur,
1217 1572 1276 1620 ut
1301 1563 1548 1622 dicerent
1571 1561 1718 1616 illam

103 1673 234 1717 esse
261 1656 614 1727 catholicam,
638 1673 760 1728 quae
781 1666 930 1717 esset
958 1657 1014 1714 in
1039 1668 1155 1718 toto
1179 1658 1314 1714 orbo
1333 1666 1604 1716 terrarum
1624 1697 1638 1722 ,
1665 1663 1723 1711 et

97 1751 441 1810 sententiam
481 1751 672 1810 decem
719 1757 774 1808 et
816 1765 1014 1810 novem
1054 1751 1440 1823 episcoporum
1468 1751 1602 1822 (hoc
1646 1758 1721 1804 est

1804 539 2084 608 lustratur,
2115 543 2259 598 circa
2288 543 2613 598 sententiam
2647 541 2960 599 Melcltiadis
3003 541 3070 602 ab
3097 539 3399 616 Augustino

1803 636 2051 702 superius
2077 634 2371 701 laudatam,
2403 634 2802 700 observandum
2835 643 3002 690 restat
3028 650 3040 686 :
3071 631 3214 714 quod
3251 630 3403 690 vide-

1805 725 1929 780 licet
1957 726 2010 780 in
2034 725 2464 798 quibuscumque
2503 725 2638 782 locis
2675 727 2783 794 duo
2809 733 2994 782 essent
3021 723 3262 799 episCOpi
3285 765 3300 794 ,
3329 723 3406 781 ita

1806 832 1929 873 eum
1956 817 2266 874 conﬁrmari
2301 819 2472 874 voluit
2507 821 2598 891 qui
2650 820 2838 874 luisset
2869 819 3018 900 prior
3047 817 3346 886 ordinatus,
3379 835 3400 870 ι

1810 922 1865 968 ut
1897 921 2072 968 tamen
2108 931 2128 964 ι
2158 913 2312 969 alteri
2337 927 2529 980 eorum
2581 911 2732 984 plebs
2759 913 2865 968 alia
2898 910 3134 984 regenda
3157 909 3410 970 commit-

1811 1014 2039 1062 teretur.
2077 1025 2098 1060 ι
2137 1004 2235 1063 Cui
2262 1005 2474 1078 judicio
2517 1007 2574 1063 in
2629 1005 3041 1078 Carthaginensi
3096 1005 3407 1076 collatione,

1809 1114 1964 1172 cogn.
1995 1117 2033 1168 t,
2062 1115 2185 1173 cap.
2219 1099 2310 1174 16,
2337 1109 2699 1174 congruentes
2713 1099 2849 1167 Atri,
2883 1098 2975 1155 ubi
2995 1113 3102 1156 non
3134 1113 3270 1155 unus
3291 1107 3410 1154 tan-

1813 1201 1946 1259 tum,
1979 1191 2077 1248 sed
2104 1200 2160 1248 et
2179 1193 2339 1248 ambo
2355 1193 2618 1263 episcopi,
2651 1193 2960 1262 postulante
2989 1189 3208 1268 populo,
3237 1203 3414 1245 remo-

1813 1283 1974 1340 vendi
1995 1294 2142 1353 sunt,
2167 1283 2396 1356 singulis
2416 1285 2654 1355 singulas
2676 1284 2942 1344 ecclesias
2961 1281 3277 1343 tribuendas
3293 1293 3416 1338 esse

1815 1378 2132 1435 decernunt.
2185 1379 2310 1436 ldeo
2344 1393 2479 1436 vero
2523 1377 2666 1434 istud
2696 1378 2982 1436 observatu
3009 1377 3228 1452 dignum
3259 1384 3412 1455 puto,

1817 1472 1944 1544 quia
1987 1471 2270 1528 efﬂuxisse
2300 1471 2428 1528 hinc
2466 1472 2680 1530 videtur
2728 1489 2846 1529 mos
2887 1472 3118 1530 subinde
3149 1474 3416 1542 usitatus,

1819 1565 2105 1637 episcOpos
2130 1567 2218 1638 qui
2247 1581 2275 1622 a
2298 1567 2531 1638 prepriis
2559 1567 2805 1644 plebibus
2831 1576 2925 1623 aut
2949 1582 3057 1624 non
3076 1567 3300 1627 admissi
3327 1576 3420 1624 aut

1820 1657 2036 1726 expulsi
2061 1670 2209 1726 sunt,
2257 1658 2324 1714 ad
2363 1659 2496 1716 alias
2547 1659 2807 1716 ecclesias
2853 1655 3231 1716 transferendi.
3288 1657 3420 1715 Inde

1825 1764 1960 1805 sane
2007 1750 2138 1805 nihil
2169 1759 2368 1822 praeter
2397 1752 2670 1824 antiquam
2714 1751 3050 1823 disciplinam
3081 1749 3418 1812 commisisse

105 1841 429 1900 Hekhiadis
453 1850 500 1898 ct
521 1839 826 1912 sociorum),
846 1841 961 1912 jam
984 1841 1191 1900 dudum
1219 1844 1402 1900 datam
1427 1857 1535 1896 non
1560 1853 1721 1912 posse
1750 1846 1799 1910 Β
1825 1843 2284 1914 comprobantur,
2336 1846 2450 1901 sive
2497 1845 2697 1902 Leonis
2751 1845 3007 1902 decessor
3059 1845 3262 1920 Xystus
3309 1845 3378 1902 lli
3401 1885 3418 1913 ,

102 1939 360 2000 dissolvi.
395 1956 416 1992 ι
447 1937 558 1998 Sed
578 1938 998 2009 appellationem
1029 1939 1102 1994 ab
1135 1937 1332 2008 Optato
1359 1938 1566 2004 notari,
1599 1951 1720 2007 quae

104 2035 436 2094 Arelatense
461 2031 754 2090 concilium
795 2032 1011 2103 excepit
1033 2072 1050 2100 ,
1081 2039 1140 2088 et
1165 2031 1232 2088 ad
1269 2031 1357 2098 id,
1405 2031 1550 2102 quod
1601 2039 1721 2102 post.

103 2125 254 2186 idem
292 2124 588 2184 concilium
619 2123 865 2196 contigit,
895 2123 1164 2193 reliquam
1204 2123 1569 2178 narrationem
1599 2136 1724 2193 per-

108 2219 290 2279 tinere
315 2215 448 2276 hinc
492 2215 650 2286 plane
677 2215 836 2272 nobis
872 2225 958 2272 εει
985 2228 1341 2286 persuasum:
1378 2213 1431 2270 l°
1456 2213 1600 2284 quod
1632 2227 1724 2268 su-

107 2312 333 2385 periora
367 2308 708 2370 Constantini
757 2306 960 2374 verba,
1000 2325 1021 2361 ι
1069 2304 1115 2364 0
1157 2305 1340 2362 rabida
1383 2304 1582 2362 furoris
1625 2320 1724 2360 au-

109 2401 307 2463 dacia!
332 2401 488 2460 Sicut
517 2401 570 2460 in
594 2398 775 2458 causis
793 2397 1110 2466 Gentilium,
1132 2408 1261 2464 ete.,
1296 2417 1316 2452 ι
1345 2413 1414 2454 οι
1431 2398 1726 2468 [perato-

112 2495 197 2554 ris
226 2495 400 2567 hujus
425 2494 656 2566 cpistola
681 2493 748 2554 ad
775 2493 1064 2564 episcopos
1089 2493 1181 2563 qui
1202 2490 1426 2548 Arelate
1455 2504 1726 2546 cottveno-

115 2598 246 2646 rant
301 2588 474 2662 (apud
503 2586 656 2655 ω,
682 2597 806 2642 tam.
855 2603 872 2641 ι
907 2584 1136 2651 Εοηείιη
1191 2601 1312 2657 pag.
1371 2585 1534 2652 M31,
1566 2585 1620 2638 ά.
1653 2581 1729 2655 ο.)

117 2681 406 2754 descripta
436 2681 550 2738 sint
577 2697 592 2734 :
625 2679 825 2736 deinde
850 2677 996 2750 quod
1025 2679 1382 2749 Augustinus,
1413 2678 1574 2748 epist.
1621 2677 1729 2744 43,

118 2789 177 2830 ιι.
205 2772 306 2842 30,
337 2771 683 2832 Arelatensis
708 2770 927 2831 concilii
949 2769 1216 2840 judicium
1245 2777 1302 2828 et
1353 2770 1424 2827 ab
1449 2784 1518 2825 eo
1545 2769 1732 2840 appel-

116 2865 418 2934 lationem,
445 2879 659 2926 necnon
687 2878 900 2934 aequam
927 2862 1280 2934 imperatoris
1308 2862 1738 2933 indignationem

118 2963 235 3022 hoc
272 2962 480 3030 ordine
526 2961 898 3033 perstringat:
929 2977 948 3014 ι
1010 2959 1200 3030 Neque
1254 2957 1400 3017 enim
1440 2970 1607 3013 ausus
1657 2964 1740 3012 est

117 3056 472 3116 christianos
499 3057 796 3125 imperator
839 3053 922 3110 sic
961 3066 1153 3110 eorum
1185 3051 1544 3110 tumultuosae
1561 3057 1619 3106 et
1640 3049 1742 3105 lal-

117 3152 275 3210 laces
304 3148 569 3222 querelas
589 3147 892 3218 suscipere,
926 3157 986 3204 ut
1009 3145 1080 3205 de
1102 3144 1308 3218 judicio
1335 3145 1740 3216 episcoporum,

1823 1937 1984 2006 epist.
2040 1937 2110 2006 8,
2167 1951 2291 1992 cum
2341 1935 2659 2009 Perigenem
2712 1935 3062 1994 Patrensibus
3115 1937 3423 1998 ordinatum

1823 2028 2136 2099 episc0pum
2163 2073 2177 2100 ,
2209 2029 2305 2086 scd
2337 2033 2406 2087 ab
2437 2031 2520 2086 liis
2547 2041 2877 2105 recusatum,
2920 2029 3219 2088 Corinthiis
3247 2031 3425 2106 praeli-

1824 2121 2074 2178 ciendum
2101 2125 2312 2178 curavit
2338 2141 2352 2190 ;
2383 2125 2496 2181 sive
2523 2124 2766 2198 ejusdem
2795 2125 2994 2183 Leonis
3022 2141 3312 2188 successor
3339 2126 3426 2184 lli-

1826 2213 2017 2282 larius,
2051 2215 2141 2272 ubi
2169 2217 2426 2286 Hcrmen,
2461 2219 2553 2290 qui
2583 2233 2642 2275 se
2670 2235 2700 2273 a
2728 2218 3130 2278 Biterrensibus
3148 2220 3428 2280 exclusum

1827 2307 2076 2377 dicebat,
2108 2307 2555 2380 Narbonensibus
2601 2325 2836 2382 praeesse
2889 2310 3136 2385 permisit
3174 2311 3193 2386 (
3217 2311 3428 2384 Euan,

1829 2419 1910 2474 ep.
1960 2403 2042 2475 8),
2069 2419 2166 2461 seu
2193 2404 2430 2461 Joannes
2451 2403 2683 2472 111.com
2711 2404 2908 2462 Joanni
2932 2405 3303 2464 Alexandrino
3324 2406 3434 2479 epi-

1832 2513 1998 2568 scopo
2021 2513 2050 2554 c
2077 2501 2294 2572 propria
2321 2500 2596 2562 civitatate
2618 2499 2844 2572 expulso
2865 2498 3128 2556 Nolanam
3147 2499 3433 2559 ecclesiam

1831 2589 2125 2660 regendam
2163 2590 2383 2645 tradidit
2423 2589 2710 2662 (Liberat.,
2741 2607 2787 2654 c.
2816 2587 2929 2662 18).
2958 2589 3034 2644 Ea
3066 2589 3182 2662 ipsa
3225 2591 3436 2654 ratione

1836 2691 2127 2738 excusatur
2159 2699 2374 2754 quoque
2397 2683 2646 2752 migratio
2674 2681 3005 2752 Aprunculi,
3037 2681 3160 2756 qui,
3192 2681 3270 2737 uti
3299 2681 3435 2740 Creo

1839 2775 2022 2845 gorius
2071 2773 2426 2842 Turonensis,
2457 2775 2552 2831 lib.
2581 2791 2620 2830 ιι
2647 2775 2714 2833 de
2744 2775 2926 2832 Gestis
2962 2774 3292 2832 Francorum
3317 2817 3334 2845 ,
3382 2790 3434 2832 c.

1839 2867 1932 2937 25,
1959 2869 2317 2950 etBaronius,
2349 2871 2416 2933 ad
2445 2887 2644 2930 annum
2673 2869 2779 2926 484
2799 2911 2814 2936 ,
2864 2865 3130 2940 referunt,
3170 2889 3189 2922 ι
3237 2869 3440 2944 Lingo-

1843 2964 1979 3020 nicee
2025 2963 2261 3034 civitatis
2310 2966 2618 3041 episcOpus,
2683 2962 2826 3035 apud
2871 2963 3284 3040 Burgundiones
3331 2977 3444 3020 cte-

1843 3059 1922 3129 pit
1948 3058 2133 3114 haberi
2163 3069 2452 3130 suspectus
2481 3077 2494 3113 :
2523 3073 2756 3131 cumque
2783 3057 2968 3116 odium
2997 3057 3069 3116 de
3093 3056 3182 3119 die
3217 3059 3272 3118 in
3299 3057 3444 3117 diem

1845 3159 2154 3217 cresceret,
2182 3151 2390 3220 jussum
2437 3160 2522 3206 est
2559 3160 2618 3212 ut
2647 3151 2784 3208 clam
2813 3149 2994 3230 gladio
3027 3145 3300 3210 feriretur.
3327 3149 3446 3220 Quo

119 3247 216 3319 qui
266 3245 473 3306 Romae
511 3243 790 3309 sederant,
835 3240 1271 3313 ipsojudical'el;
1330 3238 1430 3302 30d
1472 3239 1632 3304 alios.
1682 3244 1744 3292 υι
1770 3237 1818 3308 C
1847 3242 1914 3298 ad
1944 3257 2068 3300 eum
2100 3244 2312 3316 perlato
2343 3247 2552 3312 nuntio,
2579 3253 2739 3308 nocte
2765 3259 2794 3298 a
2822 3254 3002 3305 castro
3019 3241 3330 3308 Divionensi
3352 3257 3449 3314 per

122 3341 264 3408 dixi,
303 3341 606 3412 episcopos
649 3337 826 3405 dedit,
851 3351 881 3392 ιι
912 3336 1110 3408 quibus
1137 3345 1316 3393 tamen
1345 3334 1426 3390 illi
1467 3333 1536 3390 ad
1568 3333 1742 3403 ipsum

120 3452 354 3496 rursum
397 3435 796 3506 imperatorem
839 3445 1144 3503 provocare
1173 3431 1519 3485 maluerunt:
1551 3441 1657 3498 qua
1691 3427 1744 3482 in

113 3547 192 3590 te
216 3532 346 3588 illos
373 3527 835 3602 quenadmodum
871 3527 1172 3583 detestetur
1197 3523 1442 3580 audistis.
1468 3541 1487 3576 ι
1523 3522 1746 3577 Ροιιτθο

121 3637 226 3684 mo
249 3623 411 3695 quod
441 3619 677 3693 Optatos
705 3618 1022 3677 Melchiadis
1065 3626 1122 3675 et
1161 3617 1434 3672 sociorum
1487 3615 1750 3671 adversus

123 3719 422 3778 Donatum
444 3715 766 3774 nolentium
788 3729 895 3769 non
915 3720 974 3768 ut
991 3725 1204 3775 recens,
1227 3708 1396 3764 sedut
1417 3708 1530 3778 jam
1548 3707 1749 3764 dudum

125 3811 420 3884 prolatam
476 3815 884 3868 mmemor-et.
933 3805 1046 3862 Sed
1095 3813 1151 3864 et
1195 3801 1328 3857 illud
1370 3799 1754 3855 observatione

117 3905 390 3974 dignum,
423 3911 491 3959 ιιι
507 3917 631 3958 cum
653 3911 776 3972 post
794 3899 1113 3956 Arelatense
1137 3893 1428 3952 amicitiam
1455 3891 1752 3948 Eunomius

120 4005 182 4056 et
205 3994 516 4068 Olympius
533 3991 916 4062 Carthaginem
955 3988 1022 4048 ad
1050 3985 1324 4046 sedandos
1353 3985 1754 4044 Donatistarum

123 4090 410 4150 tumultus
437 4087 602 4146 missi
629 4084 850 4148 iuerint,
878 4082 1026 4140 nulla
1050 4081 1213 4152 hujus
1231 4078 1452 4139 concilii
1477 4077 1758 4134 mentione

123 4182 276 4246 facta
301 4223 320 4250 ,
385 4198 406 4234 ι
439 4177 772 4236 sementium
799 4175 986 4232 decent
1036 4183 1092 4232 et
1141 4187 1336 4232 novem
1377 4171 1757 4242 episcoporum

125 4272 485 4348 (ﬂclchiade
539 4265 796 4342 praeside)
843 4267 956 4336 jam
995 4265 1196 4323 dudum
1227 4262 1411 4321 datare
1453 4278 1563 4317 non
1595 4275 1758 4332 posse

123 4369 367 4428 dissolvi
407 4388 428 4421 ι
467 4363 892 4438 pronuntiarint.
927 4359 1082 4418 [inde
1127 4359 1202 4426 id,
1249 4357 1400 4430 quod
1437 4353 1764 4425 Carthagine

122 4473 456 4536 nasorum,
513 4475 626 4516 non
670 4469 782 4516 tam
827 4473 894 4513 ex
947 4453 1284 4511 Arelatensis
1321 4451 1570 4517 concilii,
1601 4463 1764 4520 quam

127 4572 200 4615 ex
233 4554 586 4613 Melehiadis
609 4551 874 4608 sententia
899 4548 1134 4619 gessisse
1163 4547 1358 4602 merito
1388 4544 1692 4602 videantur.

1849 3352 2062 3393 murum
2089 3338 2381 3404 demissus,
2405 3341 2682 3401 Arvernos
2701 3337 2942 3408 advenit,
2962 3337 3144 3410 ibique
3155 3337 3312 3410 juxta
3331 3351 3451 3400 ver-

1849 3429 1976 3486 bum
2004 3430 2284 3498 Domini...
2315 3431 2633 3495 undecimus
2657 3433 2814 3494 datur
2838 3432 3151 3506 episcopus.
3185 3449 3206 3484 ι

1852 3571 1882 3644 §
1925 3572 1990 3627 ιτ.
2036 3603 2100 3614 -
2130 3571 2442 3630 κοωιίαάίε
2478 3571 2744 3642 judicium
2791 3569 3080 3627 Donatista
3135 3571 3334 3642 σηιξᾳή
3373 3587 3456 3626 re-

1925 3673 2137 3736 spuunt,
2183 3680 2400 3734 ωιιιᾳιιο
2427 3664 2755 3735 postmodum
2783 3665 3076 3721 traditionis
3099 3663 3346 3720 librorum
3375 3681 3456 3720 re-

1925 3757 2174 3817 centiores
2196 3757 2332 3828 [atto
2357 3765 2622 3813 accusant.

1930 3869 2020 3924 14.
2045 3869 2402 3938 Quantumvis
2453 3867 2734 3924 moderata
2759 3865 2926 3924 fuerit
2963 3865 3285 3925 Melcltiadis
3329 3880 3458 3924 sen-

1860 3962 2026 4018 tentia
2047 4003 2062 4030 ,
2093 3961 2392 4018 Donatistis
2420 3970 2602 4016 tamen
2637 3975 2745 4017 non
2779 3961 2999 4033 placuit.
3041 3960 3112 4018 Hi
3141 3963 3342 4040 quippe
3390 3962 3459 4020 de

1858 4057 2235 4128 episcoporum
2279 4055 2524 4127 judicio,
2578 4055 2632 4111 in
2679 4069 2790 4128 quo
2836 4056 2964 4112 victi
2993 4055 3229 4126 fuerant,
3277 4056 3460 4112 Statim

1861 4163 2239 4218 murmurare,
2271 4162 2435 4223 atque
2465 4149 2720 4221 precibus
2754 4147 3114 4206 Constantino
3143 4149 3338 4206 oblatis
3363 4165 3462 4206 ex-

1866 4245 2142 4316 postulare
2167 4252 2470 4315 ceeperunt.
2503 4245 2584 4300 lin
2614 4243 2733 4300 huic
2758 4257 2948 4300 eorum
2973 4242 3334 4322 expostulatio
3365 4259 3464 4313 ap-

1865 4340 2172 4410 pellationis
2197 4340 2418 4396 nomine
2444 4338 2694 4396 donanda
2712 4341 2805 4409 sit,
2825 4353 3018 4405 necne,
3049 4339 3196 4395 inter
3221 4337 3465 4394 eruditos

1867 4432 2218 4504 disceptatur.
2256 4433 2403 4488 inter
2441 4446 2540 4489 eos
2568 4442 2747 4488 tamen
2797 4431 3051 4488 convenit
3091 4431 3468 4486 sehismaticis

1869 4527 1993 4584 illos
2035 4527 2348 4584 Mclcltiadis
2381 4527 2586 4598 judicio
2633 4541 2743 4584 non
2767 4527 3004 4590 stetisse,
3029 4525 3243 4600 judices
3271 4523 3406 4578 alios
3437 4541 3471 4580 a

205 4650 302 4706 η,
343 4649 478 4706 uno
501 4645 675 4704 verbo
702 4615 1032 4700 W05
1047 4655 1110 4696 αα
1127 4638 1430 4704 gemeam,
1461 4651 1622 4708 9mm
1645 4635 1763 4691 tau.
1790 4637 1846 4704 Ῑ)
1870 4619 2226 4677 Constantino
2257 4620 2550 4692 ﬂagitasse,
2596 4619 2759 4690 idque
2805 4618 2871 4673 ab
2909 4616 3018 4672 illis
3064 4617 3247 4689 inique
3301 4615 3472 4675 fuisse

125 4743 224 4804 dat
251 4742 654 4816 Augustinus,
684 4737 911 4795 unitatis
950 4733 1312 4792 resarcieudte
1341 4734 1482 4790 riam
1513 4745 1776 4804 prsimon-

127 4841 335 4896 stravit
371 4856 388 4892 :
427 4835 584 4892 adeo
615 4841 674 4889 ut
703 4831 952 4890 diversos
998 4828 1128 4886 illos
1169 4826 1385 4892 modos,
1417 4825 1614 4897 quibus
1659 4823 1775 4881 Afri

125 4931 406 4992 catholici
457 4927 854 4986 schismaticos
880 4923 988 4981 sibi
1014 4921 1313 4979 conciliare
1338 4929 1396 4977 et
1441 4920 1512 4978 ad
1558 4933 1780 4975 concor.

127 5027 288 5088 diam
309 5037 624 5088 revocare,
644 5020 759 5078 sive
777 5019 829 5075 in
843 5017 1156 5082 collatione,
1179 5015 1295 5070 sive
1309 5022 1456 5082 ante,
1481 5020 1778 5081 tentarunt,

129 5127 410 5193 spectare
457 5119 634 5174 liceat
659 5113 831 5171 veluti
857 5114 1106 5170 diversos
1148 5107 1326 5166 aditus
1371 5107 1611 5179 paciﬁca:
1661 5106 1780 5178 ejus

130 5214 264 5280 vita,
300 5227 484 5284 qua
516 5206 856 5265 Melebiades
875 5205 985 5261 illis
1007 5210 1316 5275 aperuerat.
1334 5201 1457 5272 Ipse
1483 5199 1700 5256 clericis
1725 5207 1781 5255 et

132 5309 434 5384 episcopis
453 5323 488 5364 a
515 5305 818 5362 schismate
843 5299 1222 5358 recedentibus
1244 5297 1445 5370 gradus
1470 5303 1525 5352 et
1547 5295 1782 5352 honores

133 5420 276 5462 suos
321 5419 429 5474 per
462 5396 866 5469 indulgentiam
922 5390 1212 5457 servando,
1263 5389 1642 5462 gravissimum
1689 5400 1779 5442 re-

134 5492 480 5554 staurandae
509 5491 666 5562 pacis
687 5485 917 5543 removit
939 5481 1404 5554 impedimentum.
1425 5476 1627 5538 Deinde
1653 5489 1784 5555 rem

133 5591 262 5650 Arri
296 5600 510 5660 pacem
549 5582 652 5639 bac
674 5581 760 5640 via
795 5577 1002 5644 initam,
1039 5575 1206 5631 variis
1235 5571 1433 5637 modis,
1461 5568 1551 5642 qui
1579 5567 1647 5626 ab
1692 5567 1784 5622 illa

134 5700 255 5743 non
293 5677 678 5740 recedebant,
721 5678 1124 5742 coagmentare,
1153 5675 1314 5738 prout
1361 5672 1576 5732 tempus
1605 5675 1787 5732 cinge-

134 5780 278 5849 δεῖ,
307 5772 692 5832 studuerunt.
729 5765 850 5834 Qua
896 5761 966 5820 de
1009 5776 1070 5818 re
1098 5758 1220 5816 vide
1243 5765 1300 5814 et
1323 5752 1582 5812 (iudicem
1619 5765 1786 5809 cano-

137 5886 280 5936 num
314 5866 470 5928 ccci.
509 5859 716 5932 Atrio,
749 5873 800 5918 c.
827 5857 931 5916 117
959 5864 1014 5914 et
1042 5853 1166 5914 118.

1877 4717 2226 4786 postulatum.
2251 4713 2632 4769 Dbtendebant
2649 4710 2924 4775 nimirum,
2960 4725 3160 4782 paucos
3179 4710 3472 4768 admodum

1877 4811 2166 4882 episcopos
2195 4809 2519 4865 sententiam
2559 4806 2768 4873 tulisse,
2795 4807 2908 4878 {qui
2947 4819 3047 4862 nec
3074 4805 3324 4862 omnibus
3353 4820 3476 4876 qua:

1879 4905 2029 4976 prius
2059 4903 2256 4974 inquiri
2281 4901 2568 4972 oportebat
2595 4899 2885 4972 diligenter
2906 4900 3170 4967 excussis,
3195 4899 3262 4955 ad
3277 4898 3475 4969 depro-

1883 4996 2140 5054 mendum
2181 4996 2444 5068 judicium
2489 5003 2852 5066 properanter
2898 4993 3277 5050 accessissent.
3327 4990 3481 5050 Hanc

1882 5105 2050 5147 unam
2093 5091 2362 5146 rationem
2391 5087 2468 5143 illi
2506 5095 2635 5144 tunc
2683 5086 3075 5158 praetexebant,
3115 5095 3175 5141 ut
3221 5083 3480 5139 Romanae

1883 5183 2078 5256 synodi
2107 5181 2372 5252 judicium
2417 5179 2834 5237 detrectarent:
2881 5194 2983 5236 nec
3012 5177 3172 5232 aliam
3216 5182 3485 5232 memorat

1883 5275 2272 5332 Constantinus
2293 5274 2346 5329 in
2369 5289 2434 5330 ea
2457 5274 2708 5344 epistola,
2733 5285 2838 5344 qua
2859 5271 3122 5343 plurimos
3147 5283 3214 5325 ex
3246 5266 3480 5324 diversis

1885 5385 1949 5426 ac
1978 5383 2144 5442 prope
2167 5367 2392 5424 inﬁnitis
2425 5367 2563 5424 locis
2590 5367 2876 5438 episcopos
2903 5365 2954 5420 in
2987 5363 3176 5419 urbem
3201 5359 3479 5417 Arelaten-

1885 5481 2004 5523 sem
2034 5463 2327 5520 eenvenire
2353 5461 2598 5535 ejusdem
2649 5475 2830 5516 causae
2859 5457 3114 5515 ﬁniendae
3143 5455 3312 5529 gratia
3343 5467 3484 5524 pra:-

1887 5558 2124 5632 cipiebat
2152 5555 2416 5630 (Augure.
2449 5555 2599 5626 epist.
2623 5552 2748 5620 105,
2780 5569 2834 5608 η.
2857 5550 2914 5616 8;
2947 5551 3150 5623 0pm.,
3179 5543 3483 5610 tib.t;Con-

1889 5653 2164 5725 σιαιιιὺιιιο,
2189 5649 2332 5722 apud
2359 5647 2547 5704 Euseb.
2580 5647 2617 5701 ι.
2667 5661 2725 5712 ι,
2767 5662 2816 5701 ε.
2845 5643 2922 5715 8).
2957 5643 3037 5698 Et
3082 5653 3189 5713 quo
3215 5637 3488 5710 colligitur

1892 5744 2190 5806 Donatistis
2220 5756 2326 5800 non
2359 5739 2540 5798 solum
2567 5745 2697 5795 ante
2717 5735 3012 5794 coan
3039 5734 3366 5801 Romanum,
3392 5731 3490 5788 sed

1895 5850 1952 5902 et
1981 5848 2142 5915 post,
2173 5845 2289 5897 toto
2330 5832 2540 5894 scilicet
2585 5829 2871 5888 intervallo
2899 5827 2994 5884 illo
3035 5824 3182 5902 quod
3221 5825 3362 5884 inter
3387 5827 3491 5885 hoc
