3838 6278
356 358 426 415 59
1195 353 1289 412 DE
1325 350 1663 411 DECRETIS
1701 345 1956 405 MELCHI
1969 343 2085 404 ADI
2123 345 2325 404 ΡΑΡᾹΞ
2364 349 2793 407 ATTRIBUTIS.
3590 341 3663 396 ω

356 482 517 545 atque
539 470 852 529 Arelatense
876 468 1162 526 concilium
1186 468 1529 533 intercessit,
1582 465 1803 520 minime
1847 478 1945 519 ve-
1978 464 2504 532 Aquemadmodum
2557 466 2696 521 inter
2740 461 3016 535 apostolos
3060 461 3169 517 duo
3210 459 3399 518 Jacobi
3446 458 3664 529 duoque

359 567 505 623 uisse
532 566 585 620 in
612 574 870 629 mentem,
914 574 971 617 ut
997 561 1348 617 Melchiadem
1376 561 1603 616 crimine
1647 558 1951 614 traditionis

358 673 634 715 sacrorum
668 657 924 713 librorum
956 664 1270 726 arguerent.

2056 554 2241 623 Judac,
2295 566 2350 612 et
2396 556 2539 626 apud
2586 556 2735 626 ipsos
2762 555 3139 611 schismaticos
3172 554 3280 611 duo
3310 554 3527 618 Donati,
3552 551 3661 607 Ca-

2057 651 2232 705 seusis
2274 661 2325 705 et
2371 649 2845 721 Carthaginiensis;
2874 650 2944 704 ita
2975 661 3030 705 et
3057 649 3201 705 inter
3232 648 3510 703 Romanos
3534 644 3658 701 dia-

357 751 406 822 εἶ
440 749 519 806 15.
541 747 598 803 id
620 762 750 803 vero
776 745 1116 817 postmodum
1138 747 1453 810 commenti,
1482 742 1953 799 noulilelcbiadem
2057 759 2222 799 conos
2247 743 2353 798 duo
2391 742 2671 799 Stratones
2709 743 2869 798 simul
2921 743 3223 800 exstiterint
3246 742 3430 815 (Aug.,
3461 739 3666 796 Brevia.

357 842 572 906 solum,
625 838 720 895 sed
775 840 937 895 etiam
986 837 1395 902 Marcellinum,
1446 836 1760 892 Marcellum
1795 845 1958 905 atque
2060 838 2162 890 diei
2209 838 2411 891 territa:
2452 837 2627 891 collat.
2678 853 2793 891 cum
2839 834 3055 903 Donat.,
3110 852 3228 907 cap.
3282 836 3383 899 18,
3440 851 3493 889 n.
3544 832 3666 905 54).

358 933 681 991 Silvestrum
710 931 950 1002 ejusdem
980 929 1228 986 criminis
1256 930 1620 1000 postularunt.
1655 929 1737 984 Ex
1756 928 1875 999 'quo
1906 937 1961 982 et

2068 950 2087 982 ι
2125 931 2260 986 Illud
2309 947 2525 1003 quoque
2573 930 2814 987 additum
2861 938 2946 984 est
2995 945 3025 984 a
3053 927 3373 992 Catholicis,
3408 925 3535 998 quia
3560 923 3673 982 etsi

361 1026 499 1083 hanc
527 1025 854 1082 calumniam
883 1023 953 1078 ab
980 1022 1061 1077 eis
1086 1031 1211 1077 ante
1238 1020 1487 1076 Silvestri
1521 1036 1671 1091 papae
1717 1030 1960 1089 tempora
2064 1023 2556 1089 demonstraretur,
2586 1022 2728 1095 quod
2777 1022 3003 1077 omnino
3031 1036 3139 1076 non
3167 1019 3672 1087 demonstrabatur,

361 1120 718 1192 excogitatam
772 1133 878 1173 non
929 1116 1097 1173 fuisse
1142 1116 1287 1171 haud
1343 1126 1549 1171 temere
1600 1115 1961 1184 su5picemur.

361 1212 616 1281 Quamvis
666 1210 811 1265 enim
863 1210 965 1264 hoc
1010 1208 1163 1264 nefas
1209 1224 1243 1263 a
1280 1208 1535 1264 Marcello
1568 1250 1583 1274 ,
1643 1204 1963 1271 Mclchiade,

364 1307 649 1370 Silvestro,
682 1319 804 1359 cum
851 1302 1027 1358 adhuc
1055 1302 1351 1358 Marcellini
1400 1300 1703 1373 presbyteri
1759 1307 1961 1365 essent,

2067 1117 2315 1173 eumdem
2333 1116 2639 1172 Stratonem
2656 1115 2942 1171 diaconum
2961 1112 3267 1182 tradidisse,
3293 1127 3453 1184 quem
3482 1119 3675 1183 postea

2068 1211 2395 1267 Melcbiades
2422 1210 2489 1266 ad
2518 1209 2832 1281 recipienda
2859 1209 2978 1265 loca
3007 1207 3371 1265 ecclesiastica
3402 1223 3525 1264 cum
3550 1206 3680 1263 aliis

2071 1307 2314 1361 diaconis
2343 1306 2511 1372 misit,
2543 1320 2649 1360 non
2680 1305 2941 1359 continuo
2969 1302 3322 1359 Melchiadem
3353 1303 3461 1357 isto
3490 1300 3681 1357 crimi-

364 1404 735 1471 perpelratum
768 1393 936 1450 fuisse
966 1393 1208 1450 dixerint
1238 1411 1250 1445 :
1279 1409 1441 1449 nemo
1474 1402 1652 1447 tamen
1682 1405 1790 1445 non
1824 1388 1972 1445 videt
2074 1414 2141 1454 ne
2189 1398 2470 1469 adspergi,
2518 1412 2678 1470 quem
2725 1396 2901 1467 potuit
2953 1394 3260 1466 persecutio
3307 1394 3465 1466 longe
3493 1393 3683 1450 facere

366 1492 469 1546 huc
495 1504 612 1558 eos,
663 1498 720 1544 ut
764 1486 1079 1558 apostolica:
1110 1485 1225 1540 sedi
1270 1483 1453 1539 odium
1500 1497 1662 1553 atque
1713 1480 1969 1536 invidiam
2073 1491 2376 1554 absentem,
2429 1499 2488 1544 ιιι
2541 1490 2645 1544 huc
2692 1488 2916 1543 οηιηίιιο
2944 1488 3220 1553 nesciret,
3252 1500 3485 1557 eumque
3515 1485 3684 1541 ίηηο-

366 1586 637 1647 facerent,
666 1579 894 1649 ejusque
940 1577 1203 1633 adversus
1231 1592 1292 1632 se
1318 1575 1696 1632 auctoritatem
1728 1572 1972 1628 declina-
2075 1593 2289 1639 ευηιεηι
2317 1591 2534 1654 putare;
2557 1624 2571 1646 ,
2604 1596 2765 1653 quem
2796 1595 2958 1637 nemo
2982 1594 3136 1636 reum
3182 1577 3487 1635 accusando
3514 1592 3688 1635 ωοη-

368 1683 527 1739 rent,
578 1670 949 1741 excogitasse;
980 1669 1226 1739 adeoque
1252 1677 1308 1723 et
1328 1677 1614 1738 postquam
1662 1664 1969 1729 Marcellus,

371 1764 700 1823 Mclcbiades
724 1778 789 1819 ac
820 1763 1083 1818 Silvester
1107 1760 1355 1831 ejusdem
1400 1760 1545 1815 sedis
1588 1759 1851 1830 dignitate
1878 1757 1975 1812 de-

371 1862 541 1917 corati
564 1860 676 1929 jam
703 1858 952 1914 fuissent.

457 1954 539 2009 l6.
589 1952 758 2007 Immo
779 1967 842 2005 ex
868 1949 1151 2022 Augustini
1184 1948 1364 2004 verbis
1394 1947 1445 2002 in
1477 1946 1759 2002 breviculo
1809 1946 1977 2003 colla-

375 2047 537 2103 tionis
566 2061 687 2102 cum
726 2045 1039 2110 Donatistis,
1059 2058 1180 2113 cap.
1204 2041 1292 2107 18,
1316 2042 1652 2111 intelligitur,
1676 2038 1980 2093 Donatistas

375 2143 426 2198 in
498 2140 787 2197 collatione
858 2136 1273 2207 Carthaginensi
1328 2134 1558 2205 primum
1619 2132 1671 2188 id
1730 2130 1975 2187 criminis

376 2232 659 2291 Mclchiadi
713 2230 1054 2301 imposuisse.
1094 2247 1114 2278 ι
1144 2228 1276 2284 Cum
1306 2227 1450 2282 enim
1495 2242 1587 2280 eos
1630 2223 1983 2293 compulisset

377 2329 657 2400 Cognitor,
690 2346 708 2378 ι
748 2326 921 2393 inquit
948 2323 1307 2394 Augustinus,
1347 2340 1365 2371 ι
1398 2331 1453 2375 ιιι
1478 2330 1662 2375 contra
1692 2318 1980 2374 concilium

373 2421 742 2493 judiciumque
794 2416 1137 2483 Melcbiadis,
1192 2429 1299 2486 quo
1352 2413 1673 2471 Cmciliauus
1726 2419 1982 2480 purgatus

378 2525 540 2586 atque
572 2512 854 2568 absolutus
883 2510 1179 2581 legebatur,
1207 2508 1251 2562 si
1285 2505 1547 2561 haberent
1574 2502 1797 2574 aliquid,
1828 2501 1980 2557 dice-

379 2619 540 2673 rent;
593 2617 719 2663 tunc
764 2606 1056 2661 Donatistae
1089 2603 1265 2673 ipsum
1297 2598 1655 2656 Melchiadem
1700 2608 1986 2667 ceperunt

380 2702 685 2760 traditionis
710 2715 959 2771 arguere,
983 2706 1038 2754 et
1060 2698 1243 2753 dicere
1272 2694 1508 2766 majores
1537 2705 1666 2748 suos
1690 2697 1981 2762 propterea

380 2797 531 2854 illius
554 2796 816 2867 judicium
845 2794 1130 2864 refugisse.
1164 2812 1183 2845 ι
1214 2790 1362 2845 Istud
1390 2788 1727 2843 affirmantes
1759 2783 1984 2841 menda-

380 2892 449 2946 cii
473 2889 796 2947 convincere
822 2886 1043 2942 diflicile
1074 2884 1364 2941 admodum
1394 2898 1501 2936 non
1526 2890 1644 2937 erat
1669 2895 1684 2933 :
1715 2878 1981 2949 siquidem

384 2985 619 3055 majores
688 2982 907 3037 illorum
964 2977 1278 3035 Melcbiadis
1323 2975 1527 3046 judicio
1575 2984 1721 3030 stare
1772 2972 1986 3027 detrec-

391 3088 586 3145 tantes,
640 3076 773 3132 nihil
822 3088 1074 3145 umquam
1131 3070 1441 3142 hujusmodi
1495 3069 1548 3123 in
1596 3065 1846 3138 precibus
1874 3063 1987 3119 suis

386 3172 739 3244 prmtexuisse
786 3166 1293 3238 deprehenduntur.
1345 3163 1546 3219 Verum
1578 3162 1700 3233 quia
1735 3175 1848 3215 rem
1877 3172 1982 3212 non

388 3229 664 3337 flognitori
715 3229 913 3329 solum,
963 3259 1060 3316 sed
1109 3269 1164 3315 et
1212 3259 1344 3330 ipsis
1372 3229 1666 3313 Catholicis
1691 3253 1983 3309 inauditam
2011 3229 2059 3293 Ο

385 3357 740 3427 objiciebant;
774 3356 893 3410 ideo
929 3371 948 3405 ι
980 3351 1123 3407 facto
1151 3351 1334 3421 judice
1366 3351 1595 3415 intento,
1630 3358 1884 3402 utrumne
1918 3344 1986 3398 de

392 3451 697 3508 traditionis
746 3448 974 3504 crimine
1017 3445 1234 3516 aliquod
1279 3443 1540 3516 judicium
1589 3441 1670 3496 vel
1712 3439 1984 3511 publicum

389 3547 473 3604 vel
502 3544 932 3603 ecclesiasticum
958 3541 1315 3613 proferretur,
1349 3538 1588 3610 ipsisque
1614 3532 1907 3591 Catltolicis
1934 3530 1988 3585 id

389 3650 447 3695 ut
495 3640 817 3712 probaretur
845 3633 1284 3706 exspectantibus
1330 3642 1384 3689 et
1427 3629 1806 3702 exigentibus,
1842 3628 1988 3697 lege-

389 3743 517 3789 runt
565 3732 864 3789 Donatista:
914 3738 1064 3799 gesta
1118 3728 1361 3800 quaedam
1422 3724 1787 3797 prolixissima
1846 3719 1989 3791 apud

388 3826 705 3899 praefectum
732 3864 747 3890 ,
786 3822 875 3877 ubi
906 3837 1006 3877 nec
1036 3820 1323 3891 praefectus
1367 3818 1482 3891 ipse
1511 3814 1817 3888 cujusmodi
1844 3820 1991 3868 esset

391 3920 706 3992 apparebat,
738 3933 838 3975 nec
883 3918 1035 3973 locus
1075 3916 1354 3987 legebatur
1381 3912 1469 3967 ubi
1500 3910 1616 3965 haec
1644 3907 1941 3978 agebantur
1972 3921 1986 3957 :

390 4014 484 4069 sed
531 4021 685 4085 gesta
731 4012 848 4082 ipsa
894 4010 1093 4065 multos
1123 4007 1289 4063 multa
1318 4001 1686 4061 ecclesiastica
1715 3998 1992 4053 tradentes

391 4107 703 4179 longissima
750 4104 1068 4161 recitatione
1114 4107 1458 4163 sonuerunt,
1489 4094 1580 4151 ubi
1629 4108 1825 4148 nomen
1859 4090 1990 4145 Mel-

389 4197 599 4254 cbiadis
628 4198 851 4254 omnino
879 4212 984 4252 non
1008 4194 1210 4251 sonuit.
1242 4191 1448 4261 Quibus
1471 4186 1705 4259 peractis
1724 4227 1739 4252 ,
1776 4204 1795 4237 ›
1829 4183 1991 4238 mira—

388 4305 472 4349 tus
502 4301 586 4350 est
619 4311 638 4344 ι
673 4292 932 4362 Cognitor
961 4288 1109 4346 aliud
1135 4287 1458 4359 promissum
1486 4324 1502 4351 ,
1534 4290 1589 4337 et
1618 4278 1763 4334 aliud
1791 4277 1989 4333 recita-

390 4400 523 4445 tum.
562 4407 583 4441 ι
633 4385 841 4442 Exinde
891 4384 1187 4440 recitarunt
1215 4380 1319 4435 alia
1348 4387 1521 4449 gesta,
1552 4375 1607 4429 in
1639 4371 1832 4443 quibus
1862 4368 1991 4425 Mel-

392 4481 616 4539 cbiades
656 4479 937 4551 legebatur
965 4476 1223 4531 diaconos
1250 4473 1557 4528 Stratonem
1586 4476 1642 4524 et
1669 4466 1988 4521 Cassianum

391 4577 626 4642 misisse,
679 4584 738 4629 ut
785 4574 900 4628 loca
950 4568 1272 4627 Christianis
1306 4576 1546 4637 tempore
1594 4559 1989 4633 persecutionis

390 4672 566 4726 ablata
611 4669 771 4740 jussu
821 4663 1167 4736 imperatoris
1210 4662 1533 4731 reciperent.
1580 4674 1599 4709 ι
1633 4654 1701 4710 Ει
1739 4668 1861 4710 cum
1903 4651 1990 4707 his

394 4776 608 4833 quoque
633 4758 802 4832 gestis
824 4757 1034 4812 nullum
1066 4751 1375 4809 Melchiadis
1401 4752 1609 4806 crimen
1636 4756 1690 4803 et
1714 4743 1988 4815 Cognitori

395 4867 450 4910 et
475 4850 771 4909 Catholicis
795 4847 1169 4905 defensoribus
1202 4852 1509 4917 appareret,
1539 4841 1793 4897 dixerunt
1814 4837 1986 4891 Dona-

397 4952 538 5006 tisttn
561 4989 577 5015 ,
611 4947 919 5004 Stratonem
947 4943 1232 4999 diaconum
1254 4983 1270 5009 ,
1310 4954 1471 5012 quem
1504 4952 1627 4993 cum
1658 4933 1780 4989 aliis
1808 4930 1875 4985 ad
1901 4944 1992 4985 re-

396 5042 646 5116 cipienda
726 5040 844 5096 loca
920 5036 1283 5095 ecclesiastica
1367 5035 1629 5100 miserat,
1704 5024 1995 5098 superiori-

395 5138 496 5193 bus
544 5133 709 5207 gestis
762 5132 1046 5188 recitatum
1098 5143 1220 5186 esse
1272 5126 1627 5183 traditorem:
1671 5121 1875 5179 etideo
1903 5132 1996 5172 vo-

398 5231 581 5287 lebant
607 5227 767 5283 etiam
794 5225 1142 5283 Melchiadem
1186 5224 1412 5279 crimine
1443 5217 1748 5276 traditionis
1776 5213 1998 5283 adsper-

399 5339 556 5397 gere,
585 5319 728 5393 quod
754 5318 986 5375 diacono
1017 5319 1112 5374 illo
1162 5334 1268 5373 non
1322 5311 1618 5384 degradato
1666 5314 1931 5362 uteretur.
1970 5322 1991 5357 ι

403 5419 473 5474 At
525 5414 698 5488 rogati
754 5432 774 5466 ‹
804 5423 982 5469 utrum
1030 5412 1218 5467 saltem
1261 5410 1315 5466 in
1365 5405 1472 5460 illis
1503 5398 1806 5457 traditionis
1834 5397 2000 5468 gestis

405 5519 551 5568 esset
571 5524 913 5581 expressum,
941 5505 1088 5578 quod
1116 5506 1336 5561 Straton
1365 5500 1624 5555 diaconus
1654 5493 1835 5560 fuerit,
1873 5512 1892 5544 ι
1930 5505 2000 5547 ne

407 5604 459 5659 id
488 5603 702 5675 quidem
722 5603 949 5673 probare
977 5599 1285 5653 valuerunt.
1318 5586 1742 5660 Respondebant
1769 5592 1999 5656 prmtcr-

406 5716 471 5757 ca
518 5696 793 5763 catholici,
842 5692 1054 5751 etiamsi
1099 5691 1316 5746 Straton
1344 5683 1587 5748 Ztraditor
1610 5680 1872 5736 diaconus
1899 5692 1998 5748 ap-

407 5794 663 5867 pellatus‘,
692 5791 904 5857 fuisset,
956 5803 1068 5844 non
1116 5785 1243 5843 inde
1290 5781 1480 5855 sequi,
1532 5788 1593 5836 ut
1630 5779 1676 5834 is
1700 5774 1866 5832 fuerit
1891 5787 2001 5847 quo

408 5894 596 5963 postea
625 5881 955 5947 Melchiades
981 5895 1113 5940 usus
1131 5888 1254 5937 est:
1300 5892 1422 5936 cum
1467 5872 1583 5931 ﬁeri
1631 5868 1908 5944 potuerit,
1941 5875 2003 5926 ut

2016 4630 2071 4689 D

2076 1685 2296 1732 straret.
2332 1696 2351 1728 ι
2387 1674 2577 1748 (lbid.,
2606 1691 2662 1728 η.
2686 1671 2803 1745 55.)
2860 1673 3143 1729 Postremo
3178 1685 3303 1728 cum
3352 1669 3421 1725 ad
3467 1670 3688 1726 calum-

2079 1773 2285 1825 niosam
2316 1766 2628 1824 Melchiadis
2681 1765 3113 1822 criminationem
3142 1764 3324 1821 redire
3352 1771 3690 1820 conarentur

2001 1848 2052 1908 Β
2082 1857 2708 1930 Donastitm,Cognitoris
2723 1857 3135 1913 interlocutione
3145 1856 3286 1914 abea
3300 1866 3423 1912 sunt
3434 1853 3680 1927 depulsi.

2160 1956 2245 2009 I7.
2302 1952 2486 2022 Neque
2537 1960 2715 2005 tamen
2756 1958 3043 2021 propterea
3073 1950 3414 2021 quieverunt.
3463 1948 3598 2005 Nam
3628 1957 3693 2005 et

2086 2055 2205 2116 post
2254 2044 2596 2102 collationem
2638 2040 3119 2114 Carthaginensem
3166 2042 3294 2098 inde
3323 2039 3690 2098 Melchiadem

2083 2136 2452 2195 calumniandi
2497 2150 2683 2191 ansam
2736 2138 3104 2205 arripuerunt,
3135 2134 3276 2205 quod
3306 2131 3550 2189 Cassiani
3582 2146 3691 2189 noe

2085 2249 2209 2287 men
2239 2240 2294 2287 et
2324 2231 2376 2285 in
2404 2228 2649 2284 diaconis
2678 2228 2849 2298 ipsius
2871 2267 2888 2294 ,
2916 2237 2972 2283 et
2996 2228 3050 2283 in
3080 2228 3187 2283 illis
3215 2226 3382 2298 gestis
3422 2225 3513 2283 ubi
3544 2225 3689 2281 facta

2086 2325 2302 2381 traditio
2344 2324 2567 2379 recitata
2598 2329 2715 2390 est,
2747 2320 3122 2392 reperiebatur
3148 2317 3449 2392 (Augustin.
3475 2316 3687 2374 Brevia.

2084 2420 2232 2485 coll.,
2285 2436 2340 2473 η.
2382 2418 2496 2490 36).
2545 2415 2652 2473 Sed
2700 2416 2817 2471 haec
2869 2414 3266 2470 Donatistarum
3297 2410 3591 2484 pertinacia
3626 2421 3691 2468 et

2085 2516 2218 2572 varii
2246 2523 2473 2571 conatus
2501 2524 2561 2569 ut
2585 2528 2750 2568 unum
2778 2511 3106 2567 infamarent
3133 2507 3487 2566 Melcbiadem
3512 2550 3527 2575 ,
3557 2521 3690 2565 cum

2085 2610 2298 2665 caneris
2342 2616 2631 2679 parcerent
2660 2604 2891 2661 Romani
2919 2603 3133 2660 concilii
3177 2600 3479 2673 judicibus,
3521 2615 3694 2672 argu-

2086 2713 2271 2760 mento
2315 2710 2471 2767 sunt,
2523 2715 2683 2771 quam
2710 2711 2931 2769 gravem
2955 2710 3223 2767 quamque
3252 2694 3353 2751 sibi
3385 2693 3690 2750 incommo-

2085 2797 2210 2854 dam
2237 2796 2502 2853 sentirent
2530 2793 2677 2849 illius
2706 2792 3103 2848 auctoritatem.
3136 2787 3325 2860 Neque
3350 2786 3497 2843 aliud
3524 2784 3693 2857 quid-

2085 2909 2250 2966 quam
2276 2902 2355 2947 tot
2380 2901 2598 2962 tamque
2628 2886 2828 2958 iniquis
2853 2882 3220 2940 molitionibus
3249 2880 3547 2954 profecere,
3580 2878 3691 2936 nisi

2087 2998 2145 3043 ut
2180 2983 2490 3042 Melcbiadis
2535 2979 2958 3037 moderationem
2978 3020 2994 3044 ,
3026 2975 3335 3047 aequitatem
3357 3016 3373 3043 ,
3405 2972 3693 3045 integrita-

2087 3091 2195 3138 tem
2221 3090 2383 3151 atque
2411 3076 2775 3134 innocentiam
2800 3073 2926 3128 vita:
2954 3068 3339 3142 patefacerent.
3390 3067 3498 3123 Eos
3541 3066 3692 3123 enim

2091 3175 2235 3248 quod
2287 3174 2341 3230 in
2392 3173 2511 3243 ipso
2563 3164 3024 3240 reprehenderent
3052 3174 3269 3233 prorsus
3293 3157 3551 3216 defecerit
3591 3173 3696 3215 ne-

2092 3284 2246 3325 cesse
2269 3275 2374 3333 est,
2396 3266 2486 3336 qui
2512 3261 2837 3320 calumniam
2859 3258 2907 3314 ei
2939 3255 3299 3325 undequaque
3319 3260 3532 3309 struere
3557 3264 3694 3306 con-

2092 3362 2327 3418 nitentes
2350 3401 2366 3426 ,
2398 3358 2543 3413 illius
2572 3353 2910 3411 occasionem
2959 3349 3015 3404 in
3063 3346 3305 3402 diaconis
3335 3344 3503 3415 ipsius
3526 3385 3543 3412 ,
3586 3356 3691 3400 seu

2092 3456 2269 3527 potius
2316 3452 2370 3506 in
2418 3445 2861 3505 similitudinibus
2911 3441 3187 3502 nominum
3233 3436 3476 3494 diaconis
3520 3436 3696 3508 ipsius

2092 3542 2491 3608 communium,
2518 3552 2765 3610 quaerere
2810 3534 2984 3591 coacti
3014 3540 3159 3587 sunt.
3192 3528 3300 3601 Ipsi
3326 3543 3457 3584 vero
3485 3534 3697 3599 quanto

2091 3649 2273 3698 essent
2324 3638 2506 3693 furore
2548 3631 2822 3704 correpti,
2874 3626 3259 3701 prodiderunt,
3295 3638 3417 3680 cum
3446 3621 3699 3694 judicio,

2093 3736 2146 3790 in
2178 3747 2285 3804 quo
2310 3737 2654 3787 accusatores
2682 3741 2747 3781 ac
2776 3733 2941 3780 testes
2980 3734 3087 3777 una
3112 3734 3235 3775 cum
3263 3714 3529 3774 accusatis
3555 3728 3705 3786 prte-

2092 3836 2275 3883 sentes
2300 3824 2488 3890 auditi,
2517 3829 2573 3877 et
2592 3820 2644 3877 ei
2671 3816 2888 3889 quidem
2914 3829 2945 3870 a
2967 3812 3238 3885 judicibus
3281 3823 3419 3882 quos
3459 3807 3562 3880 ipsi
3590 3822 3704 3865 ex-

2093 3922 2392 3993 petierant,
2422 3915 2723 3988 quibusque
2752 3908 2949 3982 praesul
2989 3905 3329 3977 aequissimus
3374 3909 3534 3973 atque
3575 3914 3708 3957 om.

2094 4017 2239 4071 nium
2292 4012 2672 4085 episcoporum
2739 4004 2991 4076 princeps
3054 3998 3415 4071 praesidebat,
3479 3994 3706 4067 prolato

2093 4124 2237 4168 stare
2287 4109 2554 4172 nolentes,
2585 4102 2974 4173 Imperatorem
3028 4094 3305 4167 appellare
3360 4090 3704 4147 maluerunt.

2094 4205 2189 4261 llis
2238 4200 2539 4273 religiosior
2599 4191 2990 4251 Constantinus
3036 4202 3223 4244 eorum
3272 4183 3704 4257 appellationem

2094 4295 2473 4354 molestissime
2495 4287 2615 4344 tulit
2643 4304 2656 4340 :
2688 4285 2781 4341 sed
2814 4283 2969 4355 paulo
2995 4278 3358 4351 indulgentior
3382 4289 3543 4348 quam
3588 4287 3700 4344 par

2094 4398 2260 4453 esset,
2288 4385 2414 4441 dum
2442 4378 2721 4435 audaciam
2747 4391 2854 4431 non
2881 4370 3212 4443 comprimit,
3229 4367 3480 4441 gravibus
3504 4363 3707 4422 Eccle-

2094 4484 2188 4538 size
2211 4480 2365 4535 malis
2418 4477 2598 4532 locum
2646 4481 2701 4528 et
2747 4468 3087 4526 occasionem
3133 4464 3385 4535 praebuit.
3437 4459 3705 4531 Quamvis

2095 4584 2273 4631 autem
2320 4566 2717 4642 appellantibus
2758 4560 2903 4617 aliud
2947 4558 3263 4617 Arelatense
3287 4553 3546 4625 judicium
3601 4550 3708 4610 de-

2097 4671 2271 4735 derit,
2325 4668 2430 4723 hoc
2482 4673 2684 4729 tamen,
2736 4669 2876 4717 teste
2900 4657 3219 4729 Augustino,
3248 4651 3409 4723 epist.
3433 4649 3534 4716 ‘5,
3563 4648 3705 4705 olim

2100 4764 2236 4830 462,
2268 4779 2320 4815 ιι.
2348 4760 2456 4826 20,
2484 4756 2634 4815 dedit
2660 4797 2677 4824 ,
2714 4773 2733 4806 ι
2762 4767 2871 4809 non
2898 4750 3024 4822 quia
3050 4749 3160 4819 jam
3193 4758 3418 4802 necesse
3442 4739 3706 4809 erat,sed

2100 4874 2288 4916 eorum
2318 4850 2756 4927 perversitatibus
2782 4844 3003 4911 cedens,
3026 4851 3077 4898 et
3105 4840 3251 4898 omni
3281 4836 3445 4895 modo
3470 4835 3705 4908 cupiens

2103 4926 2723 5019 tantamimpudentiam
2778 4938 3055 4996 cohibere.
3089 4953 3108 4987 ι
3135 4932 3246 4990 Nec
3284 4928 3558 5003 prohibuit
3598 4926 3706 4984 hu-

2098 5043 2333 5119 jusmodi
2364 5038 2674 5112 appellatio,
2707 5033 2997 5107 quominus
3017 5072 3033 5098 ,
3060 5028 3138 5084 uti
3162 5026 3272 5098 jam
3301 5022 3658 5094 exposuimus
3683 5061 3703 5088 ,

2101 5117 2339 5213 episcopi
2359 5132 2657 5193 Eunomius
2685 5138 2740 5185 et
2763 5123 3136 5198 Olympius,in
3162 5117 3397 5175 Africam
3431 5131 3529 5188 pro
3548 5128 3705 5171 com-

2103 5209 2368 5310 ponendis
2398 5220 2839 5298 Cartliaginensis
2866 5216 3111 5276 ecclesiae
3149 5212 3310 5269 rebus
3341 5209 3523 5276 missi,
3550 5215 3707 5280 post-

2104 5304 2323 5388 modum
2352 5318 2771 5398 pronuntiarint,
2799 5334 2819 5367 r
2853 5308 3174 5369 sententiam
3204 5304 3393 5362 decem
3417 5311 3472 5360 et
3502 5315 3704 5358 novem

2106 5425 2480 5497 episcoporum
2510 5416 2617 5488 jam
2646 5410 2846 5468 dudum
2875 5407 3054 5463 datam
3091 5400 3319 5458 dissolvi
3346 5412 3452 5454 non
3484 5408 3644 5462 posse
3674 5412 3695 5449 ι

2107 5520 2337 5593 (οριαι.,
2367 5513 2458 5568 lib.
2489 5510 2555 5581 ι).

2214 5634 2244 5705 §
2272 5628 2363 5687 VI.
2381 5657 2455 5670 ——
2475 5624 2551 5682 De
2576 5622 2789 5679 decretis
2818 5615 3101 5675 Melchiadi
3122 5627 3269 5686 papa:
3294 5606 3570 5666 atlribulis.

2183 5770 2269 5827 I8.
2314 5767 2459 5823 Duas
2509 5758 2793 5820 Melchiadi
2836 5751 3122 5827 supposuit
3156 5747 3397 5805 Isidorus
3433 5740 3705 5801 Mercator

2104 5862 2384 5939 epistolas,
2405 5871 2565 5919 unam
2586 5853 2655 5911 ad
2674 5852 2959 5916 Leontium
2984 5860 3048 5904 ac
3070 5850 3299 5906 caeteros
3316 5834 3706 5911 Hispaniarum
