3838 6278
129 327 188 383 Η
956 325 1045 386 DE
1079 325 1420 390 DECRETIS
1456 326 1832 388 MELCHIADI
1870 328 2078 390 ΡΑΡιλΕ
2115 329 2549 394 ATTRIBUTIS.
3351 346 3423 402 42

127 441 428 511 episcopos,
459 441 682 498 alteram
711 441 782 502 de
799 441 1072 516 primitiva
1094 445 1337 503 Ecclesia
1361 454 1417 502 et
1443 445 1511 503 de
1561 447 1723 502 Cons-
1748 449 1804 510 Α
1829 449 1976 505 nium
2003 449 2427 508 christianorum
2466 461 2522 508 et
2564 451 2882 524 gentilium,
2908 455 3171 514 veraciter
3195 458 3426 518 creden-

131 533 300 588 tantini
355 550 477 606 erga
539 552 651 590 eain
701 535 1064 607 Muniﬁcentia
1115 537 1450 610 inscriptam.
1501 539 1712 598 Utram-

129 641 225 698 que
258 634 317 682 ιιι
342 635 470 697 pote
505 643 616 684 non
643 627 765 700 plus
808 629 1068 688 momenti
1098 645 1258 700 quam
1298 631 1590 688 authentiae
1618 631 1716 687 ha-

129 718 327 776 bentem
345 760 360 785 ,
393 717 483 774 hic
513 720 792 778 excudere
819 723 1068 782 consulto
1095 725 1456 797 negleximus.

197 817 270 871 l9.
295 813 354 870 In
371 815 669 874 Pontificali
683 819 822 876 libro
844 820 1018 878 eidem
1037 839 1188 894 papae
1205 822 1315 880 duo
1330 823 1716 880 adscribuntur

127 910 365 966 decreta:
401 911 628 981 primum
660 929 768 985 quo
794 915 1056 985 sancitur,
1092 934 1112 970 ‹
1139 915 1222 974 Ne
1248 917 1354 972 ulla
1383 918 1596 974 ratione
1623 918 1714 974 die

125 1001 394 1058 Dominica
416 1015 508 1058 aut
523 1005 706 1076 quinta
731 1005 862 1062 feria
884 1007 1151 1078 jejuniutn
1176 1009 1298 1080 quis
1325 1008 1563 1064 ﬁdelium
1587 1024 1716 1081 age-

121 1105 230 1152 ret:
257 1097 384 1167 quia
411 1111 507 1154 eos
535 1097 652 1154 dies
681 1101 870 1170 pagani
895 1101 1049 1172 quasi
1081 1117 1298 1158 sacrum
1331 1102 1596 1173 jejunium
1625 1119 1716 1160 ce-

120 1189 346 1246 lcbrant.
379 1210 398 1244 ι
421 1189 522 1248 Cui
549 1192 770 1250 decreto
797 1193 850 1248 in
873 1195 1066 1252 eodem
1093 1195 1400 1252 Pontificali
1427 1196 1566 1254 libro
1584 1213 1713 1268 pro-

119 1281 257 1337 xime
280 1283 591 1354 subjicitur,
650 1303 669 1336 ι
702 1285 770 1342 Et
811 1285 1094 1344 Manichtei
1122 1287 1325 1344 inventi
1353 1297 1480 1344 sunt
1503 1288 1558 1344 in
1585 1288 1717 1345 urbe

115 1373 285 1430 Roma
309 1375 380 1430 ab
400 1375 615 1432 eodem.
652 1395 672 1430 ι

183 1469 274 1524 20.
334 1469 536 1526 Verum
580 1471 688 1526 hoc
707 1469 986 1534 decretum
1015 1472 1297 1530 Melchiadi
1328 1475 1462 1531 falso
1483 1474 1716 1532 adscribi

113 1559 316 1632 duplici
340 1567 551 1619 ratione
572 1563 779 1635 liquet:
811 1565 982 1634 primo
1011 1566 1227 1636 quidem
1253 1567 1378 1637 quia
1400 1568 1562 1624 etiam
1592 1576 1718 1626 ante

112 1653 280 1724 hujus
335 1670 486 1727 papm
533 1665 775 1728 tempora
819 1658 1068 1715 ﬁdelibus
1111 1659 1460 1718 interdictum
1507 1662 1606 1718 fuit
1631 1661 1718 1718 die

111 1747 399 1804 Dominica
435 1749 700 1819 jejunium
731 1769 744 1806 :
785 1751 984 1808 deinde
1035 1754 1160 1823 quia
1187 1763 1246 1810 ut
1282 1755 1714 1824 interdiceretur,

1818 541 1948 596 tium
1990 549 2152 614 atque
2190 543 2491 600 inﬁdelium
2529 553 2585 602 et
2621 545 3000 604 haereticorum
3037 565 3165 606 vera
3211 560 3267 608 et
3314 569 3422 611 non

1815 631 1948 690 falsa
1983 633 2244 692 discretio
2275 638 2552 694 habeatur.
2589 657 2610 692 ι

1887 725 1975 780 22.
2029 726 2182 783 Circa
2207 727 2410 784 Nicaeni
2427 731 2642 788 concilii
2672 741 2884 804 tempus
2903 735 3068 791 multa
3087 737 3418 796 Manichaeo-

1813 832 1931 872 rum
1993 819 2204 888 placitis
2262 819 2444 878 afﬁnia
2481 823 2706 895 gerebat
2743 841 2806 881 ac
2843 825 3072 884 docebat
3109 829 3425 888 Eustathius

1815 909 2058 981 quidam,
2086 911 2344 969 adversus
2371 931 2531 985 quem
2578 914 2905 988 Gangrensis
2931 921 3172 992 synodus
3200 938 3428 996 congre-

1816 1012 1936 1072 gata
1963 1018 2088 1058 can.
2120 1005 2188 1060 18
2216 1020 2282 1061 ex
2326 1005 2776 1078 interpretatione
2797 1011 3039 1084 Dionysii
3079 1013 3271 1086 Exigui
3310 1029 3424 1074 sta-

1819 1093 1963 1150 tuit:
2015 1113 2034 1147 ‹
2070 1093 2126 1152 Si
2178 1097 2300 1167 quis
2344 1109 2564 1169 propter
2606 1102 3160 1176 continentiam,qu:e
3185 1118 3426 1179 putatur,

1819 1196 1914 1242 aut
1940 1191 2336 1246 contumaciam
2385 1191 2438 1247 in
2466 1193 2554 1249 die
2582 1193 2868 1252 Dominico
2889 1197 3114 1268 jejunat,
3142 1203 3430 1260 anathema

1821 1277 1909 1333 sit.
1949 1297 1968 1332 ι
2006 1278 2109 1335 Ubi
2137 1279 2240 1336 hoc
2269 1283 2558 1339 concilium
2591 1328 2605 1351 ,
2635 1287 2774 1342 sicut
2803 1299 2854 1342 et
2885 1287 3426 1362 Cmsaraugustanum

1817 1371 2080 1428 adversus
2130 1371 2598 1446 Priscillianistas,
2628 1379 2791 1434 etiam
2818 1380 3143 1440 Manichaaos
3170 1387 3274 1443 dici
3295 1389 3429 1444 soli-

1819 1471 1923 1530 tos,
1953 1478 2095 1519 anno
2125 1465 2221 1522 581
2253 1467 2606 1538 celebratum,
2638 1471 2764 1526 dum
2791 1487 2912 1528 can.
2937 1474 2972 1528 2
2999 1475 3268 1545 prohibet,
3300 1496 3318 1530 ε
3356 1497 3428 1538 ne

1817 1557 1938 1628 quis
1960 1557 2175 1628 jejunet
2201 1559 2288 1616 die
2317 1561 2594 1620 Dominica
2618 1604 2632 1629 ,
2688 1579 2850 1620 causa
2903 1570 3163 1638 temporis
3191 1581 3283 1626 aut
3309 1588 3430 1642 per—

1817 1647 2085 1705 suasionis
2136 1659 2232 1707 aut
2275 1655 2772 1724 superstitionis,»
2822 1657 3085 1728 jejunium
3127 1661 3290 1716 etiam
3340 1663 3430 1720 die

1822 1741 2105 1799 Dominico
2130 1784 2148 1812 ,
2180 1745 2342 1801 modo
2371 1748 2514 1802 absit
2539 1751 2940 1820 superstitionis
2967 1767 3128 1809 causa
3147 1797 3163 1822 ,
3213 1758 3435 1826 permit-

113 1855 221 1896 ηοη
249 1856 313 1897 ea
341 1855 504 1897 causa
547 1841 650 1898 fuit
671 1885 686 1910 ,
714 1844 859 1916 quod
883 1845 972 1901 ina
999 1845 1086 1902 die
1141 1848 1332 1918 pagani
1361 1863 1456 1904 seu
1493 1847 1723 1920 gentiles
1751 1838 1799 1898 B
1830 1845 1944 1893 tere
1967 1837 2198 1908 quodam
2222 1839 2384 1896 modo
2411 1841 2680 1897 videntur.
2707 1842 2778 1898 Et
2807 1843 3168 1918 Hieronymus
3187 1847 3426 1919 quidem,

115 1932 270 2003 quasi
311 1947 527 1988 sacrum
561 1933 828 2004 jejunium
855 1945 1118 2008 agerent;
1161 1939 1256 1994 sed
1283 1940 1407 2010 quia
1435 1939 1714 1996 christiani

114 2024 379 2096 jejunium
406 2026 457 2082 ei
477 2025 586 2082 diei
617 2027 840 2084 minime
866 2043 1168 2101 congruere
1213 2042 1579 2100 censuerunt,
1611 2048 1715 2104 qua

119 2115 366 2174 Christus
423 2117 725 2174 Ecclesiam
789 2123 1190 2178 resurrectione
1255 2139 1350 2180 sua
1404 2123 1718 2180 laetiﬁcat-it.

119 2209 271 2279 Quod
292 2219 472 2266 autem
493 2211 592 2267 sibi
611 2211 908 2268 cavendum
933 2213 1236 2271 didicerant
1269 2215 1386 2286 ipso
1413 2231 1514 2272 usu
1539 2225 1595 2272 et
1616 2227 1720 2271 tra-

121 2302 354 2370 ditione,
384 2319 505 2374 qua:
533 2304 676 2360 diem
705 2305 1044 2363 Dominicum
1078 2307 1266 2364 festive
1306 2309 1571 2380 agendum
1603 2323 1722 2366 esse

121 2394 318 2463 docet,
366 2393 556 2464 majori
589 2395 850 2467 religione
879 2413 1074 2454 cavere
1114 2409 1223 2454 tum
1254 2409 1535 2472 coeperunt
1557 2443 1573 2470 ,
1599 2415 1723 2458 cum

120 2485 486 2553 Manichaeos,
519 2503 622 2541 non
651 2503 886 2559 paganos
905 2531 921 2556 ,
952 2490 1054 2544 hoc
1073 2489 1164 2546 die
1195 2489 1362 2546 veluti
1388 2506 1602 2548 sacrum
1643 2492 1725 2563 je-

118 2578 332 2650 junium
359 2594 525 2650 agere
559 2592 862 2652 creperum.
885 2581 965 2637 Ne
989 2599 1116 2638 vero
1147 2582 1198 2639 id
1229 2583 1397 2656 gratis
1434 2584 1617 2643 dicere
1643 2587 1724 2641 vi-

126 2669 352 2727 deamur
371 2713 386 2738 ,
412 2680 701 2743 utrumque
725 2675 907 2744 paucis
933 2675 1392 2746 comprobandum
1423 2687 1528 2734 est.

196 2764 288 2818 21.
342 2765 484 2820 Ante
531 2764 845 2822 Melehiadis
894 2782 1067 2822 aevum
1115 2767 1332 2838 scripsit
1361 2767 1730 2826 Tertullianus

125 2858 220 2915 lib.
247 2858 314 2915 de
335 2856 576 2926 Corona,
607 2874 658 2915 c.
685 2861 720 2915 ὅ
746 2877 759 2915 :
797 2877 816 2913 ε
846 2859 943 2917 Die
981 2861 1262 2917 Dominico
1285 2861 1555 2932 jejunium
1579 2862 1731 2920 nefas

131 2951 401 3007 ducimus.
444 2969 463 3004 ι
499 2951 716 3024 Legitur
769 2965 824 3008 et
863 2951 932 3008 ad
974 2951 1177 3008 calcem
1207 2951 1327 3008 libri
1350 2967 1380 3007 v
1411 2954 1732 3024 apostolica-

130 3062 256 3104 rum
303 3044 760 3104 Constitutionum
791 3063 803 3100 :
843 3065 862 3100 ι
889 3046 1038 3103 Reus
1077 3047 1222 3104 enim
1252 3047 1354 3104 erit
1379 3048 1612 3119 peccati,
1642 3049 1732 3120 qui

132 3139 419 3196 Dominico
445 3139 535 3194 die
559 3139 884 3211 jejunaverit
907 3181 924 3209 ,
951 3155 1073 3194 cum
1116 3140 1188 3195 sit
1223 3139 1340 3196 dies
1365 3142 1734 3199 resurrectio—

1819 1929 1984 2000 cpist.
2007 1929 2100 1997 28,
2134 1930 2200 1986 ad
2232 1931 2512 1988 Lucinium
2542 1933 2732 1990 scribit
2758 1953 2770 1988 :
2811 1953 2830 1988 ι
2865 1935 3080 1993 Utinam
3110 1941 3258 1996 omni
3291 1951 3430 1998 tem-

1822 2034 1953 2092 pore
1975 2020 2221 2092 jejunare
2268 2024 2536 2094 possimus
2567 2041 2582 2078 :
2614 2025 2757 2097 quod
2799 2029 2849 2080 in
2884 2029 3106 2086 Actibus
3135 2033 3424 2102 Apostolo-

1819 2129 1940 2169 rum
1980 2112 2062 2187 (ut
2098 2115 2259 2170 etiam
2291 2116 2618 2187 Augustinus
2643 2119 2802 2190 epist.
2827 2120 2918 2188 56,
2945 2138 3000 2176 n.
3024 2123 3095 2179 28
3117 2165 3132 2190 ,
3164 2125 3424 2182 observa-

1822 2207 1919 2278 vit)
1962 2206 2148 2265 diebus
2195 2209 2544 2267 Pentecostes
2582 2222 2638 2268 et
2683 2212 2770 2269 die
2801 2215 3079 2273 Dominico
3112 2220 3421 2288 apostolum

1823 2299 2050 2356 Paulum
2094 2310 2150 2356 et
2192 2318 2314 2358 cum
2363 2319 2430 2360 en
2471 2303 2758 2362 credentes
2789 2306 2982 2365 fecisse
3011 2311 3264 2382 legimus.
3293 2331 3312 2366 ι
3347 2312 3427 2369 Nc

1826 2392 1954 2448 hinc
2005 2403 2184 2450 tamen
2235 2394 2492 2452 Ecclesi:e
2539 2413 2744 2454 morem
2791 2415 2854 2455 ac
2895 2403 3067 2472 legem
3118 2403 3428 2475 improbare

1826 2485 2102 2553 videatur,
2153 2503 2277 2542 mox
2327 2488 2529 2544 dictum
2581 2503 2889 2563 temperans
2914 2495 3100 2551 addit:
3138 2517 3158 2552 ι
3189 2497 3302 2556 Nec
3329 2499 3435 2556 hoc

1829 2577 1951 2635 dico
1971 2620 1986 2645 ,
2015 2579 2160 2649 quod
2189 2580 2482 2638 Dominicis
2513 2583 2704 2640 diebus
2727 2585 3079 2656 jejunandum
3109 2603 3314 2660 putem.
3337 2614 3357 2648 ι

1901 2668 2129 2726 25.ll:ec
2147 2681 2325 2727 autem
2354 2673 2459 2739 lex,
2485 2675 2784 2746 Epiphanio
2813 2687 2948 2735 teste
2971 2679 3213 2754 (Epiph.,
3235 2686 3432 2759 Expos.

1832 2761 1950 2830 ﬁd.,
1994 2779 2050 2817 η.
2078 2763 2223 2834 22),
2275 2764 2528 2838 religiose
2557 2767 2693 2824 adeo
2724 2771 3062 2842 servabatur,
3097 2785 3156 2831 ut
3177 2778 3212 2832 ii
3241 2780 3400 2836 etiam
3420 2824 3436 2848 ,

1833 2855 1925 2926 qui
1955 2870 2166 2912 summo
2195 2858 2410 2928 pietatis
2447 2861 2624 2916 studio
2675 2877 2931 2934 perpetua
2972 2868 3072 2924 sibi
3101 2871 3305 2940 jejunia
3332 2875 3440 2930 im-

1835 2949 2138 3018 ponebant,
2165 2949 2318 3006 solos
2347 2949 2657 3010 Dominicos
2684 2970 2746 3011 ac
2769 2955 3120 3016 Pentecostes
3143 2963 3262 3019 dies
3288 2968 3439 3023 exci-

1835 3051 2028 3112 perent
2057 3061 2070 3096 :
2103 3061 2122 3094 (
2153 3042 2395 3115 Namque
2422 3085 2435 3108 ,
2487 3045 2700 3116 inquit,
2733 3048 3039 3108 Dominicas
3063 3069 3252 3111 omnes
3277 3055 3443 3114 festas

1836 3135 2138 3207 hilaresque
2169 3137 2346 3192 sanxit
2373 3137 2614 3194 Ecclesia
2638 3181 2652 3205 ,
2681 3155 2779 3196 nec
2819 3141 2923 3196 ulla
2950 3143 3152 3215 jejunia
3181 3148 3437 3206 celebrat.

133 3234 238 3290 nis.
274 3253 294 3286 ι
339 3232 497 3289 Nulla
543 3231 632 3290 hic
668 3233 772 3288 alia
807 3233 952 3298 ratio
989 3233 1294 3304 subjicitur.
1347 3233 1456 3290 Sed
1504 3221 1805 3292 subindeC
1839 3225 2142 3284 Absurdum
2189 3236 2276 3284 est
2322 3229 2465 3284 enim
2513 3229 2762 3301 jejunare
2808 3233 3080 3292 Don'tinica
3135 3237 3286 3294 die...
3332 3241 3444 3298 Nec

135 3326 498 3397 Augustinus,
549 3325 706 3397 epist.
749 3324 840 3392 36,
882 3325 948 3381 ad
988 3325 1334 3392 Casulanum,
1359 3341 1408 3383 c.
1452 3326 1537 3392 12,
1567 3343 1623 3382 n.
1645 3327 1738 3397 27,

135 3419 359 3478 dicens:
421 3439 442 3473 ί
488 3418 586 3475 Die
623 3418 906 3475 Dominico
963 3418 1215 3490 jejunare
1281 3419 1596 3476 scandalum
1657 3431 1741 3478 est

137 3528 410 3585 magnum,
447 3532 468 3566 ι
517 3512 659 3568 hanc
696 3527 890 3568 novam
934 3510 1139 3566 addidit
1175 3525 1426 3567 causam:
1461 3530 1481 3562 ι
1508 3512 1742 3568 maxime

137 3615 488 3680 posteaquam
556 3605 791 3660 innotuit
843 3604 1176 3661 detestabilis
1231 3604 1564 3676 multumque
1616 3604 1742 3661 ﬁdei

138 3698 451 3770 apostolicae
475 3696 876 3768 Scripturisque
901 3695 1098 3752 divinis
1139 3695 1480 3768 apertissime
1528 3704 1742 3752 contra-

141 3789 218 3846 ria
259 3789 479 3846 hzcresis
523 3787 936 3844 Manichmorum
963 3831 979 3856 ,
1011 3787 1102 3858 qui
1140 3788 1254 3843 suis
1291 3788 1628 3844 auditoribus
1667 3788 1735 3844 ad

134 3880 484 3954 jejunandum
523 3880 686 3936 istum
717 3889 986 3950 tamquam
1017 3878 1412 3934 constituerunt
1449 3878 1742 3950 legitimum

141 3974 298 4030 diem.
329 3973 434 4030 Per
457 3971 608 4044 quod
640 3971 839 4028 factum
869 3978 974 4038 est,
1007 3977 1066 4024 ut
1089 3967 1354 4040 jejunium
1402 3969 1512 4024 diei
1558 3969 1743 4024 Dumi-

138 4069 242 4125 uici
268 4067 588 4124 horribilius
629 4065 936 4121 haberetur.
975 4081 995 4115 ›
1027 4062 1095 4118 Ει
1115 4079 1171 4118 n.
1197 4061 1289 4129 29,
1321 4076 1390 4118 ne
1417 4061 1539 4133 quis
1560 4061 1747 4116 Domi-

141 4160 262 4216 nico
307 4159 398 4216 die
451 4155 703 4215 celebret
743 4155 1034 4226 jejunium,
1071 4165 1198 4210 tunc
1227 4153 1526 4224 praesertim
1554 4168 1748 4209 caven-

140 4252 264 4308 dum
317 4251 514 4320 docet,
583 4268 604 4303 ι
665 4257 1011 4320 posteaquam
1086 4245 1359 4312 haeretici,
1417 4245 1750 4300 maximeim-

141 4345 362 4416 piissimi
403 4340 728 4409 Manichtei,
757 4339 964 4412 jejunia
1000 4338 1110 4395 diei
1143 4336 1409 4394 Dominici
1437 4353 1543 4392 non
1573 4336 1747 4409 aliqua

140 4439 458 4496 necessitate
487 4443 784 4493 occurente
810 4447 1068 4505 peragere
1089 4473 1104 4498 ,
1134 4431 1228 4488 sed
1273 4431 1428 4500 quasi
1473 4444 1626 4486 sacra
1662 4445 1753 4486 so-

1843 3320 2012 3390 ipsius
2036 3319 2254 3392 quidem
2270 3321 2711 3392 Quadragesimm
2726 3325 3018 3385 Dominicis
3039 3330 3112 3401 jej
3121 3347 3220 3386 una
3229 3348 3286 3388 re
3304 3334 3444 3392 solet

1843 3409 2108 3468 Ecclesia.
2151 3431 2169 3464 ι
2227 3412 2425 3468 Contra
2481 3413 2621 3470 idem
2671 3430 2922 3486 sanctus,
2981 3421 3113 3476 haer.
3159 3424 3247 3492 75,
3301 3428 3440 3494 n.5,

1843 3503 2107 3560 Aerianos
2139 3505 2333 3560 merito
2381 3506 2750 3577 reprehendit,
2797 3511 2938 3582 quod
2980 3515 3140 3569 stulta
3182 3515 3444 3574 libertatis

1845 3598 2235 3664 ostentatione,
2274 3617 2293 3650 ί
2331 3599 2606 3657 Dominica
2633 3601 2722 3657 die
2766 3605 2946 3673 porius
2991 3605 3236 3678 jejunare
3278 3609 3444 3666 aﬁ'ec-

1845 3697 1981 3756 tent,
2011 3701 2198 3761 quarta
2232 3705 2364 3747 vero
2421 3703 2474 3748 et
2529 3704 2676 3748 sexta
2709 3693 2840 3750 feria
2871 3708 3172 3754 vescantur.
3208 3720 3226 3752 ›
3262 3701 3448 3772 Neque

1845 3781 2024 3836 minus
2046 3783 2166 3837 vani
2193 3791 2376 3838 nostra
2401 3791 2559 3838 aetate
2589 3785 2903 3840 heteroduxi
2923 3829 2938 3854 ,
2969 3789 3058 3858 qui
3098 3775 3445 3847 christianum

1844 3883 2053 3945 ponunt
2081 3873 2385 3930 libertatem
2412 3875 2463 3928 in
2493 3877 2905 3933 contemnendis
2936 3879 3278 3938 abstinentiae
3303 3885 3453 3952 jeju-

1848 3965 2171 4037 niorumque
2199 3965 2431 4037 legibus,
2462 3982 2596 4038 quas
2623 3982 2654 4022 a
2679 3967 2898 4024 Christo
2928 3969 3152 4042 ejusque
3179 3973 3452 4044 Apostolis

1847 4059 2038 4117 edocta
2085 4059 2326 4116 Ecclesia
2383 4059 2658 4130 sapienter
2714 4063 2965 4119 instituit.
3013 4065 3131 4134 Ipsa
3176 4077 3300 4133 est,
3332 4083 3452 4138 qua:

1849 4153 1978 4209 dum
2011 4152 2196 4209 ﬁdeles
2235 4152 2301 4210 ad
2333 4153 2686 4226 jejunandum
2740 4156 2825 4211 vel
2872 4156 3340 4216 adhortationibus
3366 4161 3452 4218 vel

1851 4247 2136 4320 prteceptis
2159 4246 2433 4315 excitavit,
2458 4263 2674 4318 semper
2691 4253 2904 4320 excepit
2928 4250 3262 4308 Dominicum
3284 4252 3450 4320 diem,

1852 4354 1959 4394 non
1989 4347 2046 4393 ut
2073 4353 2168 4394 eos
2191 4354 2220 4392 a
2262 4339 2552 4410 gentilibus
2589 4351 2930 4407 secerneret,
2962 4341 3055 4396 sed
3088 4353 3146 4398 ut
3173 4359 3452 4400 resurrec-

1853 4430 2016 4488 tionis
2037 4431 2322 4487 dominica:
2347 4430 2490 4486 diem
2513 4447 2802 4502 numquam
2828 4449 2933 4489 non
2960 4433 3146 4490 festive
3171 4436 3452 4490 celebran-

145 4529 418 4586 lemnitate
494 4534 697 4584 statuta
784 4524 1148 4596 dogmatizare
1217 4530 1516 4594 cmperunt.
1569 4541 1588 4574 ι
1676 4522 1752 4578 De
1855 4523 1985 4581 dum
2015 4524 2258 4580 doceret.
2289 4522 2450 4580 Falso
2481 4523 2642 4595 igitur
2667 4525 3010 4590 Melchiades,
3040 4543 3106 4582 ne
3127 4528 3248 4598 quis
3273 4528 3452 4583 Domi-

144 4623 330 4680 iisdem
353 4621 632 4678 haereticis
661 4617 804 4676 istud
825 4631 1038 4688 quoque
1082 4615 1191 4672 Leo
1239 4630 1395 4686 papa,
1455 4614 1613 4686 epist.
1659 4613 1745 4682 l7,
1775 4615 1828 4675 D
1853 4616 1977 4672 nico
1999 4614 2089 4671 die
2109 4614 2373 4686 jejunium
2403 4625 2622 4686 ageret,
2657 4615 2964 4672 decrevisse
2997 4619 3233 4687 ponitur.
3264 4618 3454 4690 Neque

145 4716 210 4772 ad
265 4714 586 4781 Turihium,
629 4727 748 4783 cap.
779 4711 814 4766 4
841 4753 854 4778 ,
900 4717 1126 4766 testatur
1157 4727 1169 4761 :
1223 4727 1241 4761 ι
1277 4709 1425 4764 Sicut
1467 4708 1518 4762 in
1559 4715 1746 4763 nostro
1848 4706 2026 4762 minus
2055 4704 2193 4760 falso
2224 4704 2363 4760 idem
2391 4705 2460 4761 de
2488 4704 2618 4760 feria
2649 4704 2832 4776 quinta
2860 4707 3205 4766 constituisse
3233 4709 3282 4764 in
3305 4699 3452 4766 libro

145 4810 392 4866 examine
449 4805 655 4864 detecti
703 4813 865 4874 atque
911 4801 1142 4860 convicti
1191 4810 1354 4869 sunt,
1411 4800 1747 4856 Dominicum

147 4901 320 4970 diem,
349 4916 515 4973 quem
547 4899 705 4956 nobis
729 4897 1022 4954 Salvatoris
1053 4895 1222 4952 nostri
1242 4893 1571 4950 resurrectio
1613 4907 1748 4948 con-

148 4993 396 5060 secravit,
443 4992 673 5062 exigunt
721 4989 775 5044 in
824 5002 1060 5044 maerore
1093 4985 1305 5058 jejunii.
1344 5005 1362 5038 ι
1406 4984 1667 5052 Quocirca
1697 4983 1750 5038 in

149 5087 285 5146 libro
323 5085 632 5146 Pontificali
672 5084 806 5140 nihil
863 5081 1081 5138 absurdi
1132 5080 1426 5146 videretur,
1469 5079 1514 5159 si
1550 5077 1753 5134 dictum

152 5192 330 5238 esset:
368 5199 388 5234 ς
419 5178 705 5236 Manichaei
756 5193 784 5232 a
827 5173 1124 5233 Melchiade
1151 5173 1355 5230 inventi
1384 5180 1512 5228 sunt
1541 5171 1594 5226 in
1623 5170 1756 5226 urbe

155 5273 344 5329 Roma.
383 5273 526 5329 Tum
569 5274 614 5329 is
653 5287 786 5344 papa
825 5271 1124 5334 constituit,
1165 5282 1236 5324 ne
1275 5267 1378 5322 ulla
1419 5265 1626 5322 ratione
1670 5263 1757 5320 die

155 5367 430 5425 Dominica
451 5367 724 5439 jejunium
761 5367 884 5438 quis
931 5363 1170 5420 ﬁdelium
1200 5373 1424 5434 ageret:
1454 5361 1577 5432 quia
1616 5360 1758 5417 hunc

156 5460 298 5517 diem
327 5459 574 5518 haeretici
600 5459 674 5515 illi
699 5459 850 5528 quasi
879 5472 1092 5513 sacrum
1115 5455 1376 5527 jejunium
1405 5452 1702 5510 celebrant.
1732 5471 1750 5504 ι

158 5552 419 5612 Mercator
441 5561 650 5617 tamen,
677 5552 866 5607 librum
891 5549 1256 5608 Puntiﬁcalem
1280 5561 1618 5618 nequaquam
1639 5561 1758 5601 cor-

1851 4797 2152 4856 Pontilicali
2179 4805 2449 4852 narratur.

1921 4892 2014 4948 24.
2055 4891 2360 4962 Numquam
2390 4905 2451 4946 ea
2485 4889 2582 4945 fuit
2624 4891 3048 4949 christianorum
3090 4912 3216 4966 erga
3259 4896 3451 4952 feriam

1853 4986 2097 5057 quintam
2127 4984 2341 5055 religio,
2369 4999 2474 5054 qua
2507 4984 2610 5040 hoc
2631 4984 2718 5039 die
2742 4985 2992 5056 jejunare
3020 4989 3456 5054 prohiberentur.

1855 5077 2087 5134 Tantum
2129 5076 2357 5132 invaluit
2391 5091 2542 5141 mos,
2591 5083 2654 5131 ut
2692 5085 2840 5132 cunr
2863 5078 2950 5132 alii
2999 5078 3148 5136 feriis
3177 5093 3364 5152 quarta
3403 5093 3462 5140 et

1856 5180 2034 5240 sexta,
2065 5168 2154 5224 alii
2183 5176 2332 5224 sexta
2364 5177 2418 5223 et
2445 5168 2672 5224 sabbato
2693 5168 3020 5238 jejunareut.
3061 5173 3302 5244 plerique
3325 5173 3459 5229 feria

1859 5263 2076 5335 quinta,
2118 5277 2237 5334 quae
2280 5260 2473 5318 diebus
2525 5261 2632 5318 illis
2670 5261 2880 5333 jejunio
2920 5265 3248 5321 consecratis
3285 5265 3459 5321 vicina

1861 5364 1967 5421 est,
1995 5353 2098 5409 sibi
2129 5367 2158 5408 a
2181 5352 2392 5424 jejunio
2421 5351 2800 5409 abstinendum
2829 5366 3136 5412 censerent.
3163 5355 3300 5411 lliuc
3329 5373 3461 5427 apo~

1860 5447 2070 5504 stolicre
2099 5445 2514 5502 constitutiones
2543 5443 2672 5518 (tib.
2707 5461 2762 5513 v,
2805 5463 2852 5500 c.
2896 5446 3009 5518 24)
3039 5447 3106 5503 ab
3149 5448 3458 5520 hypocrita-

1864 5555 1983 5595 rum
2007 5581 2020 5605 ,
2053 5538 2142 5608 qui
2175 5537 2466 5609 singularia
2505 5553 2720 5608 semper
2749 5536 3025 5605 affectant,
3058 5555 3210 5594 more
3238 5553 3334 5592 nos
3361 5537 3461 5592 de-

159 5645 356 5717 rigens,
399 5643 499 5701 sed
539 5657 665 5698 eum
707 5643 773 5699 de
811 5657 963 5698 more
1006 5641 1281 5708 imitatus,
1302 5635 1656 5696 Melchiadem
1684 5637 1762 5693 sic
1865 5634 2148 5690 hortantes
2175 5632 2494 5704 pra-cipiunt
2528 5649 2542 5686 :
2581 5649 2598 5682 ι
2629 5631 2838 5702 Jejunia
2870 5648 3004 5688 vero
3033 5642 3220 5686 nostra
3262 5647 3328 5686 ne
3353 5629 3464 5689 sint

161 5735 543 5794 decernentetn
574 5733 806 5790 inducit:
843 5753 862 5788 ι
889 5732 1160 5804 Jejunium
1191 5746 1320 5788 vero
1363 5729 1626 5786 Dominici
1654 5727 1759 5785 dici

163 5837 224 5889 et
245 5831 450 5903 quinta:
477 5826 632 5884 ferite
651 5843 806 5883 nemo
831 5826 1111 5884 celebrare
1137 5823 1334 5882 debet:
1365 5835 1420 5881 ut
1451 5823 1594 5883 inter
1617 5821 1758 5897 jeju-

501 5932 541 5966 ³·
740 5921 1011 5984 Ρλτιωι.
1043 5917 1152 5982 Vl.

1870 5743 1993 5786 cum
2035 5725 2332 5798 hypocritis
2373 5725 2683 5780 communia
2711 5741 2727 5792 ;
2753 5723 3186 5794 jejunantjenim
3230 5727 3464 5784 secunda

1878 5820 2009 5881 feria
2042 5831 2099 5880 et
2122 5823 2326 5894 quinta.
2369 5838 2386 5873 ι
2417 5820 2481 5876 Et
2511 5818 2858 5890 Augustinus,
2889 5818 3047 5888 epist.
3091 5817 3192 5888 '56,
3242 5819 3468 5882 Romani

2870 5909 2910 5973 2
