3838 6278
378 347 454 406 45
1196 338 1287 396 DE
1324 336 1664 399 DECRETIS
1698 336 2077 396 MEUJHIADI
2110 336 2321 400 PAPE
2360 333 2792 398 ATTRIBUTIS.
2846 368 2867 377 ε·
3618 335 3692 393 η

382 459 697 532 cujusdam,
720 458 812 531 qui
835 454 1188 515 hebdomadas
1217 455 1481 527 cujusque
1507 471 1603 512 sex
1625 453 1814 511 diebus
1831 453 1975 525 jeju-
2005 457 2060 519 Δ
2083 457 2212 513 feria
2264 456 2447 529 quinta
2495 458 2739 513 solemne
2806 452 2951 526 apud
2997 464 3234 524 paganos
3278 450 3547 524 jejunium
3595 452 3689 519 sit,

389 556 625 611 nandum
646 570 767 611 esse
792 548 1176 615 contendebat,
1196 553 1457 618 scriptum
1473 547 1749 614 refellens,
1768 562 1919 603 num.
1949 547 1983 603 9

388 652 467 703 ait
492 669 502 704 :
535 668 554 701 ι
590 647 744 716 Apud
766 646 1044 700 Romanos
1072 644 1323 699 omnibus
1346 642 1466 701 istis
1488 656 1587 698 sex
1609 640 1822 705 diebus,
1847 652 1986 711 prm-

389 754 476 798 ter
496 738 850 812 paucissimos
866 737 1202 793 clericosaut
1222 734 1540 797 monachos,
1556 732 1987 803 quotusquisque

388 831 682 898 invenitur,
698 830 791 901 qui
815 828 1121 900 frequentet
1147 826 1459 898 quotidiana
1480 825 1725 896 jejunis?
1748 824 1987 882 maxime

388 924 509 997 quia
535 923 606 980 ibi
635 922 982 995 jejunandum
1009 921 1194 992 quinta
1210 919 1349 977 feria
1381 935 1489 977 non
1512 919 1746 976 videtur.
1780 938 1800 972 ι
1831 917 1989 975 Unde

387 1015 644 1086 colligere
689 1025 803 1081 est,
852 1015 1039 1070 Romae
1087 1014 1304 1084 quidem
1355 1014 1633 1085 vulgarem
1686 1013 1991 1069 obtinuisse

386 1111 736 1182 opinionem,
782 1124 886 1180 qua
919 1108 1055 1165 feria
1094 1109 1283 1180 quinta
1326 1122 1436 1165 non
1468 1108 1826 1180 jejunandum
1869 1120 1993 1163 esse

386 1214 689 1275 putaretur,
737 1201 835 1258 sed
886 1202 1099 1258 nullam
1151 1217 1219 1258 ea
1257 1202 1327 1258 de
1371 1216 1431 1259 re
1477 1203 1650 1273 legem
1691 1200 1990 1267 exstitisse,

384 1297 553 1352 immo
582 1294 868 1366 Augustini
902 1308 1021 1350 tevo
1067 1294 1140 1352 ibi
1170 1310 1202 1351 a
1233 1295 1510 1351 nonnullis
1549 1302 1666 1350 tum
1713 1293 1994 1349 monachis

390 1398 505 1447 tum
533 1390 749 1449 clericis
774 1405 900 1447 cum
928 1388 1087 1447 laude
1115 1389 1388 1447 celebrata
1406 1402 1532 1446 esse
1555 1388 1868 1462 quotidiana
1890 1401 1993 1446 sex

387 1482 601 1541 dierum
620 1483 847 1554 jejunis.

460 1576 550 1633 25.
579 1574 742 1632 Certe
771 1590 881 1632 non
918 1575 1083 1633 modo
1112 1591 1180 1633 ex
1208 1574 1493 1642 Cassiano,
1524 1574 1656 1630 coll.
1679 1574 1782 1642 21,
1814 1586 1867 1629 c.
1895 1573 1990 1640 24,

391 1668 488 1725 sed
515 1682 584 1724 ex
618 1666 884 1740 Gregorio
910 1682 1053 1739 papa
1092 1676 1343 1734 constat,
1375 1666 1538 1722 etiam
1576 1666 1764 1722 Romm
1795 1661 1999 1737 quintis

393 1759 831 1832 Quadragesima:
874 1759 1024 1816 feriis
1063 1759 1375 1817 intermissa
1420 1774 1529 1815 non
1564 1758 1735 1816 fuisse
1763 1759 1994 1831 jejunia.

2087 552 2181 608 sed
2211 568 2233 604 ς
2258 551 2386 622 quia
2414 550 2676 608 adscensa
2709 548 2920 605 Domini
2950 548 3069 619 ipso
3098 547 3189 603 die
3230 546 3378 602 omni
3404 558 3551 601 anno
3593 556 3693 601 oc-

2087 644 2277 711 currit,
2319 663 2338 697 ι
2372 646 2476 701 hoc
2495 651 2583 701 est
2606 644 2736 714 quia
2756 656 2884 700 eum
2908 641 3054 699 diem
3083 641 3341 698 Dominus
3367 650 3468 696 suo
3499 641 3551 694 io
3578 652 3695 695 coc-

2088 737 2197 793 lum
2228 736 2491 792 adscensu
2510 734 2875 793 consecravit.
2909 734 3057 791 Sane
3095 733 3164 789 ab
3190 732 3298 789 hoc
3346 731 3437 789 die
3468 731 3698 788 mterori

2092 842 2155 883 ac
2182 827 2404 898 jejuniis
2428 828 2818 893 consecrando,
2846 827 3036 899 procul
3076 825 3307 883 aberant
3336 822 3550 897 pagani,
3578 826 3701 896 qui-

2094 920 2197 977 bus
2223 920 2473 977 eumdem
2501 922 2552 977 in
2582 921 2789 979 honore
2811 920 2962 978 loris
2986 919 3237 976 festivum
3258 932 3419 991 agere
3448 918 3701 974 solemne

2092 1021 2232 1069 erat.
2262 1013 2525 1082 Quocirca
2546 1014 2874 1075 christianos
2893 1014 3176 1084 quosdam,
3208 1025 3347 1084 quos
3369 1010 3444 1068 ad
3472 1022 3702 1084 perver-

2094 1122 2210 1163 sam
2261 1123 2450 1163 eorum
2482 1108 2840 1164 imitationem
2873 1106 3124 1163 diabolus
3165 1104 3491 1172 seduxerat,
3517 1103 3704 1160 Cresa-

2094 1200 2209 1258 rius
2286 1202 2622 1259 Arelatensis
2681 1204 2968 1274 episcopus
2997 1241 3015 1270 ,
3085 1200 3229 1272 apud
3297 1198 3655 1271 Augustinum
3686 1240 3701 1265 ,

2096 1295 2331 1364 append.
2375 1305 2417 1351 t.
2445 1309 2482 1351 v
2502 1334 2518 1363 ,
2541 1309 2710 1352 sentt.
2739 1293 2883 1363 266,
2914 1308 2973 1349 ιι.
3000 1290 3066 1362 5,
3099 1294 3454 1349 vehementer
3478 1290 3712 1362 corripit

2098 1386 2185 1443 his
2215 1389 2397 1445 verbis
2431 1406 2442 1442 :
2482 1408 2501 1442 ι
2532 1389 2668 1457 Quia
2694 1387 2998 1443 audivimus
3025 1391 3169 1458 quod
3195 1386 3405 1457 aliquos
3434 1382 3584 1439 viros
3610 1382 3702 1438 vel

2100 1482 2360 1539 mutieres
2386 1482 2462 1538 ita
2502 1480 2751 1538 diabolus
2772 1478 3186 1547 circumveniat,
3236 1489 3295 1535 ut
3333 1478 3522 1551 quinta
3565 1474 3707 1534 feria

2102 1590 2204 1635 nec
2228 1576 2332 1632 viri
2375 1588 2539 1646 opera
2580 1572 2802 1640 faciant,
2831 1587 2932 1648 nec
2956 1572 3216 1629 mulieres
3242 1568 3565 1638 laniﬁcium,
3598 1584 3698 1626 co-

2102 1686 2218 1728 ram
2258 1669 2374 1726 Deo
2413 1678 2473 1724 et
2509 1668 2716 1724 sanctis
2749 1664 2957 1738 angelis
2987 1672 3382 1729 contestamur,
3434 1663 3559 1734 quia
3586 1662 3712 1734 qui.

2101 1777 2334 1834 cumque
2368 1759 2474 1817 hoc
2514 1759 2809 1817 observare
2842 1758 3147 1824 winerint,
3175 1756 3279 1812 nisi
3310 1769 3407 1826 per
3436 1754 3706 1827 prolixam

394 1853 486 1909 Sic
510 1868 678 1925 porro
701 1851 994 1924 Gregorius
1013 1852 1311 1920 homilJG,
1334 1852 1388 1908 in
1406 1851 1694 1923 Evangel.,
1722 1851 1995 1922 loquitur:
2028 1870 2078 1931 Β
2104 1865 2159 1912 et
2203 1854 2397 1912 duram
2446 1852 2819 1923 pmnitentiam
2875 1849 2988 1907 tale
3036 1847 3382 1921 sacrilegium
3434 1846 3707 1904 emenda-

402 1965 420 1999 ι
452 1946 562 2002 Sex
601 1944 958 2001 hebdomadas
1002 1944 1258 2008 veniunt,
1301 1959 1528 2013 quarum
1580 1942 1832 1999 videlicet
1880 1943 2001 2003 dies

392 2039 748 2111 quadraginta
763 2040 873 2095 duo
894 2038 1050 2106 ﬁunt,
1071 2053 1139 2095 ex
1153 2038 1374 2111 quibus,
1399 2038 1529 2094 dum
1551 2052 1645 2094 sex
1673 2037 1791 2094 dies
1812 2037 1999 2092 Domi.

396 2132 505 2190 nici
533 2131 880 2188 abstinentiae
909 2131 1320 2197 subtrahuntur,
1350 2147 1464 2186 non
1496 2132 1617 2201 plus
1643 2131 1697 2185 in
1719 2129 2001 2186 abstinen-

390 2227 488 2290 tia,
518 2241 683 2296 quam
711 2241 809 2282 sex
836 2238 891 2282 et
915 2225 1131 2295 triginta
1163 2235 1469 2281 remanent.
1500 2245 1519 2278 ι
1546 2225 1622 2280 lbi
1649 2225 1794 2282 enim
1824 2224 2000 2280 absti-

397 2321 598 2375 nentiae
620 2333 819 2375 nomen
851 2334 949 2388 pro
968 2317 1175 2389 jejunio
1202 2319 1451 2387 usurpari
1494 2333 1653 2374 nemo
1677 2332 1781 2373 non
1809 2315 1956 2373 videt
1983 2337 1996 2373 :

400 2426 523 2468 cum
567 2410 690 2466 ideo
720 2425 816 2465 sex
847 2410 1236 2467 subtrahantur
1267 2411 1531 2466 Dominici
1559 2409 1705 2478 dies,
1741 2426 1846 2466 non
1874 2412 2000 2482 quia

398 2503 465 2560 iis
488 2502 685 2560 diebus
703 2504 885 2560 carnis
903 2502 1253 2565 abstinentia.
1273 2504 1368 2560 sed
1391 2503 1513 2574 quia
1536 2504 1803 2575 jejunium
1826 2506 1999 2560 inter-

398 2598 658 2652 mittatur.
689 2595 952 2664 Quocirca
979 2595 1277 2668 Gregorius
1304 2597 1500 2652 horum
1525 2598 1741 2669 triginta
1764 2614 1859 2655 sex
1881 2598 2002 2654 die-

397 2706 517 2746 rum
531 2689 739 2762 jejunio
757 2690 886 2744 anni
900 2691 1071 2745 nostri
1093 2690 1335 2747 decimas
1357 2690 1553 2747 oii‘erre
1571 2707 1669 2748 nos
1690 2693 1800 2748 Deo
1822 2693 2000 2749 docet.

402 2783 545 2840 Hinc
592 2783 895 2838 luculenter
931 2782 1242 2839 confutatur
1270 2784 1411 2854 quod
1448 2783 1780 2841 Waiafridtts
1806 2782 2004 2842 Strabo

400 2891 521 2947 cap.
543 2876 635 2944 20,
663 2885 719 2931 et
746 2891 811 2931 ex
838 2892 904 2930 eo
931 2876 1260 2948 Micrologus
1273 2893 1394 2948 cap.
1424 2878 1515 2945 50,
1540 2880 1679 2935 libro
1701 2880 2004 2936 Pontiﬁcaii

400 2978 563 3039 atque
604 2969 787 3038 spuria
827 2966 1145 3024 Meicltiadis
1193 2970 1423 3037 epistola
1461 2969 1679 3039 decepti
1717 2971 2000 3026 scribunt:

406 3078 426 3114 ι
459 3059 790 3116 Melchiades
837 3060 1026 3115 Roma:
1072 3062 1421 3130 praesulatum
1470 3077 1668 3133 agens,
1718 3066 1905 3120 statuit
1945 3070 2007 3120 ut

402 3151 549 3207 nulla
574 3152 788 3207 ratione
820 3151 1099 3207 Dominica
1120 3161 1212 3209 aut
1232 3154 1416 3222 quinta
1440 3154 1570 3208 feria
1595 3155 1860 3225 jejunium
1883 3154 2005 3227 quis

2110 1948 2309 2017 verint,
2336 1956 2444 2003 etc.
2493 1964 2514 1999 ι
2550 1945 2815 2001 Eamdem
2842 1956 2962 2000 rem
3004 1942 3294 1999 concilium
3334 1940 3714 2009 Narbonense,

2106 2056 2252 2098 anno
2277 2038 2387 2099 589
2408 2039 2675 2104 habitum,
2697 2050 2863 2109 quam
2888 2036 3110 2107 indigne
3122 2034 3309 2102 ferret,
3330 2047 3456 2089 can.
3477 2033 3569 2097 15,
3592 2046 3719 2104 ape-

2106 2140 2214 2194 ruit
2246 2136 2331 2191 his
2354 2135 2536 2191 verbis
2566 2151 2580 2187 :
2616 2151 2636 2185 ι
2672 2130 2755 2188 Ad
2786 2144 2889 2187 nos
2917 2130 3187 2203 pervenit,
3219 2126 3485 2200 quosdam
3514 2126 3585 2182 de
3613 2139 3716 2196 po-

2107 2231 2246 2302 pttlis
2274 2227 2557 2284 catholicae
2587 2225 2711 2281 ﬁdei
2757 2222 3079 2281 exsecrabili
3125 2223 3232 2278 ritu
3270 2221 3416 2277 diem
3464 2219 3715 2292 quintam

2106 2321 2338 2387 feriam,
2392 2320 2483 2391 qui
2525 2329 2581 2373 et
2608 2317 2806 2373 dicitur
2846 2316 3035 2382 lovis,
3084 2314 3287 2370 multos
3333 2312 3609 2380 excolere,
3661 2321 3720 2368 et

2112 2414 2482 2485 operationem
2518 2424 2629 2467 non
2660 2410 2860 2466 tacere.
2893 2409 3064 2478 Quam
3090 2422 3211 2464 rem
3256 2420 3356 2479 pro
3398 2406 3493 2462 Dei
3522 2408 3720 2461 timore

2119 2516 2493 2576 exsecrantes,
2535 2515 2642 2563 etc.
2679 2524 2699 2559 ι
2748 2504 2936 2576 Neque
2984 2516 3115 2560 vero
3142 2502 3390 2559 Patrihus
3436 2506 3719 2571 tantopere

2107 2601 2381 2672 diapiicuit
2416 2601 2509 2657 ille
2553 2612 2673 2656 tuos
2715 2599 2817 2655 nisi
2846 2597 2974 2670 quia
3007 2599 3077 2653 ab
3102 2596 3266 2668 impia
3308 2595 3592 2666 gentilium
3618 2607 3718 2650 su-

2107 2695 2428 2765 perstitione
2447 2692 2725 2751 derivatus
2736 2700 2901 2749 esset.
2917 2691 3000 2748 Ad
3020 2706 3146 2748 cum
3166 2691 3331 2763 igitur
3351 2688 3707 2758 abolendum,

2108 2787 2241 2843 feria
2270 2788 2458 2858 quinta
2494 2787 2672 2857 potius
2693 2786 2897 2857 jejunis
2921 2782 3209 2841 indicenda
3235 2792 3410 2849 erant,
3436 2783 3713 2855 quomodo

2107 2880 2299 2936 iisdem
2334 2880 2673 2951 temporibus
2702 2880 2754 2934 in
2775 2877 3018 2936 kalendis
3054 2878 3326 2935 Januariis
3357 2878 3605 2934 eamdem
3636 2876 3711 2933 ob

2108 2989 2327 3031 causam
2356 2974 2558 3031 factum
2584 2986 2688 3041 est,
2719 2988 2884 3045 quam
2910 2971 3266 3045 prohibenda.

2180 3069 2274 3123 27.
2302 3069 2589 3124 Decretum
2632 3068 2861 3123 alterum
2906 3068 2958 3121 in
2990 3066 3132 3122 libro
3158 3062 3458 3122 Pontiﬁcali
3498 3074 3720 3136 eXpres-

2109 3175 2230 3216 sum
2270 3168 2359 3217 est
2400 3162 2455 3215 in
2499 3160 2643 3215 hunc
2670 3160 2889 3216 modum
2925 3178 2938 3213 :
2970 3176 2990 3213 ι
3022 3159 3123 3215 Hic
3148 3158 3275 3214 fecit
3315 3167 3373 3214 ut
3412 3158 3719 3215 oblationes

402 3243 640 3298 iidelium
669 3252 873 3313 ageret.
901 3242 1104 3311 Pagani
1133 3244 1276 3299 enim
1297 3244 1381 3300 his
1405 3245 1601 3302 diebus
1620 3251 1777 3319 quasi
1798 3247 2005 3320 jejunis
2033 3266 2080 3329 ρ
2112 3263 2445 3311 consecrates
2470 3270 2576 3325 per
2621 3254 2885 3310 ecclesias
2918 3267 2985 3309 ex
3016 3261 3336 3309 consecrato
3365 3252 3606 3323 episcopi
3630 3251 3718 3308 di-

404 3335 842 3405 frequcntabant.
873 3334 1000 3390 ideo
1030 3336 1092 3390 Β.
1123 3336 1421 3407 Gregorius
1448 3340 1504 3394 in
1534 3338 1893 3410 dispositione
1918 3344 2007 3399 of-

407 3428 650 3483 iiciorum
679 3429 829 3493 antri,
863 3426 1004 3484 inira
1029 3429 1519 3501 quadragesimam,
1543 3435 1787 3505 quintam
1816 3437 2007 3494 teriam

408 3527 688 3576 vacantem
719 3520 970 3585 demisit;
1000 3528 1061 3575 ut
1096 3522 1218 3591 quia
1250 3519 1442 3578 festiva
1472 3535 1591 3580 erat
1627 3526 1797 3583 veluti
1826 3529 2008 3585 Domi—

408 3612 547 3678 nica,
579 3612 739 3668 etiam
770 3610 950 3666 ofﬁcio
971 3611 1079 3667 diei
1110 3612 1406 3670 Dominicis
1434 3616 1665 3674 celebris
1690 3618 2005 3678 haberetur.

410 3701 541 3770 Qum
568 3704 757 3774 quinta
787 3703 920 3761 feria
950 3706 1206 3775 quoniam
1236 3710 1583 3778 postmodum
1615 3715 1780 3785 carpit
1809 3725 1871 3771 ut
1895 3730 2006 3772 cte-

412 3806 564 3865 teras,
588 3796 807 3870 jejuniis
833 3798 1122 3869 applicari;
1146 3800 1439 3874 Gregorius
1460 3805 1645 3877 junior
1674 3810 1861 3865 statuit
1885 3825 2009 3867 eam

411 3890 590 3959 Missis
632 3904 687 3947 et
728 3892 1062 3949 orationibus
1100 3911 1222 3951 esse
1256 3897 1577 3957 solemnem.
1609 3920 1631 3955 ι
1665 3903 1811 3958 istud
1842 3918 2010 3975 porro

411 3985 582 4051 aiunt,
612 3986 717 4039 vita
746 3983 863 4039 fulti
893 3986 1139 4058 Gregorii
1168 3987 1234 4057 il,
1263 3990 1354 4059 qui
1396 3991 1576 4062 iunior
1605 3996 1865 4065 appellari
1895 4006 2010 4053 tum

411 4076 654 4143 solebat,
687 4078 776 4132 ubi
818 4081 961 4148 apud
993 4080 1339 4138 Anastasium
1379 4084 1648 4156 legimus:
1682 4104 1704 4141 ι
1736 4087 1833 4144 Hic
1871 4103 2009 4160 quas

412 4167 754 4238 dragesimali
793 4181 1073 4241 tempore.
1106 4182 1168 4228 ut
1209 4174 1263 4228 in
1304 4176 1489 4245 quinta
1537 4177 1667 4234 feria
1708 4180 2008 4252 jejunium,

414 4270 574 4332 atque
610 4262 891 4320 Missurum
938 4266 1226 4322 celebritas
1270 4268 1425 4325 ﬁeret
1465 4271 1518 4326 in
1560 4274 1831 4342 ecclesiis,
1863 4278 2008 4347 quod

415 4367 521 4409 non
550 4355 827 4424 agebatur,
861 4356 1111 4413 inStituit.
1147 4377 1166 4409 ι
1197 4358 1305 4415 Sed
1330 4369 1387 4415 et
1407 4361 1510 4417 hoc
1531 4364 1652 4420 loco
1676 4367 2010 4425 convincun-

416 4456 502 4503 tur
539 4446 869 4504 Walafritlus
897 4465 960 4506 ac
1005 4450 1332 4523 Micrologus
1366 4468 1431 4508 ex
1461 4469 1835 4529 praeoncepta
1874 4464 2011 4534 upi-

415 4541 579 4597 nione
620 4542 835 4612 potius,
877 4558 1037 4613 quam
1089 4543 1196 4599 ulla
1252 4547 1569 4604 auctoritate
1623 4550 1828 4609 dixisse
1877 4554 2011 4611 feria

2112 3350 2442 3420 ﬁgerentur,
2495 3349 2637 3420 quod
2683 3346 2992 3404 declaratur
3034 3346 3383 3404 fermentum.
3418 3363 3439 3401 ›
3482 3346 3583 3402 (lui
3621 3345 3722 3402 de-

2113 3455 2266 3499 creto
2286 3443 2468 3499 simile
2490 3450 2577 3500 est
2597 3440 2731 3499 illud
2754 3443 2899 3514 quod
2924 3441 3064 3499 idem
3088 3441 3225 3498 iiber
3242 3441 3433 3500 Siricio
3447 3439 3721 3497 attribuit:

2118 3554 2140 3592 α
2175 3538 2275 3595 llic
2317 3537 2620 3606 constituit,
2676 3547 2735 3594 ut
2776 3538 2957 3595 nullus
3005 3537 3288 3610 presbyter
3332 3536 3523 3593 Missas
3569 3535 3722 3591 cele-

2112 3633 2300 3690 braret
2338 3646 2435 3703 per
2472 3632 2892 3700 hebdomadam,
2921 3632 3024 3687 nisi
3057 3639 3432 3689 consecratum
3475 3626 3724 3701 episcopi

2115 3724 2223 3782 ioci
2240 3726 2506 3797 designati
2523 3727 2824 3797 susciperet
2852 3727 3210 3791 declaratum,
3234 3725 3378 3797 quod
3404 3722 3725 3780 nominatur

2115 3817 2461 3875 fermentum.
2502 3836 2524 3872 ι
2565 3820 2899 3891 Quamquam
2940 3818 2995 3874 in
3035 3816 3388 3874 Bollandiano
3425 3815 3549 3872 libri
3575 3815 3728 3872 Pon-

2114 3910 2329 3968 tiﬁcalis
2355 3912 2676 3983 exemplari,
2727 3922 2786 3968 ut
2828 3920 2880 3968 et
2928 3912 2983 3967 in
3029 3909 3363 3978 Fossatensi,
3408 3922 3552 3965 nunc
3594 3904 3727 3964 Coi-

2116 4004 2353 4073 bertino,
2399 4005 2544 4062 idem
2578 4004 2758 4062 Siricii
2786 4004 3059 4061 decretum
3104 4001 3425 4075 simpliciter
3462 4001 3535 4057 ita
3563 3999 3727 4059 en‘er-

2114 4104 2244 4154 tur:
2285 4115 2304 4151 ι
2337 4096 2636 4155 Constituit
2667 4106 2724 4153 ut
2769 4100 2885 4153 sine
2931 4105 3253 4154 consecrato
3288 4094 3565 4169 episcopi,
3613 4094 3727 4151 loci

2118 4189 2411 4262 cujuslibet
2444 4190 2783 4262 presbyteris
2815 4202 2920 4246 non
2966 4187 3155 4246 liceret
3187 4187 3518 4246 consecrari.
3556 4202 3576 4240 ι
3614 4184 3728 4243 Ubi

2119 4282 2224 4337 nisi
2255 4281 2502 4353 legamus
2531 4294 2876 4350 consecrare,
2930 4281 3033 4337 hec
3072 4278 3350 4336 decretum
3380 4277 3449 4334 ad
3490 4276 3727 4349 presby-

2116 4388 2359 4434 terorum
2376 4376 2841 4434 consecrationem
2865 4374 3212 4434 referendum
3241 4374 3515 4433 videbitur
3541 4394 3556 4432 :
3578 4375 3725 4448 quod

2117 4464 2408 4535 aliquando
2445 4460 2644 4519 factum
2690 4479 2811 4520 esse
2857 4462 3190 4535 ignoramus.
3226 4462 3339 4520 Hoc
3387 4471 3599 4518 tantum
3625 4475 3727 4517 no-

2119 4560 2300 4613 vimus
2323 4557 2449 4612 olim
2476 4556 2752 4612 nonnullis
2774 4557 2826 4612 in
2850 4555 3096 4613 ecclesiis
3118 4570 3215 4613 usu
3236 4565 3512 4628 receptum
3533 4554 3723 4622 fuisse,

414 4636 598 4729 quinta
621 4636 833 4729 Missam
857 4652 889 4691 e
912 4637 1189 4729 Dominica
1214 4638 1380 4696 fuisse
1410 4643 1693 4713 repetitam
1714 4662 1730 4713 ;
1754 4662 1877 4703 cum
1907 4648 2013 4707 hoc
2038 4666 2093 4729 1)
2119 4664 2177 4709 ιιι
2220 4652 2521 4725 presbyteri
2564 4659 2689 4724 post
2725 4648 3120 4709 ordinationem
3164 4666 3315 4708 suam
3358 4651 3426 4707 ab
3467 4650 3727 4721 episcOpo

416 4728 527 4794 die,
563 4728 764 4783 nullam
784 4738 910 4783 ante
925 4728 1242 4799 Gregorium
1272 4731 1333 4793 il,
1363 4734 1446 4804 agi
1475 4739 1828 4795 eonsuevisse
1850 4740 2014 4798 istinc

418 4818 728 4873 doceamur.
760 4820 835 4874 Ita
865 4836 1019 4875 error
1048 4836 1290 4879 errorem
1321 4823 1477 4882 facile
1510 4830 1674 4897 parit.

488 4911 579 4969 26.
602 4912 679 4967 Ad
697 4912 963 4981 jejunium
977 4915 1120 4984 quod
1151 4918 1580 4982 attinet,nullam
1600 4922 1658 4979 S.
1685 4904 2013 4982 Benedictus

419 5012 639 5058 noverat
670 5003 867 5073 legem,
894 5021 1013 5074 quae
1043 5006 1173 5062 illud
1201 5007 1335 5065 feria
1366 5012 1551 5081 quinta
1581 5018 1788 5072 servari
1816 5019 2004 5088 prohi-

416 5095 586 5151 beret.
620 5095 829 5166 Quippe
864 5098 1060 5168 regulae
1098 5116 1212 5156 sua:
1253 5103 1432 5173 capite
1465 5105 1534 5160 41
1577 5111 1896 5164 continuum
1940 5113 2009 5167 ad

416 5196 658 5242 sanctum
688 5203 859 5258 usque
890 5188 1090 5246 Pascha
1114 5192 1380 5265 jejunium
1408 5201 1790 5268 praescribens,
1818 5203 2007 5261 feriam

415 5282 657 5353 quintam
701 5299 807 5338 non
836 5285 1051 5357 excipit.
1095 5288 1151 5344 S.
1201 5289 1438 5348 Isidorus
1466 5292 1824 5365 Hispalensis,
1867 5297 2003 5371 Reg.

415 5387 535 5442 cap.
569 5372 656 5440 10,
687 5374 988 5444 quotidiana
1018 5394 1115 5449 per
1148 5388 1324 5437 totum
1367 5398 1568 5438 annum
1610 5385 1811 5455 jejunia
1835 5429 1848 5451 ,
1872 5390 2009 5447 solis

418 5465 708 5522 Dominicis
730 5472 990 5541 exceptis,
1021 5474 1087 5529 ad
1112 5475 1468 5533 imitationem
1493 5487 1701 5547 patrum
1724 5483 2008 5552 permittit.

412 5559 602 5614 Postea
653 5562 864 5631 quidem
910 5565 1145 5635 Magistri
1190 5568 1415 5638 Regula,
1450 5584 1573 5641 cap.
1612 5572 1706 5639 27,
1734 5574 1806 5631 28
1835 5587 1889 5632 et
1913 5577 2004 5644 55,

412 5649 562 5706 t‘criis
583 5654 785 5722 quintis
801 5656 1063 5726 jejunium
1085 5660 1322 5724 remisit;
1347 5661 1443 5717 sed
1468 5662 1535 5719 ab
1560 5665 1663 5722 hac
1683 5668 2007 5728 remissione

410 5747 623 5818 quintae
676 5754 1101 5824 quadragesima
1152 5756 1316 5812 ferias
1358 5761 1531 5832 excipi
1572 5763 1758 5822 voluit.
1816 5766 2004 5842 Neque

409 5848 542 5903 \sro
567 5845 841 5910 prmdictze
863 5844 1196 5904 remissionis
1222 5848 1361 5906 hanc
1390 5852 1538 5911 dedit
1557 5858 1843 5931 rationem,
1875 5864 2000 5933 quia

2121 4760 2223 4805 suo
2287 4744 2549 4802 Dominici
2610 4746 2855 4818 corporis
2904 4746 3216 4817 acciperent
3275 4745 3551 4816 portiones
3579 4785 3595 4811 ,
3655 4741 3727 4797 de

2119 4842 2312 4914 quibUs
2342 4846 2491 4897 certo
2516 4841 2727 4897 dierum
2757 4854 2985 4897 numero
3015 4836 3447 4896 communionem
3479 4834 3727 4907 percipec

2119 4945 2263 4993 rent.
2312 4935 2573 5005 Quocirca
2626 4938 2678 4990 in
2720 4937 2942 5007 antiquo
2984 4932 3291 4991 Pontiﬁcali
3344 4928 3726 4990 Suessionensi

2119 5029 2265 5100 apud
2307 5039 2552 5086 nostrum
2594 5028 2945 5084 Edmundum
2975 5028 3239 5096 Martene,
3271 5027 3340 5083 de
3365 5024 3537 5096 antiq.
3569 5021 3724 5079 Eccl.

2119 5118 2261 5188 Blt.,
2287 5127 2327 5176 t.
2352 5130 2411 5187 ιι,
2444 5132 2500 5191 p.
2531 5118 2657 5188 522,
2691 5120 2833 5177 istud
2877 5117 3108 5177 edicitur
3145 5137 3157 5173 :
3197 5137 3217 5170 ι
3256 5113 3462 5173 Debent
3500 5113 3728 5186 presby-

2118 5212 2223 5268 teri
2254 5212 2529 5283 portiones
2571 5210 2837 5268 Dominici
2885 5212 3132 5284 corporis
3171 5209 3240 5266 ab
3281 5209 3539 5279 episcopo
3577 5206 3725 5263 acci-

2117 5318 2272 5376 pere,
2302 5304 2369 5361 de
2397 5304 2594 5376 quibus
2624 5304 2925 5376 percipiant
2963 5302 3404 5361 communionem
3452 5312 3550 5371 per
3588 5312 3722 5370 qua-

2116 5397 2363 5470 draginta
2431 5397 2570 5453 dies.
2639 5416 2657 5451 ι
2718 5394 2785 5453 Et
2837 5398 2891 5453 in
2947 5396 3169 5468 antiquo
3212 5392 3421 5451 Ordine
3477 5391 3724 5448 Romano

2119 5493 2335 5548 novitiis
2389 5490 2722 5566 presbyteris
2776 5492 3169 5565 praescribitur,
3220 5495 3277 5545 ut
3332 5496 3397 5544 ex
3443 5484 3569 5544 data
3617 5485 3721 5544 sibi

2121 5583 2296 5640 oblata
2325 5594 2643 5640 consecrata
2682 5586 3082 5641 communicent
3126 5592 3297 5655 usque
3341 5588 3548 5652 septem
3581 5577 3720 5633 dies.

2117 5674 2345 5745 Verum,
2382 5690 2452 5732 cx
2491 5674 2821 5733 auctioribus
2856 5676 2983 5734 libri
3028 5672 3361 5732 Pontiﬁcalis
3398 5666 3674 5729 codicibus
3705 5710 3721 5735 ,

2115 5767 2427 5842 corrigendi
2473 5766 2728 5827 videntur
2774 5766 3158 5826 Bollandianus
3182 5774 3344 5838 atque
3383 5760 3720 5820 Fossatensis

2116 5862 2256 5922 adeo
2294 5870 2353 5921 ut
2382 5865 2439 5921 in
2466 5863 2548 5921 eis
2602 5863 2807 5936 legatur
2863 5872 3160 5921 consecrare
3176 5904 3191 5933 ,
3238 5876 3367 5957 non,
3391 5856 3713 5928 consecrari,
