  <div class='ocr_page' id='page_1' title='image "/cluster/home/n/w/nwhite01/storage/ocr_20150623/6/uva.x000669814/032.png"; bbox 0 0 3838 6278; ppageno 0'>
   <div class='ocr_carea' id='block_1_1' title="bbox 188 319 1755 394">
    <p class='ocr_par' dir='ltr' id='par_1_1' title="bbox 188 327 1755 394">
     <span class='ocr_line' id='line_1_1' title="bbox 188 327 1755 394; baseline -0.004 -1"><span class='ocrx_word' id='word_1_1' title='bbox 188 335 254 393; x_wconf 68' lang='grc'><strong>43</strong></span> <span class='ocrx_word' id='word_1_2' title='bbox 826 355 831 360; x_wconf 73' lang='grc'><strong>’</strong></span> <span class='ocrx_word' id='word_1_3' title='bbox 863 331 1166 393; x_wconf 81' lang='lat' dir='ltr'><strong>RHETICII</strong></span> <span class='ocrx_word' id='word_1_4' title='bbox 1203 329 1460 394; x_wconf 77' lang='lat' dir='ltr'><strong>DICTUM</strong></span> <span class='ocrx_word' id='word_1_5' title='bbox 1499 328 1588 390; x_wconf 79' lang='lat' dir='ltr'><strong>DE</strong></span> <span class='ocrx_word' id='word_1_6' title='bbox 1621 327 1755 390; x_wconf 76' lang='lat' dir='ltr'><strong>BAP</strong></span> 
     </span>
    </p>
   </div>
   <div class='ocr_carea' id='block_1_2' title="bbox 1895 319 3477 394">
    <p class='ocr_par' dir='ltr' id='par_1_2' title="bbox 1895 319 3477 388">
     <span class='ocr_line' id='line_1_2' title="bbox 1895 319 3477 388; baseline 0.001 -2"><span class='ocrx_word' id='word_1_7' title='bbox 1895 324 2073 386; x_wconf 68' lang='lat' dir='ltr'><strong>l0.-—</strong></span> <span class='ocrx_word' id='word_1_8' title='bbox 2108 324 2418 388; x_wconf 73' lang='grc' dir='ltr'><strong>ΑΝΟΝΥΜΙ</strong></span> <span class='ocrx_word' id='word_1_9' title='bbox 2441 322 2748 384; x_wconf 75' lang='grc' dir='ltr'><strong>ΩΔΙὶΜΕΝ.</strong></span> <span class='ocrx_word' id='word_1_10' title='bbox 3143 320 3146 322; x_wconf 44' lang='grc'>⁷</span> <span class='ocrx_word' id='word_1_11' title='bbox 3403 326 3477 387; x_wconf 69' lang='grc'><strong>46</strong></span> 
     </span>
    </p>
   </div>
   <div class='ocr_carea' id='block_1_3' title="bbox 192 441 3486 516">
    <p class='ocr_par' dir='ltr' id='par_1_3' title="bbox 192 441 3486 516">
     <span class='ocr_line' id='line_1_3' title="bbox 192 441 3486 516; baseline -0.001 -13"><span class='ocrx_word' id='word_1_12' title='bbox 192 449 342 514; x_wconf 70' lang='lat' dir='ltr'><strong>idque</strong></span> <span class='ocrx_word' id='word_1_13' title='bbox 385 445 454 503; x_wconf 90' lang='lat' dir='ltr'><strong>de</strong></span> <span class='ocrx_word' id='word_1_14' title='bbox 494 445 908 506; x_wconf 79' lang='lat' dir='ltr'><strong>consecratione</strong></span> <span class='ocrx_word' id='word_1_15' title='bbox 951 449 1292 506; x_wconf 69' lang='lat' dir='ltr'><strong>eucharistias</strong></span> <span class='ocrx_word' id='word_1_16' title='bbox 1339 465 1437 506; x_wconf 88' lang='lat' dir='ltr'><strong>seu</strong></span> <span class='ocrx_word' id='word_1_17' title='bbox 1482 449 1768 506; x_wconf 79' lang='lat' dir='ltr'><strong>Missarum</strong></span> <span class='ocrx_word' id='word_1_18' title='bbox 1796 447 1847 510; x_wconf 78' lang='grc' dir='ltr'><strong>Α</strong></span> <span class='ocrx_word' id='word_1_19' title='bbox 1875 443 1996 516; x_wconf 88' lang='lat' dir='ltr'><strong>quia</strong></span> <span class='ocrx_word' id='word_1_20' title='bbox 2039 459 2140 500; x_wconf 85' lang='lat' dir='ltr'><strong>nec</strong></span> <span class='ocrx_word' id='word_1_21' title='bbox 2179 443 2338 516; x_wconf 79' lang='lat' dir='ltr'><strong>longe</strong></span> <span class='ocrx_word' id='word_1_22' title='bbox 2366 443 2630 516; x_wconf 85' lang='lat' dir='ltr'><strong>portanda</strong></span> <span class='ocrx_word' id='word_1_23' title='bbox 2662 449 2788 500; x_wconf 89' lang='lat' dir='ltr'><strong>sunt</strong></span> <span class='ocrx_word' id='word_1_24' title='bbox 2838 449 3202 500; x_wconf 87' lang='lat' dir='ltr'><strong>sacramenta.</strong></span> <span class='ocrx_word' id='word_1_25' title='bbox 3236 441 3346 501; x_wconf 85' lang='lat' dir='ltr'><strong>Nec</strong></span> <span class='ocrx_word' id='word_1_26' title='bbox 3385 462 3486 502; x_wconf 90' lang='lat' dir='ltr'><strong>nos</strong></span> 
     </span>
    </p>
   </div>
   <div class='ocr_carea' id='block_1_4' title="bbox 192 537 1774 614">
    <p class='ocr_par' dir='ltr' id='par_1_4' title="bbox 192 537 1774 614">
     <span class='ocr_line' id='line_1_4' title="bbox 192 537 1774 614; baseline 0.001 -19"><span class='ocrx_word' id='word_1_27' title='bbox 192 537 542 595; x_wconf 63' lang='lat' dir='ltr'><strong>celebratione</strong></span> <span class='ocrx_word' id='word_1_28' title='bbox 577 539 924 612; x_wconf 84' lang='lat' dir='ltr'><strong>intelligatur.</strong></span> <span class='ocrx_word' id='word_1_29' title='bbox 969 540 1078 598; x_wconf 86' lang='lat' dir='ltr'><strong>Sed</strong></span> <span class='ocrx_word' id='word_1_30' title='bbox 1121 557 1297 614; x_wconf 85' lang='lat' dir='ltr'><strong>neque</strong></span> <span class='ocrx_word' id='word_1_31' title='bbox 1323 542 1448 600; x_wconf 77' lang='lat' dir='ltr'><strong>hinc</strong></span> <span class='ocrx_word' id='word_1_32' title='bbox 1471 542 1774 606; x_wconf 77' lang='lat' dir='ltr'><strong>coniicitur,</strong></span> 
     </span>
    </p>
   </div>
   <div class='ocr_carea' id='block_1_5' title="bbox 191 632 1780 708">
    <p class='ocr_par' dir='ltr' id='par_1_5' title="bbox 191 632 1780 708">
     <span class='ocr_line' id='line_1_5' title="bbox 191 632 1780 708; baseline 0.004 -20"><span class='ocrx_word' id='word_1_33' title='bbox 191 632 467 688; x_wconf 77' lang='lat' dir='ltr'><strong>oblationis</strong></span> <span class='ocrx_word' id='word_1_34' title='bbox 521 633 592 688; x_wconf 89' lang='lat' dir='ltr'><strong>ab</strong></span> <span class='ocrx_word' id='word_1_35' title='bbox 631 635 892 707; x_wconf 83' lang='lat' dir='ltr'><strong>episcopo</strong></span> <span class='ocrx_word' id='word_1_36' title='bbox 949 647 1282 694; x_wconf 86' lang='lat' dir='ltr'><strong>consecratae</strong></span> <span class='ocrx_word' id='word_1_37' title='bbox 1339 637 1618 708; x_wconf 87' lang='lat' dir='ltr'><strong>portiones</strong></span> <span class='ocrx_word' id='word_1_38' title='bbox 1682 653 1780 707; x_wconf 83' lang='lat' dir='ltr'><strong>per</strong></span> 
     </span>
    </p>
   </div>
   <div class='ocr_carea' id='block_1_6' title="bbox 191 725 1780 790">
    <p class='ocr_par' dir='ltr' id='par_1_6' title="bbox 191 725 1780 790">
     <span class='ocr_line' id='line_1_6' title="bbox 191 725 1780 790; baseline 0.003 -6"><span class='ocrx_word' id='word_1_39' title='bbox 191 725 438 784; x_wconf 84' lang='lat' dir='ltr'><strong>ecclesias</strong></span> <span class='ocrx_word' id='word_1_40' title='bbox 461 741 523 781; x_wconf 91' lang='lat' dir='ltr'><strong>ac</strong></span> <span class='ocrx_word' id='word_1_41' title='bbox 555 727 738 784; x_wconf 87' lang='lat' dir='ltr'><strong>titulos</strong></span> <span class='ocrx_word' id='word_1_42' title='bbox 763 730 1012 788; x_wconf 79' lang='lat' dir='ltr'><strong>mittendi</strong></span> <span class='ocrx_word' id='word_1_43' title='bbox 1042 746 1247 787; x_wconf 87' lang='lat' dir='ltr'><strong>morem</strong></span> <span class='ocrx_word' id='word_1_44' title='bbox 1273 731 1410 787; x_wconf 75' lang='lat' dir='ltr'><strong>falso</strong></span> <span class='ocrx_word' id='word_1_45' title='bbox 1431 731 1497 788; x_wconf 88' lang='lat' dir='ltr'><strong>ad</strong></span> <span class='ocrx_word' id='word_1_46' title='bbox 1527 731 1780 790; x_wconf 80' lang='lat' dir='ltr'><strong>Melcbia-</strong></span> 
     </span>
    </p>
   </div>
   <div class='ocr_carea' id='block_1_7' title="bbox 192 817 1778 890">
    <p class='ocr_par' dir='ltr' id='par_1_7' title="bbox 192 817 1778 890">
     <span class='ocr_line' id='line_1_7' title="bbox 192 817 1778 890; baseline 0.003 -16"><span class='ocrx_word' id='word_1_47' title='bbox 192 817 305 874; x_wconf 92' lang='lat' dir='ltr'><strong>dem</strong></span> <span class='ocrx_word' id='word_1_48' title='bbox 350 825 404 872; x_wconf 89' lang='lat' dir='ltr'><strong>ut</strong></span> <span class='ocrx_word' id='word_1_49' title='bbox 451 817 519 874; x_wconf 89' lang='lat' dir='ltr'><strong>ad</strong></span> <span class='ocrx_word' id='word_1_50' title='bbox 553 819 672 890; x_wconf 82' lang='lat' dir='ltr'><strong>ejus</strong></span> <span class='ocrx_word' id='word_1_51' title='bbox 709 831 988 879; x_wconf 76' lang='lat' dir='ltr'><strong>auctorem</strong></span> <span class='ocrx_word' id='word_1_52' title='bbox 1037 821 1234 880; x_wconf 81' lang='lat' dir='ltr'><strong>referri</strong></span> <span class='ocrx_word' id='word_1_53' title='bbox 1254 842 1277 889; x_wconf 26' lang='lat'><strong>,:</strong></span> <span class='ocrx_word' id='word_1_54' title='bbox 1322 839 1442 880; x_wconf 86' lang='lat' dir='ltr'><strong>cum</strong></span> <span class='ocrx_word' id='word_1_55' title='bbox 1487 825 1541 880; x_wconf 88' lang='lat' dir='ltr'><strong>in</strong></span> <span class='ocrx_word' id='word_1_56' title='bbox 1587 825 1778 880; x_wconf 87' lang='lat' dir='ltr'><strong>eodem</strong></span> 
     </span>
    </p>
   </div>
   <div class='ocr_carea' id='block_1_8' title="bbox 193 909 1780 984">
    <p class='ocr_par' dir='ltr' id='par_1_8' title="bbox 193 909 1780 984">
     <span class='ocr_line' id='line_1_8' title="bbox 193 909 1780 984; baseline 0.006 -19"><span class='ocrx_word' id='word_1_57' title='bbox 193 909 325 965; x_wconf 90' lang='lat' dir='ltr'><strong>libro</strong></span> <span class='ocrx_word' id='word_1_58' title='bbox 375 909 606 968; x_wconf 84' lang='lat' dir='ltr'><strong>Romani</strong></span> <span class='ocrx_word' id='word_1_59' title='bbox 659 915 939 984; x_wconf 79' lang='lat' dir='ltr'><strong>pontiﬁces</strong></span> <span class='ocrx_word' id='word_1_60' title='bbox 995 915 1048 970; x_wconf 88' lang='lat' dir='ltr'><strong>id</strong></span> <span class='ocrx_word' id='word_1_61' title='bbox 1101 915 1374 972; x_wconf 81' lang='lat' dir='ltr'><strong>interdum</strong></span> <span class='ocrx_word' id='word_1_62' title='bbox 1428 917 1780 974; x_wconf 76' lang='lat' dir='ltr'><strong>constituisse</strong></span> 
     </span>
    </p>
   </div>
   <div class='ocr_carea' id='block_1_9' title="bbox 186 1003 1780 1081">
    <p class='ocr_par' dir='ltr' id='par_1_9' title="bbox 186 1003 1780 1081">
     <span class='ocr_line' id='line_1_9' title="bbox 186 1003 1780 1081; baseline 0.003 -22"><span class='ocrx_word' id='word_1_63' title='bbox 186 1003 447 1072; x_wconf 84' lang='lat' dir='ltr'><strong>dicantur,</strong></span> <span class='ocrx_word' id='word_1_64' title='bbox 505 1019 614 1062; x_wconf 90' lang='lat' dir='ltr'><strong>non</strong></span> <span class='ocrx_word' id='word_1_65' title='bbox 663 1007 810 1078; x_wconf 89' lang='lat' dir='ltr'><strong>quod</strong></span> <span class='ocrx_word' id='word_1_66' title='bbox 863 1008 1194 1064; x_wconf 83' lang='lat' dir='ltr'><strong>instituerint</strong></span> <span class='ocrx_word' id='word_1_67' title='bbox 1239 1009 1432 1081; x_wconf 90' lang='lat' dir='ltr'><strong>primi,</strong></span> <span class='ocrx_word' id='word_1_68' title='bbox 1489 1009 1587 1067; x_wconf 89' lang='lat' dir='ltr'><strong>sed</strong></span> <span class='ocrx_word' id='word_1_69' title='bbox 1633 1009 1780 1080; x_wconf 80' lang='lat' dir='ltr'><strong>quod</strong></span> 
     </span>
    </p>
   </div>
   <div class='ocr_carea' id='block_1_10' title="bbox 185 1094 1780 1159">
    <p class='ocr_par' dir='ltr' id='par_1_10' title="bbox 185 1094 1780 1159">
     <span class='ocr_line' id='line_1_10' title="bbox 185 1094 1780 1159; baseline 0.004 -7"><span class='ocrx_word' id='word_1_70' title='bbox 185 1094 462 1152; x_wconf 78' lang='lat' dir='ltr'><strong>dumtaxat</strong></span> <span class='ocrx_word' id='word_1_71' title='bbox 485 1096 876 1156; x_wconf 82' lang='lat' dir='ltr'><strong>conﬁrmarint.</strong></span> <span class='ocrx_word' id='word_1_72' title='bbox 903 1099 1039 1156; x_wconf 87' lang='lat' dir='ltr'><strong>Nam</strong></span> <span class='ocrx_word' id='word_1_73' title='bbox 1082 1110 1141 1156; x_wconf 91' lang='lat' dir='ltr'><strong>ut</strong></span> <span class='ocrx_word' id='word_1_74' title='bbox 1178 1117 1207 1156; x_wconf 91' lang='lat' dir='ltr'><strong>a</strong></span> <span class='ocrx_word' id='word_1_75' title='bbox 1253 1101 1447 1159; x_wconf 86' lang='lat' dir='ltr'><strong>Siricio</strong></span> <span class='ocrx_word' id='word_1_76' title='bbox 1476 1117 1586 1158; x_wconf 91' lang='lat' dir='ltr'><strong>non</strong></span> <span class='ocrx_word' id='word_1_77' title='bbox 1621 1117 1780 1158; x_wconf 87' lang='lat' dir='ltr'><strong>rece-</strong></span> 
     </span>
    </p>
   </div>
   <div class='ocr_carea' id='block_1_11' title="bbox 185 1187 1778 1260">
    <p class='ocr_par' dir='ltr' id='par_1_11' title="bbox 185 1187 1778 1260">
     <span class='ocr_line' id='line_1_11' title="bbox 185 1187 1778 1260; baseline 0.004 -17"><span class='ocrx_word' id='word_1_78' title='bbox 185 1187 394 1256; x_wconf 80' lang='lat' dir='ltr'><strong>damus,</strong></span> <span class='ocrx_word' id='word_1_79' title='bbox 439 1190 736 1246; x_wconf 88' lang='lat' dir='ltr'><strong>secundum</strong></span> <span class='ocrx_word' id='word_1_80' title='bbox 769 1192 911 1248; x_wconf 84' lang='lat' dir='ltr'><strong>hunc</strong></span> <span class='ocrx_word' id='word_1_81' title='bbox 956 1193 1175 1260; x_wconf 87' lang='lat' dir='ltr'><strong>librum,</strong></span> <span class='ocrx_word' id='word_1_82' title='bbox 1215 1211 1234 1245; x_wconf 73' lang='grc' dir='ltr'><strong><em>ι</em></strong></span> <span class='ocrx_word' id='word_1_83' title='bbox 1281 1195 1562 1250; x_wconf 81' lang='lat' dir='ltr'><strong>constituit</strong></span> <span class='ocrx_word' id='word_1_84' title='bbox 1601 1194 1778 1252; x_wconf 85' lang='lat' dir='ltr'><strong>haere-</strong></span> 
     </span>
    </p>
   </div>
   <div class='ocr_carea' id='block_1_12' title="bbox 187 1282 1774 1358">
    <p class='ocr_par' dir='ltr' id='par_1_12' title="bbox 187 1282 1774 1358">
     <span class='ocr_line' id='line_1_12' title="bbox 187 1282 1774 1358; baseline 0.001 -20"><span class='ocrx_word' id='word_1_85' title='bbox 187 1282 318 1339; x_wconf 89' lang='lat' dir='ltr'><strong>ticos</strong></span> <span class='ocrx_word' id='word_1_86' title='bbox 341 1282 446 1339; x_wconf 85' lang='lat' dir='ltr'><strong>sub</strong></span> <span class='ocrx_word' id='word_1_87' title='bbox 473 1299 665 1341; x_wconf 90' lang='lat' dir='ltr'><strong>manus</strong></span> <span class='ocrx_word' id='word_1_88' title='bbox 683 1285 1030 1356; x_wconf 87' lang='lat' dir='ltr'><strong>impositione</strong></span> <span class='ocrx_word' id='word_1_89' title='bbox 1057 1286 1226 1358; x_wconf 81' lang='lat' dir='ltr'><strong>recipi</strong></span> <span class='ocrx_word' id='word_1_90' title='bbox 1254 1295 1309 1344; x_wconf 91' lang='lat' dir='ltr'><strong>et</strong></span> <span class='ocrx_word' id='word_1_91' title='bbox 1334 1287 1696 1354; x_wconf 89' lang='lat' dir='ltr'><strong>reconciliari,</strong></span> <span class='ocrx_word' id='word_1_92' title='bbox 1752 1305 1774 1340; x_wconf 70' lang='grc' dir='ltr'><strong>ο</strong></span> 
     </span>
    </p>
   </div>
   <div class='ocr_carea' id='block_1_13' title="bbox 181 1376 1782 1451">
    <p class='ocr_par' dir='ltr' id='par_1_13' title="bbox 181 1376 1782 1451">
     <span class='ocr_line' id='line_1_13' title="bbox 181 1376 1782 1451; baseline 0.005 -23"><span class='ocrx_word' id='word_1_93' title='bbox 181 1379 303 1446; x_wconf 90' lang='lat' dir='ltr'><strong>quia</strong></span> <span class='ocrx_word' id='word_1_94' title='bbox 335 1376 493 1446; x_wconf 90' lang='lat' dir='ltr'><strong>epist.</strong></span> <span class='ocrx_word' id='word_1_95' title='bbox 518 1377 581 1444; x_wconf 72' lang='lat'><strong>1,</strong></span> <span class='ocrx_word' id='word_1_96' title='bbox 599 1376 670 1433; x_wconf 91' lang='lat' dir='ltr'><strong>ad</strong></span> <span class='ocrx_word' id='word_1_97' title='bbox 693 1376 926 1442; x_wconf 80' lang='lat' dir='ltr'><strong>Himer.,</strong></span> <span class='ocrx_word' id='word_1_98' title='bbox 955 1393 1076 1450; x_wconf 88' lang='lat' dir='ltr'><strong>cap.</strong></span> <span class='ocrx_word' id='word_1_99' title='bbox 1098 1379 1152 1444; x_wconf 78' lang='grc'><strong>1,</strong></span> <span class='ocrx_word' id='word_1_100' title='bbox 1175 1376 1481 1448; x_wconf 83' lang='lat' dir='ltr'><strong>conﬁrmat,</strong></span> <span class='ocrx_word' id='word_1_101' title='bbox 1503 1377 1646 1451; x_wconf 84' lang='lat' dir='ltr'><strong>quod</strong></span> <span class='ocrx_word' id='word_1_102' title='bbox 1669 1377 1782 1451; x_wconf 88' lang='lat' dir='ltr'><strong>jam</strong></span> 
     </span>
    </p>
   </div>
   <div class='ocr_carea' id='block_1_14' title="bbox 185 1465 1494 1538">
    <p class='ocr_par' dir='ltr' id='par_1_14' title="bbox 185 1465 1494 1538">
     <span class='ocr_line' id='line_1_14' title="bbox 185 1465 1494 1538; baseline 0.002 -15"><span class='ocrx_word' id='word_1_103' title='bbox 185 1465 493 1538; x_wconf 87' lang='lat' dir='ltr'><strong>Stephanus</strong></span> <span class='ocrx_word' id='word_1_104' title='bbox 514 1469 819 1525; x_wconf 79' lang='lat' dir='ltr'><strong>traditionis</strong></span> <span class='ocrx_word' id='word_1_105' title='bbox 837 1469 1154 1527; x_wconf 81' lang='lat' dir='ltr'><strong>auctoritate</strong></span> <span class='ocrx_word' id='word_1_106' title='bbox 1177 1467 1494 1528; x_wconf 88' lang='lat' dir='ltr'><strong>vindicarat.</strong></span> 
     </span>
    </p>
   </div>
   <div class='ocr_carea' id='block_1_15' title="bbox 249 1557 1783 1636">
    <p class='ocr_par' dir='ltr' id='par_1_15' title="bbox 249 1557 1783 1636">
     <span class='ocr_line' id='line_1_15' title="bbox 249 1557 1783 1636; baseline 0.004 -23"><span class='ocrx_word' id='word_1_107' title='bbox 249 1559 344 1616; x_wconf 68' lang='lat'><strong>28.</strong></span> <span class='ocrx_word' id='word_1_108' title='bbox 375 1557 448 1616; x_wconf 89' lang='lat' dir='ltr'><strong>Ut</strong></span> <span class='ocrx_word' id='word_1_109' title='bbox 482 1567 542 1616; x_wconf 90' lang='lat' dir='ltr'><strong>ut</strong></span> <span class='ocrx_word' id='word_1_110' title='bbox 584 1571 685 1628; x_wconf 88' lang='lat' dir='ltr'><strong>est,</strong></span> <span class='ocrx_word' id='word_1_111' title='bbox 728 1561 1042 1632; x_wconf 61' lang='lat' dir='ltr'><strong>praedictum</strong></span> <span class='ocrx_word' id='word_1_112' title='bbox 1085 1559 1339 1618; x_wconf 74' lang='lat' dir='ltr'><strong>fermenti</strong></span> <span class='ocrx_word' id='word_1_113' title='bbox 1384 1577 1482 1636; x_wconf 90' lang='lat' dir='ltr'><strong>per</strong></span> <span class='ocrx_word' id='word_1_114' title='bbox 1520 1563 1783 1622; x_wconf 81' lang='lat' dir='ltr'><strong>ecclesias</strong></span> 
     </span>
    </p>
   </div>
   <div class='ocr_carea' id='block_1_16' title="bbox 177 1649 1782 1724">
    <p class='ocr_par' dir='ltr' id='par_1_16' title="bbox 177 1649 1782 1724">
     <span class='ocr_line' id='line_1_16' title="bbox 177 1649 1782 1724; baseline 0.004 -20"><span class='ocrx_word' id='word_1_115' title='bbox 177 1649 430 1706; x_wconf 85' lang='lat' dir='ltr'><strong>mittendi</strong></span> <span class='ocrx_word' id='word_1_116' title='bbox 475 1667 630 1708; x_wconf 91' lang='lat' dir='ltr'><strong>usum</strong></span> <span class='ocrx_word' id='word_1_117' title='bbox 673 1649 985 1709; x_wconf 86' lang='lat' dir='ltr'><strong>Innocentio</strong></span> <span class='ocrx_word' id='word_1_118' title='bbox 1013 1653 1368 1724; x_wconf 85' lang='lat' dir='ltr'><strong>antiquiorem</strong></span> <span class='ocrx_word' id='word_1_119' title='bbox 1400 1669 1524 1712; x_wconf 87' lang='lat' dir='ltr'><strong>esse</strong></span> <span class='ocrx_word' id='word_1_120' title='bbox 1561 1663 1782 1712; x_wconf 84' lang='lat' dir='ltr'><strong>constat</strong></span> 
     </span>
    </p>
   </div>
   <div class='ocr_carea' id='block_1_17' title="bbox 176 1741 1783 1817">
    <p class='ocr_par' dir='ltr' id='par_1_17' title="bbox 176 1741 1783 1817">
     <span class='ocr_line' id='line_1_17' title="bbox 176 1741 1783 1817; baseline 0.004 -20"><span class='ocrx_word' id='word_1_121' title='bbox 176 1757 244 1797; x_wconf 85' lang='lat' dir='ltr'><strong>ex</strong></span> <span class='ocrx_word' id='word_1_122' title='bbox 275 1741 360 1796; x_wconf 86' lang='lat' dir='ltr'><strong>his</strong></span> <span class='ocrx_word' id='word_1_123' title='bbox 387 1757 506 1812; x_wconf 66' lang='lat' dir='ltr'><strong>quae</strong></span> <span class='ocrx_word' id='word_1_124' title='bbox 536 1742 678 1800; x_wconf 88' lang='lat' dir='ltr'><strong>idem</strong></span> <span class='ocrx_word' id='word_1_125' title='bbox 706 1759 842 1816; x_wconf 89' lang='lat' dir='ltr'><strong>papa</strong></span> <span class='ocrx_word' id='word_1_126' title='bbox 869 1746 1028 1817; x_wconf 84' lang='lat' dir='ltr'><strong>epist.</strong></span> <span class='ocrx_word' id='word_1_127' title='bbox 1055 1743 1148 1814; x_wconf 78' lang='lat'><strong>25,</strong></span> <span class='ocrx_word' id='word_1_128' title='bbox 1173 1745 1242 1802; x_wconf 89' lang='lat' dir='ltr'><strong>ad</strong></span> <span class='ocrx_word' id='word_1_129' title='bbox 1270 1747 1607 1816; x_wconf 87' lang='lat' dir='ltr'><strong>Decentium,</strong></span> <span class='ocrx_word' id='word_1_130' title='bbox 1638 1765 1694 1804; x_wconf 90' lang='lat' dir='ltr'><strong>n.</strong></span> <span class='ocrx_word' id='word_1_131' title='bbox 1727 1748 1783 1816; x_wconf 85' lang='lat'><strong>8,</strong></span> 
     </span>
    </p>
   </div>
   <div class='ocr_carea' id='block_1_18' title="bbox 1885 537 3488 610">
    <p class='ocr_par' dir='ltr' id='par_1_18' title="bbox 1885 537 3488 610">
     <span class='ocr_line' id='line_1_18' title="bbox 1885 537 3488 610; baseline -0.001 -15"><span class='ocrx_word' id='word_1_132' title='bbox 1885 556 1982 610; x_wconf 90' lang='lat' dir='ltr'><strong>per</strong></span> <span class='ocrx_word' id='word_1_133' title='bbox 2009 540 2321 596; x_wconf 82' lang='lat' dir='ltr'><strong>coemeteria</strong></span> <span class='ocrx_word' id='word_1_134' title='bbox 2353 540 2562 597; x_wconf 84' lang='lat' dir='ltr'><strong>diversa</strong></span> <span class='ocrx_word' id='word_1_135' title='bbox 2602 537 2908 596; x_wconf 86' lang='lat' dir='ltr'><strong>constitutis</strong></span> <span class='ocrx_word' id='word_1_136' title='bbox 2949 538 3280 610; x_wconf 85' lang='lat' dir='ltr'><strong>presbyteris</strong></span> <span class='ocrx_word' id='word_1_137' title='bbox 3319 539 3488 595; x_wconf 84' lang='lat' dir='ltr'><strong>desti-</strong></span> 
     </span>
    </p>
   </div>
   <div class='ocr_carea' id='block_1_19' title="bbox 1889 630 3486 702">
    <p class='ocr_par' dir='ltr' id='par_1_19' title="bbox 1889 630 3486 702">
     <span class='ocr_line' id='line_1_19' title="bbox 1889 630 3486 702; baseline 0.001 -18"><span class='ocrx_word' id='word_1_138' title='bbox 1889 647 2099 686; x_wconf 87' lang='lat' dir='ltr'><strong>namus.</strong></span> <span class='ocrx_word' id='word_1_139' title='bbox 2134 649 2152 684; x_wconf 77' lang='grc' dir='ltr'><strong><em>ι</em></strong></span> <span class='ocrx_word' id='word_1_140' title='bbox 2187 630 2342 688; x_wconf 88' lang='lat' dir='ltr'><strong>Unde</strong></span> <span class='ocrx_word' id='word_1_141' title='bbox 2369 642 2592 702; x_wconf 87' lang='lat' dir='ltr'><strong>apparet</strong></span> <span class='ocrx_word' id='word_1_142' title='bbox 2617 631 2690 700; x_wconf 90' lang='lat' dir='ltr'><strong>id,</strong></span> <span class='ocrx_word' id='word_1_143' title='bbox 2732 630 2875 702; x_wconf 82' lang='lat' dir='ltr'><strong>quod</strong></span> <span class='ocrx_word' id='word_1_144' title='bbox 2919 630 2972 685; x_wconf 92' lang='lat' dir='ltr'><strong>in</strong></span> <span class='ocrx_word' id='word_1_145' title='bbox 3013 631 3153 687; x_wconf 90' lang='lat' dir='ltr'><strong>libro</strong></span> <span class='ocrx_word' id='word_1_146' title='bbox 3183 630 3486 690; x_wconf 81' lang='lat' dir='ltr'><strong>Pontilicaii</strong></span> 
     </span>
    </p>
   </div>
   <div class='ocr_carea' id='block_1_20' title="bbox 1885 721 3488 795">
    <p class='ocr_par' dir='ltr' id='par_1_20' title="bbox 1885 721 3488 795">
     <span class='ocr_line' id='line_1_20' title="bbox 1885 721 3488 795; baseline 0.002 -16"><span class='ocrx_word' id='word_1_147' title='bbox 1885 723 2126 779; x_wconf 85' lang='lat' dir='ltr'><strong>dicitur:</strong></span> <span class='ocrx_word' id='word_1_148' title='bbox 2173 741 2192 775; x_wconf 82' lang='grc'><em>‹</em></span> <span class='ocrx_word' id='word_1_149' title='bbox 2247 723 2538 795; x_wconf 87' lang='lat' dir='ltr'><strong>cujuslibet</strong></span> <span class='ocrx_word' id='word_1_150' title='bbox 2585 723 2690 780; x_wconf 91' lang='lat' dir='ltr'><strong>loci</strong></span> <span class='ocrx_word' id='word_1_151' title='bbox 2737 721 3092 794; x_wconf 76' lang='lat' dir='ltr'><strong>presbyteris,</strong></span> <span class='ocrx_word' id='word_1_152' title='bbox 3142 722 3242 777; x_wconf 86' lang='lat' dir='ltr'><strong>nisi</strong></span> <span class='ocrx_word' id='word_1_153' title='bbox 3294 735 3488 782; x_wconf 78' lang='lat' dir='ltr'><strong>conse-</strong></span> 
     </span>
    </p>
   </div>
   <div class='ocr_carea' id='block_1_21' title="bbox 1885 814 3481 890">
    <p class='ocr_par' dir='ltr' id='par_1_21' title="bbox 1885 814 3481 890">
     <span class='ocr_line' id='line_1_21' title="bbox 1885 814 3481 890; baseline -0.001 -16"><span class='ocrx_word' id='word_1_154' title='bbox 1885 831 2090 874; x_wconf 86' lang='lat' dir='ltr'><strong>cratum</strong></span> <span class='ocrx_word' id='word_1_155' title='bbox 2137 819 2376 890; x_wconf 87' lang='lat' dir='ltr'><strong>episcopi</strong></span> <span class='ocrx_word' id='word_1_156' title='bbox 2423 818 2794 888; x_wconf 86' lang='lat' dir='ltr'><strong>susceperint,</strong></span> <span class='ocrx_word' id='word_1_157' title='bbox 2850 831 2948 888; x_wconf 83' lang='lat' dir='ltr'><strong>per</strong></span> <span class='ocrx_word' id='word_1_158' title='bbox 2993 814 3409 882; x_wconf 82' lang='lat' dir='ltr'><strong>hebdomadam,</strong></span> <span class='ocrx_word' id='word_1_159' title='bbox 3459 835 3481 872; x_wconf 73' lang='grc' dir='ltr'><strong><em>ι</em></strong></span> 
     </span>
    </p>
   </div>
   <div class='ocr_carea' id='block_1_22' title="bbox 1883 908 3490 976">
    <p class='ocr_par' dir='ltr' id='par_1_22' title="bbox 1883 908 3490 976">
     <span class='ocr_line' id='line_1_22' title="bbox 1883 908 3490 976; baseline -0.001 -9"><span class='ocrx_word' id='word_1_160' title='bbox 1883 911 2076 968; x_wconf 89' lang='lat' dir='ltr'><strong>Missas</strong></span> <span class='ocrx_word' id='word_1_161' title='bbox 2103 913 2382 970; x_wconf 85' lang='lat' dir='ltr'><strong>celebrare</strong></span> <span class='ocrx_word' id='word_1_162' title='bbox 2421 927 2516 970; x_wconf 89' lang='lat' dir='ltr'><strong>seu</strong></span> <span class='ocrx_word' id='word_1_163' title='bbox 2545 925 2866 968; x_wconf 89' lang='lat' dir='ltr'><strong>consecrare</strong></span> <span class='ocrx_word' id='word_1_164' title='bbox 2896 923 3004 966; x_wconf 90' lang='lat' dir='ltr'><strong>non</strong></span> <span class='ocrx_word' id='word_1_165' title='bbox 3051 909 3238 976; x_wconf 88' lang='lat' dir='ltr'><strong>licere,</strong></span> <span class='ocrx_word' id='word_1_166' title='bbox 3264 908 3490 968; x_wconf 84' lang='lat' dir='ltr'><strong>minime</strong></span> 
     </span>
    </p>
   </div>
   <div class='ocr_carea' id='block_1_23' title="bbox 1885 989 3490 1074">
    <p class='ocr_par' dir='ltr' id='par_1_23' title="bbox 1885 989 3490 1074">
     <span class='ocr_line' id='line_1_23' title="bbox 1885 989 3490 1074; baseline 0 -16"><span class='ocrx_word' id='word_1_167' title='bbox 1885 1015 2196 1060; x_wconf 86' lang='lat' dir='ltr'><strong>accuratum</strong></span> <span class='ocrx_word' id='word_1_168' title='bbox 2226 989 2387 1072; x_wconf 87' lang='lat' dir='ltr'><strong>esse;</strong></span> <span class='ocrx_word' id='word_1_169' title='bbox 2415 1022 2540 1062; x_wconf 90' lang='lat' dir='ltr'><strong>cum</strong></span> <span class='ocrx_word' id='word_1_170' title='bbox 2589 1006 2696 1063; x_wconf 89' lang='lat' dir='ltr'><strong>hoc</strong></span> <span class='ocrx_word' id='word_1_171' title='bbox 2726 1020 2833 1062; x_wconf 90' lang='lat' dir='ltr'><strong>non</strong></span> <span class='ocrx_word' id='word_1_172' title='bbox 2881 1005 2950 1060; x_wconf 87' lang='lat' dir='ltr'><strong>de</strong></span> <span class='ocrx_word' id='word_1_173' title='bbox 2995 1003 3360 1074; x_wconf 85' lang='lat' dir='ltr'><strong>quibuslibet,</strong></span> <span class='ocrx_word' id='word_1_174' title='bbox 3395 1002 3490 1058; x_wconf 88' lang='lat' dir='ltr'><strong>sed</strong></span> 
     </span>
    </p>
   </div>
   <div class='ocr_carea' id='block_1_24' title="bbox 1887 1094 3490 1170">
    <p class='ocr_par' dir='ltr' id='par_1_24' title="bbox 1887 1094 3490 1170">
     <span class='ocr_line' id='line_1_24' title="bbox 1887 1094 3490 1170; baseline 0 -18"><span class='ocrx_word' id='word_1_175' title='bbox 1887 1105 2094 1153; x_wconf 88' lang='lat' dir='ltr'><strong>tantum</strong></span> <span class='ocrx_word' id='word_1_176' title='bbox 2118 1097 2188 1154; x_wconf 89' lang='lat' dir='ltr'><strong>de</strong></span> <span class='ocrx_word' id='word_1_177' title='bbox 2215 1097 2546 1170; x_wconf 85' lang='lat' dir='ltr'><strong>presbyteris</strong></span> <span class='ocrx_word' id='word_1_178' title='bbox 2574 1099 2626 1152; x_wconf 92' lang='lat' dir='ltr'><strong>in</strong></span> <span class='ocrx_word' id='word_1_179' title='bbox 2657 1099 2791 1154; x_wconf 88' lang='lat' dir='ltr'><strong>urbe</strong></span> <span class='ocrx_word' id='word_1_180' title='bbox 2835 1095 3164 1162; x_wconf 83' lang='lat' dir='ltr'><strong>constitutis,</strong></span> <span class='ocrx_word' id='word_1_181' title='bbox 3186 1103 3244 1152; x_wconf 88' lang='lat' dir='ltr'><strong>et</strong></span> <span class='ocrx_word' id='word_1_182' title='bbox 3271 1094 3490 1168; x_wconf 86' lang='lat' dir='ltr'><strong>quidem</strong></span> 
     </span>
    </p>
   </div>
   <div class='ocr_carea' id='block_1_25' title="bbox 1886 1193 3492 1261">
    <p class='ocr_par' dir='ltr' id='par_1_25' title="bbox 1886 1193 3492 1261">
     <span class='ocr_line' id='line_1_25' title="bbox 1886 1193 3492 1261; baseline 0.001 -13"><span class='ocrx_word' id='word_1_183' title='bbox 1886 1194 2000 1249; x_wconf 90' lang='lat' dir='ltr'><strong>sola</strong></span> <span class='ocrx_word' id='word_1_184' title='bbox 2044 1193 2132 1250; x_wconf 92' lang='lat' dir='ltr'><strong>die</strong></span> <span class='ocrx_word' id='word_1_185' title='bbox 2185 1195 2460 1252; x_wconf 89' lang='lat' dir='ltr'><strong>Dominica</strong></span> <span class='ocrx_word' id='word_1_186' title='bbox 2488 1236 2503 1261; x_wconf 95' lang='lat'><strong>,</strong></span> <span class='ocrx_word' id='word_1_187' title='bbox 2543 1193 2822 1251; x_wconf 86' lang='lat' dir='ltr'><strong>decretum</strong></span> <span class='ocrx_word' id='word_1_188' title='bbox 2873 1196 2964 1250; x_wconf 85' lang='lat' dir='ltr'><strong>sit.</strong></span> <span class='ocrx_word' id='word_1_189' title='bbox 3012 1193 3284 1250; x_wconf 77' lang='lat' dir='ltr'><strong>Prmtcrea</strong></span> <span class='ocrx_word' id='word_1_190' title='bbox 3343 1193 3492 1249; x_wconf 84' lang='lat' dir='ltr'><strong>hunc</strong></span> 
     </span>
    </p>
   </div>
   <div class='ocr_carea' id='block_1_26' title="bbox 1887 1287 3494 1360">
    <p class='ocr_par' dir='ltr' id='par_1_26' title="bbox 1887 1287 3494 1360">
     <span class='ocr_line' id='line_1_26' title="bbox 1887 1287 3494 1360; baseline -0.002 -17"><span class='ocrx_word' id='word_1_191' title='bbox 1887 1303 2041 1343; x_wconf 89' lang='lat' dir='ltr'><strong>usum</strong></span> <span class='ocrx_word' id='word_1_192' title='bbox 2071 1287 2215 1354; x_wconf 88' lang='lat' dir='ltr'><strong>ideo,</strong></span> <span class='ocrx_word' id='word_1_193' title='bbox 2247 1296 2306 1343; x_wconf 90' lang='lat' dir='ltr'><strong>ut</strong></span> <span class='ocrx_word' id='word_1_194' title='bbox 2325 1289 2765 1360; x_wconf 85' lang='lat' dir='ltr'><strong>presbyterorum</strong></span> <span class='ocrx_word' id='word_1_195' title='bbox 2793 1303 2916 1344; x_wconf 86' lang='lat' dir='ltr'><strong>cum</strong></span> <span class='ocrx_word' id='word_1_196' title='bbox 2943 1287 3197 1359; x_wconf 84' lang='lat' dir='ltr'><strong>episcopo</strong></span> <span class='ocrx_word' id='word_1_197' title='bbox 3221 1301 3319 1342; x_wconf 89' lang='lat' dir='ltr'><strong>suo</strong></span> <span class='ocrx_word' id='word_1_198' title='bbox 3346 1301 3494 1344; x_wconf 81' lang='lat' dir='ltr'><strong>com-</strong></span> 
     </span>
    </p>
   </div>
   <div class='ocr_carea' id='block_1_27' title="bbox 1886 1377 3496 1449">
    <p class='ocr_par' dir='ltr' id='par_1_27' title="bbox 1886 1377 3496 1449">
     <span class='ocr_line' id='line_1_27' title="bbox 1886 1377 3496 1449; baseline 0.002 -17"><span class='ocrx_word' id='word_1_199' title='bbox 1886 1379 2158 1435; x_wconf 88' lang='lat' dir='ltr'><strong>munionis</strong></span> <span class='ocrx_word' id='word_1_200' title='bbox 2203 1379 2460 1436; x_wconf 86' lang='lat' dir='ltr'><strong>indicium</strong></span> <span class='ocrx_word' id='word_1_201' title='bbox 2489 1387 2656 1449; x_wconf 89' lang='lat' dir='ltr'><strong>esset,</strong></span> <span class='ocrx_word' id='word_1_202' title='bbox 2685 1379 2966 1436; x_wconf 88' lang='lat' dir='ltr'><strong>inductum</strong></span> <span class='ocrx_word' id='word_1_203' title='bbox 2997 1394 3121 1436; x_wconf 87' lang='lat' dir='ltr'><strong>esse</strong></span> <span class='ocrx_word' id='word_1_204' title='bbox 3147 1377 3496 1436; x_wconf 80' lang='lat' dir='ltr'><strong>Innocentius</strong></span> 
     </span>
    </p>
   </div>
   <div class='ocr_carea' id='block_1_28' title="bbox 1893 1471 3501 1542">
    <p class='ocr_par' dir='ltr' id='par_1_28' title="bbox 1893 1471 3501 1542">
     <span class='ocr_line' id='line_1_28' title="bbox 1893 1471 3501 1542; baseline 0.002 -16"><span class='ocrx_word' id='word_1_205' title='bbox 1893 1473 2074 1542; x_wconf 88' lang='lat' dir='ltr'><strong>palam</strong></span> <span class='ocrx_word' id='word_1_206' title='bbox 2117 1473 2336 1530; x_wconf 87' lang='lat' dir='ltr'><strong>indicat.</strong></span> <span class='ocrx_word' id='word_1_207' title='bbox 2368 1473 2506 1532; x_wconf 87' lang='lat' dir='ltr'><strong>Hinc</strong></span> <span class='ocrx_word' id='word_1_208' title='bbox 2553 1473 2878 1531; x_wconf 89' lang='lat' dir='ltr'><strong>eucharistia</strong></span> <span class='ocrx_word' id='word_1_209' title='bbox 2919 1473 3000 1529; x_wconf 91' lang='lat' dir='ltr'><strong>sic</strong></span> <span class='ocrx_word' id='word_1_210' title='bbox 3043 1473 3208 1530; x_wconf 90' lang='lat' dir='ltr'><strong>missa</strong></span> <span class='ocrx_word' id='word_1_211' title='bbox 3253 1488 3350 1528; x_wconf 89' lang='lat' dir='ltr'><strong>cur</strong></span> <span class='ocrx_word' id='word_1_212' title='bbox 3388 1471 3501 1530; x_wconf 80' lang='lat' dir='ltr'><strong>fer-</strong></span> 
     </span>
    </p>
   </div>
   <div class='ocr_carea' id='block_1_29' title="bbox 1887 1563 3498 1638">
    <p class='ocr_par' dir='ltr' id='par_1_29' title="bbox 1887 1563 3498 1638">
     <span class='ocr_line' id='line_1_29' title="bbox 1887 1563 3498 1638; baseline 0 -16"><span class='ocrx_word' id='word_1_213' title='bbox 1887 1568 2052 1624; x_wconf 89' lang='lat' dir='ltr'><strong>menti</strong></span> <span class='ocrx_word' id='word_1_214' title='bbox 2085 1569 2300 1624; x_wconf 90' lang='lat' dir='ltr'><strong>nomine</strong></span> <span class='ocrx_word' id='word_1_215' title='bbox 2329 1568 2529 1625; x_wconf 89' lang='lat' dir='ltr'><strong>donata</strong></span> <span class='ocrx_word' id='word_1_216' title='bbox 2562 1570 2654 1637; x_wconf 88' lang='lat' dir='ltr'><strong>sit,</strong></span> <span class='ocrx_word' id='word_1_217' title='bbox 2687 1569 2818 1625; x_wconf 87' lang='lat' dir='ltr'><strong>satis</strong></span> <span class='ocrx_word' id='word_1_218' title='bbox 2848 1566 3188 1638; x_wconf 81' lang='lat' dir='ltr'><strong>intelligitur.</strong></span> <span class='ocrx_word' id='word_1_219' title='bbox 3218 1563 3498 1622; x_wconf 83' lang='lat' dir='ltr'><strong>Fermenti</strong></span> 
     </span>
    </p>
   </div>
   <div class='ocr_carea' id='block_1_30' title="bbox 1897 1658 3500 1734">
    <p class='ocr_par' dir='ltr' id='par_1_30' title="bbox 1897 1658 3500 1734">
     <span class='ocr_line' id='line_1_30' title="bbox 1897 1658 3500 1734; baseline 0.001 -20"><span class='ocrx_word' id='word_1_220' title='bbox 1897 1661 2098 1732; x_wconf 85' lang='lat' dir='ltr'><strong>quippe</strong></span> <span class='ocrx_word' id='word_1_221' title='bbox 2145 1662 2316 1718; x_wconf 84' lang='lat' dir='ltr'><strong>vicem</strong></span> <span class='ocrx_word' id='word_1_222' title='bbox 2345 1661 2590 1733; x_wconf 78' lang='lat' dir='ltr'><strong>gerebat,</strong></span> <span class='ocrx_word' id='word_1_223' title='bbox 2622 1669 2887 1734; x_wconf 79' lang='lat' dir='ltr'><strong>quatenus</strong></span> <span class='ocrx_word' id='word_1_224' title='bbox 2935 1659 3195 1717; x_wconf 87' lang='lat' dir='ltr'><strong>ecclesias</strong></span> <span class='ocrx_word' id='word_1_225' title='bbox 3249 1658 3312 1713; x_wconf 88' lang='lat' dir='ltr'><strong>ad</strong></span> <span class='ocrx_word' id='word_1_226' title='bbox 3365 1671 3500 1728; x_wconf 83' lang='lat' dir='ltr'><strong>quas</strong></span> 
     </span>
    </p>
   </div>
   <div class='ocr_carea' id='block_1_31' title="bbox 1891 1748 3498 1817">
    <p class='ocr_par' dir='ltr' id='par_1_31' title="bbox 1891 1748 3498 1817">
     <span class='ocr_line' id='line_1_31' title="bbox 1891 1748 3498 1817; baseline -0.002 -11"><span class='ocrx_word' id='word_1_227' title='bbox 1891 1751 2224 1817; x_wconf 83' lang='lat' dir='ltr'><strong>mittebatur,</strong></span> <span class='ocrx_word' id='word_1_228' title='bbox 2277 1754 2420 1810; x_wconf 92' lang='lat' dir='ltr'><strong>sicut</strong></span> <span class='ocrx_word' id='word_1_229' title='bbox 2471 1753 2796 1810; x_wconf 82' lang='lat' dir='ltr'><strong>fermentum</strong></span> <span class='ocrx_word' id='word_1_230' title='bbox 2848 1767 3081 1808; x_wconf 89' lang='lat' dir='ltr'><strong>massam</strong></span> <span class='ocrx_word' id='word_1_231' title='bbox 3139 1749 3224 1804; x_wconf 92' lang='lat' dir='ltr'><strong>cui</strong></span> <span class='ocrx_word' id='word_1_232' title='bbox 3273 1748 3498 1804; x_wconf 87' lang='lat' dir='ltr'><strong>commi-</strong></span> 
     </span>
    </p>
   </div>
   <div class='ocr_carea' id='block_1_32' title="bbox 175 1833 3498 1920">
    <p class='ocr_par' dir='ltr' id='par_1_32' title="bbox 175 1833 3498 1920">
     <span class='ocr_line' id='line_1_32' title="bbox 175 1833 3498 1920; baseline 0.001 -30"><span class='ocrx_word' id='word_1_233' title='bbox 175 1833 370 1890; x_wconf 84' lang='lat' dir='ltr'><strong>scribit</strong></span> <span class='ocrx_word' id='word_1_234' title='bbox 400 1851 414 1887; x_wconf 88' lang='lat'><strong>:</strong></span> <span class='ocrx_word' id='word_1_235' title='bbox 449 1851 469 1886; x_wconf 73' lang='grc' dir='ltr'><strong><em>α</em></strong></span> <span class='ocrx_word' id='word_1_236' title='bbox 507 1835 582 1891; x_wconf 91' lang='lat' dir='ltr'><strong>De</strong></span> <span class='ocrx_word' id='word_1_237' title='bbox 607 1835 875 1892; x_wconf 79' lang='lat' dir='ltr'><strong>fermento</strong></span> <span class='ocrx_word' id='word_1_238' title='bbox 904 1852 1055 1905; x_wconf 84' lang='lat' dir='ltr'><strong>vero,</strong></span> <span class='ocrx_word' id='word_1_239' title='bbox 1084 1837 1227 1908; x_wconf 89' lang='lat' dir='ltr'><strong>quod</strong></span> <span class='ocrx_word' id='word_1_240' title='bbox 1265 1839 1354 1899; x_wconf 86' lang='lat' dir='ltr'><strong>die</strong></span> <span class='ocrx_word' id='word_1_241' title='bbox 1376 1839 1656 1896; x_wconf 83' lang='lat' dir='ltr'><strong>Dominico</strong></span> <span class='ocrx_word' id='word_1_242' title='bbox 1685 1855 1784 1910; x_wconf 79' lang='lat' dir='ltr'><strong>per</strong></span> <span class='ocrx_word' id='word_1_243' title='bbox 1809 1835 1862 1897; x_wconf 88' lang='lat' dir='ltr'><strong>B</strong></span> <span class='ocrx_word' id='word_1_244' title='bbox 1889 1855 2092 1912; x_wconf 84' lang='lat' dir='ltr'><strong>scetur,</strong></span> <span class='ocrx_word' id='word_1_245' title='bbox 2140 1863 2262 1903; x_wconf 89' lang='lat' dir='ltr'><strong>cum</strong></span> <span class='ocrx_word' id='word_1_246' title='bbox 2307 1847 2565 1920; x_wconf 88' lang='lat' dir='ltr'><strong>episcopo</strong></span> <span class='ocrx_word' id='word_1_247' title='bbox 2607 1861 2710 1902; x_wconf 91' lang='lat' dir='ltr'><strong>suo</strong></span> <span class='ocrx_word' id='word_1_248' title='bbox 2753 1847 2806 1901; x_wconf 91' lang='lat' dir='ltr'><strong>in</strong></span> <span class='ocrx_word' id='word_1_249' title='bbox 2861 1859 2968 1900; x_wconf 90' lang='lat' dir='ltr'><strong>uno</strong></span> <span class='ocrx_word' id='word_1_250' title='bbox 3015 1841 3220 1898; x_wconf 84' lang='lat' dir='ltr'><strong>Christi</strong></span> <span class='ocrx_word' id='word_1_251' title='bbox 3266 1855 3498 1911; x_wconf 88' lang='lat' dir='ltr'><strong>corpore</strong></span> 
     </span>
    </p>
   </div>
   <div class='ocr_carea' id='block_1_33' title="bbox 177 1929 1776 2001">
    <p class='ocr_par' dir='ltr' id='par_1_33' title="bbox 177 1929 1776 2001">
     <span class='ocr_line' id='line_1_33' title="bbox 177 1929 1776 2001; baseline 0.001 -15"><span class='ocrx_word' id='word_1_252' title='bbox 177 1929 368 1986; x_wconf 89' lang='lat' dir='ltr'><strong>titulos</strong></span> <span class='ocrx_word' id='word_1_253' title='bbox 408 1929 694 1999; x_wconf 85' lang='lat' dir='ltr'><strong>mittimus,</strong></span> <span class='ocrx_word' id='word_1_254' title='bbox 741 1931 1021 2001; x_wconf 84' lang='lat' dir='ltr'><strong>superﬂue</strong></span> <span class='ocrx_word' id='word_1_255' title='bbox 1061 1947 1162 1988; x_wconf 89' lang='lat' dir='ltr'><strong>nos</strong></span> <span class='ocrx_word' id='word_1_256' title='bbox 1190 1933 1476 1990; x_wconf 89' lang='lat' dir='ltr'><strong>consulere</strong></span> <span class='ocrx_word' id='word_1_257' title='bbox 1515 1934 1728 1992; x_wconf 87' lang='lat' dir='ltr'><strong>voluisti</strong></span> <span class='ocrx_word' id='word_1_258' title='bbox 1763 1953 1776 1988; x_wconf 90' lang='lat'>:</span> 
     </span>
    </p>
   </div>
   <div class='ocr_carea' id='block_1_34' title="bbox 175 2025 1776 2086">
    <p class='ocr_par' dir='ltr' id='par_1_34' title="bbox 175 2025 1776 2086">
     <span class='ocr_line' id='line_1_34' title="bbox 175 2025 1776 2086; baseline 0.002 -6"><span class='ocrx_word' id='word_1_259' title='bbox 175 2039 296 2080; x_wconf 90' lang='lat' dir='ltr'><strong>cum</strong></span> <span class='ocrx_word' id='word_1_260' title='bbox 323 2038 518 2082; x_wconf 88' lang='lat' dir='ltr'><strong>omnes</strong></span> <span class='ocrx_word' id='word_1_261' title='bbox 545 2025 790 2082; x_wconf 74' lang='lat' dir='ltr'><strong>ecclesia:</strong></span> <span class='ocrx_word' id='word_1_262' title='bbox 819 2035 1022 2083; x_wconf 76' lang='lat' dir='ltr'><strong>nostra:</strong></span> <span class='ocrx_word' id='word_1_263' title='bbox 1047 2027 1184 2082; x_wconf 89' lang='lat' dir='ltr'><strong>intra</strong></span> <span class='ocrx_word' id='word_1_264' title='bbox 1207 2026 1477 2082; x_wconf 77' lang='lat' dir='ltr'><strong>civitatem</strong></span> <span class='ocrx_word' id='word_1_265' title='bbox 1507 2029 1616 2086; x_wconf 86' lang='lat' dir='ltr'><strong>sint</strong></span> <span class='ocrx_word' id='word_1_266' title='bbox 1643 2043 1776 2084; x_wconf 84' lang='lat' dir='ltr'><strong>con-</strong></span> 
     </span>
    </p>
   </div>
   <div class='ocr_carea' id='block_1_35' title="bbox 177 2118 1778 2194">
    <p class='ocr_par' dir='ltr' id='par_1_35' title="bbox 177 2118 1778 2194">
     <span class='ocr_line' id='line_1_35' title="bbox 177 2118 1778 2194; baseline 0.002 -20"><span class='ocrx_word' id='word_1_267' title='bbox 177 2119 402 2174; x_wconf 86' lang='lat' dir='ltr'><strong>stitutae.</strong></span> <span class='ocrx_word' id='word_1_268' title='bbox 435 2118 668 2187; x_wconf 85' lang='lat' dir='ltr'><strong>Quarum</strong></span> <span class='ocrx_word' id='word_1_269' title='bbox 715 2119 1051 2192; x_wconf 86' lang='lat' dir='ltr'><strong>presbyteri,</strong></span> <span class='ocrx_word' id='word_1_270' title='bbox 1083 2119 1205 2189; x_wconf 88' lang='lat' dir='ltr'><strong>quia</strong></span> <span class='ocrx_word' id='word_1_271' title='bbox 1251 2119 1341 2176; x_wconf 87' lang='lat' dir='ltr'><strong>die</strong></span> <span class='ocrx_word' id='word_1_272' title='bbox 1385 2121 1503 2191; x_wconf 79' lang='lat' dir='ltr'><strong>ipsa</strong></span> <span class='ocrx_word' id='word_1_273' title='bbox 1557 2130 1778 2194; x_wconf 81' lang='lat' dir='ltr'><strong>propter</strong></span> 
     </span>
    </p>
   </div>
   <div class='ocr_carea' id='block_1_36' title="bbox 174 2209 1776 2284">
    <p class='ocr_par' dir='ltr' id='par_1_36' title="bbox 174 2209 1776 2284">
     <span class='ocr_line' id='line_1_36' title="bbox 174 2209 1776 2284; baseline 0.003 -19"><span class='ocrx_word' id='word_1_274' title='bbox 174 2211 388 2284; x_wconf 89' lang='lat' dir='ltr'><strong>plebem</strong></span> <span class='ocrx_word' id='word_1_275' title='bbox 439 2210 539 2266; x_wconf 90' lang='lat' dir='ltr'><strong>sibi</strong></span> <span class='ocrx_word' id='word_1_276' title='bbox 572 2209 832 2267; x_wconf 88' lang='lat' dir='ltr'><strong>creditam</strong></span> <span class='ocrx_word' id='word_1_277' title='bbox 863 2211 1142 2271; x_wconf 87' lang='lat' dir='ltr'><strong>nobiscum</strong></span> <span class='ocrx_word' id='word_1_278' title='bbox 1175 2213 1466 2272; x_wconf 77' lang='lat' dir='ltr'><strong>convenire</strong></span> <span class='ocrx_word' id='word_1_279' title='bbox 1498 2228 1602 2269; x_wconf 86' lang='lat' dir='ltr'><strong>non</strong></span> <span class='ocrx_word' id='word_1_280' title='bbox 1645 2228 1776 2284; x_wconf 79' lang='lat' dir='ltr'><strong>pos-</strong></span> 
     </span>
    </p>
   </div>
   <div class='ocr_carea' id='block_1_37' title="bbox 171 2304 1775 2380">
    <p class='ocr_par' dir='ltr' id='par_1_37' title="bbox 171 2304 1775 2380">
     <span class='ocr_line' id='line_1_37' title="bbox 171 2304 1775 2380; baseline 0.001 -18"><span class='ocrx_word' id='word_1_281' title='bbox 171 2313 316 2372; x_wconf 88' lang='lat' dir='ltr'><strong>sunt,</strong></span> <span class='ocrx_word' id='word_1_282' title='bbox 343 2304 546 2360; x_wconf 89' lang='lat' dir='ltr'><strong>idcirco</strong></span> <span class='ocrx_word' id='word_1_283' title='bbox 578 2305 904 2362; x_wconf 81' lang='lat' dir='ltr'><strong>fermentum</strong></span> <span class='ocrx_word' id='word_1_284' title='bbox 929 2321 958 2360; x_wconf 92' lang='lat' dir='ltr'><strong>a</strong></span> <span class='ocrx_word' id='word_1_285' title='bbox 990 2306 1148 2366; x_wconf 76' lang='lat' dir='ltr'><strong>nobis</strong></span> <span class='ocrx_word' id='word_1_286' title='bbox 1175 2305 1482 2364; x_wconf 73' lang='lat' dir='ltr'><strong>coniectum</strong></span> <span class='ocrx_word' id='word_1_287' title='bbox 1519 2323 1618 2380; x_wconf 90' lang='lat' dir='ltr'><strong>per</strong></span> <span class='ocrx_word' id='word_1_288' title='bbox 1645 2323 1775 2364; x_wconf 56' lang='lat' dir='ltr'><strong>aco.</strong></span> 
     </span>
    </p>
   </div>
   <div class='ocr_carea' id='block_1_38' title="bbox 173 2399 1778 2473">
    <p class='ocr_par' dir='ltr' id='par_1_38' title="bbox 173 2399 1778 2473">
     <span class='ocr_line' id='line_1_38' title="bbox 173 2399 1778 2473; baseline 0.002 -16"><span class='ocrx_word' id='word_1_289' title='bbox 173 2401 350 2473; x_wconf 79' lang='lat' dir='ltr'><strong>lythos</strong></span> <span class='ocrx_word' id='word_1_290' title='bbox 377 2399 676 2471; x_wconf 85' lang='lat' dir='ltr'><strong>accipiunt,</strong></span> <span class='ocrx_word' id='word_1_291' title='bbox 694 2408 748 2456; x_wconf 88' lang='lat' dir='ltr'><strong>ut</strong></span> <span class='ocrx_word' id='word_1_292' title='bbox 772 2415 834 2456; x_wconf 87' lang='lat' dir='ltr'><strong>se</strong></span> <span class='ocrx_word' id='word_1_293' title='bbox 855 2415 882 2456; x_wconf 91' lang='lat' dir='ltr'><strong>a</strong></span> <span class='ocrx_word' id='word_1_294' title='bbox 903 2409 1090 2457; x_wconf 85' lang='lat' dir='ltr'><strong>nostra</strong></span> <span class='ocrx_word' id='word_1_295' title='bbox 1116 2401 1520 2466; x_wconf 84' lang='lat' dir='ltr'><strong>communione.</strong></span> <span class='ocrx_word' id='word_1_296' title='bbox 1541 2403 1778 2460; x_wconf 79' lang='lat' dir='ltr'><strong>maxime</strong></span> 
     </span>
    </p>
   </div>
   <div class='ocr_carea' id='block_1_39' title="bbox 177 2491 1779 2566">
    <p class='ocr_par' dir='ltr' id='par_1_39' title="bbox 177 2491 1779 2566">
     <span class='ocr_line' id='line_1_39' title="bbox 177 2491 1779 2566; baseline 0.001 -16"><span class='ocrx_word' id='word_1_297' title='bbox 177 2493 267 2550; x_wconf 85' lang='lat' dir='ltr'><strong>illa</strong></span> <span class='ocrx_word' id='word_1_298' title='bbox 298 2491 412 2560; x_wconf 88' lang='lat' dir='ltr'><strong>die,</strong></span> <span class='ocrx_word' id='word_1_299' title='bbox 445 2508 552 2548; x_wconf 92' lang='lat' dir='ltr'><strong>non</strong></span> <span class='ocrx_word' id='word_1_300' title='bbox 581 2492 824 2562; x_wconf 85' lang='lat' dir='ltr'><strong>judicent</strong></span> <span class='ocrx_word' id='word_1_301' title='bbox 849 2501 1151 2565; x_wconf 84' lang='lat' dir='ltr'><strong>separatos.</strong></span> <span class='ocrx_word' id='word_1_302' title='bbox 1178 2491 1332 2562; x_wconf 84' lang='lat' dir='ltr'><strong>Quod</strong></span> <span class='ocrx_word' id='word_1_303' title='bbox 1369 2509 1466 2566; x_wconf 88' lang='lat' dir='ltr'><strong>per</strong></span> <span class='ocrx_word' id='word_1_304' title='bbox 1491 2494 1779 2566; x_wconf 83' lang='lat' dir='ltr'><strong>parochias</strong></span> 
     </span>
    </p>
   </div>
   <div class='ocr_carea' id='block_1_40' title="bbox 171 2585 1781 2660">
    <p class='ocr_par' dir='ltr' id='par_1_40' title="bbox 171 2585 1781 2660">
     <span class='ocr_line' id='line_1_40' title="bbox 171 2585 1781 2660; baseline 0.002 -18"><span class='ocrx_word' id='word_1_305' title='bbox 171 2585 345 2660; x_wconf 82' lang='lat' dir='ltr'><strong>(extra</strong></span> <span class='ocrx_word' id='word_1_306' title='bbox 398 2585 594 2642; x_wconf 84' lang='lat' dir='ltr'><strong>urbem</strong></span> <span class='ocrx_word' id='word_1_307' title='bbox 647 2586 992 2657; x_wconf 86' lang='lat' dir='ltr'><strong>constitutas)</strong></span> <span class='ocrx_word' id='word_1_308' title='bbox 1021 2585 1138 2644; x_wconf 82' lang='lat' dir='ltr'><strong>ﬁeri</strong></span> <span class='ocrx_word' id='word_1_309' title='bbox 1189 2585 1390 2644; x_wconf 87' lang='lat' dir='ltr'><strong>debere</strong></span> <span class='ocrx_word' id='word_1_310' title='bbox 1440 2601 1548 2646; x_wconf 89' lang='lat' dir='ltr'><strong>non</strong></span> <span class='ocrx_word' id='word_1_311' title='bbox 1602 2600 1781 2660; x_wconf 84' lang='lat' dir='ltr'><strong>ptuo:</strong></span> 
     </span>
    </p>
   </div>
   <div class='ocr_carea' id='block_1_41' title="bbox 1886 1932 3502 2008">
    <p class='ocr_par' dir='ltr' id='par_1_41' title="bbox 1886 1932 3502 2008">
     <span class='ocr_line' id='line_1_41' title="bbox 1886 1932 3502 2008; baseline -0.002 -16"><span class='ocrx_word' id='word_1_312' title='bbox 1886 1936 2173 2006; x_wconf 88' lang='lat' dir='ltr'><strong>copulabat</strong></span> <span class='ocrx_word' id='word_1_313' title='bbox 2215 1945 2380 2008; x_wconf 88' lang='lat' dir='ltr'><strong>atque</strong></span> <span class='ocrx_word' id='word_1_314' title='bbox 2439 1937 2680 1992; x_wconf 90' lang='lat' dir='ltr'><strong>uniebat.</strong></span> <span class='ocrx_word' id='word_1_315' title='bbox 2721 1935 2894 1991; x_wconf 91' lang='lat' dir='ltr'><strong>Porro</strong></span> <span class='ocrx_word' id='word_1_316' title='bbox 2925 1934 3081 1989; x_wconf 88' lang='lat' dir='ltr'><strong>istam</strong></span> <span class='ocrx_word' id='word_1_317' title='bbox 3113 1932 3402 1988; x_wconf 86' lang='lat' dir='ltr'><strong>oblationis</strong></span> <span class='ocrx_word' id='word_1_318' title='bbox 3433 1932 3502 1988; x_wconf 88' lang='lat' dir='ltr'><strong>ab</strong></span> 
     </span>
    </p>
   </div>
   <div class='ocr_carea' id='block_1_42' title="bbox 1886 2024 3500 2102">
    <p class='ocr_par' dir='ltr' id='par_1_42' title="bbox 1886 2024 3500 2102">
     <span class='ocr_line' id='line_1_42' title="bbox 1886 2024 3500 2102; baseline -0.003 -18"><span class='ocrx_word' id='word_1_319' title='bbox 1886 2029 2155 2100; x_wconf 87' lang='lat' dir='ltr'><strong>episcopis</strong></span> <span class='ocrx_word' id='word_1_320' title='bbox 2183 2038 2520 2086; x_wconf 73' lang='lat' dir='ltr'><strong>consecrata:</strong></span> <span class='ocrx_word' id='word_1_321' title='bbox 2554 2028 2876 2102; x_wconf 88' lang='lat' dir='ltr'><strong>particulam</strong></span> <span class='ocrx_word' id='word_1_322' title='bbox 2908 2041 2938 2082; x_wconf 90' lang='lat' dir='ltr'><strong>a</strong></span> <span class='ocrx_word' id='word_1_323' title='bbox 2960 2025 3298 2099; x_wconf 86' lang='lat' dir='ltr'><strong>presbyteris</strong></span> <span class='ocrx_word' id='word_1_324' title='bbox 3319 2024 3374 2080; x_wconf 88' lang='lat' dir='ltr'><strong>in</strong></span> <span class='ocrx_word' id='word_1_325' title='bbox 3401 2039 3500 2080; x_wconf 86' lang='lat' dir='ltr'><strong>ca-</strong></span> 
     </span>
    </p>
   </div>
   <div class='ocr_carea' id='block_1_43' title="bbox 1885 2117 3498 2188">
    <p class='ocr_par' dir='ltr' id='par_1_43' title="bbox 1885 2117 3498 2188">
     <span class='ocr_line' id='line_1_43' title="bbox 1885 2117 3498 2188; baseline -0.002 -12"><span class='ocrx_word' id='word_1_326' title='bbox 1885 2121 2043 2176; x_wconf 88' lang='lat' dir='ltr'><strong>licem</strong></span> <span class='ocrx_word' id='word_1_327' title='bbox 2090 2131 2217 2176; x_wconf 89' lang='lat' dir='ltr'><strong>tunc</strong></span> <span class='ocrx_word' id='word_1_328' title='bbox 2255 2123 2479 2178; x_wconf 89' lang='lat' dir='ltr'><strong>missam</strong></span> <span class='ocrx_word' id='word_1_329' title='bbox 2522 2137 2668 2188; x_wconf 88' lang='lat' dir='ltr'><strong>esse,</strong></span> <span class='ocrx_word' id='word_1_330' title='bbox 2701 2137 2824 2178; x_wconf 92' lang='lat' dir='ltr'><strong>cum</strong></span> <span class='ocrx_word' id='word_1_331' title='bbox 2874 2119 2930 2176; x_wconf 84' lang='lat' dir='ltr'><strong>in</strong></span> <span class='ocrx_word' id='word_1_332' title='bbox 2981 2117 3145 2174; x_wconf 80' lang='lat' dir='ltr'><strong>Missa</strong></span> <span class='ocrx_word' id='word_1_333' title='bbox 3193 2117 3498 2175; x_wconf 87' lang='lat' dir='ltr'><strong>dicebant:</strong></span> 
     </span>
    </p>
   </div>
   <div class='ocr_carea' id='block_1_44' title="bbox 1904 2211 3502 2286">
    <p class='ocr_par' dir='ltr' id='par_1_44' title="bbox 1904 2211 3502 2286">
     <span class='ocr_line' id='line_1_44' title="bbox 1904 2211 3502 2286; baseline 0.002 -22"><span class='ocrx_word' id='word_1_334' title='bbox 1904 2233 1923 2264; x_wconf 74' lang='grc' dir='ltr'><strong>ε</strong></span> <span class='ocrx_word' id='word_1_335' title='bbox 1959 2213 2064 2268; x_wconf 82' lang='lat' dir='ltr'><strong>Pax</strong></span> <span class='ocrx_word' id='word_1_336' title='bbox 2098 2214 2311 2268; x_wconf 87' lang='lat' dir='ltr'><strong>Domini</strong></span> <span class='ocrx_word' id='word_1_337' title='bbox 2355 2217 2430 2270; x_wconf 89' lang='lat' dir='ltr'><strong>sit</strong></span> <span class='ocrx_word' id='word_1_338' title='bbox 2471 2229 2691 2286; x_wconf 77' lang='lat' dir='ltr'><strong>semper</strong></span> <span class='ocrx_word' id='word_1_339' title='bbox 2735 2213 3037 2280; x_wconf 82' lang='lat' dir='ltr'><strong>vobiscum,</strong></span> <span class='ocrx_word' id='word_1_340' title='bbox 3079 2231 3100 2266; x_wconf 72' lang='grc' dir='ltr'>ι</span> <span class='ocrx_word' id='word_1_341' title='bbox 3134 2211 3240 2268; x_wconf 86' lang='lat' dir='ltr'><strong>hoc</strong></span> <span class='ocrx_word' id='word_1_342' title='bbox 3279 2221 3383 2280; x_wconf 88' lang='lat' dir='ltr'><strong>est,</strong></span> <span class='ocrx_word' id='word_1_343' title='bbox 3435 2225 3502 2267; x_wconf 91' lang='lat' dir='ltr'><strong>eo</strong></span> 
     </span>
    </p>
   </div>
   <div class='ocr_carea' id='block_1_45' title="bbox 1885 2305 3498 2379">
    <p class='ocr_par' dir='ltr' id='par_1_45' title="bbox 1885 2305 3498 2379">
     <span class='ocr_line' id='line_1_45' title="bbox 1885 2305 3498 2379; baseline 0 -18"><span class='ocrx_word' id='word_1_344' title='bbox 1885 2307 2004 2376; x_wconf 85' lang='lat' dir='ltr'><strong>ipso</strong></span> <span class='ocrx_word' id='word_1_345' title='bbox 2045 2315 2318 2376; x_wconf 89' lang='lat' dir='ltr'><strong>tempore,</strong></span> <span class='ocrx_word' id='word_1_346' title='bbox 2349 2323 2458 2379; x_wconf 90' lang='lat' dir='ltr'><strong>quo</strong></span> <span class='ocrx_word' id='word_1_347' title='bbox 2503 2307 2672 2366; x_wconf 88' lang='lat' dir='ltr'><strong>etiam</strong></span> <span class='ocrx_word' id='word_1_348' title='bbox 2721 2323 2864 2364; x_wconf 88' lang='lat' dir='ltr'><strong>nunc</strong></span> <span class='ocrx_word' id='word_1_349' title='bbox 2910 2305 3106 2362; x_wconf 86' lang='lat' dir='ltr'><strong>hostiae</strong></span> <span class='ocrx_word' id='word_1_350' title='bbox 3159 2311 3498 2362; x_wconf 61' lang='lat' dir='ltr'><strong>consecrata:</strong></span> 
     </span>
    </p>
   </div>
   <div class='ocr_carea' id='block_1_46' title="bbox 1887 2395 3500 2472">
    <p class='ocr_par' dir='ltr' id='par_1_46' title="bbox 1887 2395 3500 2472">
     <span class='ocr_line' id='line_1_46' title="bbox 1887 2395 3500 2472; baseline 0 -15"><span class='ocrx_word' id='word_1_351' title='bbox 1887 2401 2069 2457; x_wconf 90' lang='lat' dir='ltr'><strong>minor</strong></span> <span class='ocrx_word' id='word_1_352' title='bbox 2096 2403 2362 2472; x_wconf 88' lang='lat' dir='ltr'><strong>particula</strong></span> <span class='ocrx_word' id='word_1_353' title='bbox 2391 2404 2444 2458; x_wconf 94' lang='lat' dir='ltr'><strong>in</strong></span> <span class='ocrx_word' id='word_1_354' title='bbox 2478 2403 2700 2460; x_wconf 83' lang='lat' dir='ltr'><strong>calicem</strong></span> <span class='ocrx_word' id='word_1_355' title='bbox 2731 2418 2762 2456; x_wconf 88' lang='lat' dir='ltr'><strong>a</strong></span> <span class='ocrx_word' id='word_1_356' title='bbox 2801 2398 3138 2472; x_wconf 88' lang='lat' dir='ltr'><strong>presbyteris</strong></span> <span class='ocrx_word' id='word_1_357' title='bbox 3175 2395 3500 2457; x_wconf 81' lang='lat' dir='ltr'><strong>demittitur.</strong></span> 
     </span>
    </p>
   </div>
   <div class='ocr_carea' id='block_1_47' title="bbox 1888 2490 3520 2569">
    <p class='ocr_par' dir='ltr' id='par_1_47' title="bbox 1888 2490 3520 2569">
     <span class='ocr_line' id='line_1_47' title="bbox 1888 2490 3520 2569; baseline -0.006 -17"><span class='ocrx_word' id='word_1_358' title='bbox 1888 2511 1954 2552; x_wconf 83' lang='lat' dir='ltr'><strong>ex</strong></span> <span class='ocrx_word' id='word_1_359' title='bbox 1982 2497 2216 2567; x_wconf 88' lang='lat' dir='ltr'><strong>antiquis</strong></span> <span class='ocrx_word' id='word_1_360' title='bbox 2235 2496 2435 2569; x_wconf 87' lang='lat' dir='ltr'><strong>glossis</strong></span> <span class='ocrx_word' id='word_1_361' title='bbox 2475 2497 2528 2551; x_wconf 91' lang='lat' dir='ltr'><strong>in</strong></span> <span class='ocrx_word' id='word_1_362' title='bbox 2562 2493 2870 2552; x_wconf 88' lang='lat' dir='ltr'><strong>Decretales</strong></span> <span class='ocrx_word' id='word_1_363' title='bbox 2898 2509 2925 2546; x_wconf 89' lang='lat' dir='ltr'><strong>a</strong></span> <span class='ocrx_word' id='word_1_364' title='bbox 2954 2490 3264 2547; x_wconf 83' lang='lat' dir='ltr'><strong>Mabillonio</strong></span> <span class='ocrx_word' id='word_1_365' title='bbox 3288 2499 3520 2558; x_wconf 82' lang='lat' dir='ltr'><strong>nostro,_</strong></span> 
     </span>
    </p>
   </div>
   <div class='ocr_carea' id='block_1_48' title="bbox 1887 2584 3205 2661">
    <p class='ocr_par' dir='ltr' id='par_1_48' title="bbox 1887 2584 3205 2661">
     <span class='ocr_line' id='line_1_48' title="bbox 1887 2584 3205 2661; baseline -0.006 -16"><span class='ocrx_word' id='word_1_366' title='bbox 1887 2588 2132 2646; x_wconf 81' lang='lat' dir='ltr'><strong>Analect.</strong></span> <span class='ocrx_word' id='word_1_367' title='bbox 2171 2601 2209 2644; x_wconf 92' lang='lat' dir='ltr'><strong>t.</strong></span> <span class='ocrx_word' id='word_1_368' title='bbox 2243 2607 2317 2658; x_wconf 85' lang='lat' dir='ltr'><strong>IV,</strong></span> <span class='ocrx_word' id='word_1_369' title='bbox 2347 2605 2470 2661; x_wconf 78' lang='lat' dir='ltr'><strong>pag.</strong></span> <span class='ocrx_word' id='word_1_370' title='bbox 2493 2589 2585 2656; x_wconf 86' lang='lat'><strong>60,</strong></span> <span class='ocrx_word' id='word_1_371' title='bbox 2616 2587 2794 2644; x_wconf 89' lang='lat' dir='ltr'><strong>citatis</strong></span> <span class='ocrx_word' id='word_1_372' title='bbox 2820 2584 3205 2655; x_wconf 87' lang='lat' dir='ltr'><strong>comperimus.</strong></span> 
     </span>
    </p>
   </div>
   <div class='ocr_carea' id='block_1_49' title="bbox 1172 2842 2420 2923">
    <p class='ocr_par' dir='ltr' id='par_1_49' title="bbox 1172 2842 2420 2923">
     <span class='ocr_line' id='line_1_49' title="bbox 1172 2842 2420 2923; baseline 0 -15"><span class='ocrx_word' id='word_1_373' title='bbox 1172 2842 1560 2922; x_wconf 78' lang='lat' dir='ltr'><strong>RHETICII,</strong></span> <span class='ocrx_word' id='word_1_374' title='bbox 1593 2843 1951 2908; x_wconf 89' lang='lat' dir='ltr'><strong>EPISCOPI</strong></span> <span class='ocrx_word' id='word_1_375' title='bbox 1986 2843 2420 2923; x_wconf 64' lang='lat' dir='ltr'><strong>IEDUENSIS,</strong></span> 
     </span>
    </p>
   </div>
   <div class='ocr_carea' id='block_1_50' title="bbox 1127 3019 2498 3110">
    <p class='ocr_par' dir='ltr' id='par_1_50' title="bbox 1127 3019 2498 3110">
     <span class='ocr_line' id='line_1_50' title="bbox 1127 3019 2498 3110; baseline -0.005 0"><span class='ocrx_word' id='word_1_376' title='bbox 1127 3021 1606 3110; x_wconf 86' lang='lat' dir='ltr'><strong>DICTUM</strong></span> <span class='ocrx_word' id='word_1_377' title='bbox 1661 3019 1826 3110; x_wconf 86' lang='lat' dir='ltr'><strong>DE</strong></span> <span class='ocrx_word' id='word_1_378' title='bbox 1872 3022 2498 3108; x_wconf 89' lang='lat' dir='ltr'><strong>BAPTISMO.</strong></span> 
     </span>
    </p>
   </div>
   <div class='ocr_carea' id='block_1_51' title="bbox 234 3183 1779 3260">
    <p class='ocr_par' dir='ltr' id='par_1_51' title="bbox 234 3183 1779 3260">
     <span class='ocr_line' id='line_1_51' title="bbox 234 3183 1779 3260; baseline -0.003 -16"><span class='ocrx_word' id='word_1_379' title='bbox 234 3187 550 3246; x_wconf 80' lang='lat' dir='ltr'><strong>Rheticium</strong></span> <span class='ocrx_word' id='word_1_380' title='bbox 573 3185 772 3260; x_wconf 81' lang='lat' dir='ltr'><strong>(inquit</strong></span> <span class='ocrx_word' id='word_1_381' title='bbox 793 3185 851 3242; x_wconf 72' lang='grc' dir='ltr'><strong>ὃ.</strong></span> <span class='ocrx_word' id='word_1_382' title='bbox 886 3184 1264 3257; x_wconf 66' lang='lat' dir='ltr'><strong>Augustinus),</strong></span> <span class='ocrx_word' id='word_1_383' title='bbox 1287 3187 1358 3242; x_wconf 86' lang='lat' dir='ltr'><strong>ab</strong></span> <span class='ocrx_word' id='word_1_384' title='bbox 1384 3183 1779 3256; x_wconf 79' lang='lat' dir='ltr'><strong>Augustoduno</strong></span> 
     </span>
    </p>
   </div>
   <div class='ocr_carea' id='block_1_52' title="bbox 165 3278 1779 3352">
    <p class='ocr_par' dir='ltr' id='par_1_52' title="bbox 165 3278 1779 3352">
     <span class='ocr_line' id='line_1_52' title="bbox 165 3278 1779 3352; baseline -0.002 -15"><span class='ocrx_word' id='word_1_385' title='bbox 165 3281 525 3352; x_wconf 85' lang='lat' dir='ltr'><strong>episcopum,</strong></span> <span class='ocrx_word' id='word_1_386' title='bbox 575 3295 785 3350; x_wconf 66' lang='lat' dir='ltr'><strong>magna:</strong></span> <span class='ocrx_word' id='word_1_387' title='bbox 834 3278 1004 3334; x_wconf 77' lang='lat' dir='ltr'><strong>fuisse</strong></span> <span class='ocrx_word' id='word_1_388' title='bbox 1053 3278 1388 3334; x_wconf 65' lang='lat' dir='ltr'><strong>auctoritatis</strong></span> <span class='ocrx_word' id='word_1_389' title='bbox 1433 3278 1490 3333; x_wconf 89' lang='lat' dir='ltr'><strong>in</strong></span> <span class='ocrx_word' id='word_1_390' title='bbox 1537 3278 1779 3334; x_wconf 79' lang='lat' dir='ltr'><strong>Ecclesia</strong></span> 
     </span>
    </p>
   </div>
   <div class='ocr_carea' id='block_1_53' title="bbox 167 3369 1777 3443">
    <p class='ocr_par' dir='ltr' id='par_1_53' title="bbox 167 3369 1777 3443">
     <span class='ocr_line' id='line_1_53' title="bbox 167 3369 1777 3443; baseline -0.001 -17"><span class='ocrx_word' id='word_1_391' title='bbox 167 3379 406 3443; x_wconf 87' lang='lat' dir='ltr'><strong>tempore</strong></span> <span class='ocrx_word' id='word_1_392' title='bbox 476 3371 818 3442; x_wconf 82' lang='lat' dir='ltr'><strong>episcopatus</strong></span> <span class='ocrx_word' id='word_1_393' title='bbox 862 3370 948 3426; x_wconf 78' lang='lat' dir='ltr'><strong>sui</strong></span> <span class='ocrx_word' id='word_1_394' title='bbox 973 3410 989 3436; x_wconf 95' lang='lat'><strong>,</strong></span> <span class='ocrx_word' id='word_1_395' title='bbox 1024 3379 1178 3441; x_wconf 68' lang='lat' dir='ltr'><strong>gesta</strong></span> <span class='ocrx_word' id='word_1_396' title='bbox 1231 3369 1323 3425; x_wconf 77' lang='lat' dir='ltr'><strong>illa</strong></span> <span class='ocrx_word' id='word_1_397' title='bbox 1369 3369 1737 3427; x_wconf 72' lang='lat' dir='ltr'><strong>eeciesiastica</strong></span> <span class='ocrx_word' id='word_1_398' title='bbox 1761 3411 1777 3438; x_wconf 98' lang='lat'><strong>,</strong></span> 
     </span>
    </p>
   </div>
   <div class='ocr_carea' id='block_1_54' title="bbox 1889 3185 3493 3262">
    <p class='ocr_par' dir='ltr' id='par_1_54' title="bbox 1889 3185 3493 3262">
     <span class='ocr_line' id='line_1_54' title="bbox 1889 3185 3493 3262; baseline 0.007 -20"><span class='ocrx_word' id='word_1_399' title='bbox 1889 3185 2201 3257; x_wconf 90' lang='lat' dir='ltr'><strong>episcopum</strong></span> <span class='ocrx_word' id='word_1_400' title='bbox 2234 3185 2486 3242; x_wconf 69' lang='lat' dir='ltr'><strong>Ecclesia:</strong></span> <span class='ocrx_word' id='word_1_401' title='bbox 2515 3185 2976 3258; x_wconf 87' lang='lat' dir='ltr'><strong>Carthaginensis,</strong></span> <span class='ocrx_word' id='word_1_402' title='bbox 2999 3190 3248 3250; x_wconf 86' lang='lat' dir='ltr'><strong>absolvit.</strong></span> <span class='ocrx_word' id='word_1_403' title='bbox 3270 3193 3342 3262; x_wconf 74' lang='grc' dir='ltr'><strong>ιε,</strong></span> <span class='ocrx_word' id='word_1_404' title='bbox 3370 3209 3493 3253; x_wconf 90' lang='lat' dir='ltr'><strong>cum</strong></span> 
     </span>
    </p>
   </div>
   <div class='ocr_carea' id='block_1_55' title="bbox 1891 3279 2996 3350">
    <p class='ocr_par' dir='ltr' id='par_1_55' title="bbox 1891 3279 2996 3350">
     <span class='ocr_line' id='line_1_55' title="bbox 1891 3279 2996 3350; baseline 0.004 -18"><span class='ocrx_word' id='word_1_405' title='bbox 1891 3279 1958 3334; x_wconf 90' lang='lat' dir='ltr'><strong>de</strong></span> <span class='ocrx_word' id='word_1_406' title='bbox 1990 3279 2258 3348; x_wconf 85' lang='lat' dir='ltr'><strong>baptismo</strong></span> <span class='ocrx_word' id='word_1_407' title='bbox 2285 3287 2490 3350; x_wconf 81' lang='lat' dir='ltr'><strong>ageret,</strong></span> <span class='ocrx_word' id='word_1_408' title='bbox 2523 3279 2595 3334; x_wconf 89' lang='lat' dir='ltr'><strong>ita</strong></span> <span class='ocrx_word' id='word_1_409' title='bbox 2629 3280 2841 3337; x_wconf 89' lang='lat' dir='ltr'><strong>locutus</strong></span> <span class='ocrx_word' id='word_1_410' title='bbox 2869 3291 2954 3338; x_wconf 90' lang='lat' dir='ltr'><strong>est</strong></span> <span class='ocrx_word' id='word_1_411' title='bbox 2985 3301 2996 3336; x_wconf 94' lang='lat'>:</span> 
     </span>
    </p>
   </div>
   <div class='ocr_carea' id='block_1_56' title="bbox 1970 3374 3493 3445">
    <p class='ocr_par' dir='ltr' id='par_1_56' title="bbox 1970 3374 3493 3445">
     <span class='ocr_line' id='line_1_56' title="bbox 1970 3374 3493 3445; baseline 0.011 -20"><span class='ocrx_word' id='word_1_412' title='bbox 1970 3393 1989 3425; x_wconf 77' lang='grc' dir='ltr'><strong><em>ι</em></strong></span> <span class='ocrx_word' id='word_1_413' title='bbox 2019 3374 2166 3430; x_wconf 83' lang='lat' dir='ltr'><strong>Hanc</strong></span> <span class='ocrx_word' id='word_1_414' title='bbox 2209 3374 2370 3445; x_wconf 84' lang='lat' dir='ltr'><strong>igitur</strong></span> <span class='ocrx_word' id='word_1_415' title='bbox 2401 3374 2745 3445; x_wconf 84' lang='lat' dir='ltr'><strong>principalem</strong></span> <span class='ocrx_word' id='word_1_416' title='bbox 2789 3391 2911 3434; x_wconf 88' lang='lat' dir='ltr'><strong>esse</strong></span> <span class='ocrx_word' id='word_1_417' title='bbox 2937 3379 2994 3434; x_wconf 88' lang='lat' dir='ltr'><strong>in</strong></span> <span class='ocrx_word' id='word_1_418' title='bbox 3028 3380 3268 3438; x_wconf 89' lang='lat' dir='ltr'><strong>Ecclesia</strong></span> <span class='ocrx_word' id='word_1_419' title='bbox 3313 3382 3493 3440; x_wconf 84' lang='lat' dir='ltr'><strong>indul-</strong></span> 
     </span>
    </p>
   </div>
   <div class='ocr_carea' id='block_1_57' title="bbox 166 3464 3494 3556">
    <p class='ocr_par' dir='ltr' id='par_1_57' title="bbox 166 3464 3494 3556">
     <span class='ocr_line' id='line_1_57' title="bbox 166 3464 3494 3556; baseline 0.002 -32"><span class='ocrx_word' id='word_1_420' title='bbox 166 3469 319 3525; x_wconf 88' lang='lat' dir='ltr'><strong>nobis</strong></span> <span class='ocrx_word' id='word_1_421' title='bbox 365 3466 636 3533; x_wconf 85' lang='lat' dir='ltr'><strong>indicant,</strong></span> <span class='ocrx_word' id='word_1_422' title='bbox 677 3469 895 3540; x_wconf 85' lang='lat' dir='ltr'><strong>quando</strong></span> <span class='ocrx_word' id='word_1_423' title='bbox 947 3467 1002 3522; x_wconf 88' lang='lat' dir='ltr'><strong>in</strong></span> <span class='ocrx_word' id='word_1_424' title='bbox 1057 3467 1192 3522; x_wconf 74' lang='lat' dir='ltr'><strong>urbe</strong></span> <span class='ocrx_word' id='word_1_425' title='bbox 1239 3465 1434 3534; x_wconf 84' lang='lat' dir='ltr'><strong>Roma,</strong></span> <span class='ocrx_word' id='word_1_426' title='bbox 1487 3464 1782 3522; x_wconf 75' lang='lat' dir='ltr'><strong>Melchiade</strong></span> <span class='ocrx_word' id='word_1_427' title='bbox 1811 3491 1857 3556; x_wconf 66' lang='grc' dir='ltr'><strong>ρ</strong></span> <span class='ocrx_word' id='word_1_428' title='bbox 1891 3467 2126 3538; x_wconf 76' lang='lat' dir='ltr'><strong>gentiam</strong></span> <span class='ocrx_word' id='word_1_429' title='bbox 2169 3468 2441 3524; x_wconf 88' lang='lat' dir='ltr'><strong>neminem</strong></span> <span class='ocrx_word' id='word_1_430' title='bbox 2476 3469 2746 3538; x_wconf 73' lang='lat' dir='ltr'><strong>prmterit,</strong></span> <span class='ocrx_word' id='word_1_431' title='bbox 2777 3469 2831 3524; x_wconf 91' lang='lat' dir='ltr'><strong>in</strong></span> <span class='ocrx_word' id='word_1_432' title='bbox 2871 3485 2974 3540; x_wconf 89' lang='lat' dir='ltr'><strong>qua</strong></span> <span class='ocrx_word' id='word_1_433' title='bbox 3020 3473 3226 3544; x_wconf 87' lang='lat' dir='ltr'><strong>antiqui</strong></span> <span class='ocrx_word' id='word_1_434' title='bbox 3250 3475 3494 3531; x_wconf 90' lang='lat' dir='ltr'><strong>criminis</strong></span> 
     </span>
    </p>
   </div>
   <div class='ocr_carea' id='block_1_58' title="bbox 169 3557 1778 3630">
    <p class='ocr_par' dir='ltr' id='par_1_58' title="bbox 169 3557 1778 3630">
     <span class='ocr_line' id='line_1_58' title="bbox 169 3557 1778 3630; baseline -0.001 -16"><span class='ocrx_word' id='word_1_435' title='bbox 169 3560 482 3630; x_wconf 74' lang='lat' dir='ltr'><strong>apostolica:</strong></span> <span class='ocrx_word' id='word_1_436' title='bbox 538 3559 720 3627; x_wconf 60' lang='lat' dir='ltr'><strong>sedis,</strong></span> <span class='ocrx_word' id='word_1_437' title='bbox 744 3559 1005 3630; x_wconf 79' lang='lat' dir='ltr'><strong>episcopo</strong></span> <span class='ocrx_word' id='word_1_438' title='bbox 1060 3557 1386 3629; x_wconf 79' lang='lat' dir='ltr'><strong>praesidente</strong></span> <span class='ocrx_word' id='word_1_439' title='bbox 1409 3599 1426 3626; x_wconf 89' lang='lat'><strong>,</strong></span> <span class='ocrx_word' id='word_1_440' title='bbox 1479 3572 1602 3614; x_wconf 75' lang='lat' dir='ltr'><strong>cum</strong></span> <span class='ocrx_word' id='word_1_441' title='bbox 1657 3557 1778 3613; x_wconf 79' lang='lat' dir='ltr'><strong>aliis</strong></span> 
     </span>
    </p>
   </div>
   <div class='ocr_carea' id='block_1_59' title="bbox 165 3650 1780 3724">
    <p class='ocr_par' dir='ltr' id='par_1_59' title="bbox 165 3650 1780 3724">
     <span class='ocr_line' id='line_1_59' title="bbox 165 3650 1780 3724; baseline 0 -17"><span class='ocrx_word' id='word_1_442' title='bbox 165 3650 334 3722; x_wconf 77' lang='lat' dir='ltr'><strong>judex</strong></span> <span class='ocrx_word' id='word_1_443' title='bbox 385 3651 666 3720; x_wconf 76' lang='lat' dir='ltr'><strong>interfuit,</strong></span> <span class='ocrx_word' id='word_1_444' title='bbox 713 3651 1090 3724; x_wconf 65' lang='lat' dir='ltr'><strong>nouatumque</strong></span> <span class='ocrx_word' id='word_1_445' title='bbox 1137 3651 1444 3719; x_wconf 72' lang='lat' dir='ltr'><strong>damnavit,</strong></span> <span class='ocrx_word' id='word_1_446' title='bbox 1488 3652 1579 3722; x_wconf 81' lang='lat' dir='ltr'><strong>qui</strong></span> <span class='ocrx_word' id='word_1_447' title='bbox 1631 3651 1780 3722; x_wconf 86' lang='lat' dir='ltr'><strong>prior</strong></span> 
     </span>
    </p>
   </div>
   <div class='ocr_carea' id='block_1_60' title="bbox 172 3743 1777 3840">
    <p class='ocr_par' dir='ltr' id='par_1_60' title="bbox 172 3743 1777 3840">
     <span class='ocr_line' id='line_1_60' title="bbox 172 3743 1777 3840; baseline 0.001 -42"><span class='ocrx_word' id='word_1_448' title='bbox 172 3753 362 3840; x_wconf 74' lang='lat' dir='ltr'><strong>auctor</strong></span> <span class='ocrx_word' id='word_1_449' title='bbox 406 3746 810 3804; x_wconf 66' lang='lat' dir='ltr'><strong>Donatistarum</strong></span> <span class='ocrx_word' id='word_1_450' title='bbox 841 3743 1150 3803; x_wconf 72' lang='lat' dir='ltr'><strong>sdrismatis</strong></span> <span class='ocrx_word' id='word_1_451' title='bbox 1180 3745 1298 3814; x_wconf 81' lang='lat' dir='ltr'><strong>fuit,</strong></span> <span class='ocrx_word' id='word_1_452' title='bbox 1321 3755 1380 3804; x_wconf 81' lang='lat' dir='ltr'><strong>et</strong></span> <span class='ocrx_word' id='word_1_453' title='bbox 1405 3745 1777 3812; x_wconf 56' lang='lat' dir='ltr'><strong>(initium,</strong></span> 
     </span>
    </p>
   </div>
   <div class='ocr_carea' id='block_1_61' title="bbox 164 3919 1478 3947">
    <p class='ocr_par' dir='ltr' id='par_1_61' title="bbox 164 3919 1478 3947">
     <span class='ocr_line' id='line_1_61' title="bbox 164 3919 1478 3947; baseline 0.002 -5"><span class='ocrx_word' id='word_1_454' title='bbox 164 3919 1478 3947; x_wconf 59' lang='lat'><strong>~———-——————_———</strong></span> 
     </span>
    </p>
   </div>
   <div class='ocr_carea' id='block_1_62' title="bbox 1889 3557 3496 3632">
    <p class='ocr_par' dir='ltr' id='par_1_62' title="bbox 1889 3557 3496 3632">
     <span class='ocr_line' id='line_1_62' title="bbox 1889 3557 3496 3632; baseline 0.005 -17"><span class='ocrx_word' id='word_1_455' title='bbox 1889 3574 2049 3615; x_wconf 91' lang='lat' dir='ltr'><strong>omue</strong></span> <span class='ocrx_word' id='word_1_456' title='bbox 2092 3557 2302 3629; x_wconf 89' lang='lat' dir='ltr'><strong>pondus</strong></span> <span class='ocrx_word' id='word_1_457' title='bbox 2342 3559 2662 3627; x_wconf 73' lang='lat' dir='ltr'><strong>exponimus</strong></span> <span class='ocrx_word' id='word_1_458' title='bbox 2683 3601 2696 3623; x_wconf 93' lang='lat'><strong>,</strong></span> <span class='ocrx_word' id='word_1_459' title='bbox 2727 3569 2784 3616; x_wconf 91' lang='lat' dir='ltr'><strong>et</strong></span> <span class='ocrx_word' id='word_1_460' title='bbox 2819 3561 3142 3632; x_wconf 71' lang='lat' dir='ltr'><strong>ignorantiae</strong></span> <span class='ocrx_word' id='word_1_461' title='bbox 3187 3577 3388 3622; x_wconf 59' lang='lat' dir='ltr'><strong>nostra:</strong></span> <span class='ocrx_word' id='word_1_462' title='bbox 3411 3568 3496 3622; x_wconf 70' lang='lat' dir='ltr'><strong>ta-</strong></span> 
     </span>
    </p>
   </div>
   <div class='ocr_carea' id='block_1_63' title="bbox 1887 3649 3492 3720">
    <p class='ocr_par' dir='ltr' id='par_1_63' title="bbox 1887 3649 3492 3720">
     <span class='ocr_line' id='line_1_63' title="bbox 1887 3649 3492 3720; baseline 0.007 -15"><span class='ocrx_word' id='word_1_463' title='bbox 1887 3651 2070 3706; x_wconf 89' lang='lat' dir='ltr'><strong>einora</strong></span> <span class='ocrx_word' id='word_1_464' title='bbox 2125 3651 2300 3720; x_wconf 84' lang='lat' dir='ltr'><strong>prisca</strong></span> <span class='ocrx_word' id='word_1_465' title='bbox 2357 3649 2648 3718; x_wconf 87' lang='lat' dir='ltr'><strong>debemus,</strong></span> <span class='ocrx_word' id='word_1_466' title='bbox 2683 3651 2774 3708; x_wconf 91' lang='lat' dir='ltr'><strong>ubi</strong></span> <span class='ocrx_word' id='word_1_467' title='bbox 2820 3661 2876 3708; x_wconf 90' lang='lat' dir='ltr'><strong>et</strong></span> <span class='ocrx_word' id='word_1_468' title='bbox 2920 3663 3161 3712; x_wconf 83' lang='lat' dir='ltr'><strong>veterem</strong></span> <span class='ocrx_word' id='word_1_469' title='bbox 3215 3657 3492 3716; x_wconf 89' lang='lat' dir='ltr'><strong>hominem</strong></span> 
     </span>
    </p>
   </div>
   <div class='ocr_carea' id='block_1_64' title="bbox 1890 3741 2986 3812">
    <p class='ocr_par' dir='ltr' id='par_1_64' title="bbox 1890 3741 2986 3812">
     <span class='ocr_line' id='line_1_64' title="bbox 1890 3741 2986 3812; baseline 0 -14"><span class='ocrx_word' id='word_1_470' title='bbox 1890 3758 2013 3798; x_wconf 92' lang='lat' dir='ltr'><strong>cum</strong></span> <span class='ocrx_word' id='word_1_471' title='bbox 2045 3741 2298 3812; x_wconf 85' lang='lat' dir='ltr'><strong>ingenitis</strong></span> <span class='ocrx_word' id='word_1_472' title='bbox 2324 3742 2625 3799; x_wconf 86' lang='lat' dir='ltr'><strong>sceleribus</strong></span> <span class='ocrx_word' id='word_1_473' title='bbox 2653 3743 2927 3800; x_wconf 80' lang='lat' dir='ltr'><strong>exuimus.</strong></span> <span class='ocrx_word' id='word_1_474' title='bbox 2966 3764 2986 3798; x_wconf 70' lang='grc' dir='ltr'><strong>ι</strong></span> 
     </span>
    </p>
   </div>
   <div class='ocr_carea' id='block_1_65' title="bbox 2539 3921 3471 3952">
    <p class='ocr_par' dir='ltr' id='par_1_65' title="bbox 2539 3921 3471 3952">
     <span class='ocr_line' id='line_1_65' title="bbox 2539 3921 3471 3952; baseline 0 -9"><span class='ocrx_word' id='word_1_475' title='bbox 2539 3921 3471 3952; x_wconf 52' lang='lat' dir='ltr'><strong>‘W</strong></span> 
     </span>
    </p>
   </div>
   <div class='ocr_carea' id='block_1_66' title="bbox 1395 4083 2246 4216">
    <p class='ocr_par' dir='ltr' id='par_1_66' title="bbox 1395 4083 2246 4216">
     <span class='ocr_line' id='line_1_66' title="bbox 1395 4083 2246 4216; baseline -0.012 1"><span class='ocrx_word' id='word_1_476' title='bbox 1395 4083 2246 4216; x_wconf 87' lang='lat' dir='ltr'><strong>ANONYMI</strong></span> 
     </span>
    </p>
   </div>
   <div class='ocr_carea' id='block_1_67' title="bbox 1694 4316 1982 4376">
    <p class='ocr_par' dir='ltr' id='par_1_67' title="bbox 1694 4316 1982 4376">
     <span class='ocr_line' id='line_1_67' title="bbox 1694 4316 1982 4376; baseline -0.01 0"><span class='ocrx_word' id='word_1_477' title='bbox 1694 4316 1982 4376; x_wconf 76' lang='lat' dir='ltr'><strong>CARMEN</strong></span> 
     </span>
    </p>
   </div>
   <div class='ocr_carea' id='block_1_68' title="bbox 827 4485 2872 4615">
    <p class='ocr_par' dir='ltr' id='par_1_68' title="bbox 827 4485 2872 4615">
     <span class='ocr_line' id='line_1_68' title="bbox 827 4485 2872 4615; baseline -0.008 0"><span class='ocrx_word' id='word_1_478' title='bbox 827 4494 1073 4615; x_wconf 74' lang='lat' dir='ltr'><strong>DE</strong></span> <span class='ocrx_word' id='word_1_479' title='bbox 1142 4487 2076 4612; x_wconf 70' lang='lat' dir='ltr'><strong>LAUDIBUS</strong></span> <span class='ocrx_word' id='word_1_480' title='bbox 2146 4485 2872 4603; x_wconf 76' lang='lat' dir='ltr'><strong>DOMINI.</strong></span> 
     </span>
    </p>
   </div>
   <div class='ocr_carea' id='block_1_69' title="bbox 234 4821 1412 4897">
    <p class='ocr_par' dir='ltr' id='par_1_69' title="bbox 234 4821 1412 4897">
     <span class='ocr_line' id='line_1_69' title="bbox 234 4821 1412 4897; baseline 0.001 -21"><span class='ocrx_word' id='word_1_481' title='bbox 234 4821 367 4892; x_wconf 82' lang='lat' dir='ltr'><strong>Quis</strong></span> <span class='ocrx_word' id='word_1_482' title='bbox 393 4823 648 4897; x_wconf 87' lang='lat' dir='ltr'><strong>queritur</strong></span> <span class='ocrx_word' id='word_1_483' title='bbox 674 4839 796 4880; x_wconf 86' lang='lat' dir='ltr'><strong>sera</strong></span> <span class='ocrx_word' id='word_1_484' title='bbox 814 4823 1027 4880; x_wconf 81' lang='lat' dir='ltr'><strong>virtutis</strong></span> <span class='ocrx_word' id='word_1_485' title='bbox 1057 4823 1183 4880; x_wconf 90' lang='lat' dir='ltr'><strong>dote</strong></span> <span class='ocrx_word' id='word_1_486' title='bbox 1195 4823 1412 4896; x_wconf 79' lang='lat' dir='ltr'><strong>juvari?</strong></span> 
     </span>
    </p>
   </div>
   <div class='ocr_carea' id='block_1_70' title="bbox 163 4913 1449 4986">
    <p class='ocr_par' dir='ltr' id='par_1_70' title="bbox 163 4913 1449 4986">
     <span class='ocr_line' id='line_1_70' title="bbox 163 4913 1449 4986; baseline 0.002 -19"><span class='ocrx_word' id='word_1_487' title='bbox 163 4913 295 4982; x_wconf 85' lang='lat' dir='ltr'><strong>Quis</strong></span> <span class='ocrx_word' id='word_1_488' title='bbox 318 4917 593 4986; x_wconf 88' lang='lat' dir='ltr'><strong>promissa</strong></span> <span class='ocrx_word' id='word_1_489' title='bbox 621 4915 718 4972; x_wconf 89' lang='lat' dir='ltr'><strong>Dei</strong></span> <span class='ocrx_word' id='word_1_490' title='bbox 749 4915 896 4972; x_wconf 89' lang='lat' dir='ltr'><strong>lento</strong></span> <span class='ocrx_word' id='word_1_491' title='bbox 925 4915 1220 4986; x_wconf 83' lang='lat' dir='ltr'><strong>procedere</strong></span> <span class='ocrx_word' id='word_1_492' title='bbox 1250 4914 1449 4986; x_wconf 85' lang='lat' dir='ltr'><strong>passu?</strong></span> 
     </span>
    </p>
   </div>
   <div class='ocr_carea' id='block_1_71' title="bbox 163 5007 1403 5080">
    <p class='ocr_par' dir='ltr' id='par_1_71' title="bbox 163 5007 1403 5080">
     <span class='ocr_line' id='line_1_71' title="bbox 163 5007 1403 5080; baseline 0 -18"><span class='ocrx_word' id='word_1_493' title='bbox 163 5007 297 5074; x_wconf 83' lang='lat' dir='ltr'><strong>Quis</strong></span> <span class='ocrx_word' id='word_1_494' title='bbox 325 5011 434 5065; x_wconf 89' lang='lat' dir='ltr'><strong>line</strong></span> <span class='ocrx_word' id='word_1_495' title='bbox 473 5009 718 5066; x_wconf 82' lang='lat' dir='ltr'><strong>humano</strong></span> <span class='ocrx_word' id='word_1_496' title='bbox 743 5011 960 5065; x_wconf 88' lang='lat' dir='ltr'><strong>metitur</strong></span> <span class='ocrx_word' id='word_1_497' title='bbox 980 5007 1179 5080; x_wconf 90' lang='lat' dir='ltr'><strong>judicis</strong></span> <span class='ocrx_word' id='word_1_498' title='bbox 1215 5023 1403 5062; x_wconf 90' lang='lat' dir='ltr'><strong>urnam</strong></span> 
     </span>
    </p>
   </div>
   <div class='ocr_carea' id='block_1_72' title="bbox 164 5096 1606 5172">
    <p class='ocr_par' dir='ltr' id='par_1_72' title="bbox 164 5096 1606 5172">
     <span class='ocr_line' id='line_1_72' title="bbox 164 5096 1606 5172; baseline 0.002 -20"><span class='ocrx_word' id='word_1_499' title='bbox 164 5096 454 5169; x_wconf 87' lang='lat' dir='ltr'><strong>Perpetui,</strong></span> <span class='ocrx_word' id='word_1_500' title='bbox 480 5099 810 5172; x_wconf 79' lang='lat' dir='ltr'><strong>tardumque</strong></span> <span class='ocrx_word' id='word_1_501' title='bbox 830 5109 980 5170; x_wconf 87' lang='lat' dir='ltr'><strong>putat</strong></span> <span class='ocrx_word' id='word_1_502' title='bbox 1008 5099 1149 5172; x_wconf 91' lang='lat' dir='ltr'><strong>quod</strong></span> <span class='ocrx_word' id='word_1_503' title='bbox 1181 5099 1374 5154; x_wconf 80' lang='lat' dir='ltr'><strong>s:ecula</strong></span> <span class='ocrx_word' id='word_1_504' title='bbox 1406 5097 1606 5156; x_wconf 89' lang='lat' dir='ltr'><strong>debent</strong></span> 
     </span>
    </p>
   </div>
   <div class='ocr_carea' id='block_1_73' title="bbox 164 5191 1566 5266">
    <p class='ocr_par' dir='ltr' id='par_1_73' title="bbox 164 5191 1566 5266">
     <span class='ocr_line' id='line_1_73' title="bbox 164 5191 1566 5266; baseline 0.002 -19"><span class='ocrx_word' id='word_1_505' title='bbox 164 5191 494 5251; x_wconf 86' lang='lat' dir='ltr'><strong>Accelerare</strong></span> <span class='ocrx_word' id='word_1_506' title='bbox 522 5195 666 5250; x_wconf 83' lang='lat' dir='ltr'><strong>diem</strong></span> <span class='ocrx_word' id='word_1_507' title='bbox 684 5237 700 5262; x_wconf 91' lang='lat'><strong>,</strong></span> <span class='ocrx_word' id='word_1_508' title='bbox 727 5195 932 5251; x_wconf 86' lang='lat' dir='ltr'><strong>meritis</strong></span> <span class='ocrx_word' id='word_1_509' title='bbox 963 5196 1054 5265; x_wconf 93' lang='lat' dir='ltr'><strong>qui</strong></span> <span class='ocrx_word' id='word_1_510' title='bbox 1085 5194 1304 5266; x_wconf 70' lang='lat' dir='ltr'><strong>praemia</strong></span> <span class='ocrx_word' id='word_1_511' title='bbox 1327 5193 1566 5252; x_wconf 86' lang='lat' dir='ltr'><strong>reddat?</strong></span> 
     </span>
    </p>
   </div>
   <div class='ocr_carea' id='block_1_74' title="bbox 166 5283 1264 5361">
    <p class='ocr_par' dir='ltr' id='par_1_74' title="bbox 166 5283 1264 5361">
     <span class='ocr_line' id='line_1_74' title="bbox 166 5283 1264 5361; baseline 0.004 -23"><span class='ocrx_word' id='word_1_512' title='bbox 166 5283 376 5344; x_wconf 84' lang='lat' dir='ltr'><strong>Nobilis</strong></span> <span class='ocrx_word' id='word_1_513' title='bbox 403 5288 615 5360; x_wconf 86' lang='lat' dir='ltr'><strong>ingenti</strong></span> <span class='ocrx_word' id='word_1_514' title='bbox 651 5297 877 5345; x_wconf 86' lang='lat' dir='ltr'><strong>testatur</strong></span> <span class='ocrx_word' id='word_1_515' title='bbox 900 5288 1072 5361; x_wconf 86' lang='lat' dir='ltr'><strong>gloria</strong></span> <span class='ocrx_word' id='word_1_516' title='bbox 1102 5287 1264 5344; x_wconf 83' lang='lat' dir='ltr'><strong>facto.</strong></span> 
     </span>
    </p>
   </div>
   <div class='ocr_carea' id='block_1_75' title="bbox 163 5375 1479 5451">
    <p class='ocr_par' dir='ltr' id='par_1_75' title="bbox 163 5375 1479 5451">
     <span class='ocr_line' id='line_1_75' title="bbox 163 5375 1479 5451; baseline 0.003 -18"><span class='ocrx_word' id='word_1_517' title='bbox 163 5375 302 5434; x_wconf 86' lang='lat' dir='ltr'><strong>Nam</strong></span> <span class='ocrx_word' id='word_1_518' title='bbox 324 5395 429 5450; x_wconf 89' lang='lat' dir='ltr'><strong>qua</strong></span> <span class='ocrx_word' id='word_1_519' title='bbox 459 5379 736 5451; x_wconf 88' lang='lat' dir='ltr'><strong>stagnanti</strong></span> <span class='ocrx_word' id='word_1_520' title='bbox 769 5377 1075 5450; x_wconf 66' lang='lat' dir='ltr'><strong>praelabitur</strong></span> <span class='ocrx_word' id='word_1_521' title='bbox 1095 5379 1308 5448; x_wconf 74' lang='lat' dir='ltr'><strong>agmine</strong></span> <span class='ocrx_word' id='word_1_522' title='bbox 1333 5379 1479 5448; x_wconf 82' lang='lat' dir='ltr'><strong>ripas</strong></span> 
     </span>
    </p>
   </div>
   <div class='ocr_carea' id='block_1_76' title="bbox 165 5467 1681 5544">
    <p class='ocr_par' dir='ltr' id='par_1_76' title="bbox 165 5467 1681 5544">
     <span class='ocr_line' id='line_1_76' title="bbox 165 5467 1681 5544; baseline 0.001 -20"><span class='ocrx_word' id='word_1_523' title='bbox 165 5467 380 5526; x_wconf 88' lang='lat' dir='ltr'><strong>Tardus</strong></span> <span class='ocrx_word' id='word_1_524' title='bbox 407 5473 556 5526; x_wconf 83' lang='lat' dir='ltr'><strong>Arar</strong></span> <span class='ocrx_word' id='word_1_525' title='bbox 571 5513 586 5538; x_wconf 96' lang='lat'><strong>,</strong></span> <span class='ocrx_word' id='word_1_526' title='bbox 617 5471 932 5544; x_wconf 79' lang='lat' dir='ltr'><strong>pigrumque</strong></span> <span class='ocrx_word' id='word_1_527' title='bbox 950 5471 1042 5526; x_wconf 90' lang='lat' dir='ltr'><strong>diu</strong></span> <span class='ocrx_word' id='word_1_528' title='bbox 1057 5471 1146 5526; x_wconf 85' lang='lat' dir='ltr'><strong>vix</strong></span> <span class='ocrx_word' id='word_1_529' title='bbox 1175 5473 1408 5542; x_wconf 84' lang='lat' dir='ltr'><strong>explicat</strong></span> <span class='ocrx_word' id='word_1_530' title='bbox 1431 5485 1644 5528; x_wconf 81' lang='lat' dir='ltr'><strong>amnem</strong></span> <span class='ocrx_word' id='word_1_531' title='bbox 1664 5512 1681 5539; x_wconf 92' lang='lat'><strong>,</strong></span> 
     </span>
    </p>
   </div>
   <div class='ocr_carea' id='block_1_77' title="bbox 165 5560 1558 5637">
    <p class='ocr_par' dir='ltr' id='par_1_77' title="bbox 165 5560 1558 5637">
     <span class='ocr_line' id='line_1_77' title="bbox 165 5560 1558 5637; baseline -0.001 -18"><span class='ocrx_word' id='word_1_532' title='bbox 165 5560 281 5632; x_wconf 83' lang='lat' dir='ltr'><strong>Qua</strong></span> <span class='ocrx_word' id='word_1_533' title='bbox 310 5561 550 5620; x_wconf 83' lang='lat' dir='ltr'><strong>fratrum</strong></span> <span class='ocrx_word' id='word_1_534' title='bbox 577 5563 771 5620; x_wconf 79' lang='lat' dir='ltr'><strong>Rheno</strong></span> <span class='ocrx_word' id='word_1_535' title='bbox 799 5565 1131 5637; x_wconf 87' lang='lat' dir='ltr'><strong>progignitur</strong></span> <span class='ocrx_word' id='word_1_536' title='bbox 1162 5564 1345 5620; x_wconf 85' lang='lat' dir='ltr'><strong>lledua</strong></span> <span class='ocrx_word' id='word_1_537' title='bbox 1368 5563 1558 5636; x_wconf 87' lang='lat' dir='ltr'><strong>pubes.</strong></span> 
     </span>
    </p>
   </div>
   <div class='ocr_carea' id='block_1_78' title="bbox 243 5726 1798 5801">
    <p class='ocr_par' dir='ltr' id='par_1_78' title="bbox 243 5726 1798 5801">
     <span class='ocr_line' id='line_1_78' title="bbox 243 5726 1798 5801; baseline -0.001 -15"><span class='ocrx_word' id='word_1_538' title='bbox 243 5737 268 5801; x_wconf 60' lang='grc' dir='ltr'><strong>ξι</strong></span> <span class='ocrx_word' id='word_1_539' title='bbox 325 5726 593 5786; x_wconf 78' lang='lat' dir='ltr'><strong>Celebrat</strong></span> <span class='ocrx_word' id='word_1_540' title='bbox 655 5737 844 5785; x_wconf 81' lang='lat' dir='ltr'><strong>auctor</strong></span> <span class='ocrx_word' id='word_1_541' title='bbox 899 5728 1220 5801; x_wconf 14' lang='lat' dir='ltr'><strong>coniugium,</strong></span> <span class='ocrx_word' id='word_1_542' title='bbox 1259 5727 1319 5785; x_wconf 87' lang='lat' dir='ltr'><strong>S.</strong></span> <span class='ocrx_word' id='word_1_543' title='bbox 1363 5726 1630 5801; x_wconf 73' lang='lat' dir='ltr'><strong>Rheticii,</strong></span> <span class='ocrx_word' id='word_1_544' title='bbox 1703 5728 1798 5798; x_wconf 88' lang='lat' dir='ltr'><strong>qui</strong></span> 
     </span>
    </p>
   </div>
   <div class='ocr_carea' id='block_1_79' title="bbox 170 5797 1801 5872">
    <p class='ocr_par' dir='ltr' id='par_1_79' title="bbox 170 5797 1801 5872">
     <span class='ocr_line' id='line_1_79' title="bbox 170 5797 1801 5872; baseline 0.002 -19"><span class='ocrx_word' id='word_1_545' title='bbox 170 5797 432 5872; x_wconf 75' lang='lat' dir='ltr'><strong>deinceps</strong></span> <span class='ocrx_word' id='word_1_546' title='bbox 455 5801 531 5857; x_wconf 84' lang='lat' dir='ltr'><strong>ad</strong></span> <span class='ocrx_word' id='word_1_547' title='bbox 557 5801 925 5872; x_wconf 78' lang='lat' dir='ltr'><strong>episcopatum</strong></span> <span class='ocrx_word' id='word_1_548' title='bbox 947 5797 1490 5872; x_wconf 53' lang='lat' dir='ltr'><strong>augustodunensem</strong></span> <span class='ocrx_word' id='word_1_549' title='bbox 1519 5798 1614 5856; x_wconf 77' lang='lat' dir='ltr'><strong>fuit</strong></span> <span class='ocrx_word' id='word_1_550' title='bbox 1648 5797 1801 5856; x_wconf 83' lang='lat' dir='ltr'><strong>evec-</strong></span> 
     </span>
    </p>
   </div>
   <div class='ocr_carea' id='block_1_80' title="bbox 1809 4813 3254 4890">
    <p class='ocr_par' dir='ltr' id='par_1_80' title="bbox 1809 4813 3254 4890">
     <span class='ocr_line' id='line_1_80' title="bbox 1809 4813 3254 4890; baseline 0.005 -21"><span class='ocrx_word' id='word_1_551' title='bbox 1809 4822 1864 4882; x_wconf 84' lang='lat'><strong>1)</strong></span> <span class='ocrx_word' id='word_1_552' title='bbox 1887 4813 2206 4887; x_wconf 86' lang='lat' dir='ltr'><strong>Conjugium</strong></span> <span class='ocrx_word' id='word_1_553' title='bbox 2237 4817 2458 4872; x_wconf 75' lang='lat' dir='ltr'><strong>memini</strong></span> <span class='ocrx_word' id='word_1_554' title='bbox 2487 4826 2513 4856; x_wconf 72' lang='grc' dir='ltr'>α</span> <span class='ocrx_word' id='word_1_555' title='bbox 2534 4830 2744 4872; x_wconf 86' lang='lat' dir='ltr'><strong>summa</strong></span> <span class='ocrx_word' id='word_1_556' title='bbox 2772 4817 2972 4887; x_wconf 83' lang='lat' dir='ltr'><strong>pietate</strong></span> <span class='ocrx_word' id='word_1_557' title='bbox 2999 4817 3211 4890; x_wconf 77' lang='lat' dir='ltr'><strong>ﬁdeque</strong></span> <span class='ocrx_word' id='word_1_558' title='bbox 3238 4837 3254 4876; x_wconf 91' lang='lat'><strong>:</strong></span> 
     </span>
    </p>
   </div>
   <div class='ocr_carea' id='block_1_81' title="bbox 1891 4907 3317 4974">
    <p class='ocr_par' dir='ltr' id='par_1_81' title="bbox 1891 4907 3317 4974">
     <span class='ocr_line' id='line_1_81' title="bbox 1891 4907 3317 4974; baseline 0.007 -10"><span class='ocrx_word' id='word_1_559' title='bbox 1891 4907 2001 4964; x_wconf 80' lang='lat' dir='ltr'><strong>Lex</strong></span> <span class='ocrx_word' id='word_1_560' title='bbox 2025 4908 2203 4965; x_wconf 87' lang='lat' dir='ltr'><strong>divina</strong></span> <span class='ocrx_word' id='word_1_561' title='bbox 2231 4918 2410 4964; x_wconf 87' lang='lat' dir='ltr'><strong>tamen</strong></span> <span class='ocrx_word' id='word_1_562' title='bbox 2443 4909 2692 4966; x_wconf 86' lang='lat' dir='ltr'><strong>meritum</strong></span> <span class='ocrx_word' id='word_1_563' title='bbox 2719 4909 3028 4966; x_wconf 87' lang='lat' dir='ltr'><strong>cumulabat</strong></span> <span class='ocrx_word' id='word_1_564' title='bbox 3055 4913 3278 4970; x_wconf 87' lang='lat' dir='ltr'><strong>amoris.</strong></span> <span class='ocrx_word' id='word_1_565' title='bbox 3306 4967 3317 4974; x_wconf 92' lang='lat'><strong>.</strong></span> 
     </span>
    </p>
   </div>
   <div class='ocr_carea' id='block_1_82' title="bbox 1891 5002 3304 5074">
    <p class='ocr_par' dir='ltr' id='par_1_82' title="bbox 1891 5002 3304 5074">
     <span class='ocr_line' id='line_1_82' title="bbox 1891 5002 3304 5074; baseline 0.005 -17"><span class='ocrx_word' id='word_1_566' title='bbox 1891 5003 1957 5057; x_wconf 88' lang='lat' dir='ltr'><strong>Et</strong></span> <span class='ocrx_word' id='word_1_567' title='bbox 1983 5012 2162 5057; x_wconf 85' lang='lat' dir='ltr'><strong>votum</strong></span> <span class='ocrx_word' id='word_1_568' title='bbox 2189 5002 2449 5059; x_wconf 82' lang='lat' dir='ltr'><strong>ambobus</strong></span> <span class='ocrx_word' id='word_1_569' title='bbox 2468 5043 2484 5068; x_wconf 93' lang='lat'><strong>,</strong></span> <span class='ocrx_word' id='word_1_570' title='bbox 2513 5002 2721 5060; x_wconf 87' lang='lat' dir='ltr'><strong>socium</strong></span> <span class='ocrx_word' id='word_1_571' title='bbox 2753 5003 3058 5072; x_wconf 71' lang='lat' dir='ltr'><strong>praecedere</strong></span> <span class='ocrx_word' id='word_1_572' title='bbox 3096 5014 3304 5074; x_wconf 86' lang='lat' dir='ltr'><strong>morte,</strong></span> 
     </span>
    </p>
   </div>
   <div class='ocr_carea' id='block_1_83' title="bbox 1890 5092 3338 5166">
    <p class='ocr_par' dir='ltr' id='par_1_83' title="bbox 1890 5092 3338 5166">
     <span class='ocr_line' id='line_1_83' title="bbox 1890 5092 3338 5166; baseline 0.003 -16"><span class='ocrx_word' id='word_1_573' title='bbox 1890 5095 2212 5166; x_wconf 80' lang='lat' dir='ltr'><strong>Mmrorique</strong></span> <span class='ocrx_word' id='word_1_574' title='bbox 2237 5096 2328 5164; x_wconf 83' lang='lat' dir='ltr'><strong>pio</strong></span> <span class='ocrx_word' id='word_1_575' title='bbox 2347 5111 2534 5150; x_wconf 81' lang='lat' dir='ltr'><strong>curam</strong></span> <span class='ocrx_word' id='word_1_576' title='bbox 2566 5097 2823 5152; x_wconf 88' lang='lat' dir='ltr'><strong>mandare</strong></span> <span class='ocrx_word' id='word_1_577' title='bbox 2844 5097 3074 5166; x_wconf 88' lang='lat' dir='ltr'><strong>sepulcri</strong></span> <span class='ocrx_word' id='word_1_578' title='bbox 3111 5115 3125 5153; x_wconf 91' lang='lat'><strong>:</strong></span> <span class='ocrx_word' id='word_1_579' title='bbox 3334 5092 3338 5101; x_wconf 86' lang='grc'><em>’</em></span> 
     </span>
    </p>
   </div>
   <div class='ocr_carea' id='block_1_84' title="bbox 1891 5166 3050 5260">
    <p class='ocr_par' dir='ltr' id='par_1_84' title="bbox 1891 5166 3050 5260">
     <span class='ocr_line' id='line_1_84' title="bbox 1891 5166 3050 5260; baseline 0.001 -19"><span class='ocrx_word' id='word_1_580' title='bbox 1891 5185 1998 5242; x_wconf 92' lang='lat' dir='ltr'><strong>Sed</strong></span> <span class='ocrx_word' id='word_1_581' title='bbox 2037 5185 2181 5256; x_wconf 90' lang='lat' dir='ltr'><strong>prior</strong></span> <span class='ocrx_word' id='word_1_582' title='bbox 2212 5166 2438 5242; x_wconf 50' lang='lat' dir='ltr'><strong>uxoreo?</strong></span> <span class='ocrx_word' id='word_1_583' title='bbox 2461 5188 2664 5244; x_wconf 85' lang='lat' dir='ltr'><strong>decreti</strong></span> <span class='ocrx_word' id='word_1_584' title='bbox 2690 5189 2879 5259; x_wconf 87' lang='lat' dir='ltr'><strong>pagina</strong></span> <span class='ocrx_word' id='word_1_585' title='bbox 2900 5188 3050 5260; x_wconf 86' lang='lat' dir='ltr'><strong>legit.</strong></span> 
     </span>
    </p>
   </div>
   <div class='ocr_carea' id='block_1_85' title="bbox 1965 5279 3202 5354">
    <p class='ocr_par' dir='ltr' id='par_1_85' title="bbox 1965 5279 3202 5354">
     <span class='ocr_line' id='line_1_85' title="bbox 1965 5279 3202 5354; baseline 0.002 -20"><span class='ocrx_word' id='word_1_586' title='bbox 1965 5279 2114 5334; x_wconf 89' lang='lat' dir='ltr'><strong>Tunc</strong></span> <span class='ocrx_word' id='word_1_587' title='bbox 2135 5280 2214 5334; x_wconf 80' lang='lat' dir='ltr'><strong>vir</strong></span> <span class='ocrx_word' id='word_1_588' title='bbox 2245 5281 2506 5336; x_wconf 77' lang='lat' dir='ltr'><strong>sollicitus</strong></span> <span class='ocrx_word' id='word_1_589' title='bbox 2536 5281 2686 5354; x_wconf 83' lang='lat' dir='ltr'><strong>largo</strong></span> <span class='ocrx_word' id='word_1_590' title='bbox 2700 5281 2854 5351; x_wconf 86' lang='lat' dir='ltr'><strong>jubet</strong></span> <span class='ocrx_word' id='word_1_591' title='bbox 2880 5297 2976 5337; x_wconf 88' lang='lat' dir='ltr'><strong>ore</strong></span> <span class='ocrx_word' id='word_1_592' title='bbox 3001 5282 3202 5348; x_wconf 87' lang='lat' dir='ltr'><strong>cavari,</strong></span> 
     </span>
    </p>
   </div>
   <div class='ocr_carea' id='block_1_86' title="bbox 1889 5367 3277 5445">
    <p class='ocr_par' dir='ltr' id='par_1_86' title="bbox 1889 5367 3277 5445">
     <span class='ocr_line' id='line_1_86' title="bbox 1889 5367 3277 5445; baseline 0.003 -19"><span class='ocrx_word' id='word_1_593' title='bbox 1889 5371 2016 5426; x_wconf 85' lang='lat' dir='ltr'><strong>Post</strong></span> <span class='ocrx_word' id='word_1_594' title='bbox 2035 5371 2262 5429; x_wconf 84' lang='lat' dir='ltr'><strong>mortem</strong></span> <span class='ocrx_word' id='word_1_595' title='bbox 2287 5375 2422 5432; x_wconf 67' lang='lat' dir='ltr'><strong>fiunt</strong></span> <span class='ocrx_word' id='word_1_596' title='bbox 2441 5391 2563 5445; x_wconf 83' lang='lat' dir='ltr'><strong>quae</strong></span> <span class='ocrx_word' id='word_1_597' title='bbox 2595 5375 2854 5430; x_wconf 81' lang='lat' dir='ltr'><strong>membris</strong></span> <span class='ocrx_word' id='word_1_598' title='bbox 2878 5375 3086 5444; x_wconf 89' lang='lat' dir='ltr'><strong>hospita</strong></span> <span class='ocrx_word' id='word_1_599' title='bbox 3109 5367 3236 5430; x_wconf 70' lang='lat' dir='ltr'><strong>saxa</strong></span> <span class='ocrx_word' id='word_1_600' title='bbox 3264 5393 3277 5430; x_wconf 91' lang='lat'>:</span> 
     </span>
    </p>
   </div>
   <div class='ocr_carea' id='block_1_87' title="bbox 1889 5465 3270 5541">
    <p class='ocr_par' dir='ltr' id='par_1_87' title="bbox 1889 5465 3270 5541">
     <span class='ocr_line' id='line_1_87' title="bbox 1889 5465 3270 5541; baseline 0.004 -22"><span class='ocrx_word' id='word_1_601' title='bbox 1889 5465 2160 5534; x_wconf 66' lang='lat' dir='ltr'><strong>Suscipies</strong></span> <span class='ocrx_word' id='word_1_602' title='bbox 2187 5469 2439 5534; x_wconf 88' lang='lat' dir='ltr'><strong>veniens,</strong></span> <span class='ocrx_word' id='word_1_603' title='bbox 2473 5477 2784 5536; x_wconf 71' lang='lat' dir='ltr'><strong>mternaque</strong></span> <span class='ocrx_word' id='word_1_604' title='bbox 2808 5466 3009 5523; x_wconf 75' lang='lat' dir='ltr'><strong>fmdera</strong></span> <span class='ocrx_word' id='word_1_605' title='bbox 3041 5467 3270 5541; x_wconf 73' lang='lat' dir='ltr'><strong>junges;</strong></span> 
     </span>
    </p>
   </div>
   <div class='ocr_carea' id='block_1_88' title="bbox 1894 5557 3127 5631">
    <p class='ocr_par' dir='ltr' id='par_1_88' title="bbox 1894 5557 3127 5631">
     <span class='ocr_line' id='line_1_88' title="bbox 1894 5557 3127 5631; baseline -0.001 -15"><span class='ocrx_word' id='word_1_606' title='bbox 1894 5557 1963 5616; x_wconf 88' lang='lat' dir='ltr'><strong>Ut</strong></span> <span class='ocrx_word' id='word_1_607' title='bbox 1990 5575 2124 5631; x_wconf 87' lang='lat' dir='ltr'><strong>quos</strong></span> <span class='ocrx_word' id='word_1_608' title='bbox 2146 5560 2387 5618; x_wconf 75' lang='lat' dir='ltr'><strong>viventes</strong></span> <span class='ocrx_word' id='word_1_609' title='bbox 2409 5561 2669 5618; x_wconf 84' lang='lat' dir='ltr'><strong>tenuisset</strong></span> <span class='ocrx_word' id='word_1_610' title='bbox 2695 5559 2923 5616; x_wconf 76' lang='lat' dir='ltr'><strong>lectulus</strong></span> <span class='ocrx_word' id='word_1_611' title='bbox 2953 5558 3094 5616; x_wconf 88' lang='lat' dir='ltr'><strong>idem</strong></span> <span class='ocrx_word' id='word_1_612' title='bbox 3109 5601 3127 5626; x_wconf 90' lang='lat'><strong>,</strong></span> 
     </span>
    </p>
   </div>
   <div class='ocr_carea' id='block_1_89' title="bbox 1913 5721 3482 5797">
    <p class='ocr_par' dir='ltr' id='par_1_89' title="bbox 1913 5721 3482 5797">
     <span class='ocr_line' id='line_1_89' title="bbox 1913 5721 3482 5797; baseline 0 -15"><span class='ocrx_word' id='word_1_613' title='bbox 1913 5737 2018 5783; x_wconf 89' lang='lat' dir='ltr'><strong>tus.</strong></span> <span class='ocrx_word' id='word_1_614' title='bbox 2067 5726 2181 5793; x_wconf 85' lang='lat' dir='ltr'><strong>Qua</strong></span> <span class='ocrx_word' id='word_1_615' title='bbox 2233 5725 2300 5782; x_wconf 93' lang='lat' dir='ltr'><strong>de</strong></span> <span class='ocrx_word' id='word_1_616' title='bbox 2337 5741 2397 5782; x_wconf 90' lang='lat' dir='ltr'><strong>re</strong></span> <span class='ocrx_word' id='word_1_617' title='bbox 2437 5726 2728 5797; x_wconf 84' lang='lat' dir='ltr'><strong>Gregorius</strong></span> <span class='ocrx_word' id='word_1_618' title='bbox 2755 5721 3082 5781; x_wconf 86' lang='lat' dir='ltr'><strong>Turonensis</strong></span> <span class='ocrx_word' id='word_1_619' title='bbox 3111 5721 3206 5778; x_wconf 87' lang='lat' dir='ltr'><strong>lib.</strong></span> <span class='ocrx_word' id='word_1_620' title='bbox 3236 5723 3302 5778; x_wconf 80' lang='lat' dir='ltr'><strong>de</strong></span> <span class='ocrx_word' id='word_1_621' title='bbox 3331 5722 3482 5782; x_wconf 64' lang='grc' dir='ltr'><strong>ϐίον.</strong></span> 
     </span>
    </p>
   </div>
   <div class='ocr_carea' id='block_1_90' title="bbox 1917 5797 2523 5870">
    <p class='ocr_par' dir='ltr' id='par_1_90' title="bbox 1917 5797 2523 5870">
     <span class='ocr_line' id='line_1_90' title="bbox 1917 5797 2523 5870; baseline -0.013 -14"><span class='ocrx_word' id='word_1_622' title='bbox 1917 5800 2206 5870; x_wconf 77' lang='lat' dir='ltr'><strong>Geufmor.</strong></span> <span class='ocrx_word' id='word_1_623' title='bbox 2233 5839 2247 5866; x_wconf 94' lang='lat'><strong>,</strong></span> <span class='ocrx_word' id='word_1_624' title='bbox 2280 5811 2400 5868; x_wconf 85' lang='lat' dir='ltr'><strong>cap.</strong></span> <span class='ocrx_word' id='word_1_625' title='bbox 2433 5797 2523 5850; x_wconf 68' lang='grc'><strong>79.</strong></span> 
     </span>
    </p>
   </div>
  </div>
