3838 6278
347 361 417 421 47
1246 349 1553 413 ANONYMI
1586 342 1875 407 CARMEN
1914 347 2003 406 DE
2041 338 2385 405 LAUDIBUS
2436 336 2693 401 DOMINI.
3582 328 3666 394 48

350 481 485 537 Post
509 484 776 550 praecepta
804 474 937 539 Dei,
970 471 1184 528 bustum
1212 484 1500 527 commune
1526 468 1748 524 levaret.

350 570 534 629 Sensit
563 579 683 625 vota
706 568 787 624 sui
803 564 999 633 conjux
1026 577 1263 634 prmsaga
1287 563 1463 617 mariti
1490 603 1503 625 ,

350 663 652 737 Magnaque
687 656 1018 727 temporibus
1045 654 1229 711 tribuit
1267 653 1522 709 miracula
1550 651 1732 707 castis.

346 754 485 811 Nam
506 768 626 809 cmn
641 749 908 806 defunctis
928 747 1222 819 jungantur
1248 744 1466 801 brachia
1492 742 1748 799 membris
1770 783 1783 808 ,

348 848 423 904 Et
450 848 680 916 repetita
710 857 899 897 ntanus
925 840 1257 910 constringat
1284 837 1498 893 vincula
1530 846 1718 892 trunco
1737 876 1749 900 ,

350 939 431 996 Ne
456 938 652 1010 quibus
678 936 925 989 humanm
948 932 1289 1003 complentur
1317 945 1540 986 munera
1574 927 1697 983 vitae
1718 968 1731 993 ,

351 1030 573 1089 Accidat
602 1028 850 1086 informis
874 1025 1101 1081 ﬂuitatio
1130 1024 1455 1081 dissociatis.

349 1126 684 1181 Immensum
704 1120 850 1177 dictu
870 1162 884 1186 ,
916 1134 1023 1189 quo
1051 1129 1293 1188 tempore
1320 1118 1426 1172 vita
1456 1124 1672 1187 peracta
1690 1122 1770 1170 est
1790 1155 1805 1182 ,

349 1215 664 1288 Jungendns
688 1215 849 1268 sociae
875 1220 1156 1283 prospecta
1185 1210 1313 1267 sede
1343 1211 1587 1264 maritus.

422 1307 708 1377 Postquam
737 1313 911 1360 morte
944 1304 1041 1359 viri
1067 1312 1307 1359 reserata
1331 1301 1593 1371 estjanua
1622 1300 1712 1355 leti
1731 1341 1745 1365 ,

342 1397 791 1467 Horrendnmque
818 1396 985 1449 larem
1011 1394 1120 1464 jatn
1152 1394 1241 1448 ius
1267 1393 1472 1463 ingrata
1500 1391 1694 1446 retexit
1721 1407 1734 1441 :

341 1494 634 1564 Deprmnsa
657 1500 740 1547 est
768 1489 955 1545 laevam
979 1487 1306 1558 protendens
1328 1486 1523 1541 femina
1552 1484 1783 1554 palmam
1807 1525 1823 1549 ,

340 1586 582 1644 lnvitans
610 1586 819 1641 socium
842 1593 995 1654 gestu
1028 1583 1259 1638 viventis
1298 1580 1519 1634 amoris.

339 1682 473 1751 Quis
492 1682 640 1737 dedit
665 1680 916 1735 affectum
951 1676 1196 1733 tumulo?
1225 1676 1344 1746 quis
1375 1674 1590 1728 vincula
1620 1672 1821 1727 solvit?

347 1774 499 1830 Unde
516 1774 725 1843 sepulta
748 1772 891 1827 videt
918 1781 1161 1826 venturae
1189 1769 1434 1839 conjugis
1456 1768 1735 1822 umbram?

1974 470 2027 531 Α
2054 463 2124 519 Ει
2149 462 2264 519 vice
2287 459 2523 532 jucunda
2549 454 2869 514 mortalibus
2897 452 3098 511 addere
3124 451 3356 510 fructum
3388 469 3406 509 :

2054 555 2166 611 Neu
2200 570 2415 625 semper
2441 552 2646 624 prolixa
2669 551 2785 607 dies
2812 548 2971 604 nimis
2994 556 3176 603 ureret
3210 546 3396 602 orbem
3417 589 3433 613 ,

2054 648 2170 706 Neu
2199 650 2380 705 brevis
2407 648 2637 705 invisum
2660 654 2877 717 raperet
2902 642 3246 707 nascentibus
3270 643 3470 715 ignem.

2054 746 2133 798 Ac
2157 757 2226 797 ne
2249 748 2506 812 perpetuo
2535 747 2781 811 quateret
2803 725 2956 793 labo‘r
2981 736 3161 791 omnia
3190 734 3313 790 nisu
3331 776 3347 803 ,

2054 835 2157 890 Dat
2181 833 2421 906 requiem
2452 831 2608 889 fessis
2635 831 2912 886 hominum
2944 844 3051 885 nox
3086 827 3298 884 roscida
3326 825 3469 882 curis
3495 844 3507 879 :

2053 926 2230 999 thue
2259 928 2491 983 humana
2513 926 2661 981 salus
2685 939 2935 981 securum
2963 923 3188 979 duceret
3211 936 3388 978 aevum
3407 962 3422 991 ,

2055 1021 2262 1093 Sponte
2288 1022 2552 1077 salutares
2572 1020 2640 1075 de
2664 1020 2869 1090 cespite
2896 1018 3114 1090 surgitis
3141 1015 3343 1073 herbze.

2055 1116 2163 1172 llas
2189 1116 2348 1172 Pater
2375 1116 2488 1186 ipse
2513 1114 2645 1170 serit
2672 1121 2801 1167 nutu
2826 1153 2842 1181 ,
2873 1128 2980 1166 non
3016 1125 3236 1165 vomere
3263 1109 3434 1166 dives.

2123 1208 2241 1265 Non
2266 1224 2364 1280 ego
2389 1206 2588 1264 ferrato
2613 1216 2822 1276 tegerer
2842 1204 2887 1259 si
2908 1204 3115 1259 viscera
3146 1218 3301 1257 muro
3318 1242 3335 1270 ,

2053 1303 2253 1360 Ferrea
2294 1318 2398 1359 vox
2430 1302 2733 1373 linguaeque
2760 1298 2941 1354 forent
2969 1297 3098 1352 mihi
3130 1296 3275 1352 mille
3296 1294 3546 1361 canenti,

2052 1395 2273 1453 Munera
2295 1406 2485 1452 cuneta
2511 1408 2703 1465 queam
2729 1401 2924 1448 vestrm
2954 1382 3167 1461 pietatis
3193 1388 3366 1445 obire.

2056 1489 2165 1546 Sed
2189 1489 2347 1546 Pater
2373 1489 2461 1544 ille
2487 1498 2607 1543 tuus
2635 1496 2845 1543 secreta
2873 1487 2924 1541 in
2947 1485 3076 1542 sede
3105 1485 3312 1540 locatus
3334 1526 3348 1552 ,

2054 1583 2165 1638 Nec
2192 1582 2441 1653 cuiquam
2467 1581 2587 1636 visu
2616 1580 2786 1635 facilis
2809 1620 2823 1644 ,
2854 1579 3173 1650 cunctisque
3206 1576 3516 1633 tremendus

2055 1674 2132 1731 Te
2152 1675 2301 1731 misit
2339 1674 2623 1730 Dominum
2654 1673 2814 1728 terris
2846 1673 3074 1741 vitmque
3106 1672 3440 1742 t‘nagistrum.

2055 1769 2125 1824 Et
2157 1770 2400 1841 quisquis
2428 1777 2609 1824 natum
2628 1768 2776 1839 justo
2816 1775 3105 1822 veneratur
3133 1765 3368 1831 honore,

415 1866 496 1921 Tu
525 1865 656 1920 facis
676 1864 820 1928 haec,
849 1874 903 1917 tu
924 1861 1141 1917 Christe
1162 1862 1333 1927 Dcns,
1363 1872 1449 1914 tua
1472 1861 1624 1930 signa
1643 1867 1943 1925 nniventur,
1980 1863 2027 1923 Β
2055 1862 2331 1917 Ambobus
2361 1877 2453 1917 sua
2483 1870 2605 1916 vota
2633 1860 2776 1916 dicat
2815 1859 3084 1928 vitamque
3112 1872 3427 1928 perennem.

340 1962 713 2029 Paulatimque
740 1958 902 2013 doces
930 1956 1102 2027 Sopita
1137 1970 1421 2025 resurgere
1454 1953 1697 2010 membra
1731 1970 1743 2005 :

337 2056 423 2112 Tn
451 2069 612 2126 quem
641 2061 929 2107 venturum
956 2049 1127 2105 sancti
1169 2049 1416 2103 cecinere
1458 2046 1765 2117 prephetaz,

341 2149 657 2217 Incorrupta
688 2145 782 2201 Dei
809 2143 1025 2200 soboles
1047 2184 1061 2208 ,
1093 2150 1379 2210 rectorque
1407 2139 1641 2209 regentis
1666 2180 1681 2204 ,

344 2243 466 2308 Quo
486 2241 603 2295 sine
623 2237 699 2294 nil
726 2251 975 2307 magnum
1004 2234 1215 2306 genitor
1243 2231 1505 2287 deliberat
1529 2231 1737 2301 ingens.

343 2336 509 2405 Cujus
533 2333 600 2388 ad
632 2331 913 2402 imperium
937 2330 1100 2385 certis
1123 2343 1273 2383 mare
1304 2326 1544 2382 constitit
1571 2324 1711 2390 oris,

341 2425 455 2482 Nec
481 2425 607 2481 licet
637 2426 902 2480 immenso
933 2423 1090 2477 terris
1119 2435 1410 2478 excurrere
1440 2428 1636 2490 ponto,

342 2521 617 2591 Planaque
639 2529 928 2575 montanos
955 2515 1236 2572 includunt
1257 2515 1434 2569 littora
1460 2514 1651 2568 fluctus
1681 2530 1693 2565 :

341 2611 443 2680 Qui
470 2611 617 2667 vario
648 2609 895 2666 stabilem
928 2608 1124 2664 dotasti
1149 2622 1377 2662 munere
1407 2613 1606 2661 terram

343 2705 404 2760 lu
434 2715 646 2760 nostros
674 2719 835 2767 usus,
866 2703 1045 2774 largus
1072 2703 1273 2772 pietate
1305 2710 1546 2770 paterna.

343 2797 422 2854 Te
463 2797 631 2863 vade,
670 2796 927 2851 mortales
952 2793 1293 2850 committunt
1325 2791 1532 2847 semina
1562 2789 1728 2845 sulcis
1753 2831 1769 2858 ,

342 2891 413 2946 Et
438 2905 608 2945 novus
635 2888 807 2943 arenti
844 2886 1084 2958 procedit
1112 2887 1318 2956 cespite
1349 2893 1552 2955 partus.

341 2982 425 3038 Tu
452 2996 672 3037 manare
705 2980 865 3051 jubes
895 2980 1135 3035 secundo
1165 2990 1383 3034 nectare
1414 2979 1552 3031 vites
1578 2995 1591 3028 :

346 3073 424 3129 Tu
445 3082 629 3145 gratos
650 3073 824 3144 epulis
845 3072 1124 3127 hominum
1145 3111 1159 3135 ,
1193 3069 1539 3139 medicosque
1570 3065 1728 3123 saluti

342 3167 649 3224 Arboribus
674 3180 866 3220 succos
894 3182 909 3222 :
941 3174 994 3217 tn
1027 3162 1197 3218 trndis
1223 3161 1399 3217 dulcia
1428 3161 1607 3216 mella.

345 3260 430 3315 'l‘u
454 3258 658 3314 servire
680 3256 840 3327 jubes
869 3255 1074 3310 homini
1101 3270 1271 3325 genus
1302 3269 1464 3308 omne
1489 3252 1817 3307 animantum
1846 3293 1860 3318 ,

344 3352 570 3422 Insuper
595 3359 650 3404 et
677 3348 931 3419 gravibus
961 3348 1112 3402 lucos
1142 3359 1461 3401 eurvesccre
1494 3345 1697 3414 pomis,

344 3445 525 3513 Atque
553 3456 722 3497 novos
748 3439 954 3495 reditus
983 3440 1127 3494 nullo
1155 3438 1224 3495 de
1241 3439 1450 3493 semine
1474 3437 1642 3492 nasci.

344 3538 428 3593 Tu
455 3535 633 3590 varios
659 3550 846 3589 attines
876 3544 1063 3588 nostro
1100 3531 1356 3600 prodesse
1390 3530 1594 3594 labori,

348 3628 423 3685 Et
449 3642 712 3683 renovare
739 3626 907 3681 sacris
937 3623 1279 3680 benedictum
1316 3622 1552 3677 fontibus
1577 3636 1773 3675 aevum.

351 3720 430 3776 Te
458 3719 594 3775 duce
615 3718 861 3775 velivolis
895 3725 1181 3787 patuerunt
1206 3731 1422 3788 aequora
1454 3715 1643 3770 rostris
1666 3756 1680 3779 ,

353 3811 669 3881 Divisosque
691 3810 842 3866 fretis
865 3810 1114 3865 lustravit
1140 3810 1318 3863 navita
1348 3816 1557 3879 portus.

425 3902 505 3957 Tu
531 3913 813 3972 postquam
843 3903 1008 3957 certis
1043 3911 1169 3956 sunt
1195 3909 1311 3955 acta
1335 3899 1601 3955 elementa
1628 3898 1808 3968 figuris
1830 3939 1844 3965 ,

354 3994 437 4050 Ne
462 4002 677 4064 torpere
707 3993 824 4048 rudi
856 3994 1098 4048 cmlestis
1124 3993 1369 4050 machina
1402 3993 1550 4046 vultu

357 4088 621 4156 Inciperet
643 4127 657 4151 ,
687 4087 838 4141 vario
866 4088 1085 4158 signasti
1118 4101 1341 4142 munere
1381 4086 1637 4141 tnundtnn
1667 4104 1677 4138 :

357 4179 426 4234 Et.
448 4177 704 4247 quidquid
733 4178 871 4234 caelo
911 4180 1113 4245 radiat,
1147 4189 1232 4233 tua
1258 4179 1477 4235 dextera
1504 4180 1674 4235 tinxit.

362 4270 456 4325 llis
481 4270 658 4324 aulam
691 4271 896 4325 Dnntini
933 4270 1130 4340 placuit
1156 4281 1443 4326 contexere
1477 4272 1665 4342 signis.

360 4361 478 4417 Jam
510 4362 637 4416 freta
662 4378 729 4418 ne
762 4362 923 4417 nullis
950 4375 1236 4432 agerentur
1265 4362 1529 4432 inhospita
1558 4365 1715 4419 terris
1739 4407 1753 4432 ,

366 4451 769 4526 Assiduumque
796 4455 975 4510 alacer
1014 4468 1325 4512 numeraret
1356 4458 1530 4512 navita
1561 4468 1769 4528 portum
1802 4479 1813 4512 :

361 4547 566 4604 Crebra
608 4548 741 4603 satis
764 4548 968 4603 tumido
990 4548 1240 4618 deligitur
1266 4548 1439 4604 insula
1472 4557 1672 4620 ponto;

366 4638 477 4695 Nec
508 4651 686 4696 tamen
716 4641 909 4695 insano
929 4642 1118 4697 metuit
1148 4641 1475 4697 circumdata
1504 4644 1697 4711 fluctu,

363 4731 683 4801 Exiguoqne
712 4733 860 4788 fretis
890 4733 1125 4787 innitens
1151 4735 1281 4789 orbe
1312 4735 1542 4803 resistit,

365 4821 442 4877 Te
470 4821 606 4878 duce
627 4823 906 4879 conlidens
930 4843 942 4890 ;
966 4825 1120 4894 cujus
1150 4826 1456 4882 venerabile
1487 4840 1696 4899 pactum

364 4914 569 4973 Nexum
600 4916 715 4986 lege
738 4917 848 4986 pari
881 4933 1255 4989 summumque
1283 4921 1554 4993 imumque
1576 4937 1847 4998 permquat
1868 4971 1881 4996 ,

364 5010 473 5065 Nec
493 5009 622 5064 sinit
659 5010 937 5080 impositos
963 5026 1227 5081 quoquam
1253 5019 1629 5073 transcendere
1661 5019 1811 5075 fines.

363 5104 444 5157 Ac
472 5117 537 5157 ne
562 5102 720 5173 plana
748 5103 908 5156 nitnis
939 5103 1096 5159 tellus
1125 5105 1207 5160 vel
1252 5107 1388 5161 mtda
1415 5109 1653 5178 jaceret,

360 5194 573 5252 Vilibus
596 5196 856 5266 aptandos
882 5196 1085 5265 jussisti
1111 5214 1392 5270 assurgere
1419 5204 1586 5259 colles

365 5287 671 5345 Grandibus
692 5327 708 5354 ,
738 5298 791 5343 et
824 5288 997 5359 largos
1026 5291 1331 5347 umbracula
1359 5304 1541 5351 texere
1573 5295 1741 5351 lucos.

364 5382 502 5437 Tum
525 5397 593 5437 ne
620 5372 800 5436 vastus
839 5392 960 5453 agat
982 5383 1130 5439 silvis
1160 5388 1495 5456 torpentibus
1527 5368 1720 5445 horror
1740 5434 1754 5459 ,

359 5473 679 5530 Innumeros
704 5472 841 5528 fetus
871 5477 1110 5545 proceris
1143 5488 1196 5531 tu
1226 5480 1451 5534 saltibus
1476 5480 1628 5535 addis
1660 5501 1670 5535 :

360 5565 539 5621 Incola
569 5579 636 5619 ne
668 5566 873 5620 ttemOri
894 5606 908 5629 ,
939 5582 1040 5622 neu
1068 5566 1210 5623 desit
1238 5570 1418 5638 prmda
1446 5570 1669 5637 petenti.

360 5657 497 5712 Tum
529 5655 773 5713 volucres
813 5657 1006 5712 multas
1029 5699 1042 5722 ,
1076 5668 1185 5713 tum
1218 5660 1365 5713 mille
1386 5661 1633 5715 examina
1656 5678 1844 5721 vocum

358 5747 566 5804 Mortali
594 5747 871 5805 harmonia
899 5749 1030 5806 lucis
1052 5765 1308 5805 resonare
1338 5752 1547 5808 canoris
1583 5770 1593 5805 :

358 5840 449 5904 Sic
469 5856 666 5900 annum
698 5842 899 5917 placuit
927 5840 1085 5898 variis
1117 5842 1357 5899 intexere
1377 5841 1595 5913 formis,

2052 1953 2135 2011 Tu
2161 1955 2292 2010 casti
2336 1955 2576 2025 rectique
2602 1964 2794 2016 tenax,
2826 1963 2879 2009 et
2910 1952 3129 2008 flectere
3165 1952 3316 2022 leges

2053 2048 2185 2104 Post
2210 2048 2416 2103 crimen
2446 2046 2620 2102 facilis
2640 2088 2655 2112 ,
2686 2047 2729 2101 si
2757 2062 2918 2117 quem
2944 2044 3193 2101 vecordia
3224 2057 3465 2114 praeceps

2053 2144 2268 2215 Depnlit
2290 2158 2321 2198 a
2343 2142 2499 2201 vobis
2529 2141 2844 2213 prtescripto
2874 2140 3046 2196 limite
3062 2140 3207 2195 vitae.

2052 2235 2130 2291 Te
2150 2236 2361 2307 genitor
2391 2245 2573 2291 nostra
2595 2277 2612 2303 ,
2641 2242 2955 2307 paterentur
2983 2243 3040 2288 ut
3067 2248 3160 2288 ora
3197 2232 3368 2299 tueri,

2053 2326 2231 2382 Induit
2253 2327 2487 2383 humana
2518 2326 2657 2383 facie
2683 2326 3050 2396 membrisque
3075 2326 3315 2381 caducis.

2051 2417 2182 2486 Quis
2204 2427 2436 2475 tentaret
2462 2420 2606 2475 enim
2634 2418 2850 2489 fragiles
2873 2418 3119 2474 attollere
3149 2417 3319 2481 visus.

2050 2511 2109 2568 Si
2130 2511 2291 2567 talem
2322 2510 2543 2580 trepidis
2566 2511 2825 2567 voluisset
2852 2512 3045 2567 sistere
3075 2510 3235 2565 terris
3257 2551 3271 2574 ,

2049 2604 2236 2673 Qualis
2264 2621 2355 2673 es,
2390 2607 2591 2677 ingenti
2619 2621 2740 2661 cum
2769 2615 2986 2677 torques
3020 2605 3244 2662 fulmina
3268 2605 3455 2662 dextra
3484 2645 3499 2669 ,

2053 2702 2494 2771 Praesentemque
2512 2700 2673 2771 jubes
2698 2700 2903 2756 directa
2935 2716 3228 2771 pavescere
3260 2715 3475 2771 pcenam
3505 2718 3516 2752 :

2052 2796 2150 2853 Vel
2174 2812 2297 2853 cum
2321 2796 2564 2869 placatus
2585 2838 2599 2862 ,
2624 2797 2831 2869 campis
2861 2799 3167 2855 sitientibus
3189 2800 3389 2854 imbres

2062 2891 2269 2946 Dividis
2291 2932 2306 2958 ,
2329 2899 2386 2946 et
2406 2890 2599 2947 dubias
2613 2890 2778 2947 sulcis
2798 2890 3053 2961 producis
3075 2892 3313 2948 aristas?

2128 2983 2208 3039 Ne
2232 2992 2411 3039 tamen
2439 2985 2705 3055 insignem
2734 2999 2822 3040 res
2851 2985 2995 3041 nulla
3024 2986 3334 3043 ostenderet
3373 2998 3556 3045 ortum
3580 3031 3595 3057 ,

2057 3073 2277 3144 Virgine
2312 3076 2615 3146 conciperis
2646 3094 2657 3128 :
2692 3091 2798 3131 non
2826 3077 3027 3132 sufﬁcit
3049 3095 3171 3135 esse
3202 3080 3447 3151 pudicam
3466 3124 3481 3149 ,

2053 3167 2165 3223 Nec
2190 3184 2312 3239 quae
2338 3178 2503 3239 nupta
2530 3178 2693 3239 queat
2715 3169 2946 3226 Domino
2971 3172 3299 3245 conjungere
3333 3175 3588 3245 fratrem,

1977 3242 2021 3307 C
2051 3259 2132 3316 Ne
2158 3261 2348 3330 procul
2379 3276 2449 3317 ex
2471 3270 2625 3317 utero
2647 3264 2898 3335 contagio
2923 3242 3092 3335 turpis
3117 3242 3350 3322 abesset.

2051 3355 2174 3411 Mox
2196 3355 2283 3410 ubi
2307 3369 2563 3426 processu
2584 3355 2714 3421 felix
2747 3359 3002 3414 maturuit
3029 3367 3162 3415 aetas
3180 3402 3197 3427 ,

2052 3448 2318 3505 Indociles
2347 3449 2558 3505 animos
2588 3450 2808 3505 monitis
2837 3465 3057 3508 servare
3085 3454 3323 3523 paternis

2052 3545 2378 3616 Aggrederis
2400 3587 2414 3612 ,
2444 3554 2756 3617 rectamque
2791 3548 2931 3603 viam
2971 3549 3276 3607 labentibus
3307 3551 3491 3608 offers.

2055 3643 2235 3710 Atque
2267 3647 2325 3694 ut
2350 3640 2514 3695 missa
2538 3640 2649 3696 Deo
2682 3643 2894 3711 penitus
2921 3655 3186 3715 praecepta
3216 3654 3491 3717 paterent,

2058 3732 2357 3803 Imperium
2388 3741 2442 3787 tu
2472 3734 2635 3789 morti
2664 3734 2885 3804 adimis,
2918 3737 3213 3810 morboque
3242 3740 3420 3796 soluto

2057 3824 2352 3894 Desperata
2376 3825 2535 3895 jubes
2559 3828 2901 3896 apprendere
2930 3832 3114 3886 munia
3140 3831 3263 3887 vita:
3289 3873 3305 3900 ,

2058 3918 2423 3990 Restituisque
2442 3920 2585 3977 diem
2613 3924 2772 3979 cmcis
2802 3941 2814 3978 ε
2846 3936 2990 3981 etne
3008 3926 3137 3997 quid
3166 3925 3412 3982 inausum

2060 4010 2312 4068 Restaret
2336 4014 2582 4083 penitus,
2603 4015 2745 4087 quod
2775 4018 3013 4089 perfidus
3045 4035 3201 4075 error
3229 4021 3440 4088 obiret,

2060 4100 2259 4159 Indicis
2282 4119 2499 4160 sensum
2531 4108 2751 4163 tumulis
2771 4150 2785 4174 ,
2819 4120 2873 4165 et
2902 4111 3118 4166 condita
3149 4111 3357 4181 pridem

2067 4197 2305 4255 Membra
2328 4198 2488 4270 jubes
2515 4201 2709 4257 iterum
2734 4217 2960 4274 superas
2981 4220 3313 4278 consurgere
3345 4208 3396 4263 in
3425 4223 3592 4265 auras
3611 4251 3627 4278 ,

2062 4291 2482 4362 Aguoscnntque
2517 4308 2672 4349 suum
2696 4293 2892 4351 dilecta
2922 4297 3183 4353 cadavera
3212 4314 3428 4355 nomen.

2136 4384 2205 4437 At
2230 4392 2512 4455 postquam
2541 4385 2712 4456 legem
2738 4396 2972 4444 sectator
2996 4388 3222 4447 idoneus
3244 4391 3454 4461 hausit,
3493 4376 3499 4393 ’

2064 4471 2133 4529 Ut
2162 4489 2223 4530 se
2249 4475 2462 4530 mortali
2488 4476 2726 4533 caelestis
2756 4479 2978 4550 spiritus
3010 4483 3134 4537 aula

2065 4564 2302 4622 Exueret
2319 4606 2333 4629 ,
2363 4568 2466 4639 legi
2495 4568 2760 4625 intentum
2786 4587 2893 4643 quo
2913 4584 3105 4630 cuncta
3128 4574 3353 4633 doceres

1989 4644 2044 4705 D
2069 4659 2174 4715 Pro
2193 4674 2406 4715 summo
2433 4661 2712 4720 toleranda
2737 4665 2849 4721 Deo
2876 4708 2890 4732 ,
2921 4678 3174 4740 recteque
3204 4686 3498 4741 perennem

2065 4754 2391 4827 Contempto
2420 4760 2608 4816 mortis
2636 4762 2738 4817 sibi
2764 4779 3033 4836 quemque
3055 4782 3334 4825 assumere
3360 4770 3523 4827 vitam
3554 4791 3565 4824 :

2066 4846 2155 4903 Sic
2174 4850 2437 4916 completa
2464 4851 2644 4907 ferens
2658 4854 2920 4925 genitoris
2944 4857 3095 4927 jussa
3114 4902 3127 4925 ,
3168 4863 3353 4918 redisti

2068 4939 2150 4994 Ad
2171 4942 2365 4996 summi
2393 4954 2601 5000 secreta
2631 4947 2772 5017 poli,
2804 4965 2906 5020 qua
2936 4950 3144 5010 lucidus
3179 4956 3350 5014 aether

2067 5032 2224 5104 Pigra
2259 5043 2407 5091 vetat
2433 5042 2654 5109 proprio
2685 5045 3015 5102 succendere
3046 5050 3227 5106 nubila
3255 5054 3414 5110 etelo.

2069 5126 2246 5217 atque
2273 5138 2334 5183 ut
2360 5140 2504 5187 certa
2529 5132 2671 5189 foret
2701 5139 2976 5204 pereuntis
3025 5146 3179 5214 copia
3210 5148 3415 5217 turbre,

2068 5213 2201 5308 Quae
2233 5231 2499 5291 praecepta
2522 5223 2617 5279 Dei
2650 5226 2972 5286 miserandis
2999 5213 3220 5293 auribus
3240 5213 3418 5308 arcet,

2066 5305 2177 5362 Nec
2209 5325 2343 5366 nova
2372 5312 2655 5372 defunctos
2671 5318 2993 5391 jampridem
3016 5326 3138 5396 jura
3167 5305 3448 5388 tenerent:

2063 5396 2311 5458 Carceris
2342 5403 2537 5462 inferni
2569 5407 2752 5465 feralia
2774 5455 2788 5480 ,
2828 5413 2993 5471 libera
3023 5418 3211 5488 nobis,

2067 5490 2513 5587 lngnumeramqne
2534 5501 2692 5570 jubes
2720 5506 2956 5564 tenebris
2986 5525 3262 5583 emergere
3290 5516 3498 5587 plebem
3528 5560 3541 5580 ,

2066 5583 2160 5639 llis
2192 5596 2398 5644 tantum
2423 5592 2651 5663 clausis,
2676 5612 2812 5667 quos
2834 5600 2997 5672 impia
3027 5605 3134 5660 vita
3162 5583 3358 5665 notarit
3393 5627 3407 5665 :

2067 5675 2132 5769 βε
2159 5676 2271 5733 loca
2294 5695 2578 5750 plenarum
2611 5691 2852 5745 venturis
2881 5692 3080 5750 dividis
3104 5698 3312 5755 umbris
3330 5743 3344 5769 ,

2063 5766 2195 5864 Quae
2225 5771 2319 5826 tibi
2350 5789 2456 5830 non
2483 5778 2732 5843 credant.
2769 5784 2852 5839 vel
2879 5801 2999 5855 quae
3025 5801 3084 5843 se
3112 5766 3339 5847 credere
3360 5792 3590 5864 fingant.

2138 5860 2335 5921 Sancte
2363 5867 2504 5925 Deus
2527 5912 2541 5939 ,
2566 5874 2871 5949 summique
2900 5877 2994 5936 Dei
3026 5882 3331 5943 venerabile
3359 5860 3551 5962 pignus
3571 5930 3588 5959 ,
