3838 6278
169 307 232 366 49
1111 303 1311 364 CELSI
1351 304 1723 364 ΡΒᾸΞΡΛΤΙΟ
1759 305 1804 364 A

1943 304 2196 364 IGILIUM
2234 303 2448 366 EPISC.
3389 307 3460 364 50

166 420 240 480 Ad
263 417 412 491 cujus
436 431 627 475 nomen
656 417 893 476 violenta
923 427 1100 476 morte
1126 419 1317 492 fugatae
1338 461 1354 486 ,

166 511 470 572 Pectoribus
500 511 732 583 propriis
757 512 1042 584 alienaque
1073 521 1293 583 pectora
1328 520 1536 579 nactte,

169 605 505 670 Exclamant,
540 605 847 676 pallentque
871 607 1068 662 animae
1087 647 1100 672 ,
1123 607 1395 676 iussaeque
1423 605 1682 662 recedunt
1701 644 1718 670 ,

167 695 307 754 Sicut
333 693 496 749 multa
531 695 678 764 prius
705 696 774 752 de
802 705 856 752 te
880 697 1138 753 miracula
1169 698 1432 766 produnt,

164 789 290 846 Cum
319 796 517 843 terram
542 787 850 860 coelumque
879 791 1016 846 inter
1045 805 1306 861 suspensa
1336 802 1622 856 tenentur,

165 879 426 938 Obstricto
459 895 556 950 per
584 890 638 938 te
662 884 786 954 quia
817 883 889 938 nil
923 883 1254 955 permittitur
1283 885 1447 940 hosti.

1779 440 1834 498 A

1930 417 2154 475 Atnunc
2175 431 2228 476 tu
2257 420 2542 477 Dominum
2569 419 2802 482 meritis.
2838 419 3039 492 pietate
3070 430 3344 492 parentem
3365 465 3379 487 ,

1865 511 2100 584 Imperio
2128 514 2335 571 facilem
2359 558 2372 582 ,
2401 515 2615 570 vivendi
2643 518 2762 586 lege
2785 517 3095 587 magistrum
3120 557 3134 580 ,

1865 607 2174 680 Edictisque
2207 624 2386 678 parem
2413 625 2532 680 qua:
2563 609 2643 663 lex
2671 609 2763 662 tibi
2791 610 3005 663 condita
3032 609 3240 665 sancit:

1863 701 2131 759 Victorem
2165 702 2452 774 Ianumque
2483 717 2642 774 pares
2669 703 2796 757 mihi
2825 702 3232 758 Constantinum
3263 722 3276 758 :

1867 794 1979 850 lloc
2002 795 2194 852 melitts
2224 793 2336 850 fetu
2355 838 2370 864 ,
2401 796 2560 850 terris
2587 795 2719 850 nihil
2744 804 2869 850 ante
2888 794 3116 862 dedisti,

1862 887 1974 943 Nec
2003 887 2158 944 dabis
2192 907 2205 942 :
2239 896 2525 958 exteqnent
2545 887 2748 943 utinam
2780 903 2874 943 sua
2903 889 3121 959 pignora
3145 898 3351 958 patrem
3385 890 3401 943 ε

177 1043 3462 1068 mm

1500 1171 2068 1334 CELSI

1063 1411 1131 1467 IN
1173 1408 1761 1468 ALTERCATIONEM
1799 1409 2076 1468 JASO'NIS
2114 1410 2204 1468 ET
2244 1411 2507 1469 PAPISCI

1307 1565 2306 1682 PREPATIO

147 1802 310 1886 DE
351 1797 864 1886 JUDAICA
915 1799 1918 1905 INCREDULITATE,
1951 1804 2109 1886 AD
2158 1799 2724 1886 VIGILIUM
2757 1797 3470 1882 EPISCOPUM.

215 2139 258 2198 l.
288 2137 405 2194 Etsi
461 2136 720 2208 plurimos
779 2137 1061 2209 gentilium
1117 2137 1264 2204 scio,
1315 2135 1472 2208 Vigili
1527 2134 1833 2197 sanctis-B
1865 2149 1959 2205 per
2007 2137 2217 2192 Domini
2265 2153 2452 2196 vocem
2498 2140 2829 2212 increpatam
2892 2141 3268 2212 Hierusalem,
3319 2143 3470 2216 quod

147 2232 304 2297 sime,
338 2229 408 2285 ab
437 2229 630 2286 ordine
656 2239 818 2300 atque
841 2231 1051 2286 ratione
1075 2230 1320 2287 veritatis
1345 2243 1587 2296 aversos,
1619 2243 1752 2298 quo-

146 2329 321 2386 minus
363 2328 650 2383 Dominum
689 2338 948 2392 noscant,
1001 2328 1248 2384 cmcitate
1288 2327 1485 2382 mentis
1525 2339 1749 2392 errare;

149 2431 324 2477 tamen
353 2422 528 2492 magis
555 2419 794 2477 Judaicte
823 2421 995 2491 plebis
1024 2420 1288 2475 insaniam
1328 2419 1452 2474 novi
1492 2417 1754 2473 adversus

147 2529 339 2571 nomen
371 2513 613 2583 Domini,
649 2515 911 2584 pertinaci
949 2516 1111 2570 etiam
1152 2528 1296 2569 nunc
1322 2511 1518 2568 duritia
1549 2510 1751 2578 cordis,

146 2608 378 2680 ingenita
439 2617 494 2664 et
546 2618 762 2678 patrum
828 2609 1110 2679 iniquitate
1171 2615 1453 2679 perstare;
1497 2620 1752 2664 aversan—

147 2711 222 2756 tes
247 2715 437 2756 veram
463 2701 714 2768 salutem,
749 2714 850 2757 nec
881 2699 1216 2770 inquirentes
1245 2699 1372 2755 vita:
1399 2707 1620 2754 aeternae
1651 2697 1752 2752 da-

147 2803 312 2846 torem
343 2809 357 2846 :
393 2801 456 2846 ut
477 2793 566 2863 qui
602 2793 814 2848 delictis
840 2792 1026 2861 stirpis
1056 2792 1292 2862 antiqua:
1333 2799 1464 2846 sunt
1491 2791 1603 2861 pari
1636 2805 1754 2846 me-

148 2883 248 2938 rito
275 2883 537 2956 nequitiae
567 2885 817 2956 genitalis
847 2884 1100 2952 obnoxii,
1132 2885 1324 2938 saltem
1364 2882 1448 2938 vel
1478 2898 1603 2938 sero
1630 2897 1752 2940 cre-

149 2975 334 3033 dentes
381 2979 599 3046 possint
668 2977 923 3034 conversi
991 2977 1058 3032 ad
1106 2976 1316 3032 Domini
1367 2975 1616 3032 timorem
1663 2991 1754 3032 sa-

153 3069 462 3126 tisfactione
483 3071 630 3125 omni
651 3071 990 3142 poenitentiae
1015 3069 1084 3124 ab
1115 3067 1490 3139 iniquitatibus
1517 3069 1755 3124 liberari.

150 3160 251 3216 Sed
299 3171 512 3233 perstat
558 3172 614 3218 et
644 3162 804 3217 durat
841 3161 1040 3226 adhuc,
1062 3171 1117 3218 et
1160 3175 1396 3230 semper,
1439 3169 1608 3232 puto,
1657 3160 1760 3216 du-

151 3253 282 3310 rabit
303 3255 369 3310 ad
395 3269 577 3326 usque
601 3253 908 3326 progeniem
937 3254 1312 3309 succidaneum
1342 3253 1522 3308 innata
1547 3261 1758 3323 patrum

155 3345 455 3420 irreligiosa
510 3347 770 3418 perﬁdia;
820 3361 943 3417 quae
986 3344 1246 3400 adversus
1290 3343 1472 3399 odium
1527 3343 1762 3399 nominis

161 3441 364 3498 Domini
417 3441 822 3498 incredulitatis
888 3439 1094 3494 insania
1157 3438 1452 3505 roborata,
1522 3451 1624 3494 nec
1691 3437 1760 3494 ad

157 3535 552 3606 agnoseendam
586 3534 862 3590 veritatem
909 3541 1086 3603 potest
1131 3531 1376 3602 corrigi,
1428 3545 1531 3586 nec
1577 3531 1643 3586 ad
1689 3531 1752 3586 ti-

163 3641 364 3682 morem
396 3627 490 3682 Dei
523 3627 690 3698 ipsius
713 3625 934 3680 monitis
964 3624 1144 3680 doceri
1170 3633 1332 3695 atque
1361 3624 1595 3679 suaderi.
1618 3621 1752 3680 Cum

163 3729 338 3776 autem
367 3721 561 3779 doceat
596 3720 852 3776 Dominus
893 3729 948 3774 et
977 3719 1260 3784 ostendat,
1313 3719 1498 3774 dicens
1543 3717 1747 3790 (10am,

163 3829 274 3882 vm,
305 3813 393 3885 12)
427 3834 440 3868 :
481 3815 592 3887 Ego
623 3832 732 3870 sum
755 3815 927 3868 lumen
953 3813 1128 3867 sweuli
1151 3830 1168 3868 :
1194 3814 1282 3884 qui
1307 3829 1386 3868 me
1414 3825 1618 3867 secutus
1645 3816 1756 3884 fue-

161 3907 245 3972 rit,
274 3923 373 3962 non
400 3906 680 3963 ambulabit
708 3907 759 3960 in
790 3906 1027 3972 tenebris,
1047 3908 1137 3960 sed
1167 3904 1364 3960 habebit
1394 3905 1564 3958 lumen
1593 3906 1709 3960 uitta
1737 3922 1756 3960 :

161 4013 314 4070 quae,
371 4000 609 4064 malum,
644 3999 780 4055 ratio
831 4008 955 4062 est,
1011 4007 1287 4052 ostensum
1335 3996 1588 4051 divinitus
1637 3997 1760 4051 vitae

163 4091 340 4146 lumen
368 4093 653 4158 omittere,
686 4099 739 4145 et
783 4090 977 4145 mentis
1020 4089 1262 4144 cmcitate
1307 4089 1464 4144 malle
1511 4088 1760 4144 tenebras

164 4185 352 4238 tuortis
381 4183 608 4254 eligere,
635 4192 691 4238 ιιι
721 4181 972 4236 ostendat
995 4181 1360 4236 damnationis
1385 4195 1499 4236 suae
1526 4181 1761 4252 propria:

160 4276 450 4330 voluntatis
481 4275 648 4331 libera
681 4283 735 4330 et
765 4273 954 4328 illicita
989 4273 1324 4340 perditione,
1357 4277 1546 4328 contra
1595 4273 1759 4328 Deum

163 4368 322 4424 etiam
388 4368 477 4425 illa
525 4367 669 4423 nolle
712 4382 832 4438 qua:
871 4365 1136 4438 prosunt?
1181 4364 1485 4422 Secundum
1525 4363 1668 4435 quod
1707 4373 1762 4420 et

1861 2231 2040 2302 colligi
2067 2233 2322 2302 noluerit,
2359 2235 2468 2290 Deo
2514 2235 2660 2290 illam
2693 2236 2910 2292 volente
2926 2237 3209 2308 colligere,
3229 2237 3470 2309 loquitur

1863 2322 2098 2394 Spiritus
2128 2333 2378 2395 sanctus,
2415 2335 2470 2382 et
2493 2327 2790 2384 bonitatem
2823 2329 2916 2386 Dei
2945 2329 3470 2401 manifestatlmcca-

1862 2416 2070 2473 toribus
2086 2417 2374 2475 subvenire
2387 2420 2586 2491 jngiter
2600 2421 2740 2477 velle
2764 2421 2976 2494 (Matth.
2990 2465 3003 2488 ,
3020 2439 3168 2491 xxnt,
3193 2423 3286 2495 37)
3309 2443 3321 2478 :
3341 2423 3469 2478 Hie-

1864 2512 2107 2577 rusalem,
2144 2511 2466 2568 Hierusalem
2491 2531 2606 2584 qua:
2628 2515 2874 2583 inter/icis
2897 2519 3172 2587 prepbetas
3193 2526 3240 2570 et
3262 2517 3470 2586 lepidas

1864 2621 1948 2660 eos
1967 2606 2054 2676 qui
2071 2605 2139 2658 ad
2153 2615 2198 2658 te
2223 2607 2366 2659 missi
2381 2615 2519 2670 sunt,
2539 2607 2742 2676 quoties
2753 2607 2894 2660 uolui
2913 2608 3157 2678 colligere
3177 2607 3313 2677 ﬁlios
3331 2617 3467 2675 tuos,

1861 2699 1991 2752 sicut
2019 2698 2215 2768 gallina
2243 2699 2438 2768 colligit
2465 2699 2600 2766 ﬁlios
2629 2715 2748 2753 suos
2785 2698 2875 2752 sub
2893 2701 3102 2766 amillas,
3131 2709 3178 2754 et
3205 2700 3418 2755 noluisti
3436 2701 3462 2755 ?

1861 2789 2013 2846 Adeo
2068 2790 2162 2845 Dei
2207 2805 2340 2848 voce
2385 2789 2668 2848 manifeste
2725 2791 2913 2860 perfidi
2969 2793 3152 2863 populi
3183 2803 3466 2850 contuma-

1861 2881 1942 2936 cia
1974 2881 2284 2949 denotatur,
2313 2893 2369 2938 ut
2401 2883 2562 2938 etiam
2589 2884 2814 2940 salutem
2843 2885 3115 2956 propriam
3142 2900 3294 2940 suam
3321 2901 3466 2942 sem-

1863 2989 1958 3044 per
1981 2973 2246 3030 adversus
2270 2977 2591 3031 clementem
2613 2976 3039 3032 misericordiam
3073 2978 3284 3032 Domini
3313 2995 3468 3048 spre-

1869 3067 2011 3124 visse
2049 3068 2324 3124 doceatur.
2377 3069 2504 3126 lude
2547 3071 2816 3141 Propheta
2869 3071 3299 3128 benevolentiam
3351 3073 3470 3142 Dei,

1867 3160 2250 3219 exhortatione
2303 3163 2699 3234 prasdicalionis
2743 3165 2980 3220 offerens
3033 3177 3087 3222 et
3143 3167 3468 3234 insinuans,

1871 3254 2170 3324 proclamat
2197 3265 2250 3310 et
2276 3253 2486 3320 suadet,
2531 3253 2717 3311 dicens
2744 3255 3001 3328 (Malae-It.
3033 3273 3110 3320 tu.
3131 3258 3220 3328 7):
3245 3258 3475 3314 Reverti-

1868 3347 1994 3401 mini
2022 3347 2091 3401 ad
2117 3364 2214 3417 me,
2245 3358 2290 3402 et
2317 3366 2409 3420 ego
2449 3361 2672 3405 revertar
2720 3351 2790 3404 ad
2843 3367 2960 3418 vos,
3017 3352 3140 3408 dicit
3195 3352 3470 3410 Dominus.

1789 3465 1834 3527 ρ
1871 3441 2024 3496 Alius
2069 3456 2283 3512 quoque
2315 3442 3018 3501 similitermisericordiam
3074 3447 3282 3502 Domini
3325 3463 3470 3503 sem-

1865 3531 2129 3602 piternam
2149 3547 2367 3588 manere
2381 3532 2784 3602 demonstrans,
2803 3535 3004 3590 addidit
3021 3534 3210 3592 dicens
3226 3537 3466 3609 (Ezeclt.,

1865 3642 2050 3690 χχχιιι,
2079 3627 2162 3696 Η)
2193 3644 2206 3680 :
2241 3625 2380 3682 Nolo
2413 3637 2622 3682 mortem
2651 3629 2934 3695 morientis,
2955 3639 3200 3698 quantum
3222 3641 3278 3684 ut
3308 3645 3475 3686 rever-

1861 3730 2000 3775 tatur
2026 3730 2073 3775 et
2096 3721 2246 3784 vivat,
2275 3722 2399 3776 dicit
2429 3723 2702 3778 Dominus.

1935 3809 1996 3866 ll.
2029 3811 2164 3879 Quid
2194 3821 2278 3868 est
2325 3827 2452 3884 ergo
2502 3814 2698 3868 reverti
2747 3812 2813 3868 ad
2868 3812 3173 3874 Dominum,
3224 3828 3383 3883 quam
3414 3813 3472 3870 in

1865 3901 2139 3960 Christum
2167 3904 2462 3970 credendo,
2494 3919 2592 3975 per
2624 3919 2745 3958 cum
2785 3903 2874 3976 qui
2903 3915 2986 3958 est
3011 3904 3092 3958 via
3121 3904 3371 3959 veniendi
3403 3905 3472 3960 ad

1869 4007 2094 4069 patrem,
2137 3999 2244 4054 Dco
2283 3999 2692 4054 reconciliatum
2737 4011 2896 4067 posse
2927 3998 3160 4052 salvari?
3190 3997 3473 4064 Quomodo

1867 4099 2045 4146 autem
2079 4091 2272 4145 reverti
2305 4089 2370 4144 ad
2405 4091 2570 4144 Deum
2598 4099 2845 4160 possunt,
2869 4089 2960 4158 qui
2988 4088 3036 4143 el
3071 4105 3164 4158 per
3197 4104 3355 4160 quem
3379 4099 3464 4146 est

1866 4183 2066 4252 agnitio
2095 4191 2151 4238 et
2175 4181 2413 4238 reversio
2441 4180 2509 4235 ad
2542 4181 2730 4247 Deum,
2762 4181 3088 4235 voluntatem
3135 4181 3227 4234 Dei
3273 4179 3474 4251 praedi-

1867 4274 2010 4330 Canti
2036 4275 2261 4330 credere
2299 4275 2630 4330 noluerunt?
2661 4273 2768 4328 Aut
2793 4271 3066 4343 quomodo
3094 4272 3262 4328 Deum
3310 4273 3474 4328 satis-

1871 4364 2102 4422 factione
2155 4367 2331 4438 aliqua
2378 4367 2591 4438 placare
2641 4365 2934 4438 potuerint,
2982 4365 3074 4436 qui
3121 4379 3244 4420 eum
3273 4363 3474 4436 quiest

1563 4480 2118 4539 ANNOTATIONES.

237 4603 350 4660 Etsi
399 4603 673 4675 plurimos.
721 4603 883 4675 Ante,
911 4599 1028 4656 lucc
1057 4599 1222 4675 verba
1290 4596 1485 4675 legitur
1519 4599 1588 4675 _in
1643 4597 1765 4653 cod.
1797 4601 1851 4663 D
1875 4607 1923 4652 et
1949 4597 2181 4675 tenebras
2205 4598 2384 4675 mortis
2412 4597 2618 4675 eligere,
2647 4604 2752 4675 etc.

168 4670 480 4732 Colberti'no
509 4675 652 4746 ιιρὃ
685 4692 698 4728 :
729 4672 1025 4746 Cyprianus
1062 4670 1247 4742 Vigilio
1263 4670 1424 4746 fratri
1449 4670 1688 4746 salutem.

237 4747 454 4804 Tamen.
529 4744 674 4800 Tunc
737 4740 816 4799 ἰιῖ
861 4740 1136 4798 omnibus
1177 4740 1336 4798 codd.
1409 4756 1541 4798 mss.
1601 4740 1768 4796 Paulo

171 4829 290 4874 ante
321 4821 450 4874 editi
479 4818 680 4872 habent
699 4816 956 4870 adversos.

244 4892 552 4944 Arersnntes
600 4889 690 4942 Sic
720 4903 907 4942 omnes
937 4885 1152 4941 codices
1187 4899 1318 4938 mss.
1358 4893 1413 4938 et
1453 4883 1612 4943 nanlo
1651 4891 1771 4949 post

173 4961 485 5029 inquirente:
509 4977 525 5014 :
555 4959 685 5014 editi
717 4959 998 5014 aversantis
1025 4967 1080 5012 et
1095 4957 1414 5026 inquirentis.
1447 4955 1614 5008 Paulo
1643 4961 1773 5029 ante

175 5024 610 5098 conjttnctionetn
683 5042 729 5084 et
793 5029 974 5084 addidi
1049 5024 1173 5082 ante
1227 5036 1433 5098 patrum
1506 5041 1574 5082 ex
1646 5024 1770 5080 cod.

179 5103 517 5172 Rctuigiano.

249 5168 884 5242 Satisfactione.Remig.,
927 5171 1240 5226 Omnimoda
1296 5168 1649 5240 satisfactione
1675 5183 1780 5239 poe-

176 5247 420 5300 nitentia.

254 5315 424 5385 Puto,
486 5315 710 5371 durabit.
771 5313 880 5370 Has
933 5328 1094 5371 voces
1149 5313 1456 5370 addidimus
1527 5325 1595 5368 ex
1656 5309 1782 5367 cod.

181 5385 330 5442 lietn.

254 5457 487 5513 Insania.
520 5459 611 5515 Sic
645 5458 752 5514 duo
791 5458 1007 5514 codices
1050 5471 1162 5512 mss
1191 5455 1349 5522 ;editi
1371 5497 1384 5519 ,
1411 5455 1648 5527 infamia.
1689 5453 1776 5509 Sic

177 5529 336 5654 ﬁliam
357 5530 846 5654 (elidagnosrendam
865 5532 918 5584 in
935 5529 1146 5584 duobus
1171 5527 1450 5583 codicibus
1477 5541 1632 5592 mss.;
1661 5540 1778 5580 nos-

217 5617 299 5654 am
325 5616 353 5654 c
398 5611 484 5654 ιιι.

217 5617 299 5654 am
325 5601 484 5658 editi.

257 5674 404 5736 ρυω,
446 5672 657 5736 malum,
699 5673 830 5726 ratio
863 5681 953 5726 est.
980 5670 1154 5728 Aliter
1197 5671 1249 5724 in
1299 5669 1508 5724 duobus
1547 5667 1782 5739 antiquis

187 5743 463 5816 codicibus
497 5760 510 5796 :
546 5742 669 5797 Haec
697 5743 769 5816 (id
798 5751 899 5808 est,
933 5742 1142 5812 Judaea)
1177 5740 1356 5816 maluit
1388 5741 1584 5816 ratione
1610 5750 1782 5816 osten-

191 5831 298 5868 sum
328 5815 579 5867 diuinitus
600 5812 762 5867 lumen
793 5817 1040 5881 omittere,
1067 5822 1112 5865 cl
1133 5813 1314 5866 mentis
1345 5812 1616 5866 raritatem
1648 5812 1784 5864 ttlerc

1950 4667 2134 4724 Libera
2165 4679 2213 4724 et
2248 4670 2432 4724 illicita
2475 4662 2778 4738 perditione.
2835 4663 2925 4721 Sic
2967 4669 3196 4735 quatuor
3258 4662 3479 4722 codices

1883 4755 2040 4804 mss.;
2068 4741 2221 4807 editi,
2250 4739 2482 4806 liberam,
2511 4748 2616 4794 etc.

1951 4811 2078 4877 Qua:
2114 4821 2343 4879 prosunt.
2377 4811 2546 4864 Aliter
2577 4822 2714 4862 unus
2759 4806 2880 4862 cod.
2933 4820 3060 4868 ms.,
3096 4821 3212 4878 qua:
3235 4815 3477 4879 possunt.

1952 4883 2060 4938 Deo
2087 4877 2251 4937 illaut.
2272 4882 2362 4938 Sic
2381 4889 2611 4951 quatuor
2639 4879 2854 4935 codices
2880 4893 3035 4941 mss.;
3051 4879 3205 4942 editi,
3227 4877 3473 4951 Domino.

1956 4954 2246 5026 Manifeste.
2299 4950 2592 5006 Siccodd.
2645 4960 2754 5006 tres
2808 4951 3049 5005 melioris
3091 4959 3232 5004 notae
3277 4950 3476 5017 ;editi,

1882 5026 2172 5096 manifesta.

1959 5091 2090 5150 Inde
2125 5095 2407 5166 Pi-Opheta.
2468 5091 2888 5166 Emendavimus
2942 5092 3262 5166 auctoritate
3317 5092 3477 5166 trium

1885 5167 2048 5224 codd.
2077 5181 2206 5221 mss.
2233 5162 2382 5236 quod
2417 5164 2848 5236 mendoseantea
2869 5163 3186 5236 legebatur”;
3215 5162 3482 5234 PrOplteta

1887 5243 2007 5294 item
2032 5240 2163 5293 alius
2184 5233 2577 5292 benevolentiam
2599 5233 2696 5288 Dei
2723 5233 3075 5289 exhortatione
3094 5233 3335 5300 oﬁerens,
3353 5248 3485 5304 pra:-

1890 5311 2143 5366 dicatione
2161 5310 2448 5364 insinuans.

1965 5384 2114 5436 Alius
2141 5397 2359 5452 quoque.
2413 5381 2675 5452 Sicgtrt-s‘
2701 5373 2918 5430 codices
2959 5389 3114 5452 mss.;
3157 5372 3309 5437 editi,
3349 5373 3480 5452 alias

1882 5469 2079 5524 quoque
2101 5443 2336 5506 similiter
2359 5446 2761 5507 misericordiam
2786 5463 2930 5500 suum
2958 5443 3127 5498 Deus:
3154 5459 3289 5497 unus
3310 5443 3480 5497 codex

1887 5539 2014 5586 ms.,
2043 5540 2130 5592 per
2148 5525 2328 5579 alium.
2398 5591 2401 5592 ν
2816 5588 2826 5592 _
2855 5588 2882 5592 η
2909 5587 2941 5592 η
3174 5583 3188 5592 ,
3267 5581 3301 5592 η
3406 5582 3416 5592 .

1955 5581 2356 5649 Αιιήοηιὶηιιηι.
2393 5591 2498 5647 llas
2553 5607 2710 5647 voces
2764 5587 2942 5642 addidi
2973 5601 3038 5641 ex
3089 5583 3211 5638 cod.
3267 5581 3480 5651 Rcmig.

1889 5676 1944 5723 et
1969 5666 2128 5736 paulo
2161 5675 2281 5733 post
2309 5665 2486 5734 aliqua
2512 5675 2636 5717 ante
2661 5661 2878 5736 placare.

2015 5727 2252 5790 aluerint.
2317 5727 2406 5792 Sid
2462 5737 2630 5788 codex
2661 5727 2913 5798 'Iictnig;
2965 5727 3114 5786 cdili,
3162 5731 3486 5793 potuerunt;

1892 5824 2030 5864 unus
2055 5808 2180 5861 cod.
2211 5821 2337 5868 ms.,
2369 5813 2620 5876 poterunt.
3191 5800 3198 5806 '
