  <div class='ocr_page' id='page_1' title='image "/cluster/home/n/w/nwhite01/storage/ocr_20150623/6/uva.x000669814/035.png"; bbox 0 0 3838 6278; ppageno 0'>
   <div class='ocr_carea' id='block_1_1' title="bbox 352 298 1926 387">
    <p class='ocr_par' dir='ltr' id='par_1_1' title="bbox 352 321 1896 387">
     <span class='ocr_line' id='line_1_1' title="bbox 352 321 1896 387; baseline -0.003 -4"><span class='ocrx_word' id='word_1_1' title='bbox 352 330 415 387; x_wconf 78' lang='grc'><strong>51</strong></span> <span class='ocrx_word' id='word_1_2' title='bbox 1305 323 1502 381; x_wconf 81' lang='lat' dir='ltr'><strong>CELSI</strong></span> <span class='ocrx_word' id='word_1_3' title='bbox 1540 321 1766 380; x_wconf 68' lang='lat' dir='ltr'><strong>PREF.</strong></span> <span class='ocrx_word' id='word_1_4' title='bbox 1809 321 1896 379; x_wconf 84' lang='lat' dir='ltr'><strong>DE</strong></span> 
     </span>
    </p>
   </div>
   <div class='ocr_carea' id='block_1_2' title="bbox 2095 298 3651 387">
    <p class='ocr_par' dir='ltr' id='par_1_2' title="bbox 2121 298 3651 385">
     <span class='ocr_line' id='line_1_2' title="bbox 2121 298 3651 385; baseline 0.005 -7"><span class='ocrx_word' id='word_1_5' title='bbox 2121 298 2696 383; x_wconf 81' lang='lat' dir='ltr'><strong>lNCREDULITATE.</strong></span> <span class='ocrx_word' id='word_1_6' title='bbox 3578 330 3651 385; x_wconf 64' lang='grc' dir='ltr'>δε</span> 
     </span>
    </p>
   </div>
   <div class='ocr_carea' id='block_1_3' title="bbox 352 438 3652 536">
    <p class='ocr_par' dir='ltr' id='par_1_3' title="bbox 352 438 3652 536">
     <span class='ocr_line' id='line_1_3' title="bbox 352 438 3652 536; baseline -0.003 -15"><span class='ocrx_word' id='word_1_7' title='bbox 352 463 650 521; x_wconf 71' lang='lat' dir='ltr'><strong>satisfactio</strong></span> <span class='ocrx_word' id='word_1_8' title='bbox 664 472 718 520; x_wconf 93' lang='lat' dir='ltr'><strong>et</strong></span> <span class='ocrx_word' id='word_1_9' title='bbox 734 463 963 536; x_wconf 79' lang='lat' dir='ltr'><strong>piscatio</strong></span> <span class='ocrx_word' id='word_1_10' title='bbox 985 477 1082 533; x_wconf 88' lang='lat' dir='ltr'><strong>pro</strong></span> <span class='ocrx_word' id='word_1_11' title='bbox 1106 460 1262 517; x_wconf 91' lang='lat' dir='ltr'><strong>nobis</strong></span> <span class='ocrx_word' id='word_1_12' title='bbox 1283 459 1423 531; x_wconf 91' lang='lat' dir='ltr'><strong>apud</strong></span> <span class='ocrx_word' id='word_1_13' title='bbox 1443 459 1682 526; x_wconf 88' lang='lat' dir='ltr'><strong>Patrem,</strong></span> <span class='ocrx_word' id='word_1_14' title='bbox 1699 457 1959 529; x_wconf 82' lang='lat' dir='ltr'><strong>sacrilega</strong></span> <span class='ocrx_word' id='word_1_15' title='bbox 1987 439 2041 503; x_wconf 75' lang='grc' dir='ltr'><strong>Α</strong></span> <span class='ocrx_word' id='word_1_16' title='bbox 2064 438 2219 505; x_wconf 55' lang='lat' dir='ltr'><strong>&quot;mle,</strong></span> <span class='ocrx_word' id='word_1_17' title='bbox 2251 440 2530 536; x_wconf 56' lang='lat' dir='ltr'><strong>“fundf‘m</strong></span> <span class='ocrx_word' id='word_1_18' title='bbox 2557 439 2762 536; x_wconf 55' lang='grc' dir='ltr'><strong>ξἐνθωη</strong></span> <span class='ocrx_word' id='word_1_19' title='bbox 2791 450 2933 496; x_wconf 73' lang='lat' dir='ltr'><strong>&quot;mm</strong></span> <span class='ocrx_word' id='word_1_20' title='bbox 2950 442 3017 536; x_wconf 48' lang='lat' dir='ltr'><strong>in</strong></span> <span class='ocrx_word' id='word_1_21' title='bbox 3046 459 3171 514; x_wconf 74' lang='grc' dir='ltr'><em>Ρατε</em></span> <span class='ocrx_word' id='word_1_22' title='bbox 3198 459 3217 498; x_wconf 74' lang='grc' dir='ltr'><strong>ι’</strong></span> <span class='ocrx_word' id='word_1_23' title='bbox 3245 444 3489 515; x_wconf 58' lang='lat' dir='ltr'><strong>quoniam</strong></span> <span class='ocrx_word' id='word_1_24' title='bbox 3513 444 3652 499; x_wconf 73' lang='grc' dir='ltr'><strong>υῖάε·</strong></span> 
     </span>
    </p>
   </div>
   <div class='ocr_carea' id='block_1_4' title="bbox 350 540 1951 629">
    <p class='ocr_par' dir='ltr' id='par_1_4' title="bbox 350 540 1951 629">
     <span class='ocr_line' id='line_1_4' title="bbox 350 540 1951 629; baseline -0.004 -18"><span class='ocrx_word' id='word_1_25' title='bbox 350 556 759 629; x_wconf 87' lang='lat' dir='ltr'><strong>impugnatione</strong></span> <span class='ocrx_word' id='word_1_26' title='bbox 792 553 1034 625; x_wconf 84' lang='lat' dir='ltr'><strong>persequi</strong></span> <span class='ocrx_word' id='word_1_27' title='bbox 1070 552 1411 607; x_wconf 77' lang='lat' dir='ltr'><strong>maluerunt?</strong></span> <span class='ocrx_word' id='word_1_28' title='bbox 1442 551 1496 607; x_wconf 90' lang='lat' dir='ltr'><strong>Si</strong></span> <span class='ocrx_word' id='word_1_29' title='bbox 1525 540 1667 605; x_wconf 85' lang='lat' dir='ltr'><strong>enim</strong></span> <span class='ocrx_word' id='word_1_30' title='bbox 1702 549 1745 622; x_wconf 87' lang='grc'>(1</span> <span class='ocrx_word' id='word_1_31' title='bbox 1765 549 1951 622; x_wconf 87' lang='lat' dir='ltr'><strong>.laan.,</strong></span> 
     </span>
    </p>
   </div>
   <div class='ocr_carea' id='block_1_5' title="bbox 351 642 1950 722">
    <p class='ocr_par' dir='ltr' id='par_1_5' title="bbox 351 642 1950 722">
     <span class='ocr_line' id='line_1_5' title="bbox 351 642 1950 722; baseline -0.004 -17"><span class='ocrx_word' id='word_1_32' title='bbox 351 649 476 722; x_wconf 76' lang='lat'><strong>11,1)</strong></span> <span class='ocrx_word' id='word_1_33' title='bbox 508 668 521 704; x_wconf 92' lang='lat'>:</span> <span class='ocrx_word' id='word_1_34' title='bbox 564 650 875 703; x_wconf 77' lang='lat' dir='ltr'><strong>Advocatum</strong></span> <span class='ocrx_word' id='word_1_35' title='bbox 902 642 1161 700; x_wconf 77' lang='lat' dir='ltr'><strong>Christum</strong></span> <span class='ocrx_word' id='word_1_36' title='bbox 1184 644 1427 699; x_wconf 81' lang='lat' dir='ltr'><strong>habemus</strong></span> <span class='ocrx_word' id='word_1_37' title='bbox 1469 643 1612 715; x_wconf 86' lang='lat' dir='ltr'><strong>apud</strong></span> <span class='ocrx_word' id='word_1_38' title='bbox 1642 642 1810 699; x_wconf 88' lang='lat' dir='ltr'><strong>Deum</strong></span> <span class='ocrx_word' id='word_1_39' title='bbox 1838 643 1950 699; x_wconf 89' lang='lat' dir='ltr'><strong>Pa-</strong></span> 
     </span>
    </p>
   </div>
   <div class='ocr_carea' id='block_1_6' title="bbox 355 739 1953 811">
    <p class='ocr_par' dir='ltr' id='par_1_6' title="bbox 355 739 1953 811">
     <span class='ocr_line' id='line_1_6' title="bbox 355 739 1953 811; baseline -0.002 -14"><span class='ocrx_word' id='word_1_40' title='bbox 355 753 503 810; x_wconf 87' lang='lat' dir='ltr'><strong>trem,</strong></span> <span class='ocrx_word' id='word_1_41' title='bbox 531 756 747 799; x_wconf 88' lang='lat' dir='ltr'><strong>servare</strong></span> <span class='ocrx_word' id='word_1_42' title='bbox 796 756 858 797; x_wconf 89' lang='lat' dir='ltr'><strong>ea</strong></span> <span class='ocrx_word' id='word_1_43' title='bbox 904 755 1024 811; x_wconf 63' lang='lat' dir='ltr'><strong>qua:</strong></span> <span class='ocrx_word' id='word_1_44' title='bbox 1052 754 1150 794; x_wconf 85' lang='lat' dir='ltr'><strong>nos</strong></span> <span class='ocrx_word' id='word_1_45' title='bbox 1180 739 1366 795; x_wconf 91' lang='lat' dir='ltr'><strong>docuit</strong></span> <span class='ocrx_word' id='word_1_46' title='bbox 1384 748 1437 794; x_wconf 92' lang='lat' dir='ltr'><strong>et</strong></span> <span class='ocrx_word' id='word_1_47' title='bbox 1465 739 1699 807; x_wconf 92' lang='lat' dir='ltr'><strong>monuit,</strong></span> <span class='ocrx_word' id='word_1_48' title='bbox 1722 754 1953 810; x_wconf 65' lang='lat' dir='ltr'><strong>quaeque</strong></span> 
     </span>
    </p>
   </div>
   <div class='ocr_carea' id='block_1_7' title="bbox 354 833 1951 907">
    <p class='ocr_par' dir='ltr' id='par_1_7' title="bbox 354 833 1951 907">
     <span class='ocr_line' id='line_1_7' title="bbox 354 833 1951 907; baseline -0.001 -16"><span class='ocrx_word' id='word_1_49' title='bbox 354 836 496 907; x_wconf 88' lang='lat' dir='ltr'><strong>apud</strong></span> <span class='ocrx_word' id='word_1_50' title='bbox 526 836 738 891; x_wconf 89' lang='lat' dir='ltr'><strong>Patrem</strong></span> <span class='ocrx_word' id='word_1_51' title='bbox 792 835 1069 890; x_wconf 90' lang='lat' dir='ltr'><strong>locuturus</strong></span> <span class='ocrx_word' id='word_1_52' title='bbox 1126 842 1231 901; x_wconf 91' lang='lat' dir='ltr'><strong>est,</strong></span> <span class='ocrx_word' id='word_1_53' title='bbox 1263 833 1499 889; x_wconf 91' lang='lat' dir='ltr'><strong>sollicito</strong></span> <span class='ocrx_word' id='word_1_54' title='bbox 1538 836 1735 889; x_wconf 79' lang='lat' dir='ltr'><strong>timore</strong></span> <span class='ocrx_word' id='word_1_55' title='bbox 1772 834 1951 889; x_wconf 86' lang='lat' dir='ltr'><strong>facere</strong></span> 
     </span>
    </p>
   </div>
   <div class='ocr_carea' id='block_1_8' title="bbox 352 928 1950 1002">
    <p class='ocr_par' dir='ltr' id='par_1_8' title="bbox 352 928 1950 1002">
     <span class='ocr_line' id='line_1_8' title="bbox 352 928 1950 1002; baseline -0.003 -16"><span class='ocrx_word' id='word_1_56' title='bbox 352 931 633 988; x_wconf 89' lang='lat' dir='ltr'><strong>debemus.</strong></span> <span class='ocrx_word' id='word_1_57' title='bbox 681 929 847 1002; x_wconf 78' lang='lat' dir='ltr'><strong>Igitur</strong></span> <span class='ocrx_word' id='word_1_58' title='bbox 894 945 992 984; x_wconf 92' lang='lat' dir='ltr'><strong>nos</strong></span> <span class='ocrx_word' id='word_1_59' title='bbox 1036 928 1126 999; x_wconf 88' lang='lat' dir='ltr'><strong>qui</strong></span> <span class='ocrx_word' id='word_1_60' title='bbox 1160 937 1340 984; x_wconf 88' lang='lat' dir='ltr'><strong>mente</strong></span> <span class='ocrx_word' id='word_1_61' title='bbox 1380 929 1434 983; x_wconf 90' lang='lat' dir='ltr'><strong>in</strong></span> <span class='ocrx_word' id='word_1_62' title='bbox 1486 929 1698 983; x_wconf 87' lang='lat' dir='ltr'><strong>Domini</strong></span> <span class='ocrx_word' id='word_1_63' title='bbox 1747 938 1950 983; x_wconf 92' lang='lat' dir='ltr'><strong>metum</strong></span> 
     </span>
    </p>
   </div>
   <div class='ocr_carea' id='block_1_9' title="bbox 353 1019 1954 1093">
    <p class='ocr_par' dir='ltr' id='par_1_9' title="bbox 353 1019 1954 1093">
     <span class='ocr_line' id='line_1_9' title="bbox 353 1019 1954 1093; baseline -0.002 -15"><span class='ocrx_word' id='word_1_64' title='bbox 353 1036 547 1093; x_wconf 89' lang='lat' dir='ltr'><strong>prona,</strong></span> <span class='ocrx_word' id='word_1_65' title='bbox 580 1021 954 1077; x_wconf 84' lang='lat' dir='ltr'><strong>mandatorum</strong></span> <span class='ocrx_word' id='word_1_66' title='bbox 975 1019 1093 1090; x_wconf 89' lang='lat' dir='ltr'><strong>ejus</strong></span> <span class='ocrx_word' id='word_1_67' title='bbox 1122 1020 1343 1074; x_wconf 90' lang='lat' dir='ltr'><strong>monitis</strong></span> <span class='ocrx_word' id='word_1_68' title='bbox 1371 1019 1701 1088; x_wconf 84' lang='lat' dir='ltr'><strong>insistimus,</strong></span> <span class='ocrx_word' id='word_1_69' title='bbox 1730 1029 1783 1075; x_wconf 90' lang='lat' dir='ltr'><strong>et</strong></span> <span class='ocrx_word' id='word_1_70' title='bbox 1824 1020 1954 1075; x_wconf 80' lang='lat' dir='ltr'><strong>reli-</strong></span> 
     </span>
    </p>
   </div>
   <div class='ocr_carea' id='block_1_10' title="bbox 354 1111 1951 1187">
    <p class='ocr_par' dir='ltr' id='par_1_10' title="bbox 354 1111 1951 1187">
     <span class='ocr_line' id='line_1_10' title="bbox 354 1111 1951 1187; baseline -0.001 -18"><span class='ocrx_word' id='word_1_71' title='bbox 354 1115 493 1187; x_wconf 87' lang='lat' dir='ltr'><strong>giosi</strong></span> <span class='ocrx_word' id='word_1_72' title='bbox 544 1130 607 1171; x_wconf 90' lang='lat' dir='ltr'><strong>ac</strong></span> <span class='ocrx_word' id='word_1_73' title='bbox 662 1112 987 1170; x_wconf 73' lang='lat' dir='ltr'><strong>venerabilis</strong></span> <span class='ocrx_word' id='word_1_74' title='bbox 1035 1112 1217 1167; x_wconf 89' lang='lat' dir='ltr'><strong>cordis</strong></span> <span class='ocrx_word' id='word_1_75' title='bbox 1272 1113 1429 1168; x_wconf 85' lang='lat' dir='ltr'><strong>tidem</strong></span> <span class='ocrx_word' id='word_1_76' title='bbox 1480 1122 1534 1167; x_wconf 91' lang='lat' dir='ltr'><strong>et</strong></span> <span class='ocrx_word' id='word_1_77' title='bbox 1578 1111 1951 1168; x_wconf 88' lang='lat' dir='ltr'><strong>credulitatem</strong></span> 
     </span>
    </p>
   </div>
   <div class='ocr_carea' id='block_1_11' title="bbox 353 1204 1949 1278">
    <p class='ocr_par' dir='ltr' id='par_1_11' title="bbox 353 1204 1949 1278">
     <span class='ocr_line' id='line_1_11' title="bbox 353 1204 1949 1278; baseline -0.002 -16"><span class='ocrx_word' id='word_1_78' title='bbox 353 1208 422 1263; x_wconf 92' lang='lat' dir='ltr'><strong>de</strong></span> <span class='ocrx_word' id='word_1_79' title='bbox 446 1207 563 1278; x_wconf 85' lang='lat' dir='ltr'><strong>ejus</strong></span> <span class='ocrx_word' id='word_1_80' title='bbox 592 1206 783 1261; x_wconf 90' lang='lat' dir='ltr'><strong>timore</strong></span> <span class='ocrx_word' id='word_1_81' title='bbox 824 1205 1208 1275; x_wconf 89' lang='lat' dir='ltr'><strong>concepimus;</strong></span> <span class='ocrx_word' id='word_1_82' title='bbox 1256 1204 1384 1275; x_wconf 91' lang='lat' dir='ltr'><strong>quid</strong></span> <span class='ocrx_word' id='word_1_83' title='bbox 1415 1205 1559 1259; x_wconf 90' lang='lat' dir='ltr'><strong>aliud</strong></span> <span class='ocrx_word' id='word_1_84' title='bbox 1602 1206 1791 1273; x_wconf 92' lang='lat' dir='ltr'><strong>sequi,</strong></span> <span class='ocrx_word' id='word_1_85' title='bbox 1824 1204 1949 1276; x_wconf 71' lang='lat' dir='ltr'><strong>quid</strong></span> 
     </span>
    </p>
   </div>
   <div class='ocr_carea' id='block_1_12' title="bbox 350 1297 1950 1370">
    <p class='ocr_par' dir='ltr' id='par_1_12' title="bbox 350 1297 1950 1370">
     <span class='ocr_line' id='line_1_12' title="bbox 350 1297 1950 1370; baseline -0.003 -14"><span class='ocrx_word' id='word_1_86' title='bbox 350 1315 567 1370; x_wconf 90' lang='lat' dir='ltr'><strong>cupere,</strong></span> <span class='ocrx_word' id='word_1_87' title='bbox 600 1298 726 1370; x_wconf 90' lang='lat' dir='ltr'><strong>quid</strong></span> <span class='ocrx_word' id='word_1_88' title='bbox 764 1300 933 1370; x_wconf 90' lang='lat' dir='ltr'><strong>magis</strong></span> <span class='ocrx_word' id='word_1_89' title='bbox 963 1298 1101 1353; x_wconf 90' lang='lat' dir='ltr'><strong>velle</strong></span> <span class='ocrx_word' id='word_1_90' title='bbox 1148 1313 1209 1352; x_wconf 92' lang='lat' dir='ltr'><strong>ac</strong></span> <span class='ocrx_word' id='word_1_91' title='bbox 1240 1306 1428 1353; x_wconf 91' lang='lat' dir='ltr'><strong>tenere</strong></span> <span class='ocrx_word' id='word_1_92' title='bbox 1455 1297 1717 1352; x_wconf 84' lang='lat' dir='ltr'><strong>debemus</strong></span> <span class='ocrx_word' id='word_1_93' title='bbox 1743 1339 1755 1359; x_wconf 86' lang='lat'><strong>,</strong></span> <span class='ocrx_word' id='word_1_94' title='bbox 1789 1312 1950 1367; x_wconf 90' lang='lat' dir='ltr'><strong>quam</strong></span> 
     </span>
    </p>
   </div>
   <div class='ocr_carea' id='block_1_13' title="bbox 349 1388 1955 1459">
    <p class='ocr_par' dir='ltr' id='par_1_13' title="bbox 349 1388 1955 1459">
     <span class='ocr_line' id='line_1_13' title="bbox 349 1388 1955 1459; baseline 0 -14"><span class='ocrx_word' id='word_1_95' title='bbox 349 1402 408 1448; x_wconf 90' lang='lat' dir='ltr'><strong>ut</strong></span> <span class='ocrx_word' id='word_1_96' title='bbox 447 1392 595 1447; x_wconf 89' lang='lat' dir='ltr'><strong>omni</strong></span> <span class='ocrx_word' id='word_1_97' title='bbox 638 1408 667 1445; x_wconf 90' lang='lat' dir='ltr'><strong>a</strong></span> <span class='ocrx_word' id='word_1_98' title='bbox 709 1390 864 1446; x_wconf 87' lang='lat' dir='ltr'><strong>nobis</strong></span> <span class='ocrx_word' id='word_1_99' title='bbox 894 1390 1090 1445; x_wconf 90' lang='lat' dir='ltr'><strong>mentis</strong></span> <span class='ocrx_word' id='word_1_100' title='bbox 1118 1389 1352 1459; x_wconf 63' lang='lat' dir='ltr'><strong>antiquae</strong></span> <span class='ocrx_word' id='word_1_101' title='bbox 1384 1399 1541 1444; x_wconf 89' lang='lat' dir='ltr'><strong>nocte</strong></span> <span class='ocrx_word' id='word_1_102' title='bbox 1583 1388 1861 1454; x_wconf 83' lang='lat' dir='ltr'><strong>discussa,</strong></span> <span class='ocrx_word' id='word_1_103' title='bbox 1896 1398 1955 1445; x_wconf 86' lang='lat' dir='ltr'><strong>et</strong></span> 
     </span>
    </p>
   </div>
   <div class='ocr_carea' id='block_1_14' title="bbox 350 1482 1950 1555">
    <p class='ocr_par' dir='ltr' id='par_1_14' title="bbox 350 1482 1950 1555">
     <span class='ocr_line' id='line_1_14' title="bbox 350 1482 1950 1555; baseline -0.002 -15"><span class='ocrx_word' id='word_1_104' title='bbox 350 1485 581 1555; x_wconf 84' lang='lat' dir='ltr'><strong>caligine</strong></span> <span class='ocrx_word' id='word_1_105' title='bbox 625 1484 751 1539; x_wconf 75' lang='lat' dir='ltr'><strong>vitm</strong></span> <span class='ocrx_word' id='word_1_106' title='bbox 793 1483 989 1555; x_wconf 89' lang='lat' dir='ltr'><strong>prioris</strong></span> <span class='ocrx_word' id='word_1_107' title='bbox 1019 1482 1284 1549; x_wconf 89' lang='lat' dir='ltr'><strong>abstersa,</strong></span> <span class='ocrx_word' id='word_1_108' title='bbox 1324 1483 1698 1539; x_wconf 88' lang='lat' dir='ltr'><strong>mandatorum</strong></span> <span class='ocrx_word' id='word_1_109' title='bbox 1728 1483 1950 1549; x_wconf 80' lang='lat' dir='ltr'><strong>Domini</strong></span> 
     </span>
    </p>
   </div>
   <div class='ocr_carea' id='block_1_15' title="bbox 347 1576 1953 1646">
    <p class='ocr_par' dir='ltr' id='par_1_15' title="bbox 347 1576 1953 1646">
     <span class='ocr_line' id='line_1_15' title="bbox 347 1576 1953 1646; baseline -0.002 -14"><span class='ocrx_word' id='word_1_110' title='bbox 347 1577 664 1632; x_wconf 83' lang='lat' dir='ltr'><strong>salutarium</strong></span> <span class='ocrx_word' id='word_1_111' title='bbox 689 1590 958 1631; x_wconf 87' lang='lat' dir='ltr'><strong>memores</strong></span> <span class='ocrx_word' id='word_1_112' title='bbox 974 1590 1038 1631; x_wconf 91' lang='lat' dir='ltr'><strong>ac</strong></span> <span class='ocrx_word' id='word_1_113' title='bbox 1055 1576 1178 1630; x_wconf 81' lang='lat' dir='ltr'><strong>vitae</strong></span> <span class='ocrx_word' id='word_1_114' title='bbox 1197 1583 1413 1631; x_wconf 66' lang='lat' dir='ltr'><strong>aeterna:</strong></span> <span class='ocrx_word' id='word_1_115' title='bbox 1433 1576 1693 1646; x_wconf 75' lang='lat' dir='ltr'><strong>promissa</strong></span> <span class='ocrx_word' id='word_1_116' title='bbox 1718 1576 1953 1631; x_wconf 76' lang='lat' dir='ltr'><strong>retinen-</strong></span> 
     </span>
    </p>
   </div>
   <div class='ocr_carea' id='block_1_16' title="bbox 350 1668 1951 1739">
    <p class='ocr_par' dir='ltr' id='par_1_16' title="bbox 350 1668 1951 1739">
     <span class='ocr_line' id='line_1_16' title="bbox 350 1668 1951 1739; baseline -0.001 -14"><span class='ocrx_word' id='word_1_117' title='bbox 350 1679 453 1737; x_wconf 88' lang='lat' dir='ltr'><strong>tes,</strong></span> <span class='ocrx_word' id='word_1_118' title='bbox 476 1670 543 1725; x_wconf 88' lang='lat' dir='ltr'><strong>ad</strong></span> <span class='ocrx_word' id='word_1_119' title='bbox 569 1670 687 1739; x_wconf 87' lang='lat' dir='ltr'><strong>ejus</strong></span> <span class='ocrx_word' id='word_1_120' title='bbox 732 1669 935 1723; x_wconf 89' lang='lat' dir='ltr'><strong>monita</strong></span> <span class='ocrx_word' id='word_1_121' title='bbox 975 1677 1312 1723; x_wconf 87' lang='lat' dir='ltr'><strong>revertamur</strong></span> <span class='ocrx_word' id='word_1_122' title='bbox 1336 1677 1392 1723; x_wconf 90' lang='lat' dir='ltr'><strong>et</strong></span> <span class='ocrx_word' id='word_1_123' title='bbox 1434 1669 1486 1721; x_wconf 90' lang='lat' dir='ltr'><strong>in</strong></span> <span class='ocrx_word' id='word_1_124' title='bbox 1532 1668 1699 1737; x_wconf 86' lang='lat' dir='ltr'><strong>ipsius</strong></span> <span class='ocrx_word' id='word_1_125' title='bbox 1746 1668 1951 1723; x_wconf 89' lang='lat' dir='ltr'><strong>lumine</strong></span> 
     </span>
    </p>
   </div>
   <div class='ocr_carea' id='block_1_17' title="bbox 350 1761 1951 1834">
    <p class='ocr_par' dir='ltr' id='par_1_17' title="bbox 350 1761 1951 1834">
     <span class='ocr_line' id='line_1_17' title="bbox 350 1761 1951 1834; baseline -0.002 -16"><span class='ocrx_word' id='word_1_126' title='bbox 350 1762 494 1834; x_wconf 90' lang='lat' dir='ltr'><strong>quod</strong></span> <span class='ocrx_word' id='word_1_127' title='bbox 525 1762 784 1829; x_wconf 86' lang='lat' dir='ltr'><strong>ostendit,</strong></span> <span class='ocrx_word' id='word_1_128' title='bbox 814 1764 1024 1817; x_wconf 84' lang='lat' dir='ltr'><strong>firmata</strong></span> <span class='ocrx_word' id='word_1_129' title='bbox 1048 1761 1371 1817; x_wconf 85' lang='lat' dir='ltr'><strong>credulitate</strong></span> <span class='ocrx_word' id='word_1_130' title='bbox 1398 1761 1744 1831; x_wconf 83' lang='lat' dir='ltr'><strong>gradiatnur?</strong></span> <span class='ocrx_word' id='word_1_131' title='bbox 1775 1771 1833 1817; x_wconf 93' lang='lat' dir='ltr'><strong>ut</strong></span> <span class='ocrx_word' id='word_1_132' title='bbox 1860 1763 1951 1832; x_wconf 85' lang='lat' dir='ltr'><strong>qui</strong></span> 
     </span>
    </p>
   </div>
   <div class='ocr_carea' id='block_1_18' title="bbox 2053 530 3653 607">
    <p class='ocr_par' dir='ltr' id='par_1_18' title="bbox 2053 530 3653 607">
     <span class='ocr_line' id='line_1_18' title="bbox 2053 530 3653 607; baseline 0.004 -22"><span class='ocrx_word' id='word_1_133' title='bbox 2053 542 2175 585; x_wconf 89' lang='lat' dir='ltr'><strong>runt</strong></span> <span class='ocrx_word' id='word_1_134' title='bbox 2197 532 2332 585; x_wconf 88' lang='lat' dir='ltr'><strong>oculi</strong></span> <span class='ocrx_word' id='word_1_135' title='bbox 2359 530 2461 586; x_wconf 87' lang='lat' dir='ltr'><strong>mei</strong></span> <span class='ocrx_word' id='word_1_136' title='bbox 2487 533 2719 588; x_wconf 88' lang='lat' dir='ltr'><strong>salutare</strong></span> <span class='ocrx_word' id='word_1_137' title='bbox 2747 546 2913 589; x_wconf 87' lang='lat' dir='ltr'><strong>tuum.</strong></span> <span class='ocrx_word' id='word_1_138' title='bbox 2943 533 3163 591; x_wconf 88' lang='lat' dir='ltr'><strong>Simeon</strong></span> <span class='ocrx_word' id='word_1_139' title='bbox 3191 537 3332 607; x_wconf 91' lang='lat' dir='ltr'><strong>quod</strong></span> <span class='ocrx_word' id='word_1_140' title='bbox 3360 551 3537 592; x_wconf 66' lang='lat' dir='ltr'><strong>circus</strong></span> <span class='ocrx_word' id='word_1_141' title='bbox 3558 553 3653 592; x_wconf 84' lang='lat' dir='ltr'><strong>au-</strong></span> 
     </span>
    </p>
   </div>
   <div class='ocr_carea' id='block_1_19' title="bbox 2054 622 3654 697">
    <p class='ocr_par' dir='ltr' id='par_1_19' title="bbox 2054 622 3654 697">
     <span class='ocr_line' id='line_1_19' title="bbox 2054 622 3654 697; baseline 0.003 -19"><span class='ocrx_word' id='word_1_142' title='bbox 2054 622 2262 690; x_wconf 90' lang='lat' dir='ltr'><strong>dierat,</strong></span> <span class='ocrx_word' id='word_1_143' title='bbox 2311 622 2547 679; x_wconf 82' lang='lat' dir='ltr'><strong>evidenti</strong></span> <span class='ocrx_word' id='word_1_144' title='bbox 2599 625 2826 681; x_wconf 82' lang='lat' dir='ltr'><strong>veritate</strong></span> <span class='ocrx_word' id='word_1_145' title='bbox 2897 626 3193 697; x_wconf 89' lang='lat' dir='ltr'><strong>perfectum</strong></span> <span class='ocrx_word' id='word_1_146' title='bbox 3253 643 3374 684; x_wconf 86' lang='lat' dir='ltr'><strong>esse</strong></span> <span class='ocrx_word' id='word_1_147' title='bbox 3446 645 3654 683; x_wconf 77' lang='lat' dir='ltr'><strong>annun-</strong></span> 
     </span>
    </p>
   </div>
   <div class='ocr_carea' id='block_1_20' title="bbox 2056 715 3653 791">
    <p class='ocr_par' dir='ltr' id='par_1_20' title="bbox 2056 715 3653 791">
     <span class='ocr_line' id='line_1_20' title="bbox 2056 715 3653 791; baseline 0.008 -22"><span class='ocrx_word' id='word_1_148' title='bbox 2056 715 2256 781; x_wconf 90' lang='lat' dir='ltr'><strong>tiabat;</strong></span> <span class='ocrx_word' id='word_1_149' title='bbox 2286 725 2339 771; x_wconf 88' lang='lat' dir='ltr'><strong>et</strong></span> <span class='ocrx_word' id='word_1_150' title='bbox 2385 718 2668 773; x_wconf 90' lang='lat' dir='ltr'><strong>veritatem</strong></span> <span class='ocrx_word' id='word_1_151' title='bbox 2708 734 2866 790; x_wconf 85' lang='lat' dir='ltr'><strong>quam</strong></span> <span class='ocrx_word' id='word_1_152' title='bbox 2912 730 3132 791; x_wconf 84' lang='lat' dir='ltr'><strong>accepto</strong></span> <span class='ocrx_word' id='word_1_153' title='bbox 3176 722 3379 777; x_wconf 91' lang='lat' dir='ltr'><strong>lumine</strong></span> <span class='ocrx_word' id='word_1_154' title='bbox 3421 723 3653 789; x_wconf 82' lang='lat' dir='ltr'><strong>viderat.</strong></span> 
     </span>
    </p>
   </div>
   <div class='ocr_carea' id='block_1_21' title="bbox 2055 810 3654 885">
    <p class='ocr_par' dir='ltr' id='par_1_21' title="bbox 2055 810 3654 885">
     <span class='ocr_line' id='line_1_21' title="bbox 2055 810 3654 885; baseline 0.006 -20"><span class='ocrx_word' id='word_1_155' title='bbox 2055 810 2425 866; x_wconf 86' lang='lat' dir='ltr'><strong>benedicendo</strong></span> <span class='ocrx_word' id='word_1_156' title='bbox 2456 812 2626 882; x_wconf 85' lang='lat' dir='ltr'><strong>palam</strong></span> <span class='ocrx_word' id='word_1_157' title='bbox 2661 812 2825 868; x_wconf 87' lang='lat' dir='ltr'><strong>Deum</strong></span> <span class='ocrx_word' id='word_1_158' title='bbox 2852 815 3050 885; x_wconf 92' lang='lat' dir='ltr'><strong>populo</strong></span> <span class='ocrx_word' id='word_1_159' title='bbox 3073 813 3415 884; x_wconf 70' lang='lat' dir='ltr'><strong>praedicabat.</strong></span> <span class='ocrx_word' id='word_1_160' title='bbox 3447 815 3533 872; x_wconf 80' lang='lat' dir='ltr'><strong>Ad</strong></span> <span class='ocrx_word' id='word_1_161' title='bbox 3554 817 3654 873; x_wconf 69' lang='lat' dir='ltr'><strong>lzoc</strong></span> 
     </span>
    </p>
   </div>
   <div class='ocr_carea' id='block_1_22' title="bbox 2055 904 3651 978">
    <p class='ocr_par' dir='ltr' id='par_1_22' title="bbox 2055 904 3651 978">
     <span class='ocr_line' id='line_1_22' title="bbox 2055 904 3651 978; baseline 0.003 -19"><span class='ocrx_word' id='word_1_162' title='bbox 2055 905 2199 959; x_wconf 92' lang='lat' dir='ltr'><strong>enim</strong></span> <span class='ocrx_word' id='word_1_163' title='bbox 2250 905 2458 959; x_wconf 85' lang='lat' dir='ltr'><strong>viderat</strong></span> <span class='ocrx_word' id='word_1_164' title='bbox 2507 914 2564 959; x_wconf 90' lang='lat' dir='ltr'><strong>ut</strong></span> <span class='ocrx_word' id='word_1_165' title='bbox 2605 904 2851 974; x_wconf 79' lang='lat' dir='ltr'><strong>referret,</strong></span> <span class='ocrx_word' id='word_1_166' title='bbox 2898 915 2953 962; x_wconf 92' lang='lat' dir='ltr'><strong>ct</strong></span> <span class='ocrx_word' id='word_1_167' title='bbox 2993 906 3321 963; x_wconf 89' lang='lat' dir='ltr'><strong>revelatioue</strong></span> <span class='ocrx_word' id='word_1_168' title='bbox 3365 924 3460 963; x_wconf 88' lang='lat' dir='ltr'><strong>sua</strong></span> <span class='ocrx_word' id='word_1_169' title='bbox 3508 908 3651 978; x_wconf 88' lang='lat' dir='ltr'><strong>quod</strong></span> 
     </span>
    </p>
   </div>
   <div class='ocr_carea' id='block_1_23' title="bbox 2055 995 3660 1071">
    <p class='ocr_par' dir='ltr' id='par_1_23' title="bbox 2055 995 3660 1071">
     <span class='ocr_line' id='line_1_23' title="bbox 2055 995 3660 1071; baseline 0.003 -20"><span class='ocrx_word' id='word_1_170' title='bbox 2055 995 2305 1053; x_wconf 79' lang='lat' dir='ltr'><strong>Christus</strong></span> <span class='ocrx_word' id='word_1_171' title='bbox 2335 1007 2497 1054; x_wconf 85' lang='lat' dir='ltr'><strong>natus</strong></span> <span class='ocrx_word' id='word_1_172' title='bbox 2526 997 2749 1066; x_wconf 82' lang='lat' dir='ltr'><strong>luisset,</strong></span> <span class='ocrx_word' id='word_1_173' title='bbox 2776 999 3093 1055; x_wconf 84' lang='lat' dir='ltr'><strong>ostenderet</strong></span> <span class='ocrx_word' id='word_1_174' title='bbox 3116 1042 3129 1067; x_wconf 91' lang='lat'><strong>,</strong></span> <span class='ocrx_word' id='word_1_175' title='bbox 3163 1009 3221 1057; x_wconf 84' lang='lat' dir='ltr'><strong>et</strong></span> <span class='ocrx_word' id='word_1_176' title='bbox 3256 1000 3447 1071; x_wconf 76' lang='lat' dir='ltr'><strong>perﬁdi</strong></span> <span class='ocrx_word' id='word_1_177' title='bbox 3477 1001 3660 1071; x_wconf 79' lang='lat' dir='ltr'><strong>populi</strong></span> 
     </span>
    </p>
   </div>
   <div class='ocr_carea' id='block_1_24' title="bbox 2056 1088 3170 1160">
    <p class='ocr_par' dir='ltr' id='par_1_24' title="bbox 2056 1088 3170 1160">
     <span class='ocr_line' id='line_1_24' title="bbox 2056 1088 3170 1160; baseline 0.004 -18"><span class='ocrx_word' id='word_1_178' title='bbox 2056 1088 2205 1143; x_wconf 88' lang='lat' dir='ltr'><strong>initia</strong></span> <span class='ocrx_word' id='word_1_179' title='bbox 2240 1092 2409 1160; x_wconf 89' lang='lat' dir='ltr'><strong>prima</strong></span> <span class='ocrx_word' id='word_1_180' title='bbox 2437 1091 2829 1147; x_wconf 88' lang='lat' dir='ltr'><strong>incredulitatis</strong></span> <span class='ocrx_word' id='word_1_181' title='bbox 2859 1093 3170 1149; x_wconf 89' lang='lat' dir='ltr'><strong>instrueret.</strong></span> 
     </span>
    </p>
   </div>
   <div class='ocr_carea' id='block_1_25' title="bbox 2124 1185 3661 1262">
    <p class='ocr_par' dir='ltr' id='par_1_25' title="bbox 2124 1185 3661 1262">
     <span class='ocr_line' id='line_1_25' title="bbox 2124 1185 3661 1262; baseline 0.001 -19"><span class='ocrx_word' id='word_1_182' title='bbox 2124 1185 2214 1243; x_wconf 80' lang='lat' dir='ltr'><strong>IV.</strong></span> <span class='ocrx_word' id='word_1_183' title='bbox 2244 1186 2354 1245; x_wconf 80' lang='lat' dir='ltr'><strong>Nec</strong></span> <span class='ocrx_word' id='word_1_184' title='bbox 2384 1188 2488 1244; x_wconf 90' lang='lat' dir='ltr'><strong>hoc</strong></span> <span class='ocrx_word' id='word_1_185' title='bbox 2518 1189 2693 1243; x_wconf 87' lang='lat' dir='ltr'><strong>solum</strong></span> <span class='ocrx_word' id='word_1_186' title='bbox 2748 1191 3116 1245; x_wconf 88' lang='lat' dir='ltr'><strong>testimonium</strong></span> <span class='ocrx_word' id='word_1_187' title='bbox 3160 1190 3229 1245; x_wconf 91' lang='lat' dir='ltr'><strong>de</strong></span> <span class='ocrx_word' id='word_1_188' title='bbox 3256 1205 3323 1246; x_wconf 90' lang='lat' dir='ltr'><strong>eo</strong></span> <span class='ocrx_word' id='word_1_189' title='bbox 3352 1190 3661 1262; x_wconf 86' lang='lat' dir='ltr'><strong>Scriptura-</strong></span> 
     </span>
    </p>
   </div>
   <div class='ocr_carea' id='block_1_26' title="bbox 2055 1283 3663 1359">
    <p class='ocr_par' dir='ltr' id='par_1_26' title="bbox 2055 1283 3663 1359">
     <span class='ocr_line' id='line_1_26' title="bbox 2055 1283 3663 1359; baseline 0.002 -21"><span class='ocrx_word' id='word_1_190' title='bbox 2055 1296 2174 1338; x_wconf 83' lang='lat' dir='ltr'><strong>rtrm</strong></span> <span class='ocrx_word' id='word_1_191' title='bbox 2203 1283 2502 1338; x_wconf 72' lang='lat' dir='ltr'><strong>caelestium</strong></span> <span class='ocrx_word' id='word_1_192' title='bbox 2535 1286 2735 1339; x_wconf 88' lang='lat' dir='ltr'><strong>veritas</strong></span> <span class='ocrx_word' id='word_1_193' title='bbox 2779 1286 3023 1354; x_wconf 87' lang='lat' dir='ltr'><strong>perbibet</strong></span> <span class='ocrx_word' id='word_1_194' title='bbox 3044 1328 3059 1353; x_wconf 96' lang='lat'><strong>,</strong></span> <span class='ocrx_word' id='word_1_195' title='bbox 3092 1301 3281 1341; x_wconf 85' lang='lat' dir='ltr'><strong>verum</strong></span> <span class='ocrx_word' id='word_1_196' title='bbox 3316 1295 3372 1341; x_wconf 91' lang='lat' dir='ltr'><strong>et</strong></span> <span class='ocrx_word' id='word_1_197' title='bbox 3411 1302 3506 1357; x_wconf 91' lang='lat' dir='ltr'><strong>per</strong></span> <span class='ocrx_word' id='word_1_198' title='bbox 3533 1302 3663 1359; x_wconf 85' lang='lat' dir='ltr'><strong>pro-</strong></span> 
     </span>
    </p>
   </div>
   <div class='ocr_carea' id='block_1_27' title="bbox 2056 1376 3659 1449">
    <p class='ocr_par' dir='ltr' id='par_1_27' title="bbox 2056 1376 3659 1449">
     <span class='ocr_line' id='line_1_27' title="bbox 2056 1376 3659 1449; baseline 0.002 -18"><span class='ocrx_word' id='word_1_199' title='bbox 2056 1376 2248 1448; x_wconf 81' lang='lat' dir='ltr'><strong>phetas</strong></span> <span class='ocrx_word' id='word_1_200' title='bbox 2276 1386 2402 1431; x_wconf 84' lang='lat' dir='ltr'><strong>ante</strong></span> <span class='ocrx_word' id='word_1_201' title='bbox 2428 1376 2660 1448; x_wconf 81' lang='lat' dir='ltr'><strong>Spiritus</strong></span> <span class='ocrx_word' id='word_1_202' title='bbox 2687 1388 2906 1433; x_wconf 81' lang='lat' dir='ltr'><strong>sanctus</strong></span> <span class='ocrx_word' id='word_1_203' title='bbox 2933 1378 3225 1434; x_wconf 86' lang='lat' dir='ltr'><strong>adventum</strong></span> <span class='ocrx_word' id='word_1_204' title='bbox 3254 1379 3373 1449; x_wconf 91' lang='lat' dir='ltr'><strong>ejus</strong></span> <span class='ocrx_word' id='word_1_205' title='bbox 3415 1381 3467 1433; x_wconf 91' lang='lat' dir='ltr'><strong>in</strong></span> <span class='ocrx_word' id='word_1_206' title='bbox 3510 1379 3659 1435; x_wconf 83' lang='lat' dir='ltr'><strong>hunc</strong></span> 
     </span>
    </p>
   </div>
   <div class='ocr_carea' id='block_1_28' title="bbox 2056 1468 3661 1540">
    <p class='ocr_par' dir='ltr' id='par_1_28' title="bbox 2056 1468 3661 1540">
     <span class='ocr_line' id='line_1_28' title="bbox 2056 1468 3661 1540; baseline 0.002 -15"><span class='ocrx_word' id='word_1_207' title='bbox 2056 1468 2312 1525; x_wconf 90' lang='lat' dir='ltr'><strong>mundum</strong></span> <span class='ocrx_word' id='word_1_208' title='bbox 2342 1470 2606 1535; x_wconf 88' lang='lat' dir='ltr'><strong>futurum,</strong></span> <span class='ocrx_word' id='word_1_209' title='bbox 2637 1471 2809 1540; x_wconf 89' lang='lat' dir='ltr'><strong>palam</strong></span> <span class='ocrx_word' id='word_1_210' title='bbox 2841 1481 3025 1528; x_wconf 87' lang='lat' dir='ltr'><strong>mente</strong></span> <span class='ocrx_word' id='word_1_211' title='bbox 3056 1472 3297 1526; x_wconf 88' lang='lat' dir='ltr'><strong>omnium</strong></span> <span class='ocrx_word' id='word_1_212' title='bbox 3345 1477 3661 1529; x_wconf 70' lang='lat' dir='ltr'><strong>con~cientc</strong></span> 
     </span>
    </p>
   </div>
   <div class='ocr_carea' id='block_1_29' title="bbox 2055 1560 3655 1633">
    <p class='ocr_par' dir='ltr' id='par_1_29' title="bbox 2055 1560 3655 1633">
     <span class='ocr_line' id='line_1_29' title="bbox 2055 1560 3655 1633; baseline 0.001 -16"><span class='ocrx_word' id='word_1_213' title='bbox 2055 1560 2384 1633; x_wconf 65' lang='lat' dir='ltr'><strong>prtedicavit.</strong></span> <span class='ocrx_word' id='word_1_214' title='bbox 2414 1561 2523 1619; x_wconf 78' lang='lat' dir='ltr'><strong>Nec</strong></span> <span class='ocrx_word' id='word_1_215' title='bbox 2545 1572 2628 1618; x_wconf 89' lang='lat' dir='ltr'><strong>est</strong></span> <span class='ocrx_word' id='word_1_216' title='bbox 2656 1564 2908 1618; x_wconf 87' lang='lat' dir='ltr'><strong>obtentus</strong></span> <span class='ocrx_word' id='word_1_217' title='bbox 2938 1565 3311 1620; x_wconf 75' lang='lat' dir='ltr'><strong>excusationis</strong></span> <span class='ocrx_word' id='word_1_218' title='bbox 3339 1564 3655 1630; x_wconf 75' lang='lat' dir='ltr'><strong>incredulis,</strong></span> 
     </span>
    </p>
   </div>
   <div class='ocr_carea' id='block_1_30' title="bbox 2054 1653 3656 1727">
    <p class='ocr_par' dir='ltr' id='par_1_30' title="bbox 2054 1653 3656 1727">
     <span class='ocr_line' id='line_1_30' title="bbox 2054 1653 3656 1727; baseline 0.005 -20"><span class='ocrx_word' id='word_1_219' title='bbox 2054 1653 2141 1709; x_wconf 88' lang='lat' dir='ltr'><strong>vel</strong></span> <span class='ocrx_word' id='word_1_220' title='bbox 2174 1655 2448 1724; x_wconf 79' lang='lat' dir='ltr'><strong>ignorasse</strong></span> <span class='ocrx_word' id='word_1_221' title='bbox 2476 1654 2568 1709; x_wconf 85' lang='lat' dir='ltr'><strong>Dei</strong></span> <span class='ocrx_word' id='word_1_222' title='bbox 2601 1655 2768 1710; x_wconf 88' lang='lat' dir='ltr'><strong>lilium</strong></span> <span class='ocrx_word' id='word_1_223' title='bbox 2798 1654 3099 1724; x_wconf 89' lang='lat' dir='ltr'><strong>Christum,</strong></span> <span class='ocrx_word' id='word_1_224' title='bbox 3132 1657 3215 1711; x_wconf 87' lang='lat' dir='ltr'><strong>vel</strong></span> <span class='ocrx_word' id='word_1_225' title='bbox 3248 1658 3523 1727; x_wconf 86' lang='lat' dir='ltr'><strong>ignorasse</strong></span> <span class='ocrx_word' id='word_1_226' title='bbox 3558 1659 3656 1715; x_wconf 88' lang='lat' dir='ltr'><strong>Dei</strong></span> 
     </span>
    </p>
   </div>
   <div class='ocr_carea' id='block_1_31' title="bbox 2057 1745 3666 1815">
    <p class='ocr_par' dir='ltr' id='par_1_31' title="bbox 2057 1745 3666 1815">
     <span class='ocr_line' id='line_1_31' title="bbox 2057 1745 3666 1815; baseline 0.003 -15"><span class='ocrx_word' id='word_1_227' title='bbox 2057 1746 2227 1801; x_wconf 82' lang='lat' dir='ltr'><strong>tilium</strong></span> <span class='ocrx_word' id='word_1_228' title='bbox 2252 1745 2557 1815; x_wconf 83' lang='lat' dir='ltr'><strong>Christum,</strong></span> <span class='ocrx_word' id='word_1_229' title='bbox 2590 1749 2675 1804; x_wconf 87' lang='lat' dir='ltr'><strong>vel</strong></span> <span class='ocrx_word' id='word_1_230' title='bbox 2704 1748 2944 1805; x_wconf 83' lang='lat' dir='ltr'><strong>nescisse</strong></span> <span class='ocrx_word' id='word_1_231' title='bbox 2973 1748 3210 1805; x_wconf 85' lang='lat' dir='ltr'><strong>futurum</strong></span> <span class='ocrx_word' id='word_1_232' title='bbox 3239 1749 3540 1805; x_wconf 85' lang='lat' dir='ltr'><strong>Salvatoris</strong></span> <span class='ocrx_word' id='word_1_233' title='bbox 3563 1752 3666 1805; x_wconf 74' lang='lat' dir='ltr'><strong>ad.-</strong></span> 
     </span>
    </p>
   </div>
   <div class='ocr_carea' id='block_1_32' title="bbox 350 1839 3654 1926">
    <p class='ocr_par' dir='ltr' id='par_1_32' title="bbox 350 1839 3654 1926">
     <span class='ocr_line' id='line_1_32' title="bbox 350 1839 3654 1926; baseline 0.001 -16"><span class='ocrx_word' id='word_1_234' title='bbox 350 1854 522 1926; x_wconf 85' lang='lat' dir='ltr'><strong>ignari</strong></span> <span class='ocrx_word' id='word_1_235' title='bbox 546 1854 835 1924; x_wconf 82' lang='lat' dir='ltr'><strong>aliquando</strong></span> <span class='ocrx_word' id='word_1_236' title='bbox 856 1854 1044 1908; x_wconf 88' lang='lat' dir='ltr'><strong>salutis</strong></span> <span class='ocrx_word' id='word_1_237' title='bbox 1068 1852 1279 1918; x_wconf 81' lang='lat' dir='ltr'><strong>futurae,</strong></span> <span class='ocrx_word' id='word_1_238' title='bbox 1306 1853 1360 1907; x_wconf 90' lang='lat' dir='ltr'><strong>in</strong></span> <span class='ocrx_word' id='word_1_239' title='bbox 1387 1853 1666 1908; x_wconf 89' lang='lat' dir='ltr'><strong>erroribus</strong></span> <span class='ocrx_word' id='word_1_240' title='bbox 1692 1853 1953 1923; x_wconf 88' lang='lat' dir='ltr'><strong>implicati</strong></span> <span class='ocrx_word' id='word_1_241' title='bbox 1982 1843 2030 1903; x_wconf 90' lang='lat' dir='ltr'><strong>B</strong></span> <span class='ocrx_word' id='word_1_242' title='bbox 2058 1848 2302 1905; x_wconf 66' lang='lat' dir='ltr'><strong>Ventum;</strong></span> <span class='ocrx_word' id='word_1_243' title='bbox 2332 1841 2473 1895; x_wconf 62' lang='lat' dir='ltr'><strong>Sic“!</strong></span> <span class='ocrx_word' id='word_1_244' title='bbox 2514 1839 2677 1895; x_wconf 66' lang='grc' dir='ltr'><strong>θενῖά</strong></span> <span class='ocrx_word' id='word_1_245' title='bbox 2710 1839 3019 1897; x_wconf 54' lang='lat' dir='ltr'><strong>manifestat</strong></span> <span class='ocrx_word' id='word_1_246' title='bbox 3041 1885 3056 1908; x_wconf 70' lang='grc' dir='ltr'><strong>ν</strong></span> <span class='ocrx_word' id='word_1_247' title='bbox 3087 1842 3273 1897; x_wconf 57' lang='lat' dir='ltr'><strong>dicens</strong></span> <span class='ocrx_word' id='word_1_248' title='bbox 3298 1843 3459 1913; x_wconf 67' lang='grc' dir='ltr'><strong>(ΡεεΙ-</strong></span> <span class='ocrx_word' id='word_1_249' title='bbox 3494 1850 3654 1913; x_wconf 65' lang='lat' dir='ltr'><strong>“In.</strong></span> 
     </span>
    </p>
   </div>
   <div class='ocr_carea' id='block_1_33' title="bbox 350 1946 1956 2017">
    <p class='ocr_par' dir='ltr' id='par_1_33' title="bbox 350 1946 1956 2017">
     <span class='ocr_line' id='line_1_33' title="bbox 350 1946 1956 2017; baseline -0.001 -14"><span class='ocrx_word' id='word_1_250' title='bbox 350 1949 477 2003; x_wconf 87' lang='lat' dir='ltr'><strong>vitae</strong></span> <span class='ocrx_word' id='word_1_251' title='bbox 527 1948 722 2017; x_wconf 89' lang='lat' dir='ltr'><strong>prioris</strong></span> <span class='ocrx_word' id='word_1_252' title='bbox 771 1962 833 2001; x_wconf 92' lang='lat' dir='ltr'><strong>ac</strong></span> <span class='ocrx_word' id='word_1_253' title='bbox 897 1947 1136 2001; x_wconf 90' lang='lat' dir='ltr'><strong>tenebris</strong></span> <span class='ocrx_word' id='word_1_254' title='bbox 1181 1946 1553 2001; x_wconf 89' lang='lat' dir='ltr'><strong>aberravimus</strong></span> <span class='ocrx_word' id='word_1_255' title='bbox 1582 1988 1597 2012; x_wconf 96' lang='lat'><strong>,</strong></span> <span class='ocrx_word' id='word_1_256' title='bbox 1664 1947 1956 2002; x_wconf 90' lang='lat' dir='ltr'><strong>illuminati</strong></span> 
     </span>
    </p>
   </div>
   <div class='ocr_carea' id='block_1_34' title="bbox 352 2036 1954 2109">
    <p class='ocr_par' dir='ltr' id='par_1_34' title="bbox 352 2036 1954 2109">
     <span class='ocr_line' id='line_1_34' title="bbox 352 2036 1954 2109; baseline -0.001 -15"><span class='ocrx_word' id='word_1_257' title='bbox 352 2053 496 2095; x_wconf 87' lang='lat' dir='ltr'><strong>nunc</strong></span> <span class='ocrx_word' id='word_1_258' title='bbox 542 2039 661 2109; x_wconf 88' lang='lat' dir='ltr'><strong>ejus</strong></span> <span class='ocrx_word' id='word_1_259' title='bbox 707 2039 817 2093; x_wconf 91' lang='lat' dir='ltr'><strong>veri</strong></span> <span class='ocrx_word' id='word_1_260' title='bbox 871 2038 1091 2092; x_wconf 89' lang='lat' dir='ltr'><strong>luminis</strong></span> <span class='ocrx_word' id='word_1_261' title='bbox 1118 2036 1382 2102; x_wconf 90' lang='lat' dir='ltr'><strong>claritate,</strong></span> <span class='ocrx_word' id='word_1_262' title='bbox 1432 2046 1488 2092; x_wconf 92' lang='lat' dir='ltr'><strong>et</strong></span> <span class='ocrx_word' id='word_1_263' title='bbox 1531 2046 1752 2093; x_wconf 90' lang='lat' dir='ltr'><strong>ostenso</strong></span> <span class='ocrx_word' id='word_1_264' title='bbox 1798 2038 1954 2093; x_wconf 91' lang='lat' dir='ltr'><strong>nobis</strong></span> 
     </span>
    </p>
   </div>
   <div class='ocr_carea' id='block_1_35' title="bbox 351 2130 1953 2204">
    <p class='ocr_par' dir='ltr' id='par_1_35' title="bbox 351 2130 1953 2204">
     <span class='ocr_line' id='line_1_35' title="bbox 351 2130 1953 2204; baseline -0.001 -16"><span class='ocrx_word' id='word_1_265' title='bbox 351 2143 514 2204; x_wconf 85' lang='lat' dir='ltr'><strong>atque</strong></span> <span class='ocrx_word' id='word_1_266' title='bbox 536 2132 803 2204; x_wconf 75' lang='lat' dir='ltr'><strong>patefacto</strong></span> <span class='ocrx_word' id='word_1_267' title='bbox 830 2131 1071 2187; x_wconf 86' lang='lat' dir='ltr'><strong>melioris</strong></span> <span class='ocrx_word' id='word_1_268' title='bbox 1092 2132 1218 2186; x_wconf 70' lang='lat' dir='ltr'><strong>vitae</strong></span> <span class='ocrx_word' id='word_1_269' title='bbox 1242 2130 1435 2198; x_wconf 88' lang='lat' dir='ltr'><strong>limite,</strong></span> <span class='ocrx_word' id='word_1_270' title='bbox 1464 2131 1675 2186; x_wconf 87' lang='lat' dir='ltr'><strong>Domini</strong></span> <span class='ocrx_word' id='word_1_271' title='bbox 1703 2132 1953 2186; x_wconf 81' lang='lat' dir='ltr'><strong>mandata</strong></span> 
     </span>
    </p>
   </div>
   <div class='ocr_carea' id='block_1_36' title="bbox 353 2223 1299 2295">
    <p class='ocr_par' dir='ltr' id='par_1_36' title="bbox 353 2223 1299 2295">
     <span class='ocr_line' id='line_1_36' title="bbox 353 2223 1299 2295; baseline -0.004 -15"><span class='ocrx_word' id='word_1_272' title='bbox 353 2224 630 2295; x_wconf 83' lang='lat' dir='ltr'><strong>sequenda</strong></span> <span class='ocrx_word' id='word_1_273' title='bbox 659 2233 714 2279; x_wconf 90' lang='lat' dir='ltr'><strong>et</strong></span> <span class='ocrx_word' id='word_1_274' title='bbox 738 2223 971 2292; x_wconf 85' lang='lat' dir='ltr'><strong>gerenda</strong></span> <span class='ocrx_word' id='word_1_275' title='bbox 999 2230 1299 2278; x_wconf 86' lang='lat' dir='ltr'><strong>teneamus.</strong></span> 
     </span>
    </p>
   </div>
   <div class='ocr_carea' id='block_1_37' title="bbox 432 2314 1956 2381">
    <p class='ocr_par' dir='ltr' id='par_1_37' title="bbox 432 2314 1956 2381">
     <span class='ocr_line' id='line_1_37' title="bbox 432 2314 1956 2381; baseline 0 -10"><span class='ocrx_word' id='word_1_276' title='bbox 432 2315 521 2371; x_wconf 82' lang='lat' dir='ltr'><strong>il].</strong></span> <span class='ocrx_word' id='word_1_277' title='bbox 556 2316 670 2371; x_wconf 88' lang='lat' dir='ltr'><strong>Hoc</strong></span> <span class='ocrx_word' id='word_1_278' title='bbox 700 2315 879 2371; x_wconf 89' lang='lat' dir='ltr'><strong>lumen</strong></span> <span class='ocrx_word' id='word_1_279' title='bbox 905 2315 1064 2371; x_wconf 87' lang='lat' dir='ltr'><strong>nobis</strong></span> <span class='ocrx_word' id='word_1_280' title='bbox 1092 2316 1217 2369; x_wconf 58' lang='lat' dir='ltr'><strong>vitae</strong></span> <span class='ocrx_word' id='word_1_281' title='bbox 1240 2314 1492 2370; x_wconf 86' lang='lat' dir='ltr'><strong>salutaris</strong></span> <span class='ocrx_word' id='word_1_282' title='bbox 1530 2323 1779 2370; x_wconf 75' lang='lat' dir='ltr'><strong>exortum</strong></span> <span class='ocrx_word' id='word_1_283' title='bbox 1805 2356 1820 2381; x_wconf 95' lang='lat'><strong>,</strong></span> <span class='ocrx_word' id='word_1_284' title='bbox 1852 2314 1956 2371; x_wconf 89' lang='lat' dir='ltr'><strong>hoc</strong></span> 
     </span>
    </p>
   </div>
   <div class='ocr_carea' id='block_1_38' title="bbox 356 2407 1953 2479">
    <p class='ocr_par' dir='ltr' id='par_1_38' title="bbox 356 2407 1953 2479">
     <span class='ocr_line' id='line_1_38' title="bbox 356 2407 1953 2479; baseline -0.001 -16"><span class='ocrx_word' id='word_1_285' title='bbox 356 2411 413 2465; x_wconf 89' lang='lat' dir='ltr'><strong>in</strong></span> <span class='ocrx_word' id='word_1_286' title='bbox 442 2410 839 2479; x_wconf 84' lang='lat' dir='ltr'><strong>reparationem</strong></span> <span class='ocrx_word' id='word_1_287' title='bbox 868 2407 1104 2462; x_wconf 91' lang='lat' dir='ltr'><strong>hominis</strong></span> <span class='ocrx_word' id='word_1_288' title='bbox 1128 2416 1311 2462; x_wconf 91' lang='lat' dir='ltr'><strong>natum</strong></span> <span class='ocrx_word' id='word_1_289' title='bbox 1336 2407 1406 2463; x_wconf 89' lang='lat' dir='ltr'><strong>de</strong></span> <span class='ocrx_word' id='word_1_290' title='bbox 1434 2407 1529 2462; x_wconf 90' lang='lat' dir='ltr'><strong>Dei</strong></span> <span class='ocrx_word' id='word_1_291' title='bbox 1552 2407 1726 2462; x_wconf 79' lang='lat' dir='ltr'><strong>Patris</strong></span> <span class='ocrx_word' id='word_1_292' title='bbox 1755 2422 1953 2477; x_wconf 83' lang='lat' dir='ltr'><strong>procu-</strong></span> 
     </span>
    </p>
   </div>
   <div class='ocr_carea' id='block_1_39' title="bbox 354 2500 1955 2572">
    <p class='ocr_par' dir='ltr' id='par_1_39' title="bbox 354 2500 1955 2572">
     <span class='ocr_line' id='line_1_39' title="bbox 354 2500 1955 2572; baseline -0.001 -16"><span class='ocrx_word' id='word_1_293' title='bbox 354 2503 563 2557; x_wconf 81' lang='lat' dir='ltr'><strong>ratione</strong></span> <span class='ocrx_word' id='word_1_294' title='bbox 612 2517 675 2557; x_wconf 86' lang='lat' dir='ltr'><strong>ac</strong></span> <span class='ocrx_word' id='word_1_295' title='bbox 715 2502 1064 2556; x_wconf 87' lang='lat' dir='ltr'><strong>miseratione</strong></span> <span class='ocrx_word' id='word_1_296' title='bbox 1108 2500 1456 2572; x_wconf 66' lang='lat' dir='ltr'><strong>praesidium,</strong></span> <span class='ocrx_word' id='word_1_297' title='bbox 1501 2500 1634 2571; x_wconf 75' lang='lat' dir='ltr'><strong>Magi</strong></span> <span class='ocrx_word' id='word_1_298' title='bbox 1684 2500 1839 2569; x_wconf 90' lang='lat' dir='ltr'><strong>primi</strong></span> <span class='ocrx_word' id='word_1_299' title='bbox 1886 2502 1955 2556; x_wconf 88' lang='lat' dir='ltr'><strong>ab</strong></span> 
     </span>
    </p>
   </div>
   <div class='ocr_carea' id='block_1_40' title="bbox 355 2594 1954 2664">
    <p class='ocr_par' dir='ltr' id='par_1_40' title="bbox 355 2594 1954 2664">
     <span class='ocr_line' id='line_1_40' title="bbox 355 2594 1954 2664; baseline -0.001 -13"><span class='ocrx_word' id='word_1_300' title='bbox 355 2594 610 2651; x_wconf 86' lang='lat' dir='ltr'><strong>orientali</strong></span> <span class='ocrx_word' id='word_1_301' title='bbox 640 2605 792 2664; x_wconf 83' lang='lat' dir='ltr'><strong>parte</strong></span> <span class='ocrx_word' id='word_1_302' title='bbox 833 2594 1112 2649; x_wconf 84' lang='lat' dir='ltr'><strong>venientes</strong></span> <span class='ocrx_word' id='word_1_303' title='bbox 1136 2636 1150 2659; x_wconf 90' lang='lat'><strong>,</strong></span> <span class='ocrx_word' id='word_1_304' title='bbox 1174 2603 1231 2648; x_wconf 92' lang='lat' dir='ltr'><strong>et</strong></span> <span class='ocrx_word' id='word_1_305' title='bbox 1274 2594 1431 2649; x_wconf 87' lang='lat' dir='ltr'><strong>stella</strong></span> <span class='ocrx_word' id='word_1_306' title='bbox 1463 2594 1599 2649; x_wconf 89' lang='lat' dir='ltr'><strong>duce</strong></span> <span class='ocrx_word' id='word_1_307' title='bbox 1642 2594 1954 2650; x_wconf 76' lang='lat' dir='ltr'><strong>.Indzeorum</strong></span> 
     </span>
    </p>
   </div>
   <div class='ocr_carea' id='block_1_41' title="bbox 352 2686 1956 2759">
    <p class='ocr_par' dir='ltr' id='par_1_41' title="bbox 352 2686 1956 2759">
     <span class='ocr_line' id='line_1_41' title="bbox 352 2686 1956 2759; baseline -0.001 -17"><span class='ocrx_word' id='word_1_308' title='bbox 352 2702 536 2759; x_wconf 84' lang='lat' dir='ltr'><strong>regem</strong></span> <span class='ocrx_word' id='word_1_309' title='bbox 572 2687 749 2758; x_wconf 86' lang='lat' dir='ltr'><strong>palam</strong></span> <span class='ocrx_word' id='word_1_310' title='bbox 778 2686 1001 2756; x_wconf 65' lang='lat' dir='ltr'><strong>prmscia</strong></span> <span class='ocrx_word' id='word_1_311' title='bbox 1030 2686 1414 2756; x_wconf 70' lang='lat' dir='ltr'><strong>praedicatione</strong></span> <span class='ocrx_word' id='word_1_312' title='bbox 1453 2698 1758 2757; x_wconf 67' lang='lat' dir='ltr'><strong>quaerentes</strong></span> <span class='ocrx_word' id='word_1_313' title='bbox 1780 2728 1794 2753; x_wconf 93' lang='lat'><strong>,</strong></span> <span class='ocrx_word' id='word_1_314' title='bbox 1824 2687 1956 2742; x_wconf 75' lang='lat' dir='ltr'><strong>atie-</strong></span> 
     </span>
    </p>
   </div>
   <div class='ocr_carea' id='block_1_42' title="bbox 352 2780 1955 2851">
    <p class='ocr_par' dir='ltr' id='par_1_42' title="bbox 352 2780 1955 2851">
     <span class='ocr_line' id='line_1_42' title="bbox 352 2780 1955 2851; baseline -0.001 -14"><span class='ocrx_word' id='word_1_315' title='bbox 352 2793 536 2838; x_wconf 89' lang='lat' dir='ltr'><strong>rcntes</strong></span> <span class='ocrx_word' id='word_1_316' title='bbox 562 2782 727 2837; x_wconf 90' lang='lat' dir='ltr'><strong>etiam</strong></span> <span class='ocrx_word' id='word_1_317' title='bbox 753 2797 998 2848; x_wconf 86' lang='lat' dir='ltr'><strong>munera,</strong></span> <span class='ocrx_word' id='word_1_318' title='bbox 1026 2781 1307 2836; x_wconf 79' lang='lat' dir='ltr'><strong>testiﬁcata</strong></span> <span class='ocrx_word' id='word_1_319' title='bbox 1334 2781 1590 2836; x_wconf 89' lang='lat' dir='ltr'><strong>omnibus</strong></span> <span class='ocrx_word' id='word_1_320' title='bbox 1608 2780 1955 2851; x_wconf 89' lang='lat' dir='ltr'><strong>inquisitione</strong></span> 
     </span>
    </p>
   </div>
   <div class='ocr_carea' id='block_1_43' title="bbox 356 2875 1951 2946">
    <p class='ocr_par' dir='ltr' id='par_1_43' title="bbox 356 2875 1951 2946">
     <span class='ocr_line' id='line_1_43' title="bbox 356 2875 1951 2946; baseline -0.001 -14"><span class='ocrx_word' id='word_1_321' title='bbox 356 2885 745 2932; x_wconf 87' lang='lat' dir='ltr'><strong>monstrarunt.</strong></span> <span class='ocrx_word' id='word_1_322' title='bbox 777 2876 844 2930; x_wconf 88' lang='lat' dir='ltr'><strong>Et</strong></span> <span class='ocrx_word' id='word_1_323' title='bbox 873 2891 940 2930; x_wconf 90' lang='lat' dir='ltr'><strong>ne</strong></span> <span class='ocrx_word' id='word_1_324' title='bbox 966 2876 1233 2945; x_wconf 86' lang='lat' dir='ltr'><strong>aliquibus</strong></span> <span class='ocrx_word' id='word_1_325' title='bbox 1257 2876 1377 2946; x_wconf 88' lang='lat' dir='ltr'><strong>quis</strong></span> <span class='ocrx_word' id='word_1_326' title='bbox 1406 2875 1497 2929; x_wconf 90' lang='lat' dir='ltr'><strong>ille</strong></span> <span class='ocrx_word' id='word_1_327' title='bbox 1525 2887 1690 2941; x_wconf 87' lang='lat' dir='ltr'><strong>esset,</strong></span> <span class='ocrx_word' id='word_1_328' title='bbox 1721 2878 1951 2931; x_wconf 86' lang='lat' dir='ltr'><strong>abscon-</strong></span> 
     </span>
    </p>
   </div>
   <div class='ocr_carea' id='block_1_44' title="bbox 354 2967 1953 3039">
    <p class='ocr_par' dir='ltr' id='par_1_44' title="bbox 354 2967 1953 3039">
     <span class='ocr_line' id='line_1_44' title="bbox 354 2967 1953 3039; baseline -0.001 -14"><span class='ocrx_word' id='word_1_329' title='bbox 354 2985 474 3025; x_wconf 89' lang='lat' dir='ltr'><strong>sum</strong></span> <span class='ocrx_word' id='word_1_330' title='bbox 522 2967 685 3032; x_wconf 89' lang='lat' dir='ltr'><strong>foret,</strong></span> <span class='ocrx_word' id='word_1_331' title='bbox 717 2969 991 3023; x_wconf 90' lang='lat' dir='ltr'><strong>inventum</strong></span> <span class='ocrx_word' id='word_1_332' title='bbox 1050 2983 1273 3037; x_wconf 84' lang='lat' dir='ltr'><strong>puerqu</strong></span> <span class='ocrx_word' id='word_1_333' title='bbox 1326 2967 1675 3039; x_wconf 88' lang='lat' dir='ltr'><strong>procidentes</strong></span> <span class='ocrx_word' id='word_1_334' title='bbox 1725 2968 1953 3037; x_wconf 78' lang='lat' dir='ltr'><strong>genibus</strong></span> 
     </span>
    </p>
   </div>
   <div class='ocr_carea' id='block_1_45' title="bbox 355 3057 1950 3128">
    <p class='ocr_par' dir='ltr' id='par_1_45' title="bbox 355 3057 1950 3128">
     <span class='ocr_line' id='line_1_45' title="bbox 355 3057 1950 3128; baseline -0.003 -12"><span class='ocrx_word' id='word_1_335' title='bbox 355 3061 684 3124; x_wconf 87' lang='lat' dir='ltr'><strong>adorarunt;</strong></span> <span class='ocrx_word' id='word_1_336' title='bbox 741 3062 879 3113; x_wconf 87' lang='lat' dir='ltr'><strong>sicut</strong></span> <span class='ocrx_word' id='word_1_337' title='bbox 927 3057 1246 3114; x_wconf 85' lang='lat' dir='ltr'><strong>testificatur</strong></span> <span class='ocrx_word' id='word_1_338' title='bbox 1289 3058 1659 3128; x_wconf 84' lang='lat' dir='ltr'><strong>Evangelium,</strong></span> <span class='ocrx_word' id='word_1_339' title='bbox 1701 3058 1887 3113; x_wconf 90' lang='lat' dir='ltr'><strong>dicens</strong></span> <span class='ocrx_word' id='word_1_340' title='bbox 1937 3077 1950 3112; x_wconf 89' lang='lat'><strong>:</strong></span> 
     </span>
    </p>
   </div>
   <div class='ocr_carea' id='block_1_46' title="bbox 359 3148 1951 3208">
    <p class='ocr_par' dir='ltr' id='par_1_46' title="bbox 359 3148 1951 3208">
     <span class='ocr_line' id='line_1_46' title="bbox 359 3148 1951 3208; baseline -0.003 0"><span class='ocrx_word' id='word_1_341' title='bbox 359 3152 488 3208; x_wconf 88' lang='lat' dir='ltr'><strong>Cum</strong></span> <span class='ocrx_word' id='word_1_342' title='bbox 517 3162 685 3206; x_wconf 90' lang='lat' dir='ltr'><strong>autem</strong></span> <span class='ocrx_word' id='word_1_343' title='bbox 716 3160 865 3205; x_wconf 87' lang='lat' dir='ltr'><strong>natus</strong></span> <span class='ocrx_word' id='word_1_344' title='bbox 896 3160 1023 3204; x_wconf 89' lang='lat' dir='ltr'><strong>esset</strong></span> <span class='ocrx_word' id='word_1_345' title='bbox 1047 3150 1200 3204; x_wconf 74' lang='lat' dir='ltr'><strong>.Iesus</strong></span> <span class='ocrx_word' id='word_1_346' title='bbox 1223 3151 1275 3203; x_wconf 88' lang='lat' dir='ltr'><strong>in</strong></span> <span class='ocrx_word' id='word_1_347' title='bbox 1308 3148 1568 3203; x_wconf 79' lang='lat' dir='ltr'><strong>Bethleem</strong></span> <span class='ocrx_word' id='word_1_348' title='bbox 1590 3149 1749 3204; x_wconf 70' lang='lat' dir='ltr'><strong>ludat</strong></span> <span class='ocrx_word' id='word_1_349' title='bbox 1768 3150 1820 3203; x_wconf 89' lang='lat' dir='ltr'><strong>in</strong></span> <span class='ocrx_word' id='word_1_350' title='bbox 1844 3151 1951 3203; x_wconf 85' lang='lat' dir='ltr'><strong>die-</strong></span> 
     </span>
    </p>
   </div>
   <div class='ocr_carea' id='block_1_47' title="bbox 353 3223 2025 3312">
    <p class='ocr_par' dir='ltr' id='par_1_47' title="bbox 353 3223 2025 3312">
     <span class='ocr_line' id='line_1_47' title="bbox 353 3223 2025 3312; baseline -0.003 -12"><span class='ocrx_word' id='word_1_351' title='bbox 353 3247 451 3300; x_wconf 88' lang='lat' dir='ltr'><strong>bus</strong></span> <span class='ocrx_word' id='word_1_352' title='bbox 497 3244 719 3299; x_wconf 83' lang='lat' dir='ltr'><strong>Herodis</strong></span> <span class='ocrx_word' id='word_1_353' title='bbox 763 3243 920 3312; x_wconf 83' lang='lat' dir='ltr'><strong>regis,</strong></span> <span class='ocrx_word' id='word_1_354' title='bbox 950 3258 1064 3296; x_wconf 87' lang='lat' dir='ltr'><strong>ecce</strong></span> <span class='ocrx_word' id='word_1_355' title='bbox 1099 3242 1239 3312; x_wconf 75' lang='lat' dir='ltr'><strong>Magi</strong></span> <span class='ocrx_word' id='word_1_356' title='bbox 1267 3243 1327 3295; x_wconf 89' lang='lat' dir='ltr'><strong>ab</strong></span> <span class='ocrx_word' id='word_1_357' title='bbox 1382 3242 1592 3295; x_wconf 82' lang='lat' dir='ltr'><strong>Oriente</strong></span> <span class='ocrx_word' id='word_1_358' title='bbox 1620 3252 1860 3296; x_wconf 86' lang='lat' dir='ltr'><strong>venerunt</strong></span> <span class='ocrx_word' id='word_1_359' title='bbox 1894 3243 1948 3295; x_wconf 89' lang='lat' dir='ltr'><strong>in</strong></span> <span class='ocrx_word' id='word_1_360' title='bbox 1980 3223 2025 3285; x_wconf 65' lang='grc' dir='ltr'><strong>(ἶ</strong></span> 
     </span>
    </p>
   </div>
   <div class='ocr_carea' id='block_1_48' title="bbox 355 3333 1951 3406">
    <p class='ocr_par' dir='ltr' id='par_1_48' title="bbox 355 3333 1951 3406">
     <span class='ocr_line' id='line_1_48' title="bbox 355 3333 1951 3406; baseline -0.003 -15"><span class='ocrx_word' id='word_1_361' title='bbox 355 3336 773 3406; x_wconf 80' lang='lat' dir='ltr'><strong>Hierosolymam</strong></span> <span class='ocrx_word' id='word_1_362' title='bbox 805 3336 1029 3388; x_wconf 87' lang='lat' dir='ltr'><strong>dicentes</strong></span> <span class='ocrx_word' id='word_1_363' title='bbox 1057 3351 1074 3388; x_wconf 93' lang='lat'><strong><em>:</em></strong></span> <span class='ocrx_word' id='word_1_364' title='bbox 1107 3333 1205 3388; x_wconf 90' lang='lat' dir='ltr'><strong>Ubi</strong></span> <span class='ocrx_word' id='word_1_365' title='bbox 1232 3344 1307 3389; x_wconf 86' lang='lat' dir='ltr'><strong>est</strong></span> <span class='ocrx_word' id='word_1_366' title='bbox 1335 3336 1421 3403; x_wconf 92' lang='lat' dir='ltr'><strong>qui</strong></span> <span class='ocrx_word' id='word_1_367' title='bbox 1454 3346 1605 3390; x_wconf 85' lang='lat' dir='ltr'><strong>natus</strong></span> <span class='ocrx_word' id='word_1_368' title='bbox 1629 3348 1700 3389; x_wconf 87' lang='lat' dir='ltr'><strong>est</strong></span> <span class='ocrx_word' id='word_1_369' title='bbox 1731 3352 1824 3390; x_wconf 78' lang='lat' dir='ltr'><strong>rex</strong></span> <span class='ocrx_word' id='word_1_370' title='bbox 1851 3334 1951 3389; x_wconf 87' lang='lat' dir='ltr'><strong>Ju-</strong></span> 
     </span>
    </p>
   </div>
   <div class='ocr_carea' id='block_1_49' title="bbox 355 3425 1952 3491">
    <p class='ocr_par' dir='ltr' id='par_1_49' title="bbox 355 3425 1952 3491">
     <span class='ocr_line' id='line_1_49' title="bbox 355 3425 1952 3491; baseline -0.001 -8"><span class='ocrx_word' id='word_1_371' title='bbox 355 3430 585 3483; x_wconf 69' lang='lat' dir='ltr'><strong>datorum</strong></span> <span class='ocrx_word' id='word_1_372' title='bbox 611 3428 635 3480; x_wconf 68' lang='grc' dir='ltr'>Ρ</span> <span class='ocrx_word' id='word_1_373' title='bbox 672 3425 904 3481; x_wconf 80' lang='lat' dir='ltr'><strong>Vidimus</strong></span> <span class='ocrx_word' id='word_1_374' title='bbox 932 3426 1067 3480; x_wconf 88' lang='lat' dir='ltr'><strong>enim</strong></span> <span class='ocrx_word' id='word_1_375' title='bbox 1097 3425 1298 3480; x_wconf 73' lang='lat' dir='ltr'><strong>stellam</strong></span> <span class='ocrx_word' id='word_1_376' title='bbox 1329 3430 1440 3491; x_wconf 85' lang='lat' dir='ltr'><strong>eius</strong></span> <span class='ocrx_word' id='word_1_377' title='bbox 1466 3428 1518 3480; x_wconf 88' lang='lat' dir='ltr'><strong>in</strong></span> <span class='ocrx_word' id='word_1_378' title='bbox 1548 3426 1837 3489; x_wconf 85' lang='lat' dir='ltr'><strong>0riente,et</strong></span> <span class='ocrx_word' id='word_1_379' title='bbox 1866 3443 1952 3481; x_wconf 81' lang='lat' dir='ltr'><strong>ve-</strong></span> 
     </span>
    </p>
   </div>
   <div class='ocr_carea' id='block_1_50' title="bbox 354 3517 1957 3589">
    <p class='ocr_par' dir='ltr' id='par_1_50' title="bbox 354 3517 1957 3589">
     <span class='ocr_line' id='line_1_50' title="bbox 354 3517 1957 3589; baseline 0 -14"><span class='ocrx_word' id='word_1_380' title='bbox 354 3522 522 3575; x_wconf 86' lang='lat' dir='ltr'><strong>nimus</strong></span> <span class='ocrx_word' id='word_1_381' title='bbox 545 3518 764 3573; x_wconf 86' lang='lat' dir='ltr'><strong>adorare</strong></span> <span class='ocrx_word' id='word_1_382' title='bbox 785 3535 897 3571; x_wconf 90' lang='lat' dir='ltr'><strong>eum</strong></span> <span class='ocrx_word' id='word_1_383' title='bbox 921 3517 1161 3589; x_wconf 77' lang='lat' dir='ltr'><strong>(Matth.,</strong></span> <span class='ocrx_word' id='word_1_384' title='bbox 1186 3534 1245 3585; x_wconf 88' lang='lat' dir='ltr'><strong>tt,</strong></span> <span class='ocrx_word' id='word_1_385' title='bbox 1275 3518 1323 3588; x_wconf 85' lang='lat' dir='ltr'><strong>l)</strong></span> <span class='ocrx_word' id='word_1_386' title='bbox 1346 3537 1357 3572; x_wconf 87' lang='lat'>:</span> <span class='ocrx_word' id='word_1_387' title='bbox 1382 3519 1729 3574; x_wconf 82' lang='lat' dir='ltr'><strong>testificantes</strong></span> <span class='ocrx_word' id='word_1_388' title='bbox 1753 3520 1957 3575; x_wconf 74' lang='lat' dir='ltr'><strong>scilicet</strong></span> 
     </span>
    </p>
   </div>
   <div class='ocr_carea' id='block_1_51' title="bbox 354 3610 1954 3681">
    <p class='ocr_par' dir='ltr' id='par_1_51' title="bbox 354 3610 1954 3681">
     <span class='ocr_line' id='line_1_51' title="bbox 354 3610 1954 3681; baseline 0.001 -17"><span class='ocrx_word' id='word_1_389' title='bbox 354 3613 631 3669; x_wconf 86' lang='lat' dir='ltr'><strong>veritatem</strong></span> <span class='ocrx_word' id='word_1_390' title='bbox 655 3612 723 3665; x_wconf 90' lang='lat' dir='ltr'><strong>de</strong></span> <span class='ocrx_word' id='word_1_391' title='bbox 743 3627 831 3678; x_wconf 92' lang='lat' dir='ltr'><strong>eo,</strong></span> <span class='ocrx_word' id='word_1_392' title='bbox 859 3611 1022 3665; x_wconf 88' lang='lat' dir='ltr'><strong>etiam</strong></span> <span class='ocrx_word' id='word_1_393' title='bbox 1043 3610 1252 3664; x_wconf 85' lang='lat' dir='ltr'><strong>stellam</strong></span> <span class='ocrx_word' id='word_1_394' title='bbox 1279 3610 1381 3665; x_wconf 83' lang='lat' dir='ltr'><strong>sibi</strong></span> <span class='ocrx_word' id='word_1_395' title='bbox 1403 3611 1614 3680; x_wconf 84' lang='lat' dir='ltr'><strong>signum</strong></span> <span class='ocrx_word' id='word_1_396' title='bbox 1635 3619 1797 3681; x_wconf 87' lang='lat' dir='ltr'><strong>atque</strong></span> <span class='ocrx_word' id='word_1_397' title='bbox 1820 3611 1954 3666; x_wconf 83' lang='lat' dir='ltr'><strong>iudi-</strong></span> 
     </span>
    </p>
   </div>
   <div class='ocr_carea' id='block_1_52' title="bbox 352 3703 1952 3773">
    <p class='ocr_par' dir='ltr' id='par_1_52' title="bbox 352 3703 1952 3773">
     <span class='ocr_line' id='line_1_52' title="bbox 352 3703 1952 3773; baseline -0.003 -10"><span class='ocrx_word' id='word_1_398' title='bbox 352 3708 491 3763; x_wconf 91' lang='lat' dir='ltr'><strong>cium</strong></span> <span class='ocrx_word' id='word_1_399' title='bbox 516 3705 805 3760; x_wconf 85' lang='lat' dir='ltr'><strong>nativitatis</strong></span> <span class='ocrx_word' id='word_1_400' title='bbox 821 3703 989 3773; x_wconf 90' lang='lat' dir='ltr'><strong>ipsius</strong></span> <span class='ocrx_word' id='word_1_401' title='bbox 1002 3718 1122 3758; x_wconf 90' lang='lat' dir='ltr'><strong>esse</strong></span> <span class='ocrx_word' id='word_1_402' title='bbox 1145 3713 1520 3769; x_wconf 81' lang='lat' dir='ltr'><strong>monstratam;</strong></span> <span class='ocrx_word' id='word_1_403' title='bbox 1540 3719 1641 3773; x_wconf 85' lang='lat' dir='ltr'><strong>qua</strong></span> <span class='ocrx_word' id='word_1_404' title='bbox 1666 3703 1841 3759; x_wconf 85' lang='lat' dir='ltr'><strong>indice</strong></span> <span class='ocrx_word' id='word_1_405' title='bbox 1857 3721 1952 3759; x_wconf 85' lang='lat' dir='ltr'><strong>na-</strong></span> 
     </span>
    </p>
   </div>
   <div class='ocr_carea' id='block_1_53' title="bbox 352 3797 1945 3868">
    <p class='ocr_par' dir='ltr' id='par_1_53' title="bbox 352 3797 1945 3868">
     <span class='ocr_line' id='line_1_53' title="bbox 352 3797 1945 3868; baseline -0.002 -12"><span class='ocrx_word' id='word_1_406' title='bbox 352 3809 466 3856; x_wconf 87' lang='lat' dir='ltr'><strong>tum</strong></span> <span class='ocrx_word' id='word_1_407' title='bbox 500 3814 619 3856; x_wconf 89' lang='lat' dir='ltr'><strong>esse</strong></span> <span class='ocrx_word' id='word_1_408' title='bbox 642 3799 793 3854; x_wconf 87' lang='lat' dir='ltr'><strong>illum</strong></span> <span class='ocrx_word' id='word_1_409' title='bbox 816 3798 985 3868; x_wconf 80' lang='lat' dir='ltr'><strong>Magis</strong></span> <span class='ocrx_word' id='word_1_410' title='bbox 1003 3797 1423 3867; x_wconf 61' lang='lat' dir='ltr'><strong>praedicantibus</strong></span> <span class='ocrx_word' id='word_1_411' title='bbox 1452 3808 1502 3852; x_wconf 89' lang='lat' dir='ltr'><strong>et</strong></span> <span class='ocrx_word' id='word_1_412' title='bbox 1532 3798 1945 3864; x_wconf 82' lang='lat' dir='ltr'><strong>atlirmanttbus,</strong></span> 
     </span>
    </p>
   </div>
   <div class='ocr_carea' id='block_1_54' title="bbox 347 3889 1946 3963">
    <p class='ocr_par' dir='ltr' id='par_1_54' title="bbox 347 3889 1946 3963">
     <span class='ocr_line' id='line_1_54' title="bbox 347 3889 1946 3963; baseline -0.003 -15"><span class='ocrx_word' id='word_1_413' title='bbox 347 3891 735 3963; x_wconf 83' lang='lat' dir='ltr'><strong>Hierosolymis</strong></span> <span class='ocrx_word' id='word_1_414' title='bbox 776 3889 1108 3945; x_wconf 89' lang='lat' dir='ltr'><strong>crederetur.</strong></span> <span class='ocrx_word' id='word_1_415' title='bbox 1141 3890 1361 3945; x_wconf 87' lang='lat' dir='ltr'><strong>Simeon</strong></span> <span class='ocrx_word' id='word_1_416' title='bbox 1402 3904 1616 3961; x_wconf 84' lang='lat' dir='ltr'><strong>quoque</strong></span> <span class='ocrx_word' id='word_1_417' title='bbox 1656 3890 1831 3960; x_wconf 76' lang='lat' dir='ltr'><strong>justus</strong></span> <span class='ocrx_word' id='word_1_418' title='bbox 1857 3892 1946 3960; x_wconf 94' lang='lat' dir='ltr'><strong>qui</strong></span> 
     </span>
    </p>
   </div>
   <div class='ocr_carea' id='block_1_55' title="bbox 348 3982 1945 4050">
    <p class='ocr_par' dir='ltr' id='par_1_55' title="bbox 348 3982 1945 4050">
     <span class='ocr_line' id='line_1_55' title="bbox 348 3982 1945 4050; baseline -0.002 -8"><span class='ocrx_word' id='word_1_419' title='bbox 348 3988 405 4042; x_wconf 90' lang='lat' dir='ltr'><strong>in</strong></span> <span class='ocrx_word' id='word_1_420' title='bbox 460 3988 703 4041; x_wconf 59' lang='lat' dir='ltr'><strong>caecitate</strong></span> <span class='ocrx_word' id='word_1_421' title='bbox 764 3984 1135 4050; x_wconf 89' lang='lat' dir='ltr'><strong>constitutus,</strong></span> <span class='ocrx_word' id='word_1_422' title='bbox 1181 3982 1367 4038; x_wconf 86' lang='lat' dir='ltr'><strong>divino</strong></span> <span class='ocrx_word' id='word_1_423' title='bbox 1428 3985 1664 4038; x_wconf 89' lang='lat' dir='ltr'><strong>monitus</strong></span> <span class='ocrx_word' id='word_1_424' title='bbox 1728 3987 1945 4039; x_wconf 88' lang='lat' dir='ltr'><strong>oraculo</strong></span> 
     </span>
    </p>
   </div>
   <div class='ocr_carea' id='block_1_56' title="bbox 348 4076 1946 4147">
    <p class='ocr_par' dir='ltr' id='par_1_56' title="bbox 348 4076 1946 4147">
     <span class='ocr_line' id='line_1_56' title="bbox 348 4076 1946 4147; baseline -0.003 -12"><span class='ocrx_word' id='word_1_425' title='bbox 348 4080 595 4136; x_wconf 84' lang='lat' dir='ltr'><strong>audierat</strong></span> <span class='ocrx_word' id='word_1_426' title='bbox 619 4094 679 4134; x_wconf 92' lang='lat' dir='ltr'><strong>se</strong></span> <span class='ocrx_word' id='word_1_427' title='bbox 705 4093 811 4133; x_wconf 87' lang='lat' dir='ltr'><strong>non</strong></span> <span class='ocrx_word' id='word_1_428' title='bbox 836 4085 964 4132; x_wconf 88' lang='lat' dir='ltr'><strong>ante</strong></span> <span class='ocrx_word' id='word_1_429' title='bbox 989 4077 1310 4132; x_wconf 92' lang='lat' dir='ltr'><strong>moriturum</strong></span> <span class='ocrx_word' id='word_1_430' title='bbox 1335 4090 1495 4147; x_wconf 90' lang='lat' dir='ltr'><strong>quam</strong></span> <span class='ocrx_word' id='word_1_431' title='bbox 1530 4077 1753 4132; x_wconf 87' lang='lat' dir='ltr'><strong>vidisset</strong></span> <span class='ocrx_word' id='word_1_432' title='bbox 1788 4076 1946 4132; x_wconf 79' lang='lat' dir='ltr'><strong>Chri-</strong></span> 
     </span>
    </p>
   </div>
   <div class='ocr_carea' id='block_1_57' title="bbox 350 4169 1947 4240">
    <p class='ocr_par' dir='ltr' id='par_1_57' title="bbox 350 4169 1947 4240">
     <span class='ocr_line' id='line_1_57' title="bbox 350 4169 1947 4240; baseline -0.002 -14"><span class='ocrx_word' id='word_1_433' title='bbox 350 4182 529 4237; x_wconf 90' lang='lat' dir='ltr'><strong>stum;</strong></span> <span class='ocrx_word' id='word_1_434' title='bbox 552 4186 674 4226; x_wconf 94' lang='lat' dir='ltr'><strong>cum</strong></span> <span class='ocrx_word' id='word_1_435' title='bbox 696 4170 749 4225; x_wconf 91' lang='lat' dir='ltr'><strong>in</strong></span> <span class='ocrx_word' id='word_1_436' title='bbox 768 4169 1052 4239; x_wconf 88' lang='lat' dir='ltr'><strong>templum,</strong></span> <span class='ocrx_word' id='word_1_437' title='bbox 1075 4170 1220 4224; x_wconf 90' lang='lat' dir='ltr'><strong>omni</strong></span> <span class='ocrx_word' id='word_1_438' title='bbox 1250 4169 1448 4239; x_wconf 90' lang='lat' dir='ltr'><strong>populo</strong></span> <span class='ocrx_word' id='word_1_439' title='bbox 1466 4180 1751 4240; x_wconf 70' lang='lat' dir='ltr'><strong>praesente,</strong></span> <span class='ocrx_word' id='word_1_440' title='bbox 1773 4169 1947 4224; x_wconf 62' lang='lat' dir='ltr'><strong>infan-</strong></span> 
     </span>
    </p>
   </div>
   <div class='ocr_carea' id='block_1_58' title="bbox 352 4260 1945 4332">
    <p class='ocr_par' dir='ltr' id='par_1_58' title="bbox 352 4260 1945 4332">
     <span class='ocr_line' id='line_1_58' title="bbox 352 4260 1945 4332; baseline -0.001 -13"><span class='ocrx_word' id='word_1_441' title='bbox 352 4274 461 4319; x_wconf 90' lang='lat' dir='ltr'><strong>tem</strong></span> <span class='ocrx_word' id='word_1_442' title='bbox 496 4278 680 4319; x_wconf 90' lang='lat' dir='ltr'><strong>secum</strong></span> <span class='ocrx_word' id='word_1_443' title='bbox 710 4260 937 4317; x_wconf 85' lang='lat' dir='ltr'><strong>inferret</strong></span> <span class='ocrx_word' id='word_1_444' title='bbox 970 4271 1162 4328; x_wconf 88' lang='lat' dir='ltr'><strong>mater,</strong></span> <span class='ocrx_word' id='word_1_445' title='bbox 1194 4271 1248 4316; x_wconf 91' lang='lat' dir='ltr'><strong>et</strong></span> <span class='ocrx_word' id='word_1_446' title='bbox 1274 4262 1324 4316; x_wconf 92' lang='lat' dir='ltr'><strong>in</strong></span> <span class='ocrx_word' id='word_1_447' title='bbox 1370 4262 1560 4332; x_wconf 90' lang='lat' dir='ltr'><strong>spiritu</strong></span> <span class='ocrx_word' id='word_1_448' title='bbox 1601 4273 1785 4317; x_wconf 89' lang='lat' dir='ltr'><strong>natum</strong></span> <span class='ocrx_word' id='word_1_449' title='bbox 1823 4276 1945 4318; x_wconf 87' lang='lat' dir='ltr'><strong>esse</strong></span> 
     </span>
    </p>
   </div>
   <div class='ocr_carea' id='block_1_59' title="bbox 345 4354 1944 4427">
    <p class='ocr_par' dir='ltr' id='par_1_59' title="bbox 345 4354 1944 4427">
     <span class='ocr_line' id='line_1_59' title="bbox 345 4354 1944 4427; baseline 0.001 -15"><span class='ocrx_word' id='word_1_450' title='bbox 345 4356 620 4412; x_wconf 86' lang='lat' dir='ltr'><strong>Christum</strong></span> <span class='ocrx_word' id='word_1_451' title='bbox 652 4355 935 4422; x_wconf 89' lang='lat' dir='ltr'><strong>sensisset,</strong></span> <span class='ocrx_word' id='word_1_452' title='bbox 952 4363 1231 4425; x_wconf 87' lang='lat' dir='ltr'><strong>acceptum</strong></span> <span class='ocrx_word' id='word_1_453' title='bbox 1255 4354 1309 4410; x_wconf 90' lang='lat' dir='ltr'><strong>in</strong></span> <span class='ocrx_word' id='word_1_454' title='bbox 1325 4371 1517 4412; x_wconf 90' lang='lat' dir='ltr'><strong>manus</strong></span> <span class='ocrx_word' id='word_1_455' title='bbox 1533 4372 1758 4427; x_wconf 90' lang='lat' dir='ltr'><strong>puerum</strong></span> <span class='ocrx_word' id='word_1_456' title='bbox 1774 4357 1908 4414; x_wconf 90' lang='lat' dir='ltr'><strong>vidit</strong></span> <span class='ocrx_word' id='word_1_457' title='bbox 1927 4374 1944 4424; x_wconf 85' lang='lat'><strong>;</strong></span> 
     </span>
    </p>
   </div>
   <div class='ocr_carea' id='block_1_60' title="bbox 349 4448 1945 4519">
    <p class='ocr_par' dir='ltr' id='par_1_60' title="bbox 349 4448 1945 4519">
     <span class='ocr_line' id='line_1_60' title="bbox 349 4448 1945 4519; baseline 0.001 -14"><span class='ocrx_word' id='word_1_458' title='bbox 349 4458 405 4505; x_wconf 90' lang='lat' dir='ltr'><strong>et</strong></span> <span class='ocrx_word' id='word_1_459' title='bbox 446 4449 771 4505; x_wconf 88' lang='lat' dir='ltr'><strong>benedicens</strong></span> <span class='ocrx_word' id='word_1_460' title='bbox 800 4448 991 4515; x_wconf 90' lang='lat' dir='ltr'><strong>Deum,</strong></span> <span class='ocrx_word' id='word_1_461' title='bbox 1025 4449 1079 4503; x_wconf 94' lang='lat' dir='ltr'><strong>in</strong></span> <span class='ocrx_word' id='word_1_462' title='bbox 1101 4458 1389 4519; x_wconf 90' lang='lat' dir='ltr'><strong>conspectu</strong></span> <span class='ocrx_word' id='word_1_463' title='bbox 1416 4458 1468 4505; x_wconf 91' lang='lat' dir='ltr'><strong>et</strong></span> <span class='ocrx_word' id='word_1_464' title='bbox 1491 4451 1671 4505; x_wconf 87' lang='lat' dir='ltr'><strong>auditu</strong></span> <span class='ocrx_word' id='word_1_465' title='bbox 1699 4452 1945 4508; x_wconf 87' lang='lat' dir='ltr'><strong>omnium</strong></span> 
     </span>
    </p>
   </div>
   <div class='ocr_carea' id='block_1_61' title="bbox 2062 1930 3664 2004">
    <p class='ocr_par' dir='ltr' id='par_1_61' title="bbox 2062 1930 3664 2004">
     <span class='ocr_line' id='line_1_61' title="bbox 2062 1930 3664 2004; baseline 0.003 -17"><span class='ocrx_word' id='word_1_466' title='bbox 2062 1932 2118 1995; x_wconf 80' lang='grc'><strong>5,</strong></span> <span class='ocrx_word' id='word_1_467' title='bbox 2152 1930 2248 2004; x_wconf 83' lang='grc'><strong>6);</strong></span> <span class='ocrx_word' id='word_1_468' title='bbox 2284 1930 2404 1986; x_wconf 83' lang='lat' dir='ltr'><strong>Dies</strong></span> <span class='ocrx_word' id='word_1_469' title='bbox 2448 1934 2551 1986; x_wconf 90' lang='lat' dir='ltr'><strong>diei</strong></span> <span class='ocrx_word' id='word_1_470' title='bbox 2593 1943 2785 1988; x_wconf 86' lang='lat' dir='ltr'><strong>eructat</strong></span> <span class='ocrx_word' id='word_1_471' title='bbox 2810 1935 3036 1999; x_wconf 82' lang='lat' dir='ltr'><strong>verbum,</strong></span> <span class='ocrx_word' id='word_1_472' title='bbox 3084 1944 3131 1990; x_wconf 91' lang='lat' dir='ltr'><strong>et</strong></span> <span class='ocrx_word' id='word_1_473' title='bbox 3156 1951 3258 1989; x_wconf 64' lang='grc' dir='ltr'><strong>ηοω</strong></span> <span class='ocrx_word' id='word_1_474' title='bbox 3285 1937 3422 1989; x_wconf 88' lang='lat' dir='ltr'><strong>nocti</strong></span> <span class='ocrx_word' id='word_1_475' title='bbox 3462 1938 3664 1992; x_wconf 82' lang='lat' dir='ltr'><strong>indicat</strong></span> 
     </span>
    </p>
   </div>
   <div class='ocr_carea' id='block_1_62' title="bbox 2056 2025 3663 2101">
    <p class='ocr_par' dir='ltr' id='par_1_62' title="bbox 2056 2025 3663 2101">
     <span class='ocr_line' id='line_1_62' title="bbox 2056 2025 3663 2101; baseline 0.004 -22"><span class='ocrx_word' id='word_1_476' title='bbox 2056 2026 2339 2080; x_wconf 79' lang='lat' dir='ltr'><strong>scientiam.</strong></span> <span class='ocrx_word' id='word_1_477' title='bbox 2376 2025 2498 2081; x_wconf 88' lang='lat' dir='ltr'><strong>Non</strong></span> <span class='ocrx_word' id='word_1_478' title='bbox 2525 2038 2643 2083; x_wconf 90' lang='lat' dir='ltr'><strong>sunt</strong></span> <span class='ocrx_word' id='word_1_479' title='bbox 2670 2044 2931 2083; x_wconf 85' lang='lat' dir='ltr'><strong>sermones</strong></span> <span class='ocrx_word' id='word_1_480' title='bbox 2976 2046 3065 2083; x_wconf 88' lang='lat' dir='ltr'><strong>nec</strong></span> <span class='ocrx_word' id='word_1_481' title='bbox 3094 2030 3266 2098; x_wconf 77' lang='lat' dir='ltr'><strong>verba,</strong></span> <span class='ocrx_word' id='word_1_482' title='bbox 3312 2046 3526 2101; x_wconf 88' lang='lat' dir='ltr'><strong>quorum</strong></span> <span class='ocrx_word' id='word_1_483' title='bbox 3557 2048 3663 2087; x_wconf 86' lang='lat' dir='ltr'><strong>non</strong></span> 
     </span>
    </p>
   </div>
   <div class='ocr_carea' id='block_1_63' title="bbox 2055 2117 3663 2179">
    <p class='ocr_par' dir='ltr' id='par_1_63' title="bbox 2055 2117 3663 2179">
     <span class='ocr_line' id='line_1_63' title="bbox 2055 2117 3663 2179; baseline 0.004 -8"><span class='ocrx_word' id='word_1_484' title='bbox 2055 2117 2335 2173; x_wconf 79' lang='lat' dir='ltr'><strong>audiantur</strong></span> <span class='ocrx_word' id='word_1_485' title='bbox 2357 2135 2500 2175; x_wconf 78' lang='lat' dir='ltr'><strong>uoces</strong></span> <span class='ocrx_word' id='word_1_486' title='bbox 2526 2137 2721 2176; x_wconf 81' lang='lat' dir='ltr'><strong>eorum.</strong></span> <span class='ocrx_word' id='word_1_487' title='bbox 2752 2120 2821 2176; x_wconf 78' lang='lat' dir='ltr'><strong>In</strong></span> <span class='ocrx_word' id='word_1_488' title='bbox 2845 2137 3047 2177; x_wconf 78' lang='lat' dir='ltr'><strong>omnem</strong></span> <span class='ocrx_word' id='word_1_489' title='bbox 3093 2132 3285 2177; x_wconf 74' lang='lat' dir='ltr'><strong>terram</strong></span> <span class='ocrx_word' id='word_1_490' title='bbox 3324 2123 3477 2177; x_wconf 67' lang='lat' dir='ltr'><strong>exivit</strong></span> <span class='ocrx_word' id='word_1_491' title='bbox 3502 2140 3663 2179; x_wconf 82' lang='lat' dir='ltr'><strong>sonus</strong></span> 
     </span>
    </p>
   </div>
   <div class='ocr_carea' id='block_1_64' title="bbox 2057 2214 3664 2286">
    <p class='ocr_par' dir='ltr' id='par_1_64' title="bbox 2057 2214 3664 2286">
     <span class='ocr_line' id='line_1_64' title="bbox 2057 2214 3664 2286; baseline 0.005 -23"><span class='ocrx_word' id='word_1_492' title='bbox 2057 2225 2251 2278; x_wconf 81' lang='lat' dir='ltr'><strong>eorum,</strong></span> <span class='ocrx_word' id='word_1_493' title='bbox 2286 2226 2333 2268; x_wconf 88' lang='lat' dir='ltr'><strong>et</strong></span> <span class='ocrx_word' id='word_1_494' title='bbox 2361 2222 2503 2267; x_wconf 84' lang='lat' dir='ltr'><strong>trans</strong></span> <span class='ocrx_word' id='word_1_495' title='bbox 2532 2214 2664 2279; x_wconf 75' lang='lat' dir='ltr'><strong>ﬁnes</strong></span> <span class='ocrx_word' id='word_1_496' title='bbox 2693 2223 2844 2270; x_wconf 70' lang='lat' dir='ltr'><strong>terra</strong></span> <span class='ocrx_word' id='word_1_497' title='bbox 2871 2216 2998 2281; x_wconf 79' lang='lat' dir='ltr'><strong>ﬁnes</strong></span> <span class='ocrx_word' id='word_1_498' title='bbox 3027 2231 3228 2270; x_wconf 82' lang='lat' dir='ltr'><strong>eorum.</strong></span> <span class='ocrx_word' id='word_1_499' title='bbox 3262 2216 3333 2269; x_wconf 82' lang='lat' dir='ltr'><strong>1n</strong></span> <span class='ocrx_word' id='word_1_500' title='bbox 3352 2214 3465 2271; x_wconf 86' lang='lat' dir='ltr'><strong>sole</strong></span> <span class='ocrx_word' id='word_1_501' title='bbox 3489 2216 3664 2286; x_wconf 78' lang='lat' dir='ltr'><strong>posuit</strong></span> 
     </span>
    </p>
   </div>
   <div class='ocr_carea' id='block_1_65' title="bbox 2058 2309 3661 2378">
    <p class='ocr_par' dir='ltr' id='par_1_65' title="bbox 2058 2309 3661 2378">
     <span class='ocr_line' id='line_1_65' title="bbox 2058 2309 3661 2378; baseline 0 -10"><span class='ocrx_word' id='word_1_502' title='bbox 2058 2309 2445 2368; x_wconf 79' lang='lat' dir='ltr'><strong>tabernaculum</strong></span> <span class='ocrx_word' id='word_1_503' title='bbox 2486 2325 2642 2364; x_wconf 83' lang='lat' dir='ltr'><strong>suum</strong></span> <span class='ocrx_word' id='word_1_504' title='bbox 2686 2325 2705 2363; x_wconf 91' lang='lat'><strong><em>:</em></strong></span> <span class='ocrx_word' id='word_1_505' title='bbox 2757 2309 2813 2365; x_wconf 88' lang='lat' dir='ltr'><strong>id</strong></span> <span class='ocrx_word' id='word_1_506' title='bbox 2857 2319 2940 2366; x_wconf 85' lang='lat' dir='ltr'><strong>est</strong></span> <span class='ocrx_word' id='word_1_507' title='bbox 2970 2352 2987 2378; x_wconf 92' lang='lat'><strong>,</strong></span> <span class='ocrx_word' id='word_1_508' title='bbox 3037 2310 3091 2365; x_wconf 91' lang='lat' dir='ltr'><strong>in</strong></span> <span class='ocrx_word' id='word_1_509' title='bbox 3154 2311 3439 2367; x_wconf 79' lang='lat' dir='ltr'><strong>manifesta</strong></span> <span class='ocrx_word' id='word_1_510' title='bbox 3487 2312 3605 2367; x_wconf 76' lang='lat' dir='ltr'><strong>luce</strong></span> <span class='ocrx_word' id='word_1_511' title='bbox 3638 2352 3661 2378; x_wconf 84' lang='lat'><strong>,</strong></span> 
     </span>
    </p>
   </div>
   <div class='ocr_carea' id='block_1_66' title="bbox 2057 2404 3661 2477">
    <p class='ocr_par' dir='ltr' id='par_1_66' title="bbox 2057 2404 3661 2477">
     <span class='ocr_line' id='line_1_66' title="bbox 2057 2404 3661 2477; baseline 0.001 -17"><span class='ocrx_word' id='word_1_512' title='bbox 2057 2407 2230 2477; x_wconf 80' lang='lat' dir='ltr'><strong>palam</strong></span> <span class='ocrx_word' id='word_1_513' title='bbox 2273 2419 2332 2459; x_wconf 89' lang='lat' dir='ltr'><strong>se</strong></span> <span class='ocrx_word' id='word_1_514' title='bbox 2372 2405 2547 2474; x_wconf 84' lang='lat' dir='ltr'><strong>ipsum</strong></span> <span class='ocrx_word' id='word_1_515' title='bbox 2602 2404 2814 2460; x_wconf 84' lang='lat' dir='ltr'><strong>venisse</strong></span> <span class='ocrx_word' id='word_1_516' title='bbox 2864 2405 3211 2472; x_wconf 77' lang='lat' dir='ltr'><strong>monstravit;</strong></span> <span class='ocrx_word' id='word_1_517' title='bbox 3266 2415 3322 2461; x_wconf 90' lang='lat' dir='ltr'><strong>et</strong></span> <span class='ocrx_word' id='word_1_518' title='bbox 3361 2421 3462 2476; x_wconf 87' lang='lat' dir='ltr'><strong>per</strong></span> <span class='ocrx_word' id='word_1_519' title='bbox 3516 2421 3661 2475; x_wconf 74' lang='lat' dir='ltr'><strong>prtu-</strong></span> 
     </span>
    </p>
   </div>
   <div class='ocr_carea' id='block_1_67' title="bbox 2056 2495 3663 2566">
    <p class='ocr_par' dir='ltr' id='par_1_67' title="bbox 2056 2495 3663 2566">
     <span class='ocr_line' id='line_1_67' title="bbox 2056 2495 3663 2566; baseline 0.001 -13"><span class='ocrx_word' id='word_1_520' title='bbox 2056 2498 2382 2553; x_wconf 80' lang='lat' dir='ltr'><strong>dicationem</strong></span> <span class='ocrx_word' id='word_1_521' title='bbox 2414 2495 2800 2566; x_wconf 81' lang='lat' dir='ltr'><strong>prophetarum</strong></span> <span class='ocrx_word' id='word_1_522' title='bbox 2827 2496 3230 2566; x_wconf 79' lang='lat' dir='ltr'><strong>quodammodo</strong></span> <span class='ocrx_word' id='word_1_523' title='bbox 3263 2499 3514 2555; x_wconf 87' lang='lat' dir='ltr'><strong>omnibus</strong></span> <span class='ocrx_word' id='word_1_524' title='bbox 3542 2514 3663 2555; x_wconf 76' lang='lat' dir='ltr'><strong>suae</strong></span> 
     </span>
    </p>
   </div>
   <div class='ocr_carea' id='block_1_68' title="bbox 2058 2589 3660 2660">
    <p class='ocr_par' dir='ltr' id='par_1_68' title="bbox 2058 2589 3660 2660">
     <span class='ocr_line' id='line_1_68' title="bbox 2058 2589 3660 2660; baseline 0.002 -16"><span class='ocrx_word' id='word_1_525' title='bbox 2058 2589 2365 2660; x_wconf 68' lang='lat' dir='ltr'><strong>presentize</strong></span> <span class='ocrx_word' id='word_1_526' title='bbox 2424 2589 2791 2644; x_wconf 84' lang='lat' dir='ltr'><strong>ostensionem</strong></span> <span class='ocrx_word' id='word_1_527' title='bbox 2862 2589 3255 2659; x_wconf 79' lang='lat' dir='ltr'><strong>comprobavit.</strong></span> <span class='ocrx_word' id='word_1_528' title='bbox 3315 2589 3430 2645; x_wconf 78' lang='lat' dir='ltr'><strong>Huc</strong></span> <span class='ocrx_word' id='word_1_529' title='bbox 3490 2592 3660 2647; x_wconf 59' lang='lat' dir='ltr'><strong>etiam</strong></span> 
     </span>
    </p>
   </div>
   <div class='ocr_carea' id='block_1_69' title="bbox 2060 2678 3661 2752">
    <p class='ocr_par' dir='ltr' id='par_1_69' title="bbox 2060 2678 3661 2752">
     <span class='ocr_line' id='line_1_69' title="bbox 2060 2678 3661 2752; baseline 0.002 -16"><span class='ocrx_word' id='word_1_530' title='bbox 2060 2682 2267 2744; x_wconf 78' lang='lat' dir='ltr'><strong>Esaias,</strong></span> <span class='ocrx_word' id='word_1_531' title='bbox 2302 2696 2397 2750; x_wconf 89' lang='lat' dir='ltr'><strong>per</strong></span> <span class='ocrx_word' id='word_1_532' title='bbox 2428 2695 2588 2750; x_wconf 88' lang='lat' dir='ltr'><strong>quem</strong></span> <span class='ocrx_word' id='word_1_533' title='bbox 2631 2680 2892 2736; x_wconf 81' lang='lat' dir='ltr'><strong>Dominus</strong></span> <span class='ocrx_word' id='word_1_534' title='bbox 2936 2683 3281 2752; x_wconf 60' lang='lat' dir='ltr'><strong>prmscutiam</strong></span> <span class='ocrx_word' id='word_1_535' title='bbox 3310 2678 3461 2739; x_wconf 80' lang='lat' dir='ltr'><strong>suam</strong></span> <span class='ocrx_word' id='word_1_536' title='bbox 3510 2685 3661 2740; x_wconf 79' lang='lat' dir='ltr'><strong>clara</strong></span> 
     </span>
    </p>
   </div>
   <div class='ocr_carea' id='block_1_70' title="bbox 2057 2770 3659 2845">
    <p class='ocr_par' dir='ltr' id='par_1_70' title="bbox 2057 2770 3659 2845">
     <span class='ocr_line' id='line_1_70' title="bbox 2057 2770 3659 2845; baseline 0.002 -19"><span class='ocrx_word' id='word_1_537' title='bbox 2057 2772 2479 2827; x_wconf 76' lang='lat' dir='ltr'><strong>annontiationis</strong></span> <span class='ocrx_word' id='word_1_538' title='bbox 2511 2770 2942 2828; x_wconf 80' lang='lat' dir='ltr'><strong>manifestatione</strong></span> <span class='ocrx_word' id='word_1_539' title='bbox 2974 2774 3329 2840; x_wconf 80' lang='lat' dir='ltr'><strong>monstravit,</strong></span> <span class='ocrx_word' id='word_1_540' title='bbox 3363 2775 3659 2845; x_wconf 66' lang='lat' dir='ltr'><strong>protthetot</strong></span> 
     </span>
    </p>
   </div>
   <div class='ocr_carea' id='block_1_71' title="bbox 2056 2862 3661 2936">
    <p class='ocr_par' dir='ltr' id='par_1_71' title="bbox 2056 2862 3661 2936">
     <span class='ocr_line' id='line_1_71' title="bbox 2056 2862 3661 2936; baseline 0.001 -16"><span class='ocrx_word' id='word_1_541' title='bbox 2056 2877 2113 2920; x_wconf 84' lang='lat' dir='ltr'><strong>et</strong></span> <span class='ocrx_word' id='word_1_542' title='bbox 2137 2864 2269 2919; x_wconf 85' lang='lat' dir='ltr'><strong>dicit</strong></span> <span class='ocrx_word' id='word_1_543' title='bbox 2294 2863 2455 2935; x_wconf 53' lang='lat' dir='ltr'><strong>(Isa.,</strong></span> <span class='ocrx_word' id='word_1_544' title='bbox 2482 2880 2561 2929; x_wconf 86' lang='lat' dir='ltr'><strong>Ill,</strong></span> <span class='ocrx_word' id='word_1_545' title='bbox 2592 2863 2694 2934; x_wconf 82' lang='lat'><strong>6):</strong></span> <span class='ocrx_word' id='word_1_546' title='bbox 2729 2862 2845 2935; x_wconf 76' lang='lat' dir='ltr'><strong>Ego</strong></span> <span class='ocrx_word' id='word_1_547' title='bbox 2874 2866 2981 2934; x_wconf 89' lang='lat' dir='ltr'><strong>ipse</strong></span> <span class='ocrx_word' id='word_1_548' title='bbox 3008 2866 3095 2936; x_wconf 89' lang='lat' dir='ltr'><strong>qui</strong></span> <span class='ocrx_word' id='word_1_549' title='bbox 3124 2864 3388 2935; x_wconf 79' lang='lat' dir='ltr'><strong>loquebar,</strong></span> <span class='ocrx_word' id='word_1_550' title='bbox 3409 2867 3525 2921; x_wconf 74' lang='lat' dir='ltr'><strong>veni</strong></span> <span class='ocrx_word' id='word_1_551' title='bbox 3552 2883 3571 2920; x_wconf 91' lang='lat'><strong><em>:</em></strong></span> <span class='ocrx_word' id='word_1_552' title='bbox 3603 2866 3661 2921; x_wconf 77' lang='lat' dir='ltr'><strong>id</strong></span> 
     </span>
    </p>
   </div>
   <div class='ocr_carea' id='block_1_72' title="bbox 2057 2958 3660 3027">
    <p class='ocr_par' dir='ltr' id='par_1_72' title="bbox 2057 2958 3660 3027">
     <span class='ocr_line' id='line_1_72' title="bbox 2057 2958 3660 3027; baseline 0.001 -14"><span class='ocrx_word' id='word_1_553' title='bbox 2057 2968 2160 3022; x_wconf 86' lang='lat' dir='ltr'><strong>est,</strong></span> <span class='ocrx_word' id='word_1_554' title='bbox 2192 2959 2282 3027; x_wconf 85' lang='lat' dir='ltr'><strong>qui</strong></span> <span class='ocrx_word' id='word_1_555' title='bbox 2312 2974 2406 3027; x_wconf 90' lang='lat' dir='ltr'><strong>per</strong></span> <span class='ocrx_word' id='word_1_556' title='bbox 2427 2960 2717 3027; x_wconf 84' lang='lat' dir='ltr'><strong>prophetas</strong></span> <span class='ocrx_word' id='word_1_557' title='bbox 2746 2967 2870 3013; x_wconf 78' lang='lat' dir='ltr'><strong>ante</strong></span> <span class='ocrx_word' id='word_1_558' title='bbox 2891 2958 3177 3013; x_wconf 83' lang='lat' dir='ltr'><strong>adventum</strong></span> <span class='ocrx_word' id='word_1_559' title='bbox 3209 2974 3389 3014; x_wconf 82' lang='lat' dir='ltr'><strong>meum</strong></span> <span class='ocrx_word' id='word_1_560' title='bbox 3421 2960 3660 3015; x_wconf 83' lang='lat' dir='ltr'><strong>futurum</strong></span> 
     </span>
    </p>
   </div>
   <div class='ocr_carea' id='block_1_73' title="bbox 2060 3052 3660 3127">
    <p class='ocr_par' dir='ltr' id='par_1_73' title="bbox 2060 3052 3660 3127">
     <span class='ocr_line' id='line_1_73' title="bbox 2060 3052 3660 3127; baseline 0.003 -19"><span class='ocrx_word' id='word_1_561' title='bbox 2060 3053 2386 3124; x_wconf 69' lang='lat' dir='ltr'><strong>praelocutus</strong></span> <span class='ocrx_word' id='word_1_562' title='bbox 2407 3052 2636 3121; x_wconf 89' lang='lat' dir='ltr'><strong>fueram,</strong></span> <span class='ocrx_word' id='word_1_563' title='bbox 2671 3055 2787 3124; x_wconf 88' lang='lat' dir='ltr'><strong>ipse</strong></span> <span class='ocrx_word' id='word_1_564' title='bbox 2812 3071 2954 3110; x_wconf 87' lang='lat' dir='ltr'><strong>nunc</strong></span> <span class='ocrx_word' id='word_1_565' title='bbox 2987 3057 3131 3121; x_wconf 90' lang='lat' dir='ltr'><strong>veni,</strong></span> <span class='ocrx_word' id='word_1_566' title='bbox 3157 3065 3213 3110; x_wconf 91' lang='lat' dir='ltr'><strong>ut</strong></span> <span class='ocrx_word' id='word_1_567' title='bbox 3239 3057 3494 3112; x_wconf 86' lang='lat' dir='ltr'><strong>omnibus</strong></span> <span class='ocrx_word' id='word_1_568' title='bbox 3521 3072 3660 3127; x_wconf 75' lang='lat' dir='ltr'><strong>pra:-</strong></span> 
     </span>
    </p>
   </div>
   <div class='ocr_carea' id='block_1_74' title="bbox 2058 3147 3661 3218">
    <p class='ocr_par' dir='ltr' id='par_1_74' title="bbox 2058 3147 3661 3218">
     <span class='ocr_line' id='line_1_74' title="bbox 2058 3147 3661 3218; baseline 0.002 -17"><span class='ocrx_word' id='word_1_569' title='bbox 2058 3147 2291 3201; x_wconf 87' lang='lat' dir='ltr'><strong>sentiam</strong></span> <span class='ocrx_word' id='word_1_570' title='bbox 2321 3162 2494 3201; x_wconf 85' lang='lat' dir='ltr'><strong>meam</strong></span> <span class='ocrx_word' id='word_1_571' title='bbox 2528 3147 2646 3217; x_wconf 87' lang='lat' dir='ltr'><strong>ipse</strong></span> <span class='ocrx_word' id='word_1_572' title='bbox 2673 3161 2774 3218; x_wconf 89' lang='lat' dir='ltr'><strong>ego</strong></span> <span class='ocrx_word' id='word_1_573' title='bbox 2806 3148 2960 3202; x_wconf 83' lang='lat' dir='ltr'><strong>testis</strong></span> <span class='ocrx_word' id='word_1_574' title='bbox 2988 3148 3095 3202; x_wconf 86' lang='lat' dir='ltr'><strong>mei</strong></span> <span class='ocrx_word' id='word_1_575' title='bbox 3123 3148 3483 3204; x_wconf 79' lang='lat' dir='ltr'><strong>manifestem.</strong></span> <span class='ocrx_word' id='word_1_576' title='bbox 3517 3148 3661 3215; x_wconf 75' lang='lat' dir='ltr'><strong>Quid</strong></span> 
     </span>
    </p>
   </div>
   <div class='ocr_carea' id='block_1_75' title="bbox 2058 3237 3661 3309">
    <p class='ocr_par' dir='ltr' id='par_1_75' title="bbox 2058 3237 3661 3309">
     <span class='ocr_line' id='line_1_75' title="bbox 2058 3237 3661 3309; baseline 0.002 -16"><span class='ocrx_word' id='word_1_577' title='bbox 2058 3238 2399 3293; x_wconf 84' lang='lat' dir='ltr'><strong>evidentius?</strong></span> <span class='ocrx_word' id='word_1_578' title='bbox 2441 3237 2580 3305; x_wconf 85' lang='lat' dir='ltr'><strong>Quid</strong></span> <span class='ocrx_word' id='word_1_579' title='bbox 2629 3237 2733 3293; x_wconf 86' lang='lat' dir='ltr'><strong>hac</strong></span> <span class='ocrx_word' id='word_1_580' title='bbox 2762 3240 2879 3295; x_wconf 90' lang='lat' dir='ltr'><strong>luce</strong></span> <span class='ocrx_word' id='word_1_581' title='bbox 2928 3240 3269 3309; x_wconf 63' lang='lat' dir='ltr'><strong>praeclarius?</strong></span> <span class='ocrx_word' id='word_1_582' title='bbox 3300 3240 3439 3308; x_wconf 88' lang='lat' dir='ltr'><strong>Quid</strong></span> <span class='ocrx_word' id='word_1_583' title='bbox 3480 3242 3661 3297; x_wconf 85' lang='lat' dir='ltr'><strong>verius</strong></span> 
     </span>
    </p>
   </div>
   <div class='ocr_carea' id='block_1_76' title="bbox 2060 3328 3661 3402">
    <p class='ocr_par' dir='ltr' id='par_1_76' title="bbox 2060 3328 3661 3402">
     <span class='ocr_line' id='line_1_76' title="bbox 2060 3328 3661 3402; baseline 0.003 -19"><span class='ocrx_word' id='word_1_584' title='bbox 2060 3338 2240 3400; x_wconf 90' lang='lat' dir='ltr'><strong>potest</strong></span> <span class='ocrx_word' id='word_1_585' title='bbox 2258 3329 2404 3384; x_wconf 77' lang='lat' dir='ltr'><strong>dici?</strong></span> <span class='ocrx_word' id='word_1_586' title='bbox 2436 3328 2505 3385; x_wconf 85' lang='lat' dir='ltr'><strong>Ut</strong></span> <span class='ocrx_word' id='word_1_587' title='bbox 2531 3345 2664 3401; x_wconf 91' lang='lat' dir='ltr'><strong>ergo</strong></span> <span class='ocrx_word' id='word_1_588' title='bbox 2692 3330 2864 3385; x_wconf 89' lang='lat' dir='ltr'><strong>oculis</strong></span> <span class='ocrx_word' id='word_1_589' title='bbox 2889 3334 3123 3399; x_wconf 83' lang='lat' dir='ltr'><strong>quodam</strong></span> <span class='ocrx_word' id='word_1_590' title='bbox 3153 3331 3315 3387; x_wconf 82' lang='lat' dir='ltr'><strong>modo</strong></span> <span class='ocrx_word' id='word_1_591' title='bbox 3340 3344 3661 3402; x_wconf 80' lang='lat' dir='ltr'><strong>perspectus</strong></span> 
     </span>
    </p>
   </div>
   <div class='ocr_carea' id='block_1_77' title="bbox 2058 3420 3656 3493">
    <p class='ocr_par' dir='ltr' id='par_1_77' title="bbox 2058 3420 3656 3493">
     <span class='ocr_line' id='line_1_77' title="bbox 2058 3420 3656 3493; baseline 0 -15"><span class='ocrx_word' id='word_1_592' title='bbox 2058 3432 2238 3487; x_wconf 78' lang='lat' dir='ltr'><strong>esset;</strong></span> <span class='ocrx_word' id='word_1_593' title='bbox 2267 3438 2326 3476; x_wconf 82' lang='lat' dir='ltr'><strong>se</strong></span> <span class='ocrx_word' id='word_1_594' title='bbox 2348 3423 2583 3487; x_wconf 87' lang='lat' dir='ltr'><strong>venisse,</strong></span> <span class='ocrx_word' id='word_1_595' title='bbox 2612 3422 2730 3493; x_wconf 85' lang='lat' dir='ltr'><strong>ipse</strong></span> <span class='ocrx_word' id='word_1_596' title='bbox 2768 3423 2858 3492; x_wconf 84' lang='lat' dir='ltr'><strong>qui</strong></span> <span class='ocrx_word' id='word_1_597' title='bbox 2886 3420 3067 3478; x_wconf 80' lang='lat' dir='ltr'><strong>fuerat</strong></span> <span class='ocrx_word' id='word_1_598' title='bbox 3091 3424 3203 3493; x_wconf 81' lang='lat' dir='ltr'><strong>jam</strong></span> <span class='ocrx_word' id='word_1_599' title='bbox 3227 3434 3490 3479; x_wconf 88' lang='lat' dir='ltr'><strong>venturus</strong></span> <span class='ocrx_word' id='word_1_600' title='bbox 3512 3467 3530 3491; x_wconf 90' lang='lat'><strong>,</strong></span> <span class='ocrx_word' id='word_1_601' title='bbox 3556 3440 3656 3478; x_wconf 75' lang='lat' dir='ltr'><strong>an-</strong></span> 
     </span>
    </p>
   </div>
   <div class='ocr_carea' id='block_1_78' title="bbox 2062 3515 3660 3586">
    <p class='ocr_par' dir='ltr' id='par_1_78' title="bbox 2062 3515 3660 3586">
     <span class='ocr_line' id='line_1_78' title="bbox 2062 3515 3660 3586; baseline 0.003 -17"><span class='ocrx_word' id='word_1_602' title='bbox 2062 3525 2277 3586; x_wconf 88' lang='lat' dir='ltr'><strong>tequam</strong></span> <span class='ocrx_word' id='word_1_603' title='bbox 2340 3516 2549 3570; x_wconf 83' lang='lat' dir='ltr'><strong>veniret</strong></span> <span class='ocrx_word' id='word_1_604' title='bbox 2591 3515 2863 3582; x_wconf 88' lang='lat' dir='ltr'><strong>ostendit;</strong></span> <span class='ocrx_word' id='word_1_605' title='bbox 2913 3525 2970 3570; x_wconf 92' lang='lat' dir='ltr'><strong>et</strong></span> <span class='ocrx_word' id='word_1_606' title='bbox 3014 3515 3398 3572; x_wconf 82' lang='lat' dir='ltr'><strong>incredulitate</strong></span> <span class='ocrx_word' id='word_1_607' title='bbox 3446 3528 3660 3574; x_wconf 85' lang='lat' dir='ltr'><strong>mentes</strong></span> 
     </span>
    </p>
   </div>
   <div class='ocr_carea' id='block_1_79' title="bbox 2061 3606 3656 3680">
    <p class='ocr_par' dir='ltr' id='par_1_79' title="bbox 2061 3606 3656 3680">
     <span class='ocr_line' id='line_1_79' title="bbox 2061 3606 3656 3680; baseline 0.005 -22"><span class='ocrx_word' id='word_1_608' title='bbox 2061 3606 2245 3677; x_wconf 85' lang='lat' dir='ltr'><strong>populi</strong></span> <span class='ocrx_word' id='word_1_609' title='bbox 2285 3607 2471 3676; x_wconf 90' lang='lat' dir='ltr'><strong>pertidi</strong></span> <span class='ocrx_word' id='word_1_610' title='bbox 2500 3607 2839 3670; x_wconf 81' lang='lat' dir='ltr'><strong>obstruente,</strong></span> <span class='ocrx_word' id='word_1_611' title='bbox 2888 3610 3195 3663; x_wconf 81' lang='lat' dir='ltr'><strong>venientem</strong></span> <span class='ocrx_word' id='word_1_612' title='bbox 3239 3624 3401 3664; x_wconf 83' lang='lat' dir='ltr'><strong>nemo</strong></span> <span class='ocrx_word' id='word_1_613' title='bbox 3450 3625 3656 3680; x_wconf 83' lang='lat' dir='ltr'><strong>cogno-</strong></span> 
     </span>
    </p>
   </div>
   <div class='ocr_carea' id='block_1_80' title="bbox 2059 3700 3656 3775">
    <p class='ocr_par' dir='ltr' id='par_1_80' title="bbox 2059 3700 3656 3775">
     <span class='ocr_line' id='line_1_80' title="bbox 2059 3700 3656 3775; baseline 0.003 -20"><span class='ocrx_word' id='word_1_614' title='bbox 2059 3700 2153 3755; x_wconf 85' lang='lat' dir='ltr'><strong>vit.</strong></span> <span class='ocrx_word' id='word_1_615' title='bbox 2183 3702 2332 3756; x_wconf 87' lang='lat' dir='ltr'><strong>Sicut</strong></span> <span class='ocrx_word' id='word_1_616' title='bbox 2356 3700 2500 3755; x_wconf 78' lang='lat' dir='ltr'><strong>idem</strong></span> <span class='ocrx_word' id='word_1_617' title='bbox 2530 3700 2716 3756; x_wconf 86' lang='lat' dir='ltr'><strong>Esaias</strong></span> <span class='ocrx_word' id='word_1_618' title='bbox 2749 3702 2800 3755; x_wconf 90' lang='lat' dir='ltr'><strong>in</strong></span> <span class='ocrx_word' id='word_1_619' title='bbox 2832 3703 3003 3771; x_wconf 86' lang='lat' dir='ltr'><strong>prima</strong></span> <span class='ocrx_word' id='word_1_620' title='bbox 3050 3704 3418 3774; x_wconf 83' lang='lat' dir='ltr'><strong>increpatione</strong></span> <span class='ocrx_word' id='word_1_621' title='bbox 3465 3704 3656 3775; x_wconf 87' lang='lat' dir='ltr'><strong>populi</strong></span> 
     </span>
    </p>
   </div>
   <div class='ocr_carea' id='block_1_81' title="bbox 2057 3794 3657 3869">
    <p class='ocr_par' dir='ltr' id='par_1_81' title="bbox 2057 3794 3657 3869">
     <span class='ocr_line' id='line_1_81' title="bbox 2057 3794 3657 3869; baseline 0 -17"><span class='ocrx_word' id='word_1_622' title='bbox 2057 3796 2354 3867; x_wconf 87' lang='lat' dir='ltr'><strong>proclamat</strong></span> <span class='ocrx_word' id='word_1_623' title='bbox 2370 3796 2589 3868; x_wconf 86' lang='lat' dir='ltr'><strong>dicens(</strong></span> <span class='ocrx_word' id='word_1_624' title='bbox 2606 3795 2736 3861; x_wconf 89' lang='lat' dir='ltr'><strong>Isa.,</strong></span> <span class='ocrx_word' id='word_1_625' title='bbox 2761 3812 2798 3860; x_wconf 87' lang='grc' dir='ltr'><strong>ι,</strong></span> <span class='ocrx_word' id='word_1_626' title='bbox 2826 3794 2883 3869; x_wconf 78' lang='grc'><strong>5)</strong></span> <span class='ocrx_word' id='word_1_627' title='bbox 2910 3813 2923 3849; x_wconf 88' lang='lat'><strong>:</strong></span> <span class='ocrx_word' id='word_1_628' title='bbox 2944 3796 3188 3867; x_wconf 83' lang='lat' dir='ltr'><strong>Cognovit</strong></span> <span class='ocrx_word' id='word_1_629' title='bbox 3214 3796 3303 3851; x_wconf 88' lang='lat' dir='ltr'><strong>bos</strong></span> <span class='ocrx_word' id='word_1_630' title='bbox 3317 3813 3657 3866; x_wconf 81' lang='lat' dir='ltr'><strong>possessorem</strong></span> 
     </span>
    </p>
   </div>
   <div class='ocr_carea' id='block_1_82' title="bbox 2052 3890 3650 3960">
    <p class='ocr_par' dir='ltr' id='par_1_82' title="bbox 2052 3890 3650 3960">
     <span class='ocr_line' id='line_1_82' title="bbox 2052 3890 3650 3960; baseline -0.001 -13"><span class='ocrx_word' id='word_1_631' title='bbox 2052 3908 2223 3955; x_wconf 86' lang='lat' dir='ltr'><strong>suum,</strong></span> <span class='ocrx_word' id='word_1_632' title='bbox 2258 3900 2305 3945; x_wconf 86' lang='lat' dir='ltr'><strong>et</strong></span> <span class='ocrx_word' id='word_1_633' title='bbox 2340 3892 2514 3945; x_wconf 86' lang='lat' dir='ltr'><strong>asinus</strong></span> <span class='ocrx_word' id='word_1_634' title='bbox 2558 3892 2866 3960; x_wconf 67' lang='lat' dir='ltr'><strong>praesepium</strong></span> <span class='ocrx_word' id='word_1_635' title='bbox 2897 3891 3093 3944; x_wconf 81' lang='lat' dir='ltr'><strong>domini</strong></span> <span class='ocrx_word' id='word_1_636' title='bbox 3120 3892 3200 3945; x_wconf 82' lang='lat' dir='ltr'><strong>sui</strong></span> <span class='ocrx_word' id='word_1_637' title='bbox 3229 3906 3248 3945; x_wconf 89' lang='lat'><strong><em>:</em></strong></span> <span class='ocrx_word' id='word_1_638' title='bbox 3282 3890 3449 3945; x_wconf 86' lang='lat' dir='ltr'><strong>Israel</strong></span> <span class='ocrx_word' id='word_1_639' title='bbox 3475 3902 3650 3947; x_wconf 82' lang='lat' dir='ltr'><strong>autem</strong></span> 
     </span>
    </p>
   </div>
   <div class='ocr_carea' id='block_1_83' title="bbox 2057 3982 3652 4053">
    <p class='ocr_par' dir='ltr' id='par_1_83' title="bbox 2057 3982 3652 4053">
     <span class='ocr_line' id='line_1_83' title="bbox 2057 3982 3652 4053; baseline 0.001 -15"><span class='ocrx_word' id='word_1_640' title='bbox 2057 4002 2134 4039; x_wconf 90' lang='lat' dir='ltr'><strong>me</strong></span> <span class='ocrx_word' id='word_1_641' title='bbox 2173 3985 2352 4038; x_wconf 83' lang='lat' dir='ltr'><strong>nesciit</strong></span> <span class='ocrx_word' id='word_1_642' title='bbox 2392 3993 2439 4037; x_wconf 90' lang='lat' dir='ltr'><strong>et</strong></span> <span class='ocrx_word' id='word_1_643' title='bbox 2482 3982 2624 4053; x_wconf 87' lang='lat' dir='ltr'><strong>plebs</strong></span> <span class='ocrx_word' id='word_1_644' title='bbox 2660 3999 2738 4035; x_wconf 88' lang='lat' dir='ltr'><strong>me</strong></span> <span class='ocrx_word' id='word_1_645' title='bbox 2768 3998 2870 4036; x_wconf 79' lang='lat' dir='ltr'><strong>non</strong></span> <span class='ocrx_word' id='word_1_646' title='bbox 2896 3983 3169 4036; x_wconf 74' lang='lat' dir='ltr'><strong>intellexit.</strong></span> <span class='ocrx_word' id='word_1_647' title='bbox 3205 3982 3389 4038; x_wconf 77' lang='lat' dir='ltr'><strong>Palam</strong></span> <span class='ocrx_word' id='word_1_648' title='bbox 3419 3986 3652 4048; x_wconf 83' lang='lat' dir='ltr'><strong>cunctis,</strong></span> 
     </span>
    </p>
   </div>
   <div class='ocr_carea' id='block_1_84' title="bbox 2053 4074 3654 4146">
    <p class='ocr_par' dir='ltr' id='par_1_84' title="bbox 2053 4074 3654 4146">
     <span class='ocr_line' id='line_1_84' title="bbox 2053 4074 3654 4146; baseline 0.001 -15"><span class='ocrx_word' id='word_1_649' title='bbox 2053 4078 2195 4132; x_wconf 90' lang='lat' dir='ltr'><strong>sicut</strong></span> <span class='ocrx_word' id='word_1_650' title='bbox 2222 4078 2336 4146; x_wconf 89' lang='lat' dir='ltr'><strong>ipse</strong></span> <span class='ocrx_word' id='word_1_651' title='bbox 2355 4074 2622 4146; x_wconf 77' lang='lat' dir='ltr'><strong>praedixit,</strong></span> <span class='ocrx_word' id='word_1_652' title='bbox 2650 4076 2921 4145; x_wconf 89' lang='lat' dir='ltr'><strong>apparuit;</strong></span> <span class='ocrx_word' id='word_1_653' title='bbox 2944 4085 2999 4130; x_wconf 89' lang='lat' dir='ltr'><strong>et</strong></span> <span class='ocrx_word' id='word_1_654' title='bbox 3015 4076 3396 4132; x_wconf 87' lang='lat' dir='ltr'><strong>sedentibnsin</strong></span> <span class='ocrx_word' id='word_1_655' title='bbox 3416 4078 3654 4133; x_wconf 87' lang='lat' dir='ltr'><strong>tenebris</strong></span> 
     </span>
    </p>
   </div>
   <div class='ocr_carea' id='block_1_85' title="bbox 2054 4166 3653 4239">
    <p class='ocr_par' dir='ltr' id='par_1_85' title="bbox 2054 4166 3653 4239">
     <span class='ocr_line' id='line_1_85' title="bbox 2054 4166 3653 4239; baseline -0.001 -14"><span class='ocrx_word' id='word_1_656' title='bbox 2054 4171 2395 4225; x_wconf 87' lang='lat' dir='ltr'><strong>manifestum</strong></span> <span class='ocrx_word' id='word_1_657' title='bbox 2418 4169 2538 4223; x_wconf 65' lang='lat' dir='ltr'><strong>vitae</strong></span> <span class='ocrx_word' id='word_1_658' title='bbox 2569 4167 2753 4222; x_wconf 88' lang='lat' dir='ltr'><strong>lumen</strong></span> <span class='ocrx_word' id='word_1_659' title='bbox 2775 4166 3005 4230; x_wconf 78' lang='lat' dir='ltr'><strong>effulsit;</strong></span> <span class='ocrx_word' id='word_1_660' title='bbox 3054 4179 3108 4222; x_wconf 89' lang='lat' dir='ltr'><strong>et</strong></span> <span class='ocrx_word' id='word_1_661' title='bbox 3131 4169 3386 4239; x_wconf 82' lang='lat' dir='ltr'><strong>injustitia</strong></span> <span class='ocrx_word' id='word_1_662' title='bbox 3420 4170 3653 4239; x_wconf 87' lang='lat' dir='ltr'><strong>perfido-</strong></span> 
     </span>
    </p>
   </div>
   <div class='ocr_carea' id='block_1_86' title="bbox 2053 4262 3648 4334">
    <p class='ocr_par' dir='ltr' id='par_1_86' title="bbox 2053 4262 3648 4334">
     <span class='ocr_line' id='line_1_86' title="bbox 2053 4262 3648 4334; baseline -0.001 -17"><span class='ocrx_word' id='word_1_663' title='bbox 2053 4280 2171 4318; x_wconf 89' lang='lat' dir='ltr'><strong>rum</strong></span> <span class='ocrx_word' id='word_1_664' title='bbox 2215 4272 2404 4334; x_wconf 80' lang='lat' dir='ltr'><strong>pectus</strong></span> <span class='ocrx_word' id='word_1_665' title='bbox 2434 4262 2717 4316; x_wconf 84' lang='lat' dir='ltr'><strong>obsessum</strong></span> <span class='ocrx_word' id='word_1_666' title='bbox 2739 4302 2753 4328; x_wconf 96' lang='lat'><strong>,</strong></span> <span class='ocrx_word' id='word_1_667' title='bbox 2785 4263 3083 4333; x_wconf 81' lang='lat' dir='ltr'><strong>postposita</strong></span> <span class='ocrx_word' id='word_1_668' title='bbox 3121 4264 3338 4332; x_wconf 85' lang='lat' dir='ltr'><strong>propria</strong></span> <span class='ocrx_word' id='word_1_669' title='bbox 3370 4278 3436 4318; x_wconf 89' lang='lat' dir='ltr'><strong>ac</strong></span> <span class='ocrx_word' id='word_1_670' title='bbox 3452 4263 3648 4333; x_wconf 74' lang='lat' dir='ltr'><strong>rejects</strong></span> 
     </span>
    </p>
   </div>
   <div class='ocr_carea' id='block_1_87' title="bbox 2050 4356 3571 4427">
    <p class='ocr_par' dir='ltr' id='par_1_87' title="bbox 2050 4356 3571 4427">
     <span class='ocr_line' id='line_1_87' title="bbox 2050 4356 3571 4427; baseline -0.002 -14"><span class='ocrx_word' id='word_1_671' title='bbox 2050 4358 2243 4420; x_wconf 79' lang='lat' dir='ltr'><strong>salute,</strong></span> <span class='ocrx_word' id='word_1_672' title='bbox 2272 4356 2519 4411; x_wconf 90' lang='lat' dir='ltr'><strong>tenebras</strong></span> <span class='ocrx_word' id='word_1_673' title='bbox 2551 4356 2728 4426; x_wconf 90' lang='lat' dir='ltr'><strong>potius</strong></span> <span class='ocrx_word' id='word_1_674' title='bbox 2758 4357 3167 4427; x_wconf 80' lang='lat' dir='ltr'><strong>ctecitatemque</strong></span> <span class='ocrx_word' id='word_1_675' title='bbox 3186 4356 3370 4412; x_wconf 90' lang='lat' dir='ltr'><strong>cordis</strong></span> <span class='ocrx_word' id='word_1_676' title='bbox 3391 4356 3571 4427; x_wconf 86' lang='lat' dir='ltr'><strong>elegit.</strong></span> 
     </span>
    </p>
   </div>
   <div class='ocr_carea' id='block_1_88' title="bbox 2126 4450 3646 4521">
    <p class='ocr_par' dir='ltr' id='par_1_88' title="bbox 2126 4450 3646 4521">
     <span class='ocr_line' id='line_1_88' title="bbox 2126 4450 3646 4521; baseline -0.001 -14"><span class='ocrx_word' id='word_1_677' title='bbox 2126 4451 2191 4507; x_wconf 70' lang='grc' dir='ltr'><strong>ν.</strong></span> <span class='ocrx_word' id='word_1_678' title='bbox 2250 4451 2576 4521; x_wconf 87' lang='lat' dir='ltr'><strong>Frcqueutat</strong></span> <span class='ocrx_word' id='word_1_679' title='bbox 2648 4452 2845 4520; x_wconf 89' lang='lat' dir='ltr'><strong>ubique</strong></span> <span class='ocrx_word' id='word_1_680' title='bbox 2919 4460 3081 4521; x_wconf 89' lang='lat' dir='ltr'><strong>atque</strong></span> <span class='ocrx_word' id='word_1_681' title='bbox 3144 4450 3453 4506; x_wconf 80' lang='lat' dir='ltr'><strong>manifestat</strong></span> <span class='ocrx_word' id='word_1_682' title='bbox 3517 4465 3646 4520; x_wconf 89' lang='lat' dir='ltr'><strong>pro-</strong></span> 
     </span>
    </p>
   </div>
   <div class='ocr_carea' id='block_1_89' title="bbox 346 4539 3647 4618">
    <p class='ocr_par' dir='ltr' id='par_1_89' title="bbox 346 4539 3647 4618">
     <span class='ocr_line' id='line_1_89' title="bbox 346 4539 3647 4618; baseline 0.001 -19"><span class='ocrx_word' id='word_1_683' title='bbox 346 4542 482 4599; x_wconf 79' lang='lat' dir='ltr'><strong>dixit</strong></span> <span class='ocrx_word' id='word_1_684' title='bbox 509 4542 686 4616; x_wconf 89' lang='lat' dir='ltr'><strong>(Luc.,</strong></span> <span class='ocrx_word' id='word_1_685' title='bbox 718 4558 778 4608; x_wconf 84' lang='grc' dir='ltr'><strong>ιι,</strong></span> <span class='ocrx_word' id='word_1_686' title='bbox 808 4540 878 4598; x_wconf 78' lang='lat'><strong>29</strong></span> <span class='ocrx_word' id='word_1_687' title='bbox 908 4539 928 4612; x_wconf 86' lang='lat'><strong>)</strong></span> <span class='ocrx_word' id='word_1_688' title='bbox 956 4559 969 4598; x_wconf 89' lang='lat'><strong>:</strong></span> <span class='ocrx_word' id='word_1_689' title='bbox 1002 4539 1160 4596; x_wconf 86' lang='lat' dir='ltr'><strong>Nunc</strong></span> <span class='ocrx_word' id='word_1_690' title='bbox 1182 4542 1394 4598; x_wconf 85' lang='lat' dir='ltr'><strong>dimittis</strong></span> <span class='ocrx_word' id='word_1_691' title='bbox 1422 4560 1619 4599; x_wconf 84' lang='lat' dir='ltr'><strong>servum</strong></span> <span class='ocrx_word' id='word_1_692' title='bbox 1646 4555 1787 4600; x_wconf 86' lang='lat' dir='ltr'><strong>tuum</strong></span> <span class='ocrx_word' id='word_1_693' title='bbox 1827 4543 1942 4600; x_wconf 86' lang='lat' dir='ltr'><strong>Do-</strong></span> <span class='ocrx_word' id='word_1_694' title='bbox 1971 4544 2025 4603; x_wconf 90' lang='lat' dir='ltr'><strong>D</strong></span> <span class='ocrx_word' id='word_1_695' title='bbox 2052 4546 2289 4618; x_wconf 85' lang='lat' dir='ltr'><strong>pltetatio</strong></span> <span class='ocrx_word' id='word_1_696' title='bbox 2338 4555 2654 4601; x_wconf 91' lang='lat' dir='ltr'><strong>cunctorum</strong></span> <span class='ocrx_word' id='word_1_697' title='bbox 2682 4584 2699 4613; x_wconf 90' lang='lat'><strong>,_</strong></span> <span class='ocrx_word' id='word_1_698' title='bbox 2758 4544 2850 4615; x_wconf 89' lang='lat' dir='ltr'><strong>qui</strong></span> <span class='ocrx_word' id='word_1_699' title='bbox 2901 4552 3087 4601; x_wconf 91' lang='lat' dir='ltr'><strong>sancto</strong></span> <span class='ocrx_word' id='word_1_700' title='bbox 3144 4544 3347 4617; x_wconf 90' lang='lat' dir='ltr'><strong>Spiritu</strong></span> <span class='ocrx_word' id='word_1_701' title='bbox 3410 4559 3647 4616; x_wconf 60' lang='lat' dir='ltr'><strong>pratulo-</strong></span> 
     </span>
    </p>
   </div>
   <div class='ocr_carea' id='block_1_90' title="bbox 1730 4684 2282 4743">
    <p class='ocr_par' dir='ltr' id='par_1_90' title="bbox 1730 4684 2282 4743">
     <span class='ocr_line' id='line_1_90' title="bbox 1730 4684 2282 4743; baseline -0.002 -2"><span class='ocrx_word' id='word_1_702' title='bbox 1730 4688 1770 4741; x_wconf 80' lang='grc' dir='ltr'>Α</span> <span class='ocrx_word' id='word_1_703' title='bbox 1781 4684 2282 4743; x_wconf 77' lang='lat' dir='ltr'><strong>NNOTATIONES.</strong></span> 
     </span>
    </p>
   </div>
   <div class='ocr_carea' id='block_1_91' title="bbox 339 4794 1933 4870">
    <p class='ocr_par' dir='ltr' id='par_1_91' title="bbox 339 4794 1933 4870">
     <span class='ocr_line' id='line_1_91' title="bbox 339 4794 1933 4870; baseline 0.001 -17"><span class='ocrx_word' id='word_1_704' title='bbox 339 4797 585 4870; x_wconf 13' lang='lat' dir='ltr'><strong>ﬂiApud</strong></span> <span class='ocrx_word' id='word_1_705' title='bbox 618 4795 849 4870; x_wconf 65' lang='lat' dir='ltr'><strong>{’atrem.</strong></span> <span class='ocrx_word' id='word_1_706' title='bbox 883 4794 970 4870; x_wconf 85' lang='lat' dir='ltr'><strong>Sic</strong></span> <span class='ocrx_word' id='word_1_707' title='bbox 991 4867 1002 4870; x_wconf 92' lang='lat'>_</span> <span class='ocrx_word' id='word_1_708' title='bbox 1023 4794 1572 4870; x_wconf 10' lang='lat' dir='ltr'><strong>codexiliemigianus</strong></span> <span class='ocrx_word' id='word_1_709' title='bbox 1618 4814 1740 4855; x_wconf 91' lang='lat' dir='ltr'><strong>cum</strong></span> <span class='ocrx_word' id='word_1_710' title='bbox 1781 4800 1888 4855; x_wconf 87' lang='lat' dir='ltr'><strong>alio</strong></span> <span class='ocrx_word' id='word_1_711' title='bbox 1918 4817 1933 4867; x_wconf 94' lang='lat'><strong>;</strong></span> 
     </span>
    </p>
   </div>
   <div class='ocr_carea' id='block_1_92' title="bbox 342 4866 1850 4937">
    <p class='ocr_par' dir='ltr' id='par_1_92' title="bbox 342 4866 1850 4937">
     <span class='ocr_line' id='line_1_92' title="bbox 342 4866 1850 4937; baseline 0.001 -12"><span class='ocrx_word' id='word_1_712' title='bbox 342 4866 493 4933; x_wconf 85' lang='lat' dir='ltr'><strong>editi,</strong></span> <span class='ocrx_word' id='word_1_713' title='bbox 519 4867 586 4922; x_wconf 87' lang='lat' dir='ltr'><strong>ad</strong></span> <span class='ocrx_word' id='word_1_714' title='bbox 617 4866 851 4934; x_wconf 88' lang='lat' dir='ltr'><strong>Patrem;</strong></span> <span class='ocrx_word' id='word_1_715' title='bbox 878 4867 1094 4937; x_wconf 89' lang='lat' dir='ltr'><strong>quidam</strong></span> <span class='ocrx_word' id='word_1_716' title='bbox 1119 4869 1332 4925; x_wconf 86' lang='lat' dir='ltr'><strong>codices</strong></span> <span class='ocrx_word' id='word_1_717' title='bbox 1354 4866 1509 4935; x_wconf 74' lang='lat' dir='ltr'><strong>niss.,</strong></span> <span class='ocrx_word' id='word_1_718' title='bbox 1537 4876 1733 4927; x_wconf 79' lang='lat' dir='ltr'><strong>locutus</strong></span> <span class='ocrx_word' id='word_1_719' title='bbox 1758 4881 1850 4927; x_wconf 88' lang='lat' dir='ltr'><strong>est.</strong></span> 
     </span>
    </p>
   </div>
   <div class='ocr_carea' id='block_1_93' title="bbox 416 4939 1932 4997">
    <p class='ocr_par' dir='ltr' id='par_1_93' title="bbox 416 4939 1932 4997">
     <span class='ocr_line' id='line_1_93' title="bbox 416 4939 1932 4997; baseline 0.003 -4"><span class='ocrx_word' id='word_1_720' title='bbox 416 4939 602 4994; x_wconf 77' lang='lat' dir='ltr'><strong>Fidem</strong></span> <span class='ocrx_word' id='word_1_721' title='bbox 645 4948 692 4992; x_wconf 87' lang='lat' dir='ltr'><strong>et</strong></span> <span class='ocrx_word' id='word_1_722' title='bbox 744 4939 1111 4994; x_wconf 79' lang='lat' dir='ltr'><strong>credulitatem.</strong></span> <span class='ocrx_word' id='word_1_723' title='bbox 1160 4939 1249 4996; x_wconf 89' lang='lat' dir='ltr'><strong>Sic</strong></span> <span class='ocrx_word' id='word_1_724' title='bbox 1274 4943 1556 4997; x_wconf 88' lang='lat' dir='ltr'><strong>emendavi</strong></span> <span class='ocrx_word' id='word_1_725' title='bbox 1613 4945 1932 4997; x_wconf 81' lang='lat' dir='ltr'><strong>auctoritate</strong></span> 
     </span>
    </p>
   </div>
   <div class='ocr_carea' id='block_1_94' title="bbox 341 5009 1933 5082">
    <p class='ocr_par' dir='ltr' id='par_1_94' title="bbox 341 5009 1933 5082">
     <span class='ocr_line' id='line_1_94' title="bbox 341 5009 1933 5082; baseline 0.001 -17"><span class='ocrx_word' id='word_1_726' title='bbox 341 5012 464 5066; x_wconf 89' lang='lat' dir='ltr'><strong>cod.</strong></span> <span class='ocrx_word' id='word_1_727' title='bbox 490 5010 726 5080; x_wconf 82' lang='lat' dir='ltr'><strong>Retnig.;</strong></span> <span class='ocrx_word' id='word_1_728' title='bbox 754 5009 903 5073; x_wconf 91' lang='lat' dir='ltr'><strong>editi,</strong></span> <span class='ocrx_word' id='word_1_729' title='bbox 929 5011 1049 5078; x_wconf 83' lang='lat' dir='ltr'><strong>ﬁde,</strong></span> <span class='ocrx_word' id='word_1_730' title='bbox 1075 5012 1442 5067; x_wconf 82' lang='lat' dir='ltr'><strong>credulitatem.</strong></span> <span class='ocrx_word' id='word_1_731' title='bbox 1470 5015 1631 5067; x_wconf 88' lang='lat' dir='ltr'><strong>l‘aulo</strong></span> <span class='ocrx_word' id='word_1_732' title='bbox 1663 5022 1782 5082; x_wconf 58' lang='lat' dir='ltr'><strong>post</strong></span> <span class='ocrx_word' id='word_1_733' title='bbox 1811 5030 1933 5067; x_wconf 85' lang='lat' dir='ltr'><strong>con-</strong></span> 
     </span>
    </p>
   </div>
   <div class='ocr_carea' id='block_1_95' title="bbox 342 5084 1931 5152">
    <p class='ocr_par' dir='ltr' id='par_1_95' title="bbox 342 5084 1931 5152">
     <span class='ocr_line' id='line_1_95' title="bbox 342 5084 1931 5152; baseline 0.001 -16"><span class='ocrx_word' id='word_1_734' title='bbox 342 5084 570 5152; x_wconf 82' lang='lat' dir='ltr'><strong>cepimus</strong></span> <span class='ocrx_word' id='word_1_735' title='bbox 615 5093 669 5135; x_wconf 87' lang='lat' dir='ltr'><strong>et</strong></span> <span class='ocrx_word' id='word_1_736' title='bbox 711 5092 1024 5137; x_wconf 83' lang='lat' dir='ltr'><strong>revertamur</strong></span> <span class='ocrx_word' id='word_1_737' title='bbox 1052 5098 1116 5138; x_wconf 81' lang='lat' dir='ltr'><strong>ex</strong></span> <span class='ocrx_word' id='word_1_738' title='bbox 1166 5084 1355 5139; x_wconf 90' lang='lat' dir='ltr'><strong>eodem</strong></span> <span class='ocrx_word' id='word_1_739' title='bbox 1397 5084 1518 5138; x_wconf 86' lang='lat' dir='ltr'><strong>cod.</strong></span> <span class='ocrx_word' id='word_1_740' title='bbox 1564 5093 1620 5139; x_wconf 90' lang='lat' dir='ltr'><strong>et</strong></span> <span class='ocrx_word' id='word_1_741' title='bbox 1660 5084 1931 5138; x_wconf 89' lang='lat' dir='ltr'><strong>nonnullis</strong></span> 
     </span>
    </p>
   </div>
   <div class='ocr_carea' id='block_1_96' title="bbox 336 5152 1931 5226">
    <p class='ocr_par' dir='ltr' id='par_1_96' title="bbox 336 5152 1931 5226">
     <span class='ocr_line' id='line_1_96' title="bbox 336 5152 1931 5226; baseline -0.001 -18"><span class='ocrx_word' id='word_1_742' title='bbox 336 5153 475 5215; x_wconf 81' lang='lat' dir='ltr'><strong>aliis,</strong></span> <span class='ocrx_word' id='word_1_743' title='bbox 510 5168 606 5223; x_wconf 88' lang='lat' dir='ltr'><strong>pro</strong></span> <span class='ocrx_word' id='word_1_744' title='bbox 627 5166 693 5206; x_wconf 90' lang='lat' dir='ltr'><strong>eo</strong></span> <span class='ocrx_word' id='word_1_745' title='bbox 712 5152 853 5222; x_wconf 90' lang='lat' dir='ltr'><strong>quod</strong></span> <span class='ocrx_word' id='word_1_746' title='bbox 876 5165 959 5208; x_wconf 90' lang='lat' dir='ltr'><strong>est</strong></span> <span class='ocrx_word' id='word_1_747' title='bbox 980 5155 1033 5208; x_wconf 91' lang='lat' dir='ltr'><strong>in</strong></span> <span class='ocrx_word' id='word_1_748' title='bbox 1057 5155 1218 5209; x_wconf 83' lang='lat' dir='ltr'><strong>editis</strong></span> <span class='ocrx_word' id='word_1_749' title='bbox 1239 5156 1550 5226; x_wconf 87' lang='lat' dir='ltr'><strong>concipimus</strong></span> <span class='ocrx_word' id='word_1_750' title='bbox 1572 5164 1627 5209; x_wconf 93' lang='lat' dir='ltr'><strong>et</strong></span> <span class='ocrx_word' id='word_1_751' title='bbox 1656 5165 1931 5208; x_wconf 77' lang='lat' dir='ltr'><strong>vertantur.</strong></span> 
     </span>
    </p>
   </div>
   <div class='ocr_carea' id='block_1_97' title="bbox 408 5243 1931 5315">
    <p class='ocr_par' dir='ltr' id='par_1_97' title="bbox 408 5243 1931 5315">
     <span class='ocr_line' id='line_1_97' title="bbox 408 5243 1931 5315; baseline 0.001 -16"><span class='ocrx_word' id='word_1_752' title='bbox 408 5244 588 5299; x_wconf 87' lang='lat' dir='ltr'><strong>Foret.</strong></span> <span class='ocrx_word' id='word_1_753' title='bbox 616 5243 766 5300; x_wconf 80' lang='lat' dir='ltr'><strong>Hanc</strong></span> <span class='ocrx_word' id='word_1_754' title='bbox 805 5260 990 5300; x_wconf 89' lang='lat' dir='ltr'><strong>vocem</strong></span> <span class='ocrx_word' id='word_1_755' title='bbox 1014 5246 1192 5301; x_wconf 89' lang='lat' dir='ltr'><strong>addidi</strong></span> <span class='ocrx_word' id='word_1_756' title='bbox 1234 5262 1301 5302; x_wconf 75' lang='lat' dir='ltr'><strong>ex</strong></span> <span class='ocrx_word' id='word_1_757' title='bbox 1322 5244 1555 5315; x_wconf 83' lang='lat' dir='ltr'><strong>Remig.;</strong></span> <span class='ocrx_word' id='word_1_758' title='bbox 1602 5246 1762 5309; x_wconf 87' lang='lat' dir='ltr'><strong>alius,</strong></span> <span class='ocrx_word' id='word_1_759' title='bbox 1787 5256 1931 5302; x_wconf 89' lang='lat' dir='ltr'><strong>esset.</strong></span> 
     </span>
    </p>
   </div>
   <div class='ocr_carea' id='block_1_98' title="bbox 407 5337 1935 5410">
    <p class='ocr_par' dir='ltr' id='par_1_98' title="bbox 407 5337 1935 5410">
     <span class='ocr_line' id='line_1_98' title="bbox 407 5337 1935 5410; baseline 0.003 -17"><span class='ocrx_word' id='word_1_760' title='bbox 407 5337 538 5393; x_wconf 86' lang='lat' dir='ltr'><strong>Esse</strong></span> <span class='ocrx_word' id='word_1_761' title='bbox 568 5338 733 5392; x_wconf 88' lang='lat' dir='ltr'><strong>illum.</strong></span> <span class='ocrx_word' id='word_1_762' title='bbox 769 5337 876 5393; x_wconf 75' lang='lat' dir='ltr'><strong>llas</strong></span> <span class='ocrx_word' id='word_1_763' title='bbox 896 5354 1066 5410; x_wconf 16' lang='lat' dir='ltr'><strong>voces,</strong></span> <span class='ocrx_word' id='word_1_764' title='bbox 1085 5339 1265 5394; x_wconf 86' lang='lat' dir='ltr'><strong>addidi</strong></span> <span class='ocrx_word' id='word_1_765' title='bbox 1294 5355 1358 5394; x_wconf 76' lang='lat' dir='ltr'><strong>es</strong></span> <span class='ocrx_word' id='word_1_766' title='bbox 1386 5338 1595 5410; x_wconf 81' lang='lat' dir='ltr'><strong>Remig.</strong></span> <span class='ocrx_word' id='word_1_767' title='bbox 1619 5339 1783 5395; x_wconf 86' lang='lat' dir='ltr'><strong>Paulo</strong></span> <span class='ocrx_word' id='word_1_768' title='bbox 1816 5352 1935 5410; x_wconf 85' lang='lat' dir='ltr'><strong>post</strong></span> 
     </span>
    </p>
   </div>
   <div class='ocr_carea' id='block_1_99' title="bbox 332 5409 1927 5480">
    <p class='ocr_par' dir='ltr' id='par_1_99' title="bbox 332 5409 1927 5480">
     <span class='ocr_line' id='line_1_99' title="bbox 332 5409 1927 5480; baseline 0.003 -18"><span class='ocrx_word' id='word_1_769' title='bbox 332 5411 621 5465; x_wconf 87' lang='lat' dir='ltr'><strong>crederetur</strong></span> <span class='ocrx_word' id='word_1_770' title='bbox 648 5410 698 5464; x_wconf 90' lang='lat' dir='ltr'><strong>in</strong></span> <span class='ocrx_word' id='word_1_771' title='bbox 723 5420 951 5480; x_wconf 90' lang='lat' dir='ltr'><strong>quatuor</strong></span> <span class='ocrx_word' id='word_1_772' title='bbox 971 5409 1246 5465; x_wconf 89' lang='lat' dir='ltr'><strong>codicibus</strong></span> <span class='ocrx_word' id='word_1_773' title='bbox 1273 5424 1427 5475; x_wconf 90' lang='lat' dir='ltr'><strong>mss.;</strong></span> <span class='ocrx_word' id='word_1_774' title='bbox 1454 5411 1713 5466; x_wconf 86' lang='lat' dir='ltr'><strong>crederent</strong></span> <span class='ocrx_word' id='word_1_775' title='bbox 1730 5411 1782 5467; x_wconf 92' lang='lat' dir='ltr'><strong>in</strong></span> <span class='ocrx_word' id='word_1_776' title='bbox 1798 5409 1927 5470; x_wconf 88' lang='lat' dir='ltr'><strong>edit.</strong></span> 
     </span>
    </p>
   </div>
   <div class='ocr_carea' id='block_1_100' title="bbox 406 5480 1930 5550">
    <p class='ocr_par' dir='ltr' id='par_1_100' title="bbox 406 5480 1930 5550">
     <span class='ocr_line' id='line_1_100' title="bbox 406 5480 1930 5550; baseline 0.004 -15"><span class='ocrx_word' id='word_1_777' title='bbox 406 5480 593 5535; x_wconf 86' lang='lat' dir='ltr'><strong>Divina</strong></span> <span class='ocrx_word' id='word_1_778' title='bbox 625 5484 844 5535; x_wconf 87' lang='lat' dir='ltr'><strong>monitus</strong></span> <span class='ocrx_word' id='word_1_779' title='bbox 875 5482 1099 5535; x_wconf 89' lang='lat' dir='ltr'><strong>oraculo.</strong></span> <span class='ocrx_word' id='word_1_780' title='bbox 1155 5480 1244 5533; x_wconf 91' lang='lat' dir='ltr'><strong>Sic</strong></span> <span class='ocrx_word' id='word_1_781' title='bbox 1293 5480 1709 5550; x_wconf 83' lang='lat' dir='ltr'><strong>Rentig.;alius.</strong></span> <span class='ocrx_word' id='word_1_782' title='bbox 1759 5485 1930 5541; x_wconf 86' lang='lat' dir='ltr'><strong>divino</strong></span> 
     </span>
    </p>
   </div>
   <div class='ocr_carea' id='block_1_101' title="bbox 333 5550 1501 5615">
    <p class='ocr_par' dir='ltr' id='par_1_101' title="bbox 333 5550 1501 5615">
     <span class='ocr_line' id='line_1_101' title="bbox 333 5550 1501 5615; baseline 0 -9"><span class='ocrx_word' id='word_1_783' title='bbox 333 5568 578 5615; x_wconf 80' lang='lat' dir='ltr'><strong>responso</strong></span> <span class='ocrx_word' id='word_1_784' title='bbox 604 5552 847 5615; x_wconf 87' lang='lat' dir='ltr'><strong>monitus;</strong></span> <span class='ocrx_word' id='word_1_785' title='bbox 905 5552 1057 5615; x_wconf 91' lang='lat' dir='ltr'><strong>editi,</strong></span> <span class='ocrx_word' id='word_1_786' title='bbox 1088 5550 1257 5603; x_wconf 84' lang='lat' dir='ltr'><strong>divino</strong></span> <span class='ocrx_word' id='word_1_787' title='bbox 1286 5552 1501 5606; x_wconf 89' lang='lat' dir='ltr'><strong>monitu.</strong></span> 
     </span>
    </p>
   </div>
   <div class='ocr_carea' id='block_1_102' title="bbox 444 5621 1711 5696">
    <p class='ocr_par' dir='ltr' id='par_1_102' title="bbox 444 5621 1711 5696">
     <span class='ocr_line' id='line_1_102' title="bbox 444 5621 1711 5696; baseline 0.004 -20"><span class='ocrx_word' id='word_1_788' title='bbox 444 5627 653 5694; x_wconf 62' lang='grc' dir='ltr'><strong>πίπτει.</strong></span> <span class='ocrx_word' id='word_1_789' title='bbox 686 5623 777 5677; x_wconf 80' lang='lat' dir='ltr'><strong>Sic</strong></span> <span class='ocrx_word' id='word_1_790' title='bbox 799 5623 1009 5692; x_wconf 72' lang='lat' dir='ltr'><strong>liemig.</strong></span> <span class='ocrx_word' id='word_1_791' title='bbox 1036 5637 1157 5676; x_wconf 90' lang='lat' dir='ltr'><strong>cum</strong></span> <span class='ocrx_word' id='word_1_792' title='bbox 1180 5623 1283 5676; x_wconf 87' lang='lat' dir='ltr'><strong>alio</strong></span> <span class='ocrx_word' id='word_1_793' title='bbox 1312 5640 1323 5674; x_wconf 92' lang='lat'>:</span> <span class='ocrx_word' id='word_1_794' title='bbox 1354 5621 1504 5692; x_wconf 90' lang='lat' dir='ltr'><strong>editi,</strong></span> <span class='ocrx_word' id='word_1_795' title='bbox 1537 5626 1711 5696; x_wconf 80' lang='lat' dir='ltr'><strong>ferret.</strong></span> 
     </span>
    </p>
   </div>
   <div class='ocr_carea' id='block_1_103' title="bbox 403 5710 1926 5789">
    <p class='ocr_par' dir='ltr' id='par_1_103' title="bbox 403 5710 1926 5789">
     <span class='ocr_line' id='line_1_103' title="bbox 403 5710 1926 5789; baseline 0.005 -21"><span class='ocrx_word' id='word_1_796' title='bbox 403 5712 702 5784; x_wconf 78' lang='lat' dir='ltr'><strong>Perfectum</strong></span> <span class='ocrx_word' id='word_1_797' title='bbox 758 5728 866 5767; x_wconf 84' lang='lat' dir='ltr'><strong>esse</strong></span> <span class='ocrx_word' id='word_1_798' title='bbox 936 5710 1290 5767; x_wconf 87' lang='lat' dir='ltr'><strong>annuntiabat.</strong></span> <span class='ocrx_word' id='word_1_799' title='bbox 1339 5714 1429 5770; x_wconf 89' lang='lat' dir='ltr'><strong>Sic</strong></span> <span class='ocrx_word' id='word_1_800' title='bbox 1488 5716 1741 5789; x_wconf 82' lang='lat' dir='ltr'><strong>Reinig.;</strong></span> <span class='ocrx_word' id='word_1_801' title='bbox 1776 5718 1926 5788; x_wconf 90' lang='lat' dir='ltr'><strong>editi,</strong></span> 
     </span>
    </p>
   </div>
   <div class='ocr_carea' id='block_1_104' title="bbox 334 5789 740 5856">
    <p class='ocr_par' dir='ltr' id='par_1_104' title="bbox 334 5789 740 5856">
     <span class='ocr_line' id='line_1_104' title="bbox 334 5789 740 5856; baseline -0.015 -15"><span class='ocrx_word' id='word_1_802' title='bbox 334 5789 618 5856; x_wconf 78' lang='lat' dir='ltr'><strong>perfectum</strong></span> <span class='ocrx_word' id='word_1_803' title='bbox 647 5793 740 5836; x_wconf 90' lang='lat' dir='ltr'><strong>est.</strong></span> 
     </span>
    </p>
   </div>
   <div class='ocr_carea' id='block_1_105' title="bbox 403 5852 1921 5935">
    <p class='ocr_par' dir='ltr' id='par_1_105' title="bbox 403 5852 1921 5935">
     <span class='ocr_line' id='line_1_105' title="bbox 403 5852 1921 5935; baseline 0.005 -25"><span class='ocrx_word' id='word_1_804' title='bbox 403 5854 471 5911; x_wconf 87' lang='lat' dir='ltr'><strong>In</strong></span> <span class='ocrx_word' id='word_1_805' title='bbox 488 5855 755 5922; x_wconf 75' lang='lat' dir='ltr'><strong>manifesta</strong></span> <span class='ocrx_word' id='word_1_806' title='bbox 768 5852 992 5912; x_wconf 87' lang='lat' dir='ltr'><strong>luce.Sic</strong></span> <span class='ocrx_word' id='word_1_807' title='bbox 1007 5854 1235 5928; x_wconf 60' lang='lat' dir='ltr'><strong>Remig;</strong></span> <span class='ocrx_word' id='word_1_808' title='bbox 1254 5858 1306 5914; x_wconf 88' lang='lat' dir='ltr'><strong>in</strong></span> <span class='ocrx_word' id='word_1_809' title='bbox 1318 5860 1584 5935; x_wconf 78' lang='lat' dir='ltr'><strong>manifesto</strong></span> <span class='ocrx_word' id='word_1_810' title='bbox 1597 5863 1649 5917; x_wconf 87' lang='lat' dir='ltr'><strong>in</strong></span> <span class='ocrx_word' id='word_1_811' title='bbox 1669 5860 1777 5919; x_wconf 87' lang='lat' dir='ltr'><strong>luce</strong></span> <span class='ocrx_word' id='word_1_812' title='bbox 1788 5862 1921 5920; x_wconf 87' lang='lat' dir='ltr'><strong>edit.</strong></span> 
     </span>
    </p>
   </div>
   <div class='ocr_carea' id='block_1_106' title="bbox 2117 4795 3642 4867">
    <p class='ocr_par' dir='ltr' id='par_1_106' title="bbox 2117 4795 3642 4867">
     <span class='ocr_line' id='line_1_106' title="bbox 2117 4795 3642 4867; baseline -0.001 -13"><span class='ocrx_word' id='word_1_813' title='bbox 2117 4800 2220 4854; x_wconf 89' lang='lat' dir='ltr'><strong>Per</strong></span> <span class='ocrx_word' id='word_1_814' title='bbox 2269 4797 2703 4867; x_wconf 65' lang='lat' dir='ltr'><strong>praedicationem.</strong></span> <span class='ocrx_word' id='word_1_815' title='bbox 2783 4795 2947 4861; x_wconf 86' lang='lat' dir='ltr'><strong>Editi,</strong></span> <span class='ocrx_word' id='word_1_816' title='bbox 2997 4804 3045 4851; x_wconf 86' lang='lat' dir='ltr'><strong>et</strong></span> <span class='ocrx_word' id='word_1_817' title='bbox 3121 4796 3485 4858; x_wconf 71' lang='lat' dir='ltr'><strong>praedicatione</strong></span> <span class='ocrx_word' id='word_1_818' title='bbox 3553 4814 3642 4867; x_wconf 89' lang='lat' dir='ltr'><strong>per</strong></span> 
     </span>
    </p>
   </div>
   <div class='ocr_carea' id='block_1_107' title="bbox 2043 4868 3642 4943">
    <p class='ocr_par' dir='ltr' id='par_1_107' title="bbox 2043 4868 3642 4943">
     <span class='ocr_line' id='line_1_107' title="bbox 2043 4868 3642 4943; baseline -0.003 -18"><span class='ocrx_word' id='word_1_819' title='bbox 2043 4872 2315 4943; x_wconf 83' lang='lat' dir='ltr'><strong>prophetas</strong></span> <span class='ocrx_word' id='word_1_820' title='bbox 2340 4871 2422 4924; x_wconf 90' lang='lat' dir='ltr'><strong>sui</strong></span> <span class='ocrx_word' id='word_1_821' title='bbox 2464 4869 2747 4943; x_wconf 80' lang='lat' dir='ltr'><strong>ostensione</strong></span> <span class='ocrx_word' id='word_1_822' title='bbox 2801 4868 3174 4937; x_wconf 87' lang='lat' dir='ltr'><strong>quodammodo</strong></span> <span class='ocrx_word' id='word_1_823' title='bbox 3212 4869 3446 4924; x_wconf 88' lang='lat' dir='ltr'><strong>omnibus</strong></span> <span class='ocrx_word' id='word_1_824' title='bbox 3495 4886 3642 4943; x_wconf 78' lang='lat' dir='ltr'><strong>suam</strong></span> 
     </span>
    </p>
   </div>
   <div class='ocr_carea' id='block_1_108' title="bbox 2041 4940 3639 5012">
    <p class='ocr_par' dir='ltr' id='par_1_108' title="bbox 2041 4940 3639 5012">
     <span class='ocr_line' id='line_1_108' title="bbox 2041 4940 3639 5012; baseline -0.001 -14"><span class='ocrx_word' id='word_1_825' title='bbox 2041 4940 2360 5012; x_wconf 68' lang='lat' dir='ltr'><strong>prmsentiam</strong></span> <span class='ocrx_word' id='word_1_826' title='bbox 2394 4940 2641 5012; x_wconf 77' lang='lat' dir='ltr'><strong>probavit.</strong></span> <span class='ocrx_word' id='word_1_827' title='bbox 2674 4940 2801 4993; x_wconf 75' lang='lat' dir='ltr'><strong>lltec</strong></span> <span class='ocrx_word' id='word_1_828' title='bbox 2827 4949 2882 4993; x_wconf 92' lang='lat' dir='ltr'><strong>et</strong></span> <span class='ocrx_word' id='word_1_829' title='bbox 2905 4954 3024 5009; x_wconf 71' lang='lat' dir='ltr'><strong>qum</strong></span> <span class='ocrx_word' id='word_1_830' title='bbox 3049 4949 3342 5012; x_wconf 81' lang='lat' dir='ltr'><strong>sequuntur</strong></span> <span class='ocrx_word' id='word_1_831' title='bbox 3364 4957 3529 5012; x_wconf 78' lang='lat' dir='ltr'><strong>usque</strong></span> <span class='ocrx_word' id='word_1_832' title='bbox 3571 4940 3639 4996; x_wconf 83' lang='lat' dir='ltr'><strong>ad</strong></span> 
     </span>
    </p>
   </div>
   <div class='ocr_carea' id='block_1_109' title="bbox 2042 5009 3643 5076">
    <p class='ocr_par' dir='ltr' id='par_1_109' title="bbox 2042 5009 3643 5076">
     <span class='ocr_line' id='line_1_109' title="bbox 2042 5009 3643 5076; baseline -0.003 -8"><span class='ocrx_word' id='word_1_833' title='bbox 2042 5009 2138 5068; x_wconf 83' lang='lat' dir='ltr'><strong>bas</strong></span> <span class='ocrx_word' id='word_1_834' title='bbox 2170 5028 2349 5076; x_wconf 90' lang='lat' dir='ltr'><strong>voces,</strong></span> <span class='ocrx_word' id='word_1_835' title='bbox 2382 5022 2429 5065; x_wconf 90' lang='lat' dir='ltr'><strong>et</strong></span> <span class='ocrx_word' id='word_1_836' title='bbox 2458 5011 2844 5075; x_wconf 73' lang='lat' dir='ltr'><strong>incredulitate,</strong></span> <span class='ocrx_word' id='word_1_837' title='bbox 2875 5009 3155 5066; x_wconf 87' lang='lat' dir='ltr'><strong>emendavi</strong></span> <span class='ocrx_word' id='word_1_838' title='bbox 3186 5009 3503 5066; x_wconf 76' lang='lat' dir='ltr'><strong>auctoritate</strong></span> <span class='ocrx_word' id='word_1_839' title='bbox 3548 5027 3643 5068; x_wconf 45' lang='lat' dir='ltr'><strong>cot-</strong></span> 
     </span>
    </p>
   </div>
   <div class='ocr_carea' id='block_1_110' title="bbox 2045 5082 3548 5163">
    <p class='ocr_par' dir='ltr' id='par_1_110' title="bbox 2045 5082 3548 5163">
     <span class='ocr_line' id='line_1_110' title="bbox 2045 5082 3548 5163; baseline -0.001 -24"><span class='ocrx_word' id='word_1_840' title='bbox 2045 5086 2178 5163; x_wconf 61' lang='lat' dir='ltr'><strong>dicis</strong></span> <span class='ocrx_word' id='word_1_841' title='bbox 2208 5083 2440 5163; x_wconf 48' lang='grc' dir='ltr'><strong>ῐὶθωίεε3</strong></span> <span class='ocrx_word' id='word_1_842' title='bbox 2471 5082 2557 5163; x_wconf 77' lang='lat' dir='ltr'><strong>cui</strong></span> <span class='ocrx_word' id='word_1_843' title='bbox 2578 5083 2883 5163; x_wconf 81' lang='lat' dir='ltr'><strong>alii_magna</strong></span> <span class='ocrx_word' id='word_1_844' title='bbox 2915 5097 2979 5163; x_wconf 78' lang='lat' dir='ltr'><strong>ex</strong></span> <span class='ocrx_word' id='word_1_845' title='bbox 3006 5091 3157 5163; x_wconf 80' lang='lat' dir='ltr'><strong>parte</strong></span> <span class='ocrx_word' id='word_1_846' title='bbox 3185 5085 3548 5163; x_wconf 61' lang='lat' dir='ltr'><strong>consentiunt.</strong></span> 
     </span>
    </p>
   </div>
   <div class='ocr_carea' id='block_1_111' title="bbox 2117 5153 3633 5222">
    <p class='ocr_par' dir='ltr' id='par_1_111' title="bbox 2117 5153 3633 5222">
     <span class='ocr_line' id='line_1_111' title="bbox 2117 5153 3633 5222; baseline -0.001 -13"><span class='ocrx_word' id='word_1_847' title='bbox 2117 5155 2331 5209; x_wconf 78' lang='lat' dir='ltr'><strong>Mentes.</strong></span> <span class='ocrx_word' id='word_1_848' title='bbox 2381 5156 2470 5210; x_wconf 84' lang='lat' dir='ltr'><strong>Sic</strong></span> <span class='ocrx_word' id='word_1_849' title='bbox 2514 5154 2831 5216; x_wconf 85' lang='lat' dir='ltr'><strong>Pameiius;</strong></span> <span class='ocrx_word' id='word_1_850' title='bbox 2887 5153 3128 5222; x_wconf 81' lang='lat' dir='ltr'><strong>plerique</strong></span> <span class='ocrx_word' id='word_1_851' title='bbox 3196 5153 3409 5208; x_wconf 85' lang='lat' dir='ltr'><strong>codices</strong></span> <span class='ocrx_word' id='word_1_852' title='bbox 3477 5169 3633 5217; x_wconf 83' lang='lat' dir='ltr'><strong>mss..</strong></span> 
     </span>
    </p>
   </div>
   <div class='ocr_carea' id='block_1_112' title="bbox 2044 5224 3638 5294">
    <p class='ocr_par' dir='ltr' id='par_1_112' title="bbox 2044 5224 3638 5294">
     <span class='ocr_line' id='line_1_112' title="bbox 2044 5224 3638 5294; baseline -0.001 -14"><span class='ocrx_word' id='word_1_853' title='bbox 2044 5230 2223 5281; x_wconf 83' lang='lat' dir='ltr'><strong>utentis</strong></span> <span class='ocrx_word' id='word_1_854' title='bbox 2252 5244 2269 5289; x_wconf 89' lang='lat'><strong>;</strong></span> <span class='ocrx_word' id='word_1_855' title='bbox 2301 5226 2452 5279; x_wconf 89' lang='lat' dir='ltr'><strong>deest</strong></span> <span class='ocrx_word' id='word_1_856' title='bbox 2482 5225 2533 5278; x_wconf 92' lang='lat' dir='ltr'><strong>in</strong></span> <span class='ocrx_word' id='word_1_857' title='bbox 2558 5224 2962 5279; x_wconf 80' lang='lat' dir='ltr'><strong>accuratissima</strong></span> <span class='ocrx_word' id='word_1_858' title='bbox 2998 5226 3184 5278; x_wconf 86' lang='lat' dir='ltr'><strong>codice</strong></span> <span class='ocrx_word' id='word_1_859' title='bbox 3224 5224 3457 5294; x_wconf 76' lang='lat' dir='ltr'><strong>Bemig.:</strong></span> <span class='ocrx_word' id='word_1_860' title='bbox 3495 5226 3638 5282; x_wconf 85' lang='lat' dir='ltr'><strong>unde</strong></span> 
     </span>
    </p>
   </div>
   <div class='ocr_carea' id='block_1_113' title="bbox 2044 5297 3636 5368">
    <p class='ocr_par' dir='ltr' id='par_1_113' title="bbox 2044 5297 3636 5368">
     <span class='ocr_line' id='line_1_113' title="bbox 2044 5297 3636 5368; baseline -0.003 -15"><span class='ocrx_word' id='word_1_861' title='bbox 2044 5298 2274 5368; x_wconf 88' lang='lat' dir='ltr'><strong>conjicio</strong></span> <span class='ocrx_word' id='word_1_862' title='bbox 2302 5297 2439 5351; x_wconf 88' lang='lat' dir='ltr'><strong>hanc</strong></span> <span class='ocrx_word' id='word_1_863' title='bbox 2465 5311 2675 5368; x_wconf 79' lang='lat' dir='ltr'><strong>vocem,</strong></span> <span class='ocrx_word' id='word_1_864' title='bbox 2709 5310 2828 5364; x_wconf 71' lang='lat' dir='ltr'><strong>qua:</strong></span> <span class='ocrx_word' id='word_1_865' title='bbox 2858 5311 2952 5365; x_wconf 88' lang='lat' dir='ltr'><strong>per</strong></span> <span class='ocrx_word' id='word_1_866' title='bbox 2976 5310 3037 5368; x_wconf 80' lang='lat' dir='ltr'><strong>se</strong></span> <span class='ocrx_word' id='word_1_867' title='bbox 3072 5297 3274 5351; x_wconf 86' lang='lat' dir='ltr'><strong>inutilis</strong></span> <span class='ocrx_word' id='word_1_868' title='bbox 3301 5307 3405 5362; x_wconf 81' lang='lat' dir='ltr'><strong>est,</strong></span> <span class='ocrx_word' id='word_1_869' title='bbox 3424 5312 3636 5365; x_wconf 76' lang='lat' dir='ltr'><strong>expun-</strong></span> 
     </span>
    </p>
   </div>
   <div class='ocr_carea' id='block_1_114' title="bbox 2042 5366 3639 5441">
    <p class='ocr_par' dir='ltr' id='par_1_114' title="bbox 2042 5366 3639 5441">
     <span class='ocr_line' id='line_1_114' title="bbox 2042 5366 3639 5441; baseline 0.001 -18"><span class='ocrx_word' id='word_1_870' title='bbox 2042 5366 2269 5441; x_wconf 82' lang='lat' dir='ltr'><strong>gendam</strong></span> <span class='ocrx_word' id='word_1_871' title='bbox 2317 5383 2459 5425; x_wconf 85' lang='lat' dir='ltr'><strong>esse.</strong></span> <span class='ocrx_word' id='word_1_872' title='bbox 2502 5367 2669 5441; x_wconf 81' lang='lat' dir='ltr'><strong>Paulo</strong></span> <span class='ocrx_word' id='word_1_873' title='bbox 2696 5376 2823 5441; x_wconf 86' lang='lat' dir='ltr'><strong>post</strong></span> <span class='ocrx_word' id='word_1_874' title='bbox 2861 5366 3039 5437; x_wconf 82' lang='lat' dir='ltr'><strong>populi</strong></span> <span class='ocrx_word' id='word_1_875' title='bbox 3065 5384 3130 5422; x_wconf 82' lang='lat' dir='ltr'><strong>ex</strong></span> <span class='ocrx_word' id='word_1_876' title='bbox 3171 5368 3360 5423; x_wconf 84' lang='lat' dir='ltr'><strong>eodem</strong></span> <span class='ocrx_word' id='word_1_877' title='bbox 3401 5368 3524 5423; x_wconf 84' lang='lat' dir='ltr'><strong>cod.</strong></span> <span class='ocrx_word' id='word_1_878' title='bbox 3580 5376 3639 5424; x_wconf 85' lang='lat' dir='ltr'><strong>et</strong></span> 
     </span>
    </p>
   </div>
   <div class='ocr_carea' id='block_1_115' title="bbox 2039 5438 2880 5510">
    <p class='ocr_par' dir='ltr' id='par_1_115' title="bbox 2039 5438 2880 5510">
     <span class='ocr_line' id='line_1_115' title="bbox 2039 5438 2880 5510; baseline -0.005 -14"><span class='ocrx_word' id='word_1_879' title='bbox 2039 5438 2160 5496; x_wconf 79' lang='lat' dir='ltr'><strong>aliis</strong></span> <span class='ocrx_word' id='word_1_880' title='bbox 2185 5450 2415 5510; x_wconf 80' lang='lat' dir='ltr'><strong>quatuor</strong></span> <span class='ocrx_word' id='word_1_881' title='bbox 2441 5455 2455 5503; x_wconf 91' lang='lat'><strong>;</strong></span> <span class='ocrx_word' id='word_1_882' title='bbox 2486 5438 2635 5510; x_wconf 88' lang='lat' dir='ltr'><strong>edit_i,</strong></span> <span class='ocrx_word' id='word_1_883' title='bbox 2669 5439 2880 5510; x_wconf 85' lang='lat' dir='ltr'><strong>populo.</strong></span> 
     </span>
    </p>
   </div>
   <div class='ocr_carea' id='block_1_116' title="bbox 2112 5507 3634 5580">
    <p class='ocr_par' dir='ltr' id='par_1_116' title="bbox 2112 5507 3634 5580">
     <span class='ocr_line' id='line_1_116' title="bbox 2112 5507 3634 5580; baseline -0.002 -14"><span class='ocrx_word' id='word_1_884' title='bbox 2112 5507 2397 5580; x_wconf 85' lang='lat' dir='ltr'><strong>lnjustitia.</strong></span> <span class='ocrx_word' id='word_1_885' title='bbox 2438 5510 2526 5564; x_wconf 90' lang='lat' dir='ltr'><strong>Sic</strong></span> <span class='ocrx_word' id='word_1_886' title='bbox 2581 5508 2788 5577; x_wconf 78' lang='lat' dir='ltr'><strong>Retnig.</strong></span> <span class='ocrx_word' id='word_1_887' title='bbox 2848 5524 2971 5564; x_wconf 91' lang='lat' dir='ltr'><strong>cum</strong></span> <span class='ocrx_word' id='word_1_888' title='bbox 3021 5507 3231 5564; x_wconf 86' lang='lat' dir='ltr'><strong>duobus</strong></span> <span class='ocrx_word' id='word_1_889' title='bbox 3276 5509 3396 5565; x_wconf 86' lang='lat' dir='ltr'><strong>aliis</strong></span> <span class='ocrx_word' id='word_1_890' title='bbox 3434 5528 3444 5563; x_wconf 92' lang='lat'>:</span> <span class='ocrx_word' id='word_1_891' title='bbox 3480 5509 3634 5576; x_wconf 85' lang='lat' dir='ltr'><strong>editi,</strong></span> 
     </span>
    </p>
   </div>
   <div class='ocr_carea' id='block_1_117' title="bbox 2029 5580 3638 5654">
    <p class='ocr_par' dir='ltr' id='par_1_117' title="bbox 2029 5580 3638 5654">
     <span class='ocr_line' id='line_1_117' title="bbox 2029 5580 3638 5654; baseline 0.001 -17"><span class='ocrx_word' id='word_1_892' title='bbox 2029 5584 2252 5654; x_wconf 88' lang='lat' dir='ltr'><strong>justitia.</strong></span> <span class='ocrx_word' id='word_1_893' title='bbox 2295 5582 2459 5635; x_wconf 86' lang='lat' dir='ltr'><strong>Paulo</strong></span> <span class='ocrx_word' id='word_1_894' title='bbox 2519 5590 2638 5649; x_wconf 92' lang='lat' dir='ltr'><strong>post</strong></span> <span class='ocrx_word' id='word_1_895' title='bbox 2679 5580 3061 5654; x_wconf 77' lang='lat' dir='ltr'><strong>ctecitatemque</strong></span> <span class='ocrx_word' id='word_1_896' title='bbox 3098 5580 3265 5634; x_wconf 89' lang='lat' dir='ltr'><strong>cordis</strong></span> <span class='ocrx_word' id='word_1_897' title='bbox 3332 5597 3398 5635; x_wconf 79' lang='lat' dir='ltr'><strong>ex</strong></span> <span class='ocrx_word' id='word_1_898' title='bbox 3441 5580 3638 5639; x_wconf 82' lang='lat' dir='ltr'><strong>eodem</strong></span> 
     </span>
    </p>
   </div>
   <div class='ocr_carea' id='block_1_118' title="bbox 2038 5651 3126 5724">
    <p class='ocr_par' dir='ltr' id='par_1_118' title="bbox 2038 5651 3126 5724">
     <span class='ocr_line' id='line_1_118' title="bbox 2038 5651 3126 5724; baseline -0.003 -14"><span class='ocrx_word' id='word_1_899' title='bbox 2038 5651 2226 5711; x_wconf 86' lang='lat' dir='ltr'><strong>codice</strong></span> <span class='ocrx_word' id='word_1_900' title='bbox 2255 5654 2530 5724; x_wconf 86' lang='lat' dir='ltr'><strong>posuimus</strong></span> <span class='ocrx_word' id='word_1_901' title='bbox 2563 5653 2911 5724; x_wconf 70' lang='lat' dir='ltr'><strong>procazcitate</strong></span> <span class='ocrx_word' id='word_1_902' title='bbox 2938 5651 3126 5707; x_wconf 86' lang='lat' dir='ltr'><strong>cordis.</strong></span> 
     </span>
    </p>
   </div>
   <div class='ocr_carea' id='block_1_119' title="bbox 2110 5722 3635 5794">
    <p class='ocr_par' dir='ltr' id='par_1_119' title="bbox 2110 5722 3635 5794">
     <span class='ocr_line' id='line_1_119' title="bbox 2110 5722 3635 5794; baseline -0.001 -13"><span class='ocrx_word' id='word_1_903' title='bbox 2110 5722 2439 5789; x_wconf 81' lang='lat' dir='ltr'><strong>Frequentat,</strong></span> <span class='ocrx_word' id='word_1_904' title='bbox 2489 5734 2594 5777; x_wconf 92' lang='lat' dir='ltr'><strong>etc.</strong></span> <span class='ocrx_word' id='word_1_905' title='bbox 2629 5723 2717 5779; x_wconf 85' lang='lat' dir='ltr'><strong>Sic</strong></span> <span class='ocrx_word' id='word_1_906' title='bbox 2755 5723 2965 5793; x_wconf 70' lang='lat' dir='ltr'><strong>liemig.</strong></span> <span class='ocrx_word' id='word_1_907' title='bbox 3012 5738 3133 5778; x_wconf 87' lang='lat' dir='ltr'><strong>cum</strong></span> <span class='ocrx_word' id='word_1_908' title='bbox 3183 5722 3448 5794; x_wconf 90' lang='lat' dir='ltr'><strong>plerisque</strong></span> <span class='ocrx_word' id='word_1_909' title='bbox 3470 5723 3635 5790; x_wconf 76' lang='lat' dir='ltr'><strong>aliis;</strong></span> 
     </span>
    </p>
   </div>
   <div class='ocr_carea' id='block_1_120' title="bbox 2037 5797 2584 5866">
    <p class='ocr_par' dir='ltr' id='par_1_120' title="bbox 2037 5797 2584 5866">
     <span class='ocr_line' id='line_1_120' title="bbox 2037 5797 2584 5866; baseline -0.015 -12"><span class='ocrx_word' id='word_1_910' title='bbox 2037 5797 2186 5862; x_wconf 87' lang='lat' dir='ltr'><strong>editi,</strong></span> <span class='ocrx_word' id='word_1_911' title='bbox 2218 5801 2584 5866; x_wconf 79' lang='lat' dir='ltr'><strong>frequentatur.</strong></span> 
     </span>
    </p>
   </div>
   <div class='ocr_carea' id='block_1_121' title="bbox 2110 5864 3628 5942">
    <p class='ocr_par' dir='ltr' id='par_1_121' title="bbox 2110 5864 3628 5942">
     <span class='ocr_line' id='line_1_121' title="bbox 2110 5864 3628 5942; baseline 0.001 -21"><span class='ocrx_word' id='word_1_912' title='bbox 2110 5864 2314 5925; x_wconf 72' lang='lat' dir='ltr'><strong>Sancta</strong></span> <span class='ocrx_word' id='word_1_913' title='bbox 2366 5866 2586 5933; x_wconf 83' lang='lat' dir='ltr'><strong>Spiritu.</strong></span> <span class='ocrx_word' id='word_1_914' title='bbox 2659 5865 2860 5923; x_wconf 85' lang='lat' dir='ltr'><strong>Desunt</strong></span> <span class='ocrx_word' id='word_1_915' title='bbox 2915 5864 3030 5923; x_wconf 68' lang='lat' dir='ltr'><strong>htrc</strong></span> <span class='ocrx_word' id='word_1_916' title='bbox 3082 5867 3245 5922; x_wconf 83' lang='lat' dir='ltr'><strong>verba</strong></span> <span class='ocrx_word' id='word_1_917' title='bbox 3301 5871 3352 5927; x_wconf 89' lang='lat' dir='ltr'><strong>in</strong></span> <span class='ocrx_word' id='word_1_918' title='bbox 3411 5869 3628 5942; x_wconf 72' lang='lat' dir='ltr'><strong>Remig.</strong></span> 
     </span>
    </p>
   </div>
  </div>
