3838 6278
174 267 250 324 53

172 390 339 437 uente
367 383 630 441 adventus
676 385 886 443 Domini
928 397 1221 448 metatores
1247 407 1370 450 esse
1399 395 1574 450 sortiti
1620 407 1770 452 sunt.

175 474 287 531 Hoc
327 476 508 533 lumen
555 478 756 535 saeculo
801 480 1010 550 datum,
1061 494 1116 539 et
1167 484 1311 541 diem
1372 487 1527 544 nobis
1579 489 1772 544 salutis

170 577 421 624 exortum
446 569 781 628 viviﬁcandis
808 589 1024 644 quoque
1047 576 1098 630 in
1121 593 1244 632 eum
1273 578 1618 637 credentibus
1645 583 1772 636 des.

169 661 401 718 tinatum
430 661 591 720 docet
614 664 672 720 in
696 665 926 722 Psalmis
956 668 1191 739 Spiritus
1217 680 1438 726 sanctus
1462 682 1516 727 et
1537 673 1774 728 ostendit

168 753 356 809 dicens
377 753 545 825 (Psal.
565 757 944 831 curuis-24)
977 777 989 813 :
1023 760 1184 833 Lapis
1197 777 1345 832 quem
1371 764 1772 832 reprobaverunt

164 846 460 914 wdicantes,
490 849 572 904 hic
625 853 795 922 [actus
850 863 924 907 est
953 855 1009 908 in
1041 866 1197 925 caput
1227 857 1446 928 anguli:
1477 873 1510 910 a
1549 857 1771 914 Domino

163 944 332 1012 factus
357 952 432 998 est
461 948 574 1010 iste,
608 954 654 998 et
681 955 756 1000 est
786 948 1106 1003 admirabilis
1133 951 1186 1004 in
1218 951 1384 1006 oculis
1413 955 1602 1007 nostris
1629 972 1648 1017 ;
1678 955 1772 1010 iste

161 1035 268 1088 dies
295 1045 371 1090 est
407 1053 554 1108 quem
589 1040 710 1109 fecit
747 1039 1046 1098 Dominus:
1073 1044 1395 1102 ambulemus
1437 1057 1484 1102 et
1504 1050 1767 1117 jucunde-

159 1145 274 1183 mur
313 1132 369 1185 in
407 1148 483 1187 eo.
512 1133 568 1188 ln
604 1135 707 1190 hoc
735 1136 821 1191 die
852 1151 950 1192 nos
985 1139 1267 1196 ambulare
1314 1141 1516 1196 Paulus
1553 1158 1767 1213 quoque

159 1225 448 1292 apostolus
490 1227 812 1297 praecipiens
843 1240 898 1284 et
927 1229 1130 1285 docens
1171 1247 1235 1287 ac
1277 1249 1656 1303 praemonens,
1686 1235 1768 1290 di-

153 1312 450 1387 cit(Rom.,
476 1333 595 1383 xm,
628 1320 840 1391 H-l't't).
858 1319 1014 1375 Nunc
1039 1324 1170 1377 enim
1197 1326 1410 1395 propius
1426 1337 1499 1381 est
1515 1327 1658 1382 nobis
1679 1344 1766 1382 sa-

153 1406 234 1462 lus
259 1425 559 1480 quamcum
587 1414 901 1468 credidimus
927 1431 945 1470 :
971 1432 1076 1471 non:
1112 1423 1405 1488 prwcessit;
1446 1421 1554 1477 dies
1596 1431 1766 1477 autent

149 1506 618 1577 apprOpinquavit.
651 1507 968 1579 Abjiciamus
999 1528 1118 1583 ergo
1153 1529 1310 1583 opera
1340 1515 1691 1583 tenebrarum,
1718 1527 1766 1572 et

145 1595 441 1653 induantur
457 1616 604 1653 arma
625 1601 755 1657 lucis
791 1617 810 1654 :
847 1603 979 1657 sicut
1005 1604 1058 1658 in
1081 1606 1160 1659 die
1179 1607 1384 1661 honeste
1404 1608 1723 1664 ambulemus
1744 1625 1765 1664 :

146 1688 206 1742 id
231 1699 342 1757 est,
379 1693 432 1745 in
459 1689 676 1750 Christo
707 1701 762 1749 et
807 1696 1076 1753 mandatis
1107 1698 1244 1769 ejus,
1278 1699 1432 1771 cujus
1474 1702 1676 1759 lumine
1702 1715 1764 1757 ac

144 1785 377 1839 monitis
419 1785 704 1856 luminati,
737 1797 793 1843 et
835 1789 890 1844 in
931 1790 1180 1848 claritate
1226 1793 1334 1849 diei
1385 1795 1502 1865 ejus
1533 1796 1760 1865 inventi,

147 1876 458 1948 proximam
511 1879 668 1936 nobis
734 1881 962 1937 salutem
1018 1884 1238 1939 credula
1296 1888 1349 1940 in
1390 1901 1514 1942 eum
1581 1898 1763 1944 mente

147 1970 544 2040 conspicimus.

219 2063 308 2118 Vl.
346 2063 533 2120 Solem
571 2080 787 2138 quoque
816 2083 937 2125 esse
961 2068 1236 2127 Christum
1267 2079 1481 2132 cunctis
1513 2077 1760 2134 timenti-

149 2158 250 2213 bus
275 2172 401 2214 eum
422 2201 438 2226 ,
468 2159 760 2217 Malachias
807 2165 1072 2234 propheta
1116 2176 1343 2239 testatur
1371 2179 1425 2224 et
1468 2173 1756 2242 promittit,

148 2251 334 2307 dicens
352 2251 432 2325 (Μ
441 2253 638 2322 alach.,
664 2271 743 2324 tv,
768 2255 851 2329 2.)
889 2257 1040 2314 Vobis
1063 2271 1233 2316 autem
1254 2264 1543 2321 timentibus
1571 2285 1754 2325 nomen

150 2363 316 2402 meum
357 2349 552 2404 orietur
593 2349 688 2405 Sol
728 2352 976 2422 justitite,
1025 2363 1072 2408 et
1113 2357 1309 2411 sanitas
1368 2360 1420 2413 in
1465 2361 1561 2416 alis
1599 2365 1755 2435 ejus:

150 2440 446 2495 ostendens
470 2456 536 2496 ex
569 2442 717 2497 nullo
743 2445 900 2501 nobis
925 2445 1157 2503 salutem
1185 2463 1346 2520 posse
1373 2451 1627 2522 conferri,
1655 2457 1758 2514 nisi

154 2534 207 2588 in
266 2535 528 2604 passione
596 2538 771 2594 crucis
843 2539 1002 2610 ejus,
1052 2559 1155 2614 qua
1220 2547 1518 2603 extendens
1568 2566 1760 2606 manus

155 2635 342 2679 cuncta
385 2627 582 2682 saeculi
613 2629 917 2685 salvaturus
947 2633 1228 2702 amplexus
1259 2644 1362 2704 est,
1398 2647 1454 2693 ut
1498 2654 1762 2698 converso

153 2716 218 2773 ad
248 2733 372 2772 eum
402 2720 603 2776 timore
629 2723 918 2779 credamus
947 2727 1302 2782 aeternitatem
1332 2729 1452 2786 vitae
1479 2742 1532 2787 et
1554 2749 1650 2806 spe
1680 2733 1762 2790 fu-

155 2815 253 2868 turi
283 2818 437 2885 regni
473 2815 588 2884 ejus
620 2815 943 2873 animcmur.
971 2818 1101 2887 Quis
1123 2821 1266 2876 enim
1299 2833 1404 2878 tam
1437 2826 1670 2883 stolidus
1697 2845 1759 2885 ac

157 2907 396 2975 demens,
449 2910 570 2979 quis
614 2910 693 2965 sic
722 2912 789 2965 ab
837 2913 1115 2969 intellectu
1156 2931 1268 2972 sua:
1309 2918 1499 2976 salutis
1526 2922 1754 2992 alienus,

157 3001 241 3071 qui
297 3009 373 3055 tot
415 3010 480 3056 et
526 3004 687 3058 tantis
754 3004 998 3061 veritatis
1070 3009 1393 3067 testimoniis
1449 3013 1759 3075 incredulus

162 3109 261 3151 non
328 3095 598 3152 adversus
661 3114 864 3154 meram
944 3101 1102 3157 ﬁdem
1177 3103 1496 3162 ohduratum
1575 3121 1757 3180 pectus

165 3186 432 3242 intellectu
470 3189 713 3245 veritatis
737 3192 1015 3259 emolliat,
1049 3204 1104 3250 et
1138 3197 1376 3254 tenebris
1419 3200 1542 3254 vita:
1584 3217 1756 3272 quon-

161 3276 275 3332 dam
306 3280 557 3334 mortalis
585 3291 799 3349 exutus,
833 3284 885 3337 in
925 3285 1125 3342 lumine
1148 3300 1540 3360 praeceptorum
1567 3297 1757 3353 coeles-

162 3374 288 3428 tium
318 3375 591 3445 gradiens,
626 3376 694 3432 ad
722 3377 902 3434 divina
937 3383 1139 3437 monita
1170 3393 1222 3439 et
1256 3383 1464 3441 Domini
1497 3391 1755 3448 salutaria

163 3470 388 3538 gerenda
433 3471 723 3538 mandata,
769 3472 1070 3529 illuminato
1122 3477 1286 3533 corde
1317 3521 1331 3544 ,
1392 3489 1501 3536 tota
1558 3486 1754 3541 mentis

166 3575 226 3614 ac
273 3560 392 3616 ﬁdei
438 3562 759 3618 credulitate
807 3570 1125 3623 convertat?
1175 3581 1228 3625 ut
1269 3589 1425 3643 quem
1473 3578 1756 3648 pmphetze

167 3652 615 3722 praedicaverunt,
663 3657 831 3712 Deum
880 3670 1101 3728 noscat;
1155 3674 1209 3716 ut
1251 3666 1521 3722 Christum
1565 3670 1656 3739 qui
1698 3687 1755 3728 se

169 3745 341 3815 palam
397 3749 602 3803 mundo
659 3751 876 3805 venisse
929 3757 1278 3823 monstravit,
1341 3757 1638 3831 intelligat;
1698 3776 1754 3821 ut

166 3840 443 3912 Scripturis
493 3843 750 3899 divinitus
805 3845 1243 3918 testiﬁcantibus,
1303 3852 1397 3908 Dei
1455 3855 1648 3910 Filium
1702 3870 1756 3915 et

167 3933 328 3990 Deum
355 3938 556 3992 credat.
591 3937 740 3995 Sicut
778 3939 894 4010 ipse
915 3984 929 4006 ,
956 3959 1074 4012 qum
1105 3948 1173 3998 sit
1210 3945 1316 4001 vita
1347 3957 1545 4004 teterna
1578 3954 1752 4006 mani-

166 4025 314 4082 festat
340 4027 526 4084 dicens
554 4028 761 4102 (Joau.,
792 4047 924 4099 xvu,
946 4033 1002 4104 5)
1031 4053 1042 4087 :
1081 4034 1201 4090 Htec
1229 4048 1301 4092 est
1327 4050 1516 4106 autem,
1537 4045 1630 4111 ait,
1653 4047 1754 4101 vita

165 4128 363 4186 (eterna,
385 4131 436 4174 ul
461 4134 776 4193 cognoscant
804 4134 850 4177 te
870 4127 1035 4180 solum
1057 4137 1102 4180 et
1131 4145 1304 4183 verum
1328 4131 1510 4199 Deum,
1536 4145 1581 4188 et
1607 4153 1754 4205 quem

167 4213 336 4266 misisti
375 4211 555 4268 Iesum
599 4215 855 4271 Chr-istum
899 4234 916 4270 :
965 4217 1167 4277 docens
1215 4233 1376 4292 atque
1429 4227 1749 4297 ostendens,

169 4303 293 4358 nihil
318 4306 456 4361 aliud
484 4322 606 4362 esse
632 4309 797 4363 Deum
823 4325 1004 4379 nosse,
1031 4329 1188 4382 quam
1217 4317 1463 4386 credere,
1494 4327 1548 4374 et
1569 4329 1755 4377 oculos

169 4400 338 4456 cordis
365 4403 417 4456 in
461 4404 747 4458 Dominum
789 4420 958 4474 prona
982 4448 994 4472 ,
1027 4406 1192 4463 immo
1224 4419 1330 4464 tota
1360 4415 1598 4480 pectoris
1651 4415 1754 4473 ﬁde

171 4501 220 4545 et
243 4492 522 4550 devotione
574 4497 771 4551 mentis
817 4499 1050 4568 aperire.
1085 4499 1211 4555 Inde
1249 4501 1362 4572 jam
1417 4504 1479 4559 ﬁt
1528 4516 1584 4562 ut
1634 4524 1754 4566 cre-

1390 279 1483 334 AD
1517 278 1821 340 VIGILIUM
1861 284 2274 347 EPISCOPUM.

1803 402 1856 460 A
1885 410 2010 458 nato
2022 403 2186 459 corde
2209 405 2512 476 conspicias
2533 426 2545 474 ;
2567 407 2707 464 sicut
2725 408 2864 465 idern
2894 411 3009 480 ipse
3035 412 3290 470 Dominus
3314 423 3369 471 et
3390 431 3485 485 per

1884 495 2095 553 Esaiam
2123 507 2324 567 monet,
2355 500 2542 556 dicens
2573 502 2730 574 (lsa.,
2766 518 2862 567 vn,
2890 503 2952 574 9)
2987 523 3000 560 :
3035 507 3217 561 Sinon
3249 509 3482 564 credide—

1881 594 2025 660 ritis,
2083 609 2173 647 nec
2219 595 2533 666 intelligetis.
2584 595 2714 651 Tam
2778 597 2952 654 facilis
3003 608 3058 654 et
3107 611 3376 670 pmstans
3426 613 3482 658 et

1880 683 2030 755 larga
2081 695 2165 740 est
2206 695 2368 756 atque
2415 688 2694 742 abundans
2723 689 2792 744 de
2849 689 3058 745 Domini
3115 693 3318 762 pietate
3359 694 3474 749 cle-

1880 779 2105 846 mentia,
2138 788 2197 834 ut
2249 780 2293 833 si
2339 782 2458 850 quis
2495 782 2664 838 semel
2703 797 2826 838 sese
2852 784 2920 837 ad
2962 798 3084 839 eum
3130 795 3247 842 toto
3279 787 3472 843 timore

1877 875 2240 941 converterit;
2293 875 2359 929 ad
2405 877 2630 933 cmleste
2680 895 2874 934 munus
2935 880 3243 951 admissus,
3297 885 3475 938 statim

1876 979 2030 1020 mens
2051 967 2167 1036 ejus
2195 982 2300 1021 non
2314 966 2424 1037 jam
2456 969 2558 1024 nisi
2581 969 2645 1023 ad
2675 970 2860 1025 divina
2887 982 3085 1039 pateat,
3111 982 3165 1030 et
3186 975 3254 1030 ad
3277 975 3475 1031 cmlum

1877 1071 1940 1112 ac
1966 1071 2198 1127 superna
2227 1060 2416 1114 oculos
2445 1060 2626 1116 cordis
2659 1064 2922 1129 attolens,
2953 1064 3156 1121 Christi
3196 1067 3377 1124 lumen
3407 1082 3472 1124 ac

1875 1151 2104 1220 patriam
2128 1151 2318 1206 salutis
2349 1155 2593 1223 aspiciat.

1949 1243 2060 1300 VII.
2096 1245 2418 1316 Exemplum
2446 1264 2509 1303 ac
2547 1249 2933 1308 documentum
2976 1256 3147 1310 nostri
3177 1257 3387 1320 timoris
3411 1271 3471 1316 et

1874 1338 2023 1409 ﬁdei,
2054 1356 2120 1396 ex
2150 1343 2319 1412 ipsius
2365 1345 2598 1400 Abrahte
2625 1349 2949 1417 patriarchae
2979 1351 3124 1406 ﬁdeli
3163 1353 3482 1412 credulitate

1873 1445 2224 1501 monstratur,
2260 1439 2348 1508 qui
2372 1441 2780 1511 repromissioni
2799 1444 2890 1498 Dei
2912 1453 3093 1500 mente
3123 1447 3353 1518 simplici
3371 1459 3484 1503 sta-

1871 1529 1966 1583 tim
1993 1530 2255 1596 credidit;
2295 1541 2350 1587 et
2373 1531 2498 1588 ideo
2513 1533 2590 1606 ,ad
2614 1533 2879 1603 justitiam
2908 1536 3157 1608 deputari
3214 1540 3264 1594 ei
3292 1540 3481 1596 condi-

1869 1635 1972 1698 gna
1999 1624 2434 1680 remuneratione
2463 1630 2807 1683 commeruit.
2831 1629 2948 1684 Hoc
2974 1631 3120 1686 Deus
3149 1631 3345 1704 diligit,
3377 1635 3478 1692 hoc

1869 1715 2094 1783 appetit,
2119 1715 2220 1771 hoc
2260 1717 2312 1771 in
2359 1719 2530 1773 servis
2558 1719 2670 1775 suis
2721 1721 2990 1793 benignus
3056 1736 3368 1781 remaneret
3423 1738 3478 1783 et

1794 1805 2131 1893 Bhonorat;
2207 1810 2608 1879 simplicitatem
2677 1813 2929 1868 videlicet
3019 1817 3210 1871 mundi
3287 1818 3472 1874 cordis

1867 1913 1978 1968 quo
2026 1913 2150 1954 eum
2217 1903 2495 1957 cernimus
2530 1944 2546 1970 ,
2583 1905 2834 1959 timorem
2890 1906 3198 1962 dilectionis
3258 1909 3477 1966 Domini

1863 2004 1970 2060 quo
1993 1989 2304 2059 probamur,
2339 1993 2616 2048 credulam
2646 1993 2808 2050 ﬁdem
2841 1998 3040 2054 mentis
3091 2013 3196 2070 qua
3246 1999 3475 2071 justititc

1868 2083 2210 2154 deputamur.
2243 2083 2396 2140 Hane
2423 2085 2584 2141 ﬁdem
2640 2090 2816 2159 sequi,
2868 2089 3013 2146 hunc
3071 2093 3166 2148 Dei
3218 2095 3472 2151 timorem

1863 2192 2082 2234 servare
2099 2193 2198 2235 nos
2210 2181 2465 2236 convenit
2483 2198 2497 2248 ;
2516 2183 2606 2251 qui
2627 2184 3000 2240 custodientes
3017 2188 3183 2242 verba
3207 2189 3474 2257 ctelestia,

1861 2279 1916 2325 et
1945 2279 2227 2340 sperantes
2257 2273 2525 2343 promissa
2551 2274 2754 2343 divina,
2788 2276 2880 2330 ﬁlii
2906 2278 3139 2333 Abraha:
3172 2282 3474 2338 meruimus

1863 2363 2191 2432 nuncupari.
2225 2364 2380 2434 Quod
2425 2367 2658 2437 apostoli
2703 2368 2859 2423 Pauli
2905 2370 2995 2440 qui
3059 2371 3154 2426 Dei
3197 2387 3330 2428 voce
3382 2387 3477 2432 vss

1863 2453 2146 2510 electionis
2184 2466 2268 2512 cst
2297 2458 2494 2524 dictus,
2525 2460 2920 2516 contestatione
2960 2462 3206 2519 ﬁrmatur
3244 2466 3476 2522 dicentis

1859 2546 2032 2618 (Gal.,
2067 2563 2146 2614 ιιι,
2173 2548 2224 2615 6,
2258 2551 2314 2620 7)
2342 2551 2467 2606 :Sic
2493 2552 2753 2606 Abraham
2780 2556 2996 2609 credidit
3025 2556 3155 2623 Deo,
3185 2568 3235 2612 et
3261 2571 3468 2630 accepto

1864 2637 2022 2692 latum
2038 2649 2111 2693 est
2138 2641 2180 2692 ei
2202 2640 2272 2693 ad
2285 2641 2565 2709 justitiam.
2583 2641 2882 2713 Cognoscite
2895 2663 3034 2717 ergo,
3057 2650 3299 2717 quoniam
3312 2653 3397 2721 qui
3413 2668 3474 2707 ea:

1865 2731 1967 2799 [ide
1989 2741 2128 2795 simi,
2164 2733 2217 2784 hi
2233 2741 2352 2785 sunt
2380 2733 2480 2801 ﬁlii
2527 2735 2768 2791 Abi-alue.
2819 2737 2934 2792 Hoc
2960 2739 3217 2797 Judaicus
3251 2745 3481 2814 pepulus

1864 2823 1948 2875 cui
1977 2839 2004 2874 a
2037 2822 2329 2890 primordio
2358 2824 2493 2894 legis
2526 2828 2728 2881 monita
2759 2828 3139 2897 I0quebantur,
3172 2833 3472 2893 incredulae

1864 2914 2058 2969 mentis
2084 2915 2279 2970 duritia
2309 2926 2364 2971 et
2391 2917 2581 2987 perﬁdi
2609 2920 3013 2978 cordisinsania
3031 2941 3250 2984 servare
3272 2929 3466 2998 noluit;

1864 3017 1916 3063 et
1951 3008 2075 3064 ideo
2103 3025 2201 3079 pro
2228 3009 2548 3067 difﬁdentia:
2598 3014 2815 3083 merito,
2847 3015 3080 3074 ﬁliorum
3110 3035 3306 3077 nomen
3337 3024 3472 3079 ami-

1865 3101 1953 3154 sit.
1979 3100 2096 3156 Non
2130 3114 2308 3158 tamen
2339 3105 2580 3159 omnium
2614 3106 2832 3176 perﬁdae
2853 3110 3050 3180 gentis,
3092 3113 3353 3170 adversus
3376 3131 3474 3171 no-

1784 3211 1828 3274 ρ
1868 3208 1992 3249 men
2027 3194 2260 3263 Domini,
2286 3197 2576 3265 quominus
2607 3199 2972 3270 intelligerent
3001 3205 3306 3272 veritatem,
3341 3208 3467 3266 odio

1861 3287 2127 3342 obdurata
2168 3303 2320 3343 mens
2368 3298 2469 3344 est.
2518 3289 2805 3363 Etiamque
2854 3294 3085 3364 Spiritus
3131 3309 3369 3368 sanctus,
3413 3302 3468 3356 id

1865 3392 1968 3451 est,
1993 3382 2242 3438 Christus
2271 3385 2531 3439 Dominus
2559 3398 2746 3443 noster
2773 3389 3048 3458 profectus
3076 3408 3140 3446 ex
3176 3394 3284 3449 Deo
3309 3395 3467 3452 Patre

1862 3474 2012 3530 venit
2035 3485 2091 3529 ut
2121 3476 2325 3530 salvum
2354 3475 2561 3532 faceret
2614 3481 2757 3548 quod
2813 3483 3048 3550 perierat
3098 3484 3345 3552 lsraelis;
3381 3487 3472 3556 qui

1863 3569 2043 3636 major
2068 3583 2130 3620 ac
2154 3567 2344 3622 fortior
2365 3569 2431 3622 ad
2461 3570 2758 3640 subigenda
2787 3577 3185 3629 contumacium
3240 3577 3375 3633 colla
3405 3578 3464 3635 in

1860 3659 2111 3715 timorem
2140 3661 2222 3715 sui
2250 3663 2485 3717 nominis
2503 3673 2556 3717 et
2586 3673 2935 3732 potestatem,
2960 3681 3056 3721 eos
3084 3668 3174 3738 qui
3202 3669 3464 3728 adversus

1860 3753 2078 3806 luminis
2117 3755 2197 3808 sui
2243 3755 2566 3822 claritatem,
2600 3759 2872 3813 obstinata
2903 3762 3062 3815 etiam
3095 3772 3222 3819 tunc
3268 3768 3466 3821 mentis

1861 3848 2104 3902 caecitate
2129 3846 2414 3915 durabant,
2437 3850 2501 3903 ad
2522 3850 2762 3905 notitiam
2793 3852 3052 3910 claritatis
3079 3857 3329 3925 etglorize
3347 3871 3463 3914 sum

1861 3954 1967 3997 tam
1996 3943 2150 3998 facile
2176 3944 2474 4008 convertit;
2533 3959 2692 4015 quam
2723 3955 2781 4000 ut
2810 3961 3001 4004 onmes
3033 3949 3212 4005 salvos
3259 3950 3462 4007 faceret

1857 4035 2198 4106 providentia
2216 4050 2326 4090 suae
2341 4036 2536 4091 divina:
2558 4038 2942 4094 misericordiae
2963 4040 3212 4111 dignatus
3225 4043 3464 4100 advenit.

1933 4128 2060 4183 VIII.
2092 4127 2222 4182 Nam
2256 4127 2455 4183 utduri
2478 4125 2661 4184 cordis
2691 4139 2816 4201 tunc
2846 4140 2901 4185 et
2946 4129 3125 4203 impiae
3175 4135 3346 4205 plebis
3390 4135 3461 4192 ad

1860 4223 2070 4278 Domini
2086 4221 2444 4292 metum,ipso
2467 4222 2695 4277 Domino
2711 4225 3136 4295 evangelizaute,
3163 4242 3458 4285 conversas

1859 4323 2070 4370 mentes
2097 4314 2323 4379 sileam;
2380 4323 2439 4368 ut
2483 4313 2876 4384 Apostolorum
2924 4317 3040 4387 ejus
3083 4319 3463 4387 praedicatione

1857 4409 2270 4479 multiplicatum
2295 4409 2346 4463 in
2372 4417 2485 4464 toto
2534 4411 2666 4466 orbe
2695 4419 2748 4465 et
2797 4426 3073 4466 reversum
3120 4413 3458 4474 credentium

1859 4507 2116 4579 populum
2147 4507 2542 4560 conticescam:
2570 4503 2699 4558 illud
2728 4504 3048 4573 prmclarum
3078 4514 3240 4576 atque
3261 4523 3464 4564 memo-

171 4583 335 4642 dendo
381 4587 678 4660 intelligas,
702 4589 1073 4662 intelligendo
1103 4594 1245 4664 quod
1281 4595 1460 4653 credis
1489 4643 1503 4668 ,
1550 4601 1748 4660 illumi-
1777 4600 1832 4660 D
1857 4601 2026 4660 rabile
2049 4598 2454 4673 gloriosumque
2495 4595 2708 4652 lasoms
2761 4595 2972 4652 Hebrtei
3022 4596 3336 4668 Christiani,
3400 4611 3459 4658 et

1558 4716 2110 4780 ANNOTATIONES.

173 4832 222 4878 et
263 4825 464 4884 duobus
505 4829 667 4895 aliis;
714 4840 1056 4899 praemonente
1101 4830 1153 4885 in
1185 4830 1376 4887 eodem
1421 4833 1609 4889 codice
1633 4877 1648 4899 ,
1683 4853 1750 4893 ex

173 4909 270 4963 quo
295 4899 448 4979 etiam
491 4909 804 4972 sequentem
841 4901 1120 4973 periodum
1156 4902 1207 4956 in
1249 4903 1407 4961 editis
1439 4917 1748 4979 correptam

175 4972 576 5026 emendavimus.

241 5036 424 5122 Euctus
475 5053 556 5122 est
575 5043 690 5098 iste.
721 5043 810 5098 Sic
857 5043 1065 5115 Remig.
1113 5053 1168 5099 et
1219 5045 1308 5101 alii
1363 5046 1470 5102 duo
1507 5067 1519 5102 ε
1555 5052 1748 5122 factum

177 5117 241 5160 est
271 5111 403 5166 istud
431 5115 582 5171 editi.

242 5180 471 5258 Credula.
511 5186 596 5241 Sic
628 5185 861 5258 Remig.;
893 5186 1040 5251 editi,
1074 5189 1409 5248 credulitatis.

242 5252 430 5334 Cuncta
467 5258 657 5334 siccati.
689 5252 860 5334 aliter
908 5259 958 5313 in
1017 5259 1246 5326 quodam
1272 5262 1482 5334 codice
1525 5263 1747 5334 Baluzii,

179 5336 308 5401 [tunc
333 5326 666 5383 bibliotheca:
689 5327 892 5401 Regius,
916 5341 1097 5382 cuncta
1123 5333 1312 5388 swcula
1331 5334 1624 5401 complexus
1654 5326 1746 5392 est:

175 5389 296 5473 Quae
308 5409 598 5468 sequuntur
619 5389 898 5473 etut-udam
922 5403 1246 5458 auctoritate
1265 5405 1383 5458 cod.
1403 5389 1636 5473 Βύιιιῐςξ,
1660 5389 1748 5461 cui

179 5465 306 5521 alius
330 5465 397 5522 ett
421 5479 568 5544 parte
603 5472 888 5544 consentit.
918 5473 1007 5527 Sic
1047 5473 1322 5543 legebatur
1368 5477 1503 5544 apud
1535 5465 1747 5533 Morel;

180 5549 401 5594 converso
431 5539 653 5612 (Parnel.
688 5541 830 5684 ergo!)
852 5544 920 5596 ad
952 5561 1061 5597 eum
1091 5539 1271 5599 timore
1299 5539 1564 5604 credamus
1593 5561 1639 5602 et
1683 5550 1752 5605 ad

181 5610 492 5684 teternitatent
520 5614 630 5666 vita:
660 5615 766 5682 spei
823 5615 1003 5679 uturi.,
1041 5625 1144 5672 etc.

181 5610 492 5682 teternitate'nt
520 5614 630 5666 vita:
660 5610 766 5682 spei
797 5610 1003 5682 futuri,
1041 5625 1144 5672 etc.

249 5679 726 5756 Adversusmeram.
773 5679 862 5739 Sic
894 5685 1101 5756 Retuig.
1164 5705 1284 5746 cum
1343 5689 1554 5746 duobus
1606 5691 1746 5756 aliis,

183 5759 392 5832 quorum
436 5753 586 5832 .nlter
635 5756 798 5832 habet
835 5753 1080 5832 adversus
1131 5775 1302 5815 veram
1351 5763 1546 5830 ﬁdem;
1597 5753 1747 5832 editi,

185 5819 406 5876 adversus
429 5823 480 5877 in
508 5841 693 5881 meram
721 5829 803 5885 vel
828 5827 880 5882 in
913 5843 1100 5882 rerum.

1928 4836 2074 4892 Tota.
2105 4832 2313 4900 Remig.
2343 4839 2397 4885 et
2450 4827 2605 4900 alius,
2643 4835 2765 4891 toto,
2813 4827 3065 4884 videlicet
3097 4832 3262 4888 corde
3314 4842 3450 4892 toto.

1854 4909 2020 4964 Paulo
2045 4915 2185 4975 post,
2204 4897 2319 4971 quae
2334 4901 2398 4975 sit
2417 4899 2518 4975 vita
2537 4913 2554 4951 :
2571 4897 2776 4975 liemig.
2791 4941 2802 4964 ,
2819 4901 2904 4968 qui
2921 4902 3020 4966 sit;
3042 4901 3201 4968 alius,
3217 4905 3340 4975 quid
3359 4909 3449 4962 sit.

1925 4979 1990 5034 Et
2009 4971 2291 5032 devotione.
2316 5042 2324 5044 _
2352 4971 2408 5024 In
2444 4973 2542 5044 hac
2601 4971 2885 5044 verborum
2913 4971 3291 5044 complexione
3315 4988 3366 5032 et
3387 4976 3443 5033 in

1854 5048 2204 5122 sequentibus
2230 5042 2470 5122 codicem
2502 5041 2712 5122 liemig.
2752 5055 3004 5122 accurate
3040 5041 3452 5122 sequimur,_ac

1855 5113 2023 5177 multa
2050 5117 2436 5177 emendamus;
2465 5113 2610 5167 velut
2650 5114 2792 5183 quod
2823 5117 3015 5170 vitiose
3063 5117 3116 5172 in
3142 5113 3329 5173 editis
3371 5120 3450 5174 le-

1853 5195 2098 5264 gebatur,
2130 5199 2234 5242 tota
2252 5184 2469 5264 pectoris
2499 5184 2602 5251 ﬁde
2621 5185 2813 5264 devota:
2834 5189 3013 5264 mentis
3031 5203 3050 5241 :
3071 5199 3254 5264 etnon
3276 5193 3448 5246 multo

1857 5258 1997 5335 post,
2034 5261 2225 5335 Christi
2253 5259 2431 5335 lumen
2457 5266 2620 5327 parta:
2638 5258 2954 5335 iantnsalutis
2980 5260 3216 5335 suspiciat.

1941 5327 2201 5389 Videlicet.
2239 5329 2559 5384 Addidimus
2623 5343 2689 5382 ex
2747 5327 2957 5399 Retiiig.
2991 5327 3158 5384 Paulo
3205 5344 3326 5400 pOSt
3377 5345 3446 5388 ex

1855 5406 2067 5472 eodem,
2098 5419 2197 5471 quo
2226 5418 2339 5455 eum
2366 5401 2637 5472 cernimus,
2675 5414 2769 5469 pro
2783 5414 2850 5455 eo
2875 5402 3014 5471 quod
3038 5412 3154 5456 erat
3187 5402 3240 5456 iu
3267 5400 3448 5471 editis,

1853 5497 1951 5551 quo
1982 5476 2190 5551 quidem
2217 5474 2326 5544 ejus
2353 5471 2623 5551 cernimus.

1925 5541 2142 5618 Accepto
2173 5541 2333 5618 lat—um
2360 5555 2452 5618 est.
2486 5541 3053 5618 blandatorepntatum
3080 5552 3153 5597 est
3175 5542 3384 5614 Remig.

1933 5612 2223 5675 Obditrata.
2253 5615 2343 5671 Sic
2370 5612 3013 5692 Retuig.;cditi,:durata.
3054 5683 3087 5692 _
3183 5680 3195 5692 ο

1932 5693 2158 5762 Spiritus
2186 5697 2410 5762 sanguis.
2444 5682 2626 5762 Alites
2663 5683 2715 5735 in
2773 5683 2980 5752 Remig.
3002 5682 3296 5762 ,_Dom‘inus
3319 5689 3454 5744 enim

1859 5751 2112 5828 Christus,
2147 5759 2243 5814 Dei
2259 5756 2446 5820 Filius,
2472 5753 2724 5828 Dominus
2745 5751 3038 5828 noster,iqtti
3063 5751 3348 5826 profectus.

1929 5825 2200 5905 Dignatus.
2231 5829 2304 5885 Ac
2328 5826 2618 5897 dignatione
2648 5825 2858 5893 ltemig.
