3838 6278
435 284 505 339 ἲὶὸ
1151 285 1346 343 CELSI
1382 284 1609 342 Pii/EF.
1648 283 1734 340 DE
1772 283 1917 340 JUD.
1965 281 2333 340 INCREDUL.
2375 282 2467 339 AD
2508 280 2820 341 VIGILIUM
2859 281 2966 340 El".
3662 285 3728 342 F36

432 402 646 459 Purser
678 402 1029 460 Alexandrini
1087 403 1258 459 Judmi
1299 400 1706 473 disceptationis
1748 398 2015 466 occurrit;
2047 402 2101 460 Α

430 495 637 551 Jutlaici
661 496 840 552 cordis
866 499 1191 552 obstinatam
1246 495 1524 559 duritiam,
1578 492 1729 548 brevi
1785 491 2031 547 admoni-

433 591 583 647 tione
603 606 666 647 ac
688 592 795 648 leni
827 590 1197 660 increpatione
1243 588 1538 653 mollitam;
1580 597 1634 642 et
1660 587 1934 642 victricem
1975 585 2027 639 in

431 682 647 752 Papisci
692 682 856 737 corde
884 667 1099 737 .iasonis
1148 680 1217 736 de
1267 680 1499 750 Spiritus
1542 678 1713 734 sancti
1765 677 2029 732 infusioue

433 774 768 832 doctrinam:
816 789 920 845 qua
977 775 1232 844 Papiscus
1280 772 1346 828 ad
1400 772 1734 828 intellectum
1788 769 2029 826 veritatis

428 868 719 931 admissus,
751 876 804 921 et
830 866 896 921 ad
930 868 1174 921 timorem
1209 865 1440 930 Domini,
1474 866 1588 934 ipso
1614 864 1837 918 Domino
1864 863 2025 917 mise-

430 967 607 1024 rante,
643 958 928 1024 formatus,
962 968 1015 1013 et
1038 956 1222 1013 Jesutn
1254 955 1526 1013 Christum
1556 955 1749 1010 Filium
1782 955 1874 1010 Dei
1907 968 2026 1009 creo

428 1049 584 1115 didit,
616 1058 671 1106 et
700 1058 757 1104 ut
784 1050 1118 1120 signaculum
1141 1051 1741 1119 sumeretdeprecatus,
1771 1048 2023 1104 Jasonem

430 1144 737 1213 postulavit.
768 1143 966 1198 Probat
991 1142 1092 1197 hoc
1117 1144 1383 1213 scriptura
1415 1141 1836 1198 concertationis
1881 1141 2027 1210 ipso-

429 1253 571 1303 rum,
605 1253 723 1307 quae
769 1236 1137 1292 collidentium
1162 1238 1302 1292 inter
1332 1252 1412 1302 se,
1450 1235 1659 1305 Papisci
1687 1234 2025 1290 adversantis

425 1331 661 1397 veritati,
694 1339 748 1387 et
770 1330 984 1386 Jasonis
1009 1331 1304 1387 asserentis
1333 1340 1388 1385 et
1419 1329 1760 1394 vindicantis,
1788 1326 2022 1398 disposi-

419 1424 621 1479 tionem
678 1435 732 1479 et
778 1424 1165 1494 plenitudinem
1238 1423 1460 1487 Christi,
1523 1422 1694 1480 Grmci
1758 1420 2024 1477 sermonis

422 1532 588 1589 opere
611 1518 815 1589 signata
840 1527 924 1572 est
944 1536 956 1571 :
980 1516 1046 1572 ad
1078 1517 1232 1587 cujus
1256 1517 1661 1571 translationem
1685 1515 1748 1569 ad
1776 1514 2022 1570 intellec-

423 1623 535 1667 tum
563 1612 836 1673 Latinum.
872 1611 1145 1666 animante
1169 1612 1261 1667 Dei
1285 1626 1387 1681 ope
1409 1624 1463 1667 et
1504 1610 1742 1680 juvantis
1782 1608 1906 1663 ﬁdei
1932 1607 2022 1662 ﬁr-

419 1707 630 1771 mitate,
685 1715 896 1761 servata
941 1705 1230 1761 verborum
1287 1705 1619 1776 proprietate
1650 1746 1663 1767 ,
1714 1700 2019 1772 intrepidus

2198 395 2285 453 lx.
2305 396 2464 453 Certe
2484 412 2642 468 quam
2692 396 2821 451 mihi
2872 396 2988 451 laeta
3033 393 3145 461 illa,
3192 409 3356 466 quam
3408 397 3725 468 exeptabilis

2136 488 2255 545 dies
2282 499 2385 556 est,
2417 504 2539 545 cum
2578 488 2951 544 misericordia
2984 487 3197 543 Domini
3225 502 3288 543 ac
3336 488 3519 544 favore
3546 504 3727 546 accere

2134 584 2328 639 sitione
2357 583 2543 650 dilata,
2575 591 2849 639 senectam
2877 584 3034 637 istam
3079 595 3254 637 meam
3284 580 3527 651 proferre
3555 582 3728 638 conti.

2130 677 2305 747 gerit;
2341 685 2475 732 utet
2502 676 2838 732 orationibus
2862 683 3176 730 sanctorum
3202 674 3447 744 impense
3472 674 3728 747 etjugiter

2133 767 2539 838 deprecantium
2575 768 2862 823 Dominum
2900 766 3156 838 conjungi
3204 780 3442 834 merear,
3463 767 3727 823 utChristi

2131 874 2421 933 martyrem
2477 860 2724 928 videam,
2784 870 2843 915 ut
2886 874 3145 916 coronam
3197 859 3422 931 justitiae
3475 875 3595 930 quae
3642 861 3729 917 tibi

2130 968 2295 1022 penes
2332 953 2619 1008 Dominum
2662 952 2906 1023 deposita
2950 961 3057 1021 est,
3115 963 3333 1022 portare
3373 953 3725 1023 conspiciam.

2129 1045 2247 1102 Non
2269 1056 2448 1102 autem
2480 1047 2760 1118 putaveris
2793 1046 3039 1118 martyrii
3092 1046 3209 1112 tibi,
3266 1046 3565 1103 secundum
3596 1062 3729 1118 prte-

2127 1153 2255 1194 sens
2289 1149 2473 1195 votum
2526 1140 2674 1203 fidei,
2705 1140 2932 1212 gloriam
2960 1140 3145 1196 tribui.
3174 1140 3329 1195 Tunc
3357 1140 3483 1196 inde
3511 1141 3731 1199 felicita-

2128 1233 2194 1285 tis
2224 1231 2384 1302 lmjus
2409 1232 2605 1287 collata
2636 1231 2875 1302 dignatio
2904 1241 3019 1298 est;
3052 1240 3178 1286 tunc
3209 1231 3417 1301 judicio
3444 1232 3592 1303 justo
3629 1236 3729 1288 Do.

2128 1324 2306 1378 minus
2334 1324 2496 1394 elegit
2513 1324 2840 1379 destinatum
2863 1334 3178 1396 martyrem,
3199 1339 3322 1379 cum
3352 1335 3404 1381 te
3423 1336 3729 1396 exemptum

2126 1418 2471 1489 dejustormn
2491 1433 2658 1491 grege
2685 1429 2846 1489 atque
2868 1428 3205 1488 assumptum
3227 1418 3329 1475 sibi
3360 1418 3431 1475 de
3456 1420 3728 1489 in0pinato

2126 1512 2406 1567 constituit
2449 1512 2602 1566 altari
2634 1526 2734 1566 suo
2782 1510 3148 1567 sacerdotem.
3209 1510 3482 1566 Prieclara
3509 1525 3725 1582 prorsus

2126 1614 2181 1661 et
2206 1606 2442 1677 gloriosa
2458 1604 2758 1661 vocationis
2783 1605 3001 1671 electio,
3021 1604 3158 1660 etde
3183 1604 3394 1658 Domini
3419 1602 3725 1675 dignatione

2125 1712 2262 1754 nova
2298 1709 2460 1769 atque
2489 1698 2726 1754 inaudita
2756 1707 2810 1753 et
2859 1698 2992 1752 mira
3025 1695 3287 1753 felicitas:
3353 1697 3725 1753 transmarinzc

417 1799 660 1865 accessi;
688 1807 743 1854 et
789 1798 873 1854 his
917 1798 1006 1867 qui
1055 1797 1123 1852 ab
1163 1797 1437 1854 intellectu
1474 1796 1678 1852 Graecae
1728 1793 2018 1849 docilitatis
2050 1797 2097 1855 Β
2126 1790 2577 1860 peregrinationis
2617 1788 3031 1844 necessitatibus
3061 1797 3407 1858 occupatum,
3438 1785 3507 1841 ad
3557 1786 3721 1843 desti-

414 1891 744 1957 alienisunt,
776 1891 1122 1962 interpretata
1152 1890 1357 1962 integra
1387 1902 1440 1946 et
1470 1888 1864 1958 significatione
1893 1900 2015 1940 ver-

416 1984 629 2049 borum,
665 1994 720 2038 et
746 1981 1049 2039 intellectus
1078 1984 1256 2038 omnis
1305 1997 1369 2036 ac
1414 1981 1657 2037 veritatis
1705 1977 2016 2033 manifesta-

420 2077 565 2131 tione
590 2074 877 2145 patefacta,
912 2075 1140 2131 Romani
1172 2075 1443 2131 sermonis
1490 2073 1700 2128 ratione
1745 2071 2010 2137 discussa,

412 2167 662 2223 disserui.
688 2165 854 2237 Cujus
883 2168 1081 2223 laboris
1114 2169 1487 2238 probationem
1519 2166 1634 2231 tibi,
1664 2164 2011 2229 charissime,

409 2264 499 2333 qui
529 2262 1030 2333 utriusqucliugtue
1084 2262 1441 2318 instructioue
1490 2260 1744 2315 fundatus
1769 2274 1852 2324 es,
1908 2258 2009 2312 im-

409 2369 573 2425 pensa
606 2355 861 2425 petitione
878 2353 1186 2411 committo:
1214 2363 1272 2409 ut
1287 2355 1377 2426 qui
1402 2354 1575 2408 sancti
1601 2352 1831 2422 Spiritus
1848 2365 2015 2406 vene-

406 2448 620 2502 ratione
650 2446 984 2502 verecundus
1010 2462 1090 2509 es,
1139 2447 1333 2502 collata
1362 2444 1646 2514 utriusque
1673 2442 1854 2513 operis
1898 2442 2009 2497 lec-

405 2541 576 2607 tione,
609 2541 886 2596 audaciam
921 2540 1241 2596 verccunda:
1288 2538 1610 2595 temeritatis
1638 2538 1931 2607 explores;
1957 2544 2013 2592 et

412 2635 663 2691 examine
688 2634 874 2705 judicii
905 2635 1002 2698 tui,
1031 2649 1153 2703 qua:
1172 2634 1349 2688 minus
1371 2649 1400 2687 a
1422 2632 1579 2688 nobis
1602 2631 1686 2686 vel
1716 2629 2010 2701 improprie

405 2727 548 2782 forte
570 2728 776 2798 digesta
806 2736 951 2788 sunt,
984 2728 1306 2782 auctoritate
1351 2725 1586 2796 Spiritus
1630 2726 1803 2779 sancti
1833 2725 1923 2792 qui
1956 2723 2008 2778 in

408 2827 598 2888 pectus
658 2828 805 2874 tuum
860 2818 1209 2874 inundatione
1244 2819 1440 2889 gratiae
1480 2818 1717 2872 caelestis
1776 2815 2006 2883 influxit,

410 2910 736 2978 comprobes
763 2919 817 2966 et
842 2910 1135 2977 emendes;
1168 2913 1345 2982 sitque
1365 2912 1431 2966 ad
1467 2920 1516 2966 te
1543 2911 1614 2967 de
1642 2912 1743 2967 ista
1776 2911 2011 2965 lectione

406 3003 476 3057 ab
505 3003 804 3059 humilitate
836 3014 1019 3059 nostra
1051 3004 1298 3059 mandata
1333 3004 1552 3075 legatio,
1580 3014 1634 3059 et
1687 3002 2008 3058 insinuanda

405 3098 502 3153 tibi
540 3100 589 3152 in
622 3114 715 3153 uos
748 3099 919 3168 prima
963 3098 1267 3154 dilectionis
1300 3099 1526 3168 petitio;
1577 3106 1635 3152 ut
1688 3097 2002 3166 parvitatem

2118 1891 2304 1935 natum
2333 1881 2425 1936 tibi
2455 1896 2668 1946 munus,
2699 1882 2945 1952 ignarum
2974 1896 3039 1936 ac
3077 1880 3321 1936 nescimn
3370 1872 3601 1949 repente
3631 1895 3721 1935 ve-

2118 1973 2296 2029 nisse:
2325 1983 2487 2045 atqne
2519 1974 2588 2028 ita
2622 1988 2903 2044 regressus
2932 1973 3008 2028 tui
3041 1982 3253 2043 tempus
3282 1972 3346 2026 ad
3381 1972 3484 2028 hoc
3506 1986 3635 2029 esse
3659 1972 3719 2026 li-

2119 2066 2328 2122 bratum
2353 2111 2369 2136 ,
2418 2079 2476 2124 ut
2527 2067 2790 2138 inSpirata
2822 2067 3103 2124 celeritate
3147 2066 3418 2133 veniendi,
3455 2067 3718 2137 intellige-

2115 2176 2204 2217 res
2257 2169 2418 2232 atque
2467 2161 2816 2232 dignosceres
2866 2163 3125 2216 honorem
3156 2158 3441 2215 sacerdotii
3483 2159 3717 2215 caelestis

2116 2252 2258 2311 inter
2293 2263 2520 2310 caeteros
2553 2254 2647 2309 tibi
2702 2254 3040 2323 potissimum
3093 2252 3446 2319 destinatum,
3479 2261 3535 2307 et
3578 2252 3714 2323 quod

2109 2346 2357 2416 jussione
2387 2347 2603 2401 Domini
2616 2355 2961 2416 exspectatus
2973 2345 3188 2401 venires
3204 2354 3364 2416 atque
3378 2360 3711 2415 occurreres,

2113 2447 2480 2493 reservatum.
2507 2437 2579 2493 Ut
2605 2438 2749 2493 enim
2783 2437 3043 2492 Ecclesiae
3065 2452 3179 2492 sum
3208 2437 3467 2492 Dominus
3484 2447 3594 2493 tota
3619 2439 3713 2494 mi-

2112 2532 2398 2586 serationis
2473 2532 2673 2601 piclalc
2735 2530 3089 2594 consuleret,
3159 2529 3470 2586 dimicantis
3544 2532 3711 2602 plebis

2115 2637 2288 2689 mora,
2316 2638 2475 2693 quem
2502 2624 2680 2691 potius
2708 2623 2938 2693 eligeret
2980 2606 3405 2693 episcOpumfte
3450 2626 3708 2696 qumrenti

2113 2715 2312 2786 populo
2330 2730 2429 2771 suo
2468 2714 2718 2770 Christus
2751 2716 3087 2786 inopinatum
3135 2726 3357 2785 repente
3407 2716 3631 2783 obtulit,
3659 2726 3711 2772 et

2111 2808 2490 2877 complacitum
2518 2808 2621 2862 sibi
2660 2808 2899 2863 caelestis
2925 2808 3278 2877 providentia,
3315 2809 3598 2865 manifeste
3620 2809 3709 2865 ad—

2112 2910 2304 2957 ventus
2330 2903 2400 2956 tui
2433 2901 2722 2972 improvisa
2746 2901 3061 2957 occur-sione
3092 2904 3441 2957 monstravit:
3467 2912 3521 2959 et
3548 2903 3709 2959 docu-

2110 3003 2350 3048 mentum
2397 2995 2660 3065 repentini
2710 3010 2772 3050 ac
2813 2996 3050 3065 pernicis
3094 3011 3351 3052 occursus
3378 3040 3391 3061 ,
3450 3014 3707 3069 procura-

2111 3088 2311 3142 tionem
2338 3087 2429 3142 Dei
2458 3088 2746 3143 voluntatis
2773 3087 3041 3153 ostendit;
3072 3097 3129 3142 ut
3153 3088 3294 3158 quod
3322 3089 3525 3145 difficili
3558 3106 3708 3162 expe-

406 3191 533 3247 ﬁdei
562 3206 716 3256 mea,
773 3207 894 3248 cum
942 3191 1328 3263 discipulorum
1379 3200 1590 3246 tuorum
1648 3190 2006 3245 instructione
2035 3178 2079 3241 C
2111 3180 2314 3237 ditione
2333 3182 2592 3250 potuisset
2612 3198 2921 3251 occurrere,
2941 3182 3084 3240 facili
3107 3184 3386 3239 celeritate
3406 3185 3703 3256 perfectum

404 3298 568 3356 atque
583 3288 889 3343 eruditione
916 3288 1247 3358 conjungas;
1272 3296 1327 3341 et
1358 3301 1443 3341 me
1457 3302 1617 3356 quem
1647 3286 1698 3341 in
1729 3285 1834 3339 alia
1855 3292 2008 3355 parte

405 3376 565 3445 hujus
595 3378 885 3447 provincia:
913 3379 1266 3433 constitutum
1301 3388 1523 3448 propter
1545 3378 1802 3433 visendos
1831 3377 2007 3433 vultus

402 3482 525 3526 tuos
549 3488 655 3527 non
687 3473 895 3528 itineris
919 3473 1283 3543 longinquitas
1311 3474 1527 3536 terruit,
1563 3487 1661 3526 nec
1700 3472 1915 3527 senium
1943 3486 2006 3526 ac

403 3562 691 3619 difﬁcultas
725 3563 927 3635 fatigati
969 3580 1032 3618 ac
1080 3565 1205 3619 fessi
1229 3565 1338 3633 jam
1388 3564 1634 3635 corporis
1682 3562 1999 3628 retardavit,

402 3659 499 3714 sed
530 3660 804 3714 animante
845 3660 1103 3713 famulatu
1132 3660 1366 3723 Domini,
1412 3669 1464 3712 et
1495 3668 1721 3729 urgente
1750 3657 2003 3714 festinata

401 3750 699 3819 cupiditate
743 3750 1087 3820 properandi,
1143 3760 1450 3819 contempta
1480 3765 1696 3819 quoque
1723 3749 1869 3803 omni
1901 3749 2000 3803 tri-

398 3845 674 3900 bulatione
723 3845 916 3913 inopiae
945 3854 1106 3915 atque
1158 3846 1416 3914 penuriae,
1450 3854 1886 3915 quarumcumque
1917 3845 2000 3898 vi-

400 3934 539 3989 rimn
570 3934 822 3989 facultate
863 3912 1115 3990 veniendi
1138 3936 1509 3990 sanctimonia:
1531 3944 1637 3989 tum
1655 3934 2002 3990 celebrishuc

393 4024 539 4080 fama
568 4027 836 4096 perduxit,
878 4027 942 4081 ad
977 4029 1275 4095 proximam
1305 4027 1611 4082 dilectionis
1640 4037 1743 4081 tuac
1765 4029 2002 4083 charita—

401 4128 513 4176 tem
541 4136 662 4175 cum
679 4122 1031 4177 unanimitate
1054 4121 1405 4176 fraternitatis
1435 4120 1718 4185 admittas;
1753 4131 1806 4177 ct
1828 4124 1996 4177 amori

400 4223 493 4269 tuo
514 4229 673 4284 quem
703 4213 983 4283 discipulis
1030 4214 1142 4268 suis
1174 4214 1434 4267 Dominus
1486 4213 1811 4268 haereditatis
1838 4215 1993 4269 titulo

396 4305 639 4375 reliquit,
666 4305 960 4373 conjtmgas
993 4306 1190 4373 pariter
1216 4314 1269 4359 et
1300 4305 1609 4369 adsciscas;
1640 4317 1693 4359 ιιι
1715 4318 1995 4377 expectem

394 4399 600 4468 pariter
627 4414 745 4452 cum
768 4397 1021 4452 fratribus
1040 4397 1090 4450 in
1123 4397 1404 4463 apertione
1422 4398 1531 4450 oris
1559 4398 1629 4450 tui
1654 4399 1993 4466 splendorem

388 4490 577 4561 gratiae
597 4486 1046 4542 lnminisChristi.
1078 4486 1156 4540 Tu
1184 4489 1325 4540 enim
1345 4488 1585 4555 sequeris
1613 4489 1661 4541 in
1686 4491 1995 4545 tractatibus

2109 3274 2180 3328 sit
2195 3275 2434 3345 urgentis
2455 3275 2661 3329 Domini
2684 3277 2962 3344 jussione;
2993 3284 3049 3329 et
3080 3286 3134 3330 ut
3152 3276 3301 3347 prius
3321 3287 3370 3331 te
3395 3279 3444 3331 in
3467 3277 3703 3333 Ecclesia

2110 3367 2203 3423 Dei
2236 3368 2547 3438 episcopum
2579 3378 2723 3423 stare
2750 3370 3099 3440 conspiceres
3145 3378 3200 3425 et
3242 3378 3513 3441 stupcrcs,
3547 3386 3702 3442 quam

2106 3461 2319 3515 venisse
2355 3461 2768 3531 dignoscereris.

2179 3556 2245 3611 X.
2266 3555 2405 3633 Ilude
2422 3556 2765 3612 dilectionem
2792 3555 2903 3626 jam
2932 3564 3107 3612 tecum
3134 3571 3287 3611 suam
3319 3557 3702 3614 Dominusini-

2110 3649 2236 3704 tiata
2259 3650 2525 3706 charitate
2550 3651 2814 3714 ﬁrmavit;
2840 3650 2965 3708 inde
2992 3651 3284 3706 amicitiam
3312 3662 3511 3718 tecum,
3543 3670 3701 3725 quam

2104 3742 2384 3812 discipulis
2433 3744 2544 3798 suis
2579 3742 2678 3797 sub
2710 3742 2982 3814 trimnpbo
3010 3744 3187 3798 crucis
3219 3761 3330 3799 sua:
3363 3746 3584 3801 tradidit
3607 3747 3701 3803 de-

2104 3835 2426 3905 dicavitque,
2486 3835 2669 3891 dicens
2713 3834 2890 3907 (Joan.
2934 3852 3023 3901 xv,
3063 3838 3150 3908 Η)
3188 3856 3198 3890 :
3236 3838 3296 3891 Si
3337 3840 3561 3909 feceritis
3590 3857 3702 3912 qua:

2103 3929 2291 3982 nmndo
2319 3928 2477 3994 vobis,
2493 3929 2606 3999 jam
2633 3945 2733 3982 non
2752 3929 2866 3983 dico
2880 3944 2967 3982 vos
2990 3944 3179 3994 servos,
3206 3930 3295 3984 sed
3319 3932 3545 3995 amicos;
3576 3932 3699 3988 inde

2104 4023 2456 4095 martyrium,
2521 4022 2645 4078 inde
2708 4021 2994 4076 sacerdotii
3057 4023 3378 4078 electionem
3444 4025 3698 4095 signavit.

2103 4114 2289 4185 Magna
2317 4115 2549 4169 amicitia
2579 4123 2681 4180 est,
2716 4129 2810 4184 per
2862 4130 3021 4181 quam
3048 4114 3113 4168 ad
3150 4113 3347 4169 Christi
3393 4117 3578 4171 vultus
3602 4117 3698 4172 ad-

2103 4208 2356 4273 mitteris,
2390 4207 2815 4263 extraordinaria
2851 4207 3025 4262 hostia
3057 4211 3364 4279 pervenire.
3393 4210 3479 4265 Sic
3495 4211 3701 4282 eligun-

2102 4311 2190 4358 tur
2225 4303 2376 4373 justi,
2448 4302 2529 4356 sic
2574 4300 2870 4372 probantur
2919 4301 3149 4373 religiosi
3202 4317 3263 4355 ac
3315 4304 3589 4373 simplices
3650 4308 3698 4359 iu

2101 4394 2300 4449 Christi
2332 4394 2522 4448 timore
2544 4393 2699 4447 electi
2721 4410 2736 4457 ;
2757 4403 2808 4446 ut
2837 4402 2962 4448 ante
2983 4396 3404 4449 retnuncrationi
3434 4395 3553 4450 ﬁdei
3586 4397 3700 4453 des-

2102 4488 2315 4554 tineris,
2345 4495 2471 4541 ante
2503 4486 2724 4555 prtemio
2750 4485 3174 4552 devolaémenli,
3193 4487 3243 4541 in
3264 4488 3488 4542 Domino
3504 4488 3697 4558 dignus

390 4586 497 4639 tuis
515 4584 692 4638 lumen
717 4585 861 4646 vitae,
880 4582 1020 4652 quod
1045 4582 1570 4652 Dominusjostendit.
1591 4587 1730 4653 quod
1746 4585 1993 4642 Christus
2020 4566 2073 4626 D
2102 4581 2371 4646 habeatis,
2402 4593 2563 4649 quam
2604 4579 2808 4633 Veneril
2845 4576 2975 4633 hora
2998 4577 3220 4645 decreti,
3241 4596 3397 4651 quam
3418 4583 3697 4652 exceperis

391 4677 690 4733 adveniens
741 4684 996 4730 aeternam
1049 4689 1108 4730 se
1135 4690 1253 4730 esse
1283 4675 1442 4729 vitam
1476 4680 1809 4733 monstravit.

2101 4673 2420 4730 sententiam
2451 4673 2671 4741 Christi,
2703 4671 2983 4742 probatam
3014 4680 3065 4727 te
3087 4682 3142 4728 et
3173 4684 3412 4744 paratam
3462 4674 3695 4730 hostiam

1778 4767 2329 4827 ANNOTATIONES.

461 4885 613 4939 Brevi
640 4881 1006 4936 admonitione.
1028 4881 1118 4937 Sic
1132 4882 1363 4954 Remig;
1394 4884 1544 4949 editi,
1575 4885 1788 4940 Heln-(ca
1806 4887 1986 4940 admo-

388 4959 601 5012 nitione.

462 5027 617 5080 Fidei
651 5026 890 5090 iuvantis.
912 5024 1000 5080 Sic
1026 5025 1230 5092 Remig.
1260 5034 1314 5080 ct
1340 5027 1494 5091 alius;
1511 5025 1911 5093 editi,vivenlis.

465 5098 761 5151 Funmluln.
779 5096 868 5150 Sic
900 5096 1126 5166 Rcmig.;
1153 5096 1301 5163 editi,
1327 5099 1611 5153 stinmlaln.

470 5170 870 5242 ,ιῒιῄιινοπῑηιαηιἶ
892 5168 981 5242 Sic
1004 5168 1172 5229 idem;
1200 5169 1349 5235 etliti,
1383 5171 1450 5223 ad
1466 5170 1788 5242 permixtam.
1822 5168 1983 5242 Paulo

392 5254 514 5309 p051
537 5237 602 5294 ex
643 5237 833 5294 eodem
858 5238 1081 5309 legimus
1110 5251 1160 5293 nt
1183 5237 1481 5308 exspectem,
1519 5258 1614 5309 pro
1645 5256 1712 5295 eo
1739 5239 1881 5309 quod
1900 5250 1983 5295 est

390 5316 447 5368 in
478 5311 637 5365 editis
666 5317 928 5378 expertum
953 5326 966 5373 ;
995 5321 1049 5363 et
1072 5320 1123 5363 tu
1147 5312 1277 5365 enim
1306 5315 1526 5382 sequeris
1559 5328 1653 5381 pro
1680 5328 1901 5379 sequar;
1931 5322 1985 5367 et

387 5385 546 5437 vitam
572 5399 626 5435 se
655 5396 759 5432 esse
790 5396 883 5448 pro
914 5382 1064 5434 vitant
1086 5399 1209 5435 esse.

458 5450 509 5506 Μ
518 5450 808 5523 isericordin
831 5450 1037 5505 Domini
1063 5470 1121 5506 ac
1143 5457 1335 5523 favore.
1356 5452 1446 5508 Sic
1464 5452 1696 5523 Remig;
1713 5451 1863 5519 editi,
1888 5454 1984 5507 nti-

382 5524 673 5580 sericordia:
693 5520 896 5574 Domini
911 5527 1102 5593 favore.

455 5593 713 5660 Conjnnqi
760 5610 974 5657 merear,
998 5606 1072 5647 ut.
1100 5594 1225 5649 Haec
1250 5594 1429 5649 addita
1452 5608 1519 5648 ex
1548 5594 1740 5649 eodem
1766 5594 1973 5651 codice.

459 5665 626 5717 Fidei.
653 5662 788 5720 Editi
818 5665 1021 5719 addunt
1051 5676 1269 5725 nostris;
1300 5665 1515 5732 quidam
1563 5665 1778 5720 codices
1810 5682 1964 5732 mss.,

378 5747 587 5800 vestra};
611 5746 859 5793 neutrum
893 5739 952 5808 in,
981 5737 1187 5808 Remig.
1220 5736 1386 5790 Paulo
1430 5747 1569 5806 pOSl,
1600 5737 1663 5792 dc
1702 5738 1968 5808 inapinato

376 5811 429 5865 in
463 5809 659 5880 Rcmig
692 5817 745 5865 et
774 5808 897 5863 aliis
924 5807 1156 5862 duobus.

2170 4883 2334 4937 Attari
2354 4897 2464 4936 suo.
2486 4880 2575 4938 Sic
2602 4882 2839 4952 Remig;
2868 4882 3023 4936 deest
3048 4898 3139 4935 suo
3166 4883 3216 4936 in
3242 4883 3419 4941 editis.

2167 4953 2450 5026 inspirata.
2482 4953 2804 5026 Sic_l_{emig.
2832 4964 2884 5008 et
2925 4953 3181 5026 Sorhon.;
3211 4956 3363 5022 editi,
3410 4958 3687 5026 insperata.

2166 5024 2517 5080 Reservntnm.
2578 5024 2646 5079 Ut
2690 5028 2843 5078 enim.
2874 5026 2964 5079 Sic
2999 5023 3205 5095 Remig.
3235 5036 3291 5081 et
3321 5028 3406 5081 alii
3440 5023 3583 5096 tres;
3616 5048 3691 5086 re-

2091 5107 2318 5152 servatus
2342 5107 2393 5149 nt
2425 5096 2476 5150 in
2508 5096 2688 5150 editis.

2161 5168 2467 5222 Dimicantis
2498 5167 2677 5238 plebis.
2715 5166 2947 5236 Remig;
2973 5166 3315 5222 dimicationis
3342 5168 3498 5223 editi.

2160 5238 2409 5312 Reriiicis.
2455 5238 2666 5312 Bernig.
2698 5253 2819 5312 cum
2843 5248 3072 5312 quatuor
3097 5239 3251 5306 aliis;
3279 5243 3511 5312 perennis
3536 5242 3688 5299 editi.

2164 5309 2422 5382 (fi-gentis.
2454 5310 2531 5382 Ita
2560 5310 2768 5382 lietnig.
2794 5324 2917 5364 cum
2944 5309 3516 5382 tribttsaliispnrgente
3533 5315 3682 5370 editi.

2167 5379 2571 5451 Dignosrcreris.
2596 5380 2684 5435 Sic
2706 5381 2945 5450 lietnig.;
2978 5379 3126 5445 editi,
3157 5379 3490 5452 dignosciris.

2162 5454 2270 5508 Snb
2288 5452 2661 5521 triumpho.Sic
2675 5452 2891 5506 codices
2911 5466 3039 5505 tnss.
3064 5462 3118 5507 et
3140 5452 3350 5520 Morel.;
3371 5473 3484 5510 cum
3503 5457 3685 5511 trium-

2088 5524 2192 5592 plio
2228 5525 2434 5579 Pamel.

2160 5594 2549 5670 Magnaallanc
2592 5608 2776 5670 vocem
2796 5593 3044 5670 addimus
3061 5612 3127 5652 ex
3156 5594 3275 5652 cod.
3302 5596 3506 5670 Remig.
3534 5599 3680 5655 Idem

2083 5680 2204 5739 cum
2236 5667 2343 5722 alio
2376 5666 2536 5721 habet
2563 5667 2852 5739 pervenire;
2875 5668 3025 5733 editi,
3060 5670 3307 5739 pervenis.

2152 5737 2220 5791 In
2241 5739 2430 5795 Christi
2493 5739 2687 5792 timore.
2737 5738 2827 5794 Sic
2867 5737 3085 5794 codices
3127 5754 3282 5805 mss.;
3317 5741 3370 5795 in
3415 5737 3678 5797 Christum

2073 5807 2222 5863 editi.
