3838 6278
158 292 222 346 57
1332 296 1710 356 PREFATIO
1747 300 2312 376 leLACTANTIUM.
3379 319 3450 376 58

155 408 340 503 electio
368 407 870 503 coelestisinveoiat.
897 411 1110 467 Etenim
1138 411 1229 468 ille
1253 421 1327 476 te,
1344 414 1432 484 qui
1456 429 1562 468 non
1588 429 1738 470 men-
1764 418 1820 480 Α
1842 419 2012 476 instar
2038 437 2158 479 esse
2181 426 2418 496 conﬁdo,
2478 437 2822 500 peceatorem
2857 430 2987 502 justi
3033 431 3294 503 petitione
3335 448 3453 490 me-

155 498 248 555 dax
275 507 359 555 est
385 500 544 562 Deus.
575 500 666 571 qui
690 503 1002 574 episcopum
1030 505 1172 574 plebi
1203 519 1314 561 suae
1343 506 1412 561 de
1442 505 1737 577 improviso

153 594 438 659 constituit,
459 595 552 651 ille
577 595 736 666 plena
763 596 1051 656 dilectione
1072 615 1182 656 sua:
1203 600 1493 656 voluntatis
1510 611 1562 657 te
1579 616 1736 658 coro-

154 689 314 746 nabit.
338 689 490 746 Tunc
521 700 726 746 tantum
757 702 812 748 ut
839 695 1009 749 nostri
1039 694 1356 750 memineris
1401 697 1653 765 petimus,
1683 704 1738 752 et

151 795 378 848 oramus,
408 797 528 838 cum
565 782 758 853 pudice
774 785 1078 840 allectionis
1102 785 1312 840 Domini
1332 787 1552 856 probata
1575 795 1737 857 atque

151 875 481 930 immaculata
515 875 713 941 hostia,
755 884 881 933 ante
908 876 1109 933 Christi
1161 878 1391 934 tribunal
1437 879 1730 944 adstiteris,

147 983 262 1024 cum
287 969 456 1037 gloria
483 970 668 1040 gratiae
710 970 823 1038 Dei,
858 971 1140 1040 praemium
1180 971 1392 1027 devotze
1437 973 1636 1027 mentis
1673 987 1738 1028 ac

145 1061 628 1117 remunerationem
668 1063 972 1132 acceperis;
1003 1063 1278 1119 memoria:
1309 1063 1532 1132 haereat,
1579 1073 1634 1120 et
1660 1071 1738 1120 te-

143 1153 346 1207 naciter
368 1153 418 1206 in
434 1155 686 1208 sensibus
711 1155 815 1209 tuis
833 1164 1067 1218 maneat,
1091 1171 1249 1226 quam
1267 1156 1424 1211 nobis
1453 1156 1736 1228 impertire

140 1243 394 1313 dignaris,
417 1245 636 1302 dilectio
674 1245 984 1313 charitatis;
1033 1257 1091 1302 ut
1115 1249 1450 1304 orationibus
1479 1249 1584 1304 tuis
1615 1263 1738 1320 pec-

139 1343 254 1388 cata
289 1345 472 1391 nostra
501 1338 714 1392 veniam
738 1347 1160 1410 consequantur,
1199 1348 1256 1393 ut
1279 1341 1488 1396 meritis
1507 1341 1737 1412 justitize

139 1435 263 1492 tum,
291 1429 410 1484 vitae
440 1437 641 1485 nostra).
666 1429 860 1486 delicta
887 1440 1201 1502 purgentur.
1236 1431 1450 1488 Etenim
1493 1433 1736 1506 martyrii

1847 514 2024 569 ruisse
2055 516 2280 574 salvari:
2305 528 2359 575 ut
2389 529 2463 586 et,
2492 535 2614 577 cum
2646 523 2762 593 ipse
2787 525 3085 594 promereri
3115 525 3242 596 quid
3271 526 3468 600 preci-g

1847 602 1946 660 bus
1963 607 2066 662 tuis
2095 609 2273 666 minus
2301 613 2494 682 possis,
2538 615 2791 687 martyris
2813 617 3023 673 meritis
3052 617 3322 676 libereris.
3358 619 3450 678 Sic

1844 695 1948 752 Job
1974 700 2152 767 justus
2181 718 2276 772 pro
2293 699 2600 762 amicorum
2631 708 2792 763 trium
2823 711 3060 778 peccatis
3081 726 3110 765 a
3136 711 3247 768 Deo
3290 727 3454 784 roga-

1847 795 1998 846 turus
2018 799 2073 846 et
2101 792 2484 863 impetraturus
2503 799 2826 868 ostenditur,
2858 810 2912 856 et
2944 801 3191 872 probatio
3242 803 3452 862 timoris

1845 885 1962 956 ejus
1981 895 2035 941 et
2064 887 2184 943 fidei
2215 889 2576 948 Dominivoce
2601 902 2738 950 teste
2754 895 3016 966 signatur.
3044 895 3178 952 Cum
3219 912 3350 970 ergo
3395 897 3450 952 in

1845 975 1931 1032 die
1981 977 2318 1036 liberationis
2363 991 2488 1049 tuae,
2551 983 2894 1054 charissime,
2943 997 3338 1058 repraesentare
3401 999 3456 1046 te

1845 1065 2042 1124 ChriSti
2069 1071 2302 1127 vultibus
2326 1076 2594 1144 coeperis;
2637 1091 2758 1132 cum
2789 1079 2842 1132 in
2869 1080 3228 1136 aeternitatem
3259 1094 3448 1152 perpe-

1843 1160 2200 1233 tuitatemque
2232 1163 2446 1220 videndi
2496 1181 2723 1238 regnare
2743 1185 2864 1224 eum
2893 1169 3114 1226 Christo
3149 1171 3291 1228 felici
3306 1180 3454 1229 sorte

1845 1255 2206 1310 successeris:
2239 1270 2336 1326 pro
2358 1257 2574 1312 Domini
2612 1259 2983 1316 misericordia
3014 1263 3068 1318 in
3115 1269 3297 1320 mente
3340 1263 3453 1334 jam

1847 1345 1985 1404 habe
2020 1363 2245 1418 puerum
2272 1358 2421 1406 tuum
2442 1349 2685 1420 Celsum,
2721 1353 3087 1411 sanctissime.

1507 1546 2062 1606 ANNOTATIONES.

207 1662 425 1718 Pudice.
450 1663 540 1720 Sic
560 1663 795 1734 Remig;
817 1679 922 1720 non
945 1663 1082 1722 male
1100 1665 1153 1721 in
1175 1665 1302 1732 alio,
1323 1665 1556 1734 pudiare;
1577 1665 1731 1732 editi,

131 1735 406 1809 pudicitia.
435 1735 768 1809 Auctoritate
792 1735 1034 1806 ejusdem
1053 1738 1175 1792 cod.
1197 1737 1408 1809 Remig.
1429 1747 1485 1792 et
1505 1737 1734 1792 aliorum

132 1805 518 1879 nonnullorum
553 1807 782 1874 legimus
809 1805 1053 1866 tenaciter
1080 1824 1175 1879 pro
1215 1805 1385 1864 τεηεαὶ
1421 1817 1496 1872 ut,
1529 1818 1584 1863 et
1607 1824 1732 1878 pro-

129 1877 314 1929 τηατ-ετξ
345 1891 441 1946 pro
472 1893 786 1944 promovere,
817 1886 872 1934 et
898 1879 1004 1936 alia
1034 1877 1290 1936 nonnulla
1313 1877 1679 1937 emendamus.

190 2017 196 2021 .
205 2017 213 2022 -
220 2016 289 2022 ...υ-η.
301 2015 351 2022 ..-
358 2015 456 2022 _-—.—..
470 2017 512 2023 μ...
519 2017 746 2026 κυα-κρσ-ο-ρ
753 2019 844 2027 ’ἡ
850 2018 1604 2027 _..——-——.———-_-—...————.
1619 2018 1648 2026 a—

1253 2060 1268 2066 --
1277 2057 1476 2067 h-o—
1487 2057 1652 2066 .——-—

1294 2175 1696 2306 PPuE

1914 1663 2055 1740 Iusti
2079 1667 2339 1738 petitione.
2383 1667 2471 1740 Sic
2527 1668 2736 1740 Remig.
2784 1667 2917 1740 justi
2962 1671 3206 1740 martyris
3233 1667 3362 1724 edit.
3397 1672 3456 1722 et

1841 1737 2006 1810 paulo
2029 1737 2167 1807 pest,
2196 1739 2442 1810 martyris
2469 1737 2707 1808 precibus
2721 1737 2928 1795 in'eod.
2964 1737 3168 1810 Remig.

1917 1808 2140 1865 Celsum.
2175 1808 2438 1866 Caecilium
2467 1812 2590 1866 cod.
2617 1810 2828 1881 Remig.

151 2015 456 2033 =--.~—~-—--—--—--
470 2017 1604 2033 --~"-~*-—~_._—1—3—_-—M
1619 2015 2498 2026 ~M—_———.-——.-———————o
2530 2013 2986 2033 -.--——.————-..——o=——

850 2015 2498 2027 _..__—_..—__——~————M__———.-___—_——~
2530 2013 2986 2033 ...._—.——_——.-——o=——
3013 2010 3420 2033 -—m

785 2418 1272 2506 NICOLAI
1331 2412 1876 2500 LENGLET
1935 2413 2650 2500 DUFRESNOY
2687 2404 2774 2490 (1)

1011 2637 1216 2750 IN
1291 2631 2574 2752 LACTANTIUM.

1632 2865 1950 2923 ἓοῶοθ

198 3009 237 3066 i.
275 3009 604 3068 Jamdudum
637 3019 924 3082 expectant
957 3009 1153 3066 eruditi
1186 3008 1611 3066 emendatiorem
1659 3016 1742 3063 at—
1769 3029 1818 3090 Β

134 3118 232 3174 que
278 3103 703 3176 perfectiorem,
755 3120 914 3174 quam
964 3103 1213 3168 antehac,
1269 3103 1736 3157 Lactantianorum

133 3212 342 3268 operum
371 3199 695 3256 editionem.
733 3197 881 3253 Hauc
913 3197 1108 3268 publici
1135 3197 1273 3266 juris
1303 3196 1546 3259 facimus,
1578 3205 1738 3266 atque

133 3289 180 3346 id
225 3293 555 3360 curavimus,
603 3299 662 3346 ut
706 3299 882 3346 textus
930 3291 1002 3345 sit
1047 3289 1550 3351 emendatissimus;
1596 3298 1738 3343 uotae

131 3400 251 3440 vero
293 3401 392 3441 non
447 3385 513 3441 ad
553 3386 994 3450 ostentationem,
1025 3383 1120 3440 sed
1158 3383 1226 3439 ad
1267 3383 1553 3438 utilitatem
1599 3381 1738 3438 refe-

129 3489 326 3536 rantur.
357 3480 444 3536 Ne
483 3488 641 3551 putes
672 3491 850 3534 tamen
876 3521 888 3542 ,
919 3479 1089 3534 lector
1117 3476 1327 3533 erudite
1351 3518 1366 3544 ,
1413 3477 1528 3532 haec
1557 3475 1736 3529 omnia

134 3571 228 3625 soli
253 3587 382 3628 mea:
403 3587 556 3628 curae
583 3571 789 3628 deberi.
819 3571 874 3626 lu
903 3579 1138 3627 mentem
1165 3567 1412 3640 equidem
1439 3567 1568 3622 mihi
1596 3581 1738 3622 anno

137 3662 270 3717 1707
300 3672 520 3718 venerat
546 3663 684 3718 hanc
705 3677 924 3734 operam
957 3662 1007 3716 in
1038 3677 1124 3716 me
1154 3663 1452 3728 suscipere,
1481 3667 1538 3712 ut
1568 3658 1734 3712 otium

137 3754 272 3824 quod
317 3766 428 3810 erat
475 3755 609 3811 mihi
651 3771 680 3810 a
727 3755 884 3811 seriis
934 3753 1184 3824 negotiis,
1217 3751 1410 3822 quibus
1459 3750 1738 3804 detinebar

134 3845 314 3901 insulis
341 3847 696 3902 Flandrorum
738 3846 790 3901 in
819 3845 936 3901 aula
965 3841 1566 3900 Bavarico-Coloniensi
1590 3883 1602 3902 ,
1637 3839 1738 3896 hoc

132 3937 301 3992 studio
352 3954 707 4005 exercerem;
757 3954 946 3994 omnes
999 3939 1110 3992 fere
1157 3935 1420 3992 Lactantii
1471 3933 1736 3988 editiones

132 4044 503 4100 congesserant
528 4074 542 4097 ,
583 4039 745 4102 atque
776 4030 1174 4098 manuscriptos
1205 4026 1465 4098 quosdam
1489 4069 1502 4091 ,
1539 4035 1648 4080 tum
1681 4023 1736 4078 in

134 4120 312 4194 Belgio
334 4166 350 4190 ,
379 4134 489 4178 tum
526 4134 683 4179 antea
733 4125 949 4178 Parisiis
979 4123 1316 4178 contuleram
1345 4138 1358 4181 ;
1403 4131 1558 4174 notas
1608 4121 1736 4173 item

132 4213 384 4283 plurimas
405 4215 628 4270 assiduo
660 4216 842 4272 labore
864 4215 1138 4271 confectas
1164 4222 1218 4268 et
1250 4211 1485 4283 undique
1511 4209 1734 4280 conqui-

133 4306 256 4360 sitas
285 4307 337 4362 iu
369 4324 539 4363 unmn
573 4322 1040 4364 coacervaveram.

1919 3007 2008 3064 Ill.
2044 3008 2263 3075 Verum,
2289 3022 2348 3064 re
2377 3007 2598 3074 infecta,
2623 3021 2767 3063 anno
2788 3008 2948 3074 1751,
2977 3009 3107 3067 abiit
3133 3009 3198 3066 ad
3225 3023 3455 3082 superos

1843 3103 1926 3158 vir
1955 3103 2235 3166 eruditus,
2266 3110 2430 3172 atque
2477 3100 2796 3173 quibusdam
2843 3103 2912 3158 ab
2959 3101 3083 3159 hinc
3130 3105 3286 3160 annis
3337 3105 3456 3175 ejus

1844 3196 1976 3252 mihi
1997 3197 2286 3252 commissa
2309 3205 2434 3252 sunt
2470 3197 2689 3263 scrinia,
2717 3207 2770 3252 et
2798 3196 3018 3252 creditae
3050 3201 3451 3258 annotationes.

1843 3290 1950 3347 Sed
1998 3301 2228 3361 quantus
2271 3305 2359 3345 me
2403 3297 2591 3361 stupor
2633 3290 2915 3346 incesserit
2944 3293 3036 3347 vix
3067 3307 3324 3349 enarrare
3370 3292 3454 3350 fas

1841 3394 1946 3447 est,
1977 3398 2102 3438 cum
2148 3382 2394 3449 viderim,
2426 3383 2688 3438 editorem
2721 3397 2853 3438 sane
2886 3383 3180 3451 eruditum,
3208 3385 3454 3456 improbo

1839 3475 2028 3532 decem
2061 3491 2325 3531 annorum
2360 3476 2548 3532 labore
2594 3476 2645 3530 in
2693 3491 2760 3532 eo
2791 3485 2996 3532 tantum
3041 3477 3366 3545 desudasse,
3399 3486 3459 3534 ut

1841 3570 2077 3642 undique
2105 3579 2470 3637 coacervaret,
2503 3570 2610 3626 imo
2641 3579 2696 3626 et
2723 3571 3043 3627 corraderet
3069 3573 3246 3628 varias
3270 3572 3458 3628 lectio-

1841 3677 1937 3717 nes
1998 3662 2486 3731 manuscriptorum
2545 3661 2791 3716 codicum
2856 3670 2912 3717 et
2977 3662 3450 3718 Lactantianarum

1839 3754 2170 3818 editionum;
2211 3753 2426 3807 omissis
2468 3753 2684 3808 interim
2736 3753 2804 3807 iis
2833 3754 3336 3821 observationibus,
3367 3755 3452 3810 vel

1841 3849 2137 3912 hismricis,
2171 3848 2254 3916 vel
2280 3847 2506 3914 criticis,
2537 3863 2658 3918 qua:
2686 3847 2752 3902 ad
2794 3847 3036 3902 auctoris
3074 3856 3310 3902 mentem
3339 3855 3452 3904 tum

1839 3942 2230 4014 assequendam
2258 3983 2274 4009 ,
2317 3951 2428 3998 tum
2460 3942 2854 4012 explanandam
2885 3949 3070 3996 essent
3096 3941 3449 3997 necessariae.

1840 4039 1951 4096 Hae
1983 4041 2110 4096 inita
2144 4041 2374 4107 ratione,
2407 4054 2694 4095 numerum
2745 4039 3120 4093 tantummodo
3147 4039 3448 4094 editionum

1838 4134 2077 4188 auxisset
2105 4133 2344 4188 Joannes
2378 4131 2425 4186 le
2457 4131 2598 4186 Bruu
2626 4146 2642 4194 ;
2673 4129 2768 4184 sed
2797 4130 3164 4199 antiquiorum
3209 4147 3314 4187 non
3341 4147 3447 4187 ex-

1840 4227 2088 4281 tinxisset
2115 4223 2463 4284 desiderium.
2499 4223 2608 4278 imo
2639 4223 2816 4292 potius
2847 4223 3196 4280 incendisset.

1912 4319 2000 4375 lV.
2031 4317 2134 4374 Sed
2166 4318 2231 4372 ad
2277 4316 2614 4373 Lactantium
2647 4317 2822 4387 ipsum
2868 4325 3052 4372 nostra
3099 4329 3451 4374 convertatur

198 4398 374 4455 ILSed
405 4417 514 4472 quo
546 4411 788 4470 tenuere
829 4400 944 4454 haec
971 4400 1153 4452 animo
1186 4397 1486 4460 versabant,
1521 4405 1574 4450 et
1621 4409 1766 4478 ωτι--⁴

1911 4409 2032 4465 alio.
2061 4407 2280 4464 Certum
2310 4418 2394 4465 est
2422 4420 2671 4464 auctores
2714 4408 2856 4463 inter
2893 4408 3114 4463 Latinos
3155 4409 3204 4463 id
3247 4410 3322 4464 illi
3351 4425 3446 4480 pe-

133 4506 251 4546 nmn
289 4493 676 4556 admovebant,
714 4505 770 4546 ut
812 4493 877 4548 ad
922 4492 1081 4547 {luem
1131 4492 1308 4561 operis
1359 4503 1727 4560 properarem,

133 4587 434 4642 nunciatum
487 4588 621 4642 mihi
666 4587 796 4651 fuit,
842 4587 1102 4642 Joannem
1149 4587 1442 4657 Baptistam
1500 4584 1548 4638 le
1589 4584 1731 4638 Brun

133 4675 640 4752 Rethomagcnsem,
673 4680 897 4736 Aurelizr
923 4681 988 4734 ad
1018 4679 1244 4750 Ligerim
1277 4690 1402 4732 tunc
1423 4677 1728 4747 degentem,

138 4783 291 4827 omne
311 4775 570 4834 studium.
594 4775 832 4830 laborem
855 4789 1069 4828 omnem
1093 4773 1372 4828 Lactantio
1393 4771 1732 4826 emendando

140 4866 452 4936 intendere;
497 4877 625 4924 tunc
652 4877 957 4938 susceptum
987 4883 1122 4938 opus
1161 4867 1414 4938 deposui,
1447 4876 1608 4936 atque
1636 4881 1732 4936 per

137 4959 480 5032 interpositos
506 4964 710 5019 amicos
740 4964 860 5018 misi
887 4961 1079 5017 Joanni
1111 4961 1160 5016 le
1201 4961 1340 5016 Brun
1373 4961 1602 5016 selectas
1636 4959 1730 5014 de-

135 5065 245 5108 cem
274 5056 536 5114 editiones
579 5069 630 5112 et
661 5057 890 5126 amplius
919 5073 984 5112 ex
1016 5057 1310 5112 rarioribus
1351 5055 1724 5126 quadraginta,

137 5158 262 5212 quas
288 5164 493 5206 smnma
527 5165 652 5206 cura
679 5151 1024 5221 collegeram.
1059 5150 1229 5220 llujus
1256 5151 1497 5205 doctrina
1527 5161 1582 5203 et
1605 5149 1726 5203 dili-

137 5241 307 5307 gentia
351 5243 482 5297 mihi
532 5259 596 5298 cx
625 5243 782 5298 editis
819 5243 876 5299 S.
913 5243 1118 5298 Paulini
1166 5242 1451 5312 operibus,
1499 5241 1726 5312 aliisque

135 5347 236 5390 non
267 5335 490 5393 indoctis
518 5337 980 5394 lucubrationibus
1006 5345 1148 5394 notae
1174 5352 1239 5394 ac
1278 5337 1520 5410 probata:
1547 5344 1722 5391 erant.

203 5517 280 5591 (l)
305 5517 806 5591 Cujuseditionem,
829 5527 886 5572 ut
915 5528 1039 5589 pote
1067 5519 1305 5591 omnium
1325 5517 1590 5573 hactenus
1622 5532 1720 5586 pu-

133 5586 270 5642 blici'
297 5592 433 5656 juris
473 5590 732 5645 factarum
776 5591 893 5647 loco
919 5586 1268 5654 habendam,
1306 5591 1371 5643 ad
1415 5591 1724 5643 innumero-

133 5671 348 5730 rumque
371 5670 477 5714 tam
502 5659 764 5716 editorum
784 5677 939 5730 quam
970 5661 1456 5730 manuscriptorum
1473 5659 1720 5717 codicum

131 5727 284 5785 fidem
311 5732 674 5798 emendatam,
703 5727 957 5787 non—nolis
987 5743 1164 5790 tamen
1197 5727 1277 5788 vel
1307 5733 1357 5788 in
1391 5732 1583 5786 melius
1607 5748 1720 5786 mu-

133 5801 250 5856 tatis
278 5803 358 5858 vel
382 5803 602 5868 additis,
633 5803 958 5860 recutlimns.

1837 4504 2039 4559 euliare
2067 4519 2208 4568 esse,
2242 4513 2298 4558 ut
2337 4502 2736 4574 quodammodo
2775 4503 2848 4557 sit
2893 4501 2960 4556 ad
3006 4501 3218 4557 diversa
3265 4504 3448 4559 munia

1839 4607 2078 4668 paratus.
2107 4597 2161 4654 Si
2209 4599 2410 4653 etenim
2443 4597 2496 4651 in
2525 4595 2884 4665 scriptoribus
2925 4594 3313 4650 ecclesiasticis
3355 4610 3446 4650 se-

1833 4692 2092 4757 cundum,
2115 4702 2206 4746 aut
2230 4693 2445 4748 tertium
2470 4689 2810 4746 solummodo
2837 4688 3016 4744 locum
3044 4688 3228 4755 habet,
3255 4689 3446 4759 procul

1833 4785 1998 4843 dubio
2027 4787 2109 4840 vir
2139 4785 2240 4840 fuit
2272 4783 2559 4856 primarius
2605 4783 2657 4837 in
2701 4797 2762 4836 re
2796 4781 3078 4846 litteraria,
3108 4789 3332 4852 propter
3356 4797 3448 4836 va-

1832 4878 1967 4932 riam
2025 4878 2142 4948 ejus
2193 4875 2594 4940 eruditionem,
2649 4873 2864 4945 dignam
2921 4872 3140 4929 homine
3185 4873 3444 4930 litterato.

1833 4970 1999 5025 Tanta
2027 4971 2226 5042 quippe
2253 4968 2525 5032 facundia,
2549 4967 2723 5022 nitore
2757 4975 2926 5034 tanto,
2956 4975 3102 5021 tanta
3135 4967 3296 5022 etiam
3324 4983 3446 5038 gra-

1831 5065 1996 5118 vitate
2039 5063 2106 5118 de
2135 5062 2300 5118 rebus
2341 5061 2574 5116 maxime
2603 5058 2656 5114 in
2687 5059 2952 5130 religione
2993 5059 3312 5114 necessariis
3347 5073 3443 5114 suo

1829 5156 1995 5213 hlime
2024 5155 2264 5224 diSpltlal
2293 5163 2456 5224 atque
2493 5151 2734 5215 disserit,
2769 5159 2824 5206 ut
2870 5151 3073 5205 nostris
3110 5149 3442 5220 temporibus

1829 5263 1982 5320 teque
2008 5255 2192 5318 gratus
2223 5247 2314 5314 sit,
2343 5259 2406 5300 ac
2434 5243 2702 5316 prioribus
2732 5243 2992 5300 Ecclesia:
3023 5243 3257 5298 smculis.

1901 5340 1965 5394 V.
2007 5340 2264 5407 Qumrere
2312 5338 2470 5408 vulgo
2512 5335 2728 5404 solent,
2777 5349 2874 5390 cur
2918 5334 3160 5390 eruditus
3207 5347 3271 5387 ac
3323 5332 3440 5387 elo-

1827 5433 2211 5504 quentissimus
2258 5433 2492 5500 scriptor
2529 5443 2654 5484 suas
2689 5427 2918 5483 ediderit
2961 5425 3350 5482 institutiones.
3381 5425 3436 5478 ltl

1827 5543 1990 5600 porro
2021 5542 2198 5584 causa:
2235 5526 2330 5579 fuit
2361 5543 2374 5578 :
2408 5523 2546 5579 sicut
2577 5522 2890 5592 prudentes,
2921 5529 2974 5575 et
3005 5519 3192 5574 arbitri
3223 5519 3434 5586 equita-

1827 5621 1894 5676 tis
1937 5621 2306 5676 lnstitntioues
2351 5616 2488 5686 juris
2534 5613 2708 5668 civilis
2755 5611 3084 5681 eotrlmsitas
3112 5609 3432 5676 vulgarunt,

1823 5713 2017 5785 quibus
2043 5709 2420 5768 dissidentium
2467 5707 2588 5762 lites
2629 5704 3113 5771 contentionesque
3153 5699 3430 5768 scpirent,

1823 5807 1901 5862 sic
1935 5805 2148 5861 Divinas
2177 5801 2547 5859 institutiones
2585 5812 2651 5853 co
2680 5795 3022 5868 potissimum
3066 5789 3265 5864 publici
3291 5791 3428 5862 juris
