3838 6278
398 312 470 369 59
1574 299 1949 362 ΡΜΕΔΤΙΟ
1988 299 2054 358 IN
2092 299 2564 359 LACTANTIUM.
3637 298 3705 356 60

399 428 526 486 fecit
551 425 880 488 Lactantius.
908 424 1234 486 inﬁdelibus
1263 438 1370 480 uno
1401 421 1553 495 quasi
1579 421 1774 478 intuitu
1801 430 1998 478 cuncta
2028 420 2082 480 Α
2108 420 2234 487 tius,
2283 434 2390 474 non
2429 429 2513 476 est
2558 434 2727 491 usque
2767 419 2904 475 adeo
2941 427 3168 475 certum.
3211 416 3268 473 In
3309 416 3486 472 varias
3529 416 3700 472 critici

398 530 598 594 praesto
638 526 824 580 essent
866 524 1184 588 argumenta
1205 559 1221 584 ,
1254 517 1449 589 quibus
1477 515 1758 588 gentilium
1789 530 2005 574 errores

396 613 764 679 revincerent,
794 619 848 667 et
877 619 1184 668 assererem
1213 607 1497 666 infractam
1527 607 1806 678 religionis
1829 607 2006 665 chris-

399 707 562 768 tiana:
614 705 892 760 veritatem
941 701 1244 776 (Lactant,
1297 700 1499 770 quit,
1553 701 1643 756 lib.
1691 717 1742 770 t,
1790 717 1907 774 cap.
1949 702 2004 771 1,

397 800 501 858 cal.
533 797 636 858 116
665 806 801 854 neat.
825 796 956 868 ed.).

474 888 560 948 Vl.
595 889 724 958 Ejus
763 891 963 959 quippe
1002 884 1402 954 lnstitutiones,
1445 900 1564 957 qua:
1603 884 1755 942 libris
1799 895 2008 958 septem

397 983 776 1046 absolvuntur,
808 995 875 1038 eo
906 978 1206 1050 procedunt
1245 977 1458 1042 ordine,
1495 988 1552 1032 ul
1598 977 1768 1034 tribus
1812 977 2006 1047 priori-

400 1080 502 1140 bus
525 1079 704 1136 cultus
727 1076 950 1132 deorum
978 1075 1199 1130 insanos
1219 1073 1494 1140 retundst,
1529 1072 1700 1127 tribus
1730 1073 1852 1127 aliis
1881 1071 2010 1128 lide-

405 1174 488 1228 ies
507 1172 832 1229 christianos
855 1168 924 1226 ad
943 1170 1225 1224 veritatem
1244 1167 1519 1235 instituat;
1545 1183 1688 1233 nam,
1710 1178 1766 1222 ut
1783 1167 1858 1222 ait
1882 1168 2012 1222 Lac-

401 1267 600 1330 tantius
623 1266 739 1334 ipse
763 1263 876 1336 (lib.
911 1279 948 1330 I,
979 1279 1096 1332 cap.
1119 1261 1224 1328 25,
1251 1261 1351 1314 col.
1378 1259 1486 1316 832
1511 1271 1643 1316 ηοω.
1668 1258 1778 1331 ed.)
1803 1277 1816 1311 :
1843 1277 1862 1310 α
1890 1260 2007 1314 Pri-

401 1377 522 1418 mus
553 1358 832 1431 sapientia:
859 1355 1061 1428 gradus
1099 1364 1184 1411 est
1213 1353 1346 1408 falsa
1380 1353 1717 1424 intelligere,
1742 1352 2013 1408 secundus

401 1470 528 1511 vera
557 1466 920 1525 cognoscere;
954 1469 974 1504 ι
1001 1449 1194 1504 ultimo
1221 1447 1436 1502 tandem
1469 1446 1608 1501 libro
1631 1446 1698 1501 de
1727 1445 2014 1514 impiorum

404 1547 577 1619 pmnis
605 1553 660 1600 ct
687 1542 1041 1608 cruciatibus,
1069 1541 1280 1611 piorum
1311 1555 1438 1595 vero
1467 1539 1758 1593 immortali
1791 1538 2016 1608 pramtio

404 1649 459 1704 et
483 1638 820 1702 beatitudine
863 1637 992 1707 agit.
1036 1633 1147 1692 Nec
1193 1643 1370 1694 tamen
1407 1633 1629 1698 credas,
1673 1641 1789 1690 toto
1825 1633 1924 1690 hoc
1960 1630 2014 1684 iu

405 1747 576 1803 opere
620 1731 797 1788 omnia
839 1735 1111 1786 momenta
1149 1741 1305 1798 atque
1349 1725 1524 1784 valida
1567 1740 1724 1790 esse;
1767 1723 2014 1796 quaedam

2107 517 2355 572 abierunt
2379 517 2693 572 sententias.
2730 516 2887 572 Putat
2914 515 3080 572 lszeus
3106 531 3250 571 anno
3273 513 3378 572 302
3400 515 3704 571 elaboratas

2108 622 2264 675 esse;
2313 607 2406 663 sed
2444 607 2548 664 hoc
2589 623 2730 664 anno
2766 607 2953 664 fideles
2988 607 3269 663 chriStiani
3313 607 3706 678 aliquantulum

2108 717 2242 774 pace
2271 703 2602 768 fruebantur,
2636 719 2824 759 verum
2854 717 2958 773 quo
2990 712 3234 772 tempore
3263 700 3434 757 edidit
3468 715 3594 756 suas
3619 699 3711 756 ln-

2109 799 2417 854 stitutiones
2458 797 2835 870 persecutione
2871 796 3245 868 exagitabatur
3280 796 3540 852 Ecclesia.
3577 795 3710 851 Exi-

2113 891 2337 946 stimant
2373 892 2498 959 alii,
2546 906 2688 946 anno
2718 891 2859 957 3H;
2907 889 3199 946 cardinalis
3245 889 3540 956 Beronius,
3591 899 3713 960 post

2111 999 2310 1039 annum
2359 985 2494 1050 M5;
2551 983 2824 1039 doctiores
2877 983 3151 1051 denique,
3204 981 3378 1037 multo
3441 991 3562 1052 post
3617 997 3714 1036 an-

2113 1093 2241 1134 num
2270 1078 2396 1142 518,
2427 1077 2566 1134 forte
2591 1093 2734 1132 anno
2760 1076 2868 1132 520
2899 1083 2992 1131 aut
3017 1076 3144 1140 521,
3181 1074 3354 1130 editas
3386 1073 3551 1130 fuisse
3587 1088 3715 1130 sen-

2116 1172 2270 1227 tlunt.
2307 1172 2480 1226 Meum
2509 1187 2614 1226 non
2643 1181 2727 1227 est
2760 1171 2846 1227 hic
2876 1186 2972 1242 per
3005 1169 3202 1224 multas
3245 1185 3557 1224 sermonum
3604 1184 3720 1224 am-

2115 1265 2280 1334 bages
2312 1263 2502 1318 borum
2536 1265 2775 1319 omnium
2806 1263 3008 1334 agitare
3037 1261 3297 1329 rationes,
3327 1271 3380 1316 et
3405 1271 3720 1332 argumenta

2119 1359 2376 1429 utrinque
2408 1359 2566 1412 allata
2595 1358 2863 1412 curiusius
2885 1358 3226 1428 conquirere.
3254 1356 3494 1412 Suillciat
3525 1356 3724 1426 proba-

2120 1461 2249 1518 tam,
2274 1461 2364 1505 aut
2392 1451 2580 1506 saltem
2617 1450 3030 1520 prob..b'.liurem
3060 1464 3333 1518 exponere
3364 1449 3722 1504 sententiam.

2190 1542 2282 1598 IX.
2313 1542 2680 1598 Nicomediam
2705 1541 2971 1614 Bithynia:
2997 1555 3062 1596 ex
3086 1540 3266 1596 Africa
3291 1541 3498 1596 accitus
3525 1541 3722 1610 fuerat,

2119 1636 2422 1709 imperante
2453 1637 2812 1702 Dioclesiano,
2845 1635 3180 1704 Lactantius,
3213 1647 3271 1690 ut
3290 1649 3354 1693 ea
3385 1635 3440 1690 in
3471 1633 3606 1692 urbe
3634 1633 3724 1689 lit-

2121 1739 2266 1786 teras
2293 1731 2580 1799 oratorias,
2610 1730 2661 1785 id
2693 1739 2797 1798 est,
2830 1731 3130 1790 Romanum
3162 1730 3381 1786 doceret
3409 1729 3722 1800 eloquium;
3788 1750 3789 1765 ι

406 1825 646 1880 rationes
670 1835 791 1892 quae
832 1834 974 1875 nunc
1005 1819 1235 1876 leviores
1261 1827 1317 1874 et
1344 1817 1553 1889 frigida:
1583 1818 1850 1882 videntur,
1880 1826 2008 1872 tunc
2043 1833 2092 1893 Β
2120 1825 2298 1902 ibique
2327 1825 2523 1880 mansit
2546 1834 2658 1886 ιοιο
2681 1824 3073 1900 persecutionis
3100 1834 3370 1898 tempore,
3393 1839 3515 1896 qua:
3538 1825 3724 1878 decem

406 1931 600 1990 graves
628 1923 783 1970 erant
805 1925 966 1985 atque
993 1913 1183 1969 ﬁrmae.
1216 1913 1292 1969 Ita
1323 1913 1644 1984 quandoque
1678 1913 1737 1967 iit
1757 1954 1771 1978 ,
1803 1921 1914 1967 tum
1949 1926 2016 1966 ex

409 2009 648 2081 ingenio,
686 2016 798 2063 tum
834 2023 900 2063 ex
933 2006 1174 2063 moribus
1204 2005 1507 2071 hominum,
1542 2014 1599 2060 ut
1622 2005 1840 2061 diversa
1875 2015 2014 2060 tem-

408 2117 604 2175 porum
649 2099 919 2156 curricula
957 2098 1202 2156 diversas
1231 2099 1393 2156 etiam
1441 2098 1675 2154 habeant
1710 2096 2016 2154 disserendi

413 2195 673 2251 rationes.

482 2284 596 2342 VII.
628 2284 745 2340 Non
771 2283 1035 2341 difﬂtetur
1055 2292 1234 2340 autem
1257 2283 1589 2349 Lactantius,
1613 2283 1744 2354 quin
1769 2281 2019 2340 eamdem

409 2380 550 2434 viam
581 2377 785 2434 emensi
819 2379 929 2448 jam
960 2376 1164 2436 fuerint
1190 2376 1408 2450 quidam
1439 2394 1470 2432 e
1501 2377 1700 2436 nostris
1741 2375 2024 2447 scriptori.

411 2469 531 2525 bus.
565 2468 692 2536 Sed,
723 2478 782 2525 ut
825 2469 941 2540 ipse
981 2470 1078 2536 ait,
1127 2467 1390 2525 Minucius
1416 2467 1590 2534 Felix,
1638 2469 1727 2539 qui
1776 2468 2022 2522 veritatis

415 2561 642 2618 idoneus
669 2571 910 2618 assertor
939 2575 1062 2618 esse
1092 2562 1375 2633 potuisset.
1409 2577 1516 2616 non
1547 2561 1808 2630 integram
1842 2568 2021 2614 tamen

412 2671 513 2714 nec
555 2657 778 2712 omnino
819 2657 1031 2728 plenam
1079 2657 1132 2712 in
1175 2656 1372 2714 tuenda
1408 2655 1669 2736 religione
1698 2653 2025 2725 dislntlatio-

413 2767 536 2806 nem
568 2751 806 2820 scripsit.
840 2749 896 2804 In
921 2749 1256 2814 Tertuliauo,
1294 2749 1458 2820 idque
1495 2750 1709 2816 merito,
1750 2749 2026 2805 desiderat

415 2845 615 2916 eloquii
648 2844 1086 2914 perspicuitatem
1119 2855 1172 2899 et
1217 2843 1566 2910 facilitatem;
1616 2843 1670 2898 in
1719 2841 2020 2916 Cypriane,

413 2937 665 3010 quamvis
687 2936 961 3008 eloquenti
989 2946 1042 2991 et
1067 2947 1280 3004 ornato,
1299 2937 1543 3008 quamvis
1569 2935 1621 2990 in
1647 2935 2025 3006 persuadendo

415 3030 664 3102 potenti,
715 3046 822 3086 non
869 3038 952 3084 sat
1003 3038 1183 3100 aptam
1230 3029 1284 3084 in
1337 3027 1726 3084 convincendis
1777 3027 2024 3098 gentibus

415 3123 763 3195 scriptionem
793 3131 966 3178 notat.
1001 3123 1072 3178 At
1097 3138 1204 3177 non
1235 3129 1319 3178 est
1357 3120 1660 3193 culpandus
1687 3120 2021 3188 Lactantius,

415 3218 557 3290 quod
604 3228 813 3288 septem
858 3217 1027 3274 libros
1071 3233 1100 3271 a
1142 3226 1480 3288 praeceptore
1509 3215 1756 3272 Aruobio
1793 3215 2026 3286 scriptos

417 3310 634 3367 silentio
677 3310 1104 3383 praetermiserit.
1150 3310 1420 3366 Arnobius
1463 3312 1606 3364 enim
1655 3324 1761 3364 non
1801 3308 1938 3375 nisi,
1969 3317 2028 3364 ut

416 3405 634 3462 videtur
669 3422 812 3461 anno
853 3405 1195 3461 Constantini
1238 3421 1328 3473 xx,
1387 3404 1440 3459 id
1489 3412 1590 3470 est,
1617 3419 1740 3458 tera:
1789 3401 2027 3474 vulgaris

419 3500 526 3557 526
548 3499 650 3573 (1),
678 3501 1027 3556 ehristlanam
1050 3499 1624 3571 suscepitreligionem
1649 3513 1756 3568 quo
1787 3506 2028 3566 tempore

417 3607 544 3650 suus
566 3594 617 3650 in
644 3594 919 3650 ethnicam
948 3595 1390 3665 superstitionem
1413 3592 1585 3648 edidit
1605 3591 2026 3662 disputationes,

419 3704 514 3746 sex
544 3689 666 3761 plus
697 3693 876 3745 minus
903 3690 1060 3746 annis
1091 3699 1212 3765 post
1239 3688 1486 3759 vuigatas
1526 3704 1556 3742 a
1586 3683 1866 3742 Lactantio
1904 3698 2030 3739 suas

423 3781 816 3839 institutiones.
852 3781 1044 3838 Mirum
1096 3783 1260 3852 igitur
1307 3796 1414 3836 non
1464 3788 1578 3845 est,
1621 3779 1664 3834 si
1712 3775 2028 3833 Lactantius

417 3877 862 3944 christianorum,
895 3885 1031 3932 teste
1071 3875 1307 3931 Eusebio
1345 3871 1694 3936 Cesarieusi,
1725 3869 2032 3926 eruditissi-

420 3986 540 4026 mus
569 3980 676 4024 tam
709 3968 930 4024 arduam
959 3969 1012 4022 in
1041 3983 1101 4023 se
1124 3967 1427 4038 susceperit
1453 3979 1708 4038 cperam;
1736 3978 1834 4017 nec
1864 3961 2031 4016 inulta

423 4062 659 4118 voluerit
691 4075 814 4118 esse
839 4061 1083 4117 convicia
1105 4101 1119 4124 ,
1151 4061 1348 4131 quibus
1386 4057 1710 4113 christianos
1736 4054 2032 4110 consectati

425 4155 643 4213 fuerant
671 4155 780 4210 duo
808 4153 1138 4225 philosophi,
1170 4152 1285 4209 sive
1308 4151 1342 4206 Ii
1371 4150 1475 4206 sint
1499 4149 1778 4205 Hierocles
1810 4161 1873 4202 ac
1901 4146 2034 4202 Por-

429 4247 680 4320 phyrius,
709 4245 826 4302 sive
847 4245 1064 4316 quidam
1093 4243 1206 4300 alii.

497 4337 635 4394 Vill.
666 4337 778 4396 llos
820 4351 988 4409 porro
1031 4336 1197 4392 libros
1238 4334 1457 4408 quando
1491 4333 1773 4405 scripserit
1802 4332 2034 4388 Lactan—

499 4496 584 4573 (l)_
607 4495 722 4573 _Sic_
757 4509 922 4573 porro
958 4490 1344 4573 ait_Eusebius
1373 4507 1386 4546 :
1418 4491 1666 4573 ditt-ton
1713 4487 2034 4572 cunctamini

426 4561 677 4629 Arnobius
706 4561 769 4622 in'
793 4566 970 4638 Africa
1013 4565 1186 4638 rhetor
1221 4562 1392 4638 clarus
1430 4562 1664 4638 habetur,
1697 4561 1785 4634 qui
1805 4577 1940 4638 eum
1979 4561 2033 4614 in

427 4642 628 4696 civitate
674 4633 850 4694 Sicca!
883 4638 951 4691 ad
999 4635 1392 4690 declamandum
1435 4633 1645 4702 juvenes
1689 4633 1910 4686 erudiret
1937 4673 1952 4698 ,
1984 4640 2031 4684 et

425 4713 594 4767 adhuc
625 4711 851 4764 ethnicus
905 4708 972 4761 ad
998 4706 1349 4761 credulitatem
1379 4708 1590 4760 somniis
1617 4704 2028 4775 compelleretur,

428 4799 587 4854 neque
611 4782 675 4836 ab
703 4781 955 4854 episcopis
983 4779 1276 4854 impetraret
1302 4779 1660 4854 ﬁdem,_qt_tam
1685 4785 1837 4854 antes
1863 4776 2034 4854 ἔριψαν

467 4847 674 4910 iacuerat
696 4893 710 4915 ,
735 4847 744 4852 ⁷
763 4847 1076 4910 elucubravit
1127 4851 1368 4908 adversus
1416 4847 1687 4920 pristinam
1708 4919 1715 4920 ί
1735 4847 2034 4920 religionem

453 4916 861 4980 itculentissimos
906 4921 1090 4988 libros,
1124 4930 1168 4975 et
1209 4916 1428 4974 tandcm'
1450 4923 1581 4976 velut
1608 4916 1913 4992 quibusdam
1944 4916 2035 4970 ob—

429 4996 626 5053 sidibus
655 4995 858 5066 pietatis
889 4994 1053 5064 fartus
1083 4994 1392 5064 impetravit.
1424 4993 1498 5048 Ita
1527 4989 1835 5066 Chronicon
1854 4989 2035 5066 Euse-

431 5069 541 5133 bii;
566 5060 736 5137 eaque
760 5060 966 5120 ratione
987 5060 1350 5121 accessionem
1380 5062 1688 5137 Arnobii‘ad
1717 5060 2032 5137 religionem

430 5131 780 5198 Christianam
822 5137 876 5192 in
923 5153 1122 5196 antiqu
1167 5137 1291 5202 320,
1328 5137 1417 5208 qui
1463 5144 1548 5192 est
1577 5133 1866 5208 vigesimo}
1891 5131 2032 5208 tio“.

431 5211 674 5274 stantini,
707 5208 1000 5281 rejicimus.
1035 5199 1287 5281 quamvis
1316 5199 1381 5264 R'.
1415 5208 1475 5263 P.
1514 5199 1786 5281 Remigius
1814 5199 2034 5281 Ceillier

431 5227 674 5274 Slanilnl,
707 5227 1000 5281 rethImus,
1073 5227 1284 5268 ttamVlS
1317 5227 1381 5264 ιι.
1416 5227 1475 5263 ι’.
1515 5227 1786 5276 “elinguis
1814 5227 2033 5257 uertitur

431 5300 551 5342 eam
573 5289 774 5357 rsnatuat
807 5297 934 5336 anu.
967 5227 1092 5347 50%,
1126 5281 1194 5357 in,
1219 5279 1449 5335 Historia
1497 5280 1817 5357 scriptorum
1859 5274 2036 5357 eccle:

433 5356 807 5419 siasticorum,
839 5363 984 5408 tomo
1019 5345 1094 5407 In.
1143 5353 1199 5408 Si
1245 5367 1389 5406 anno
1430 5345 1803 5419 tertio—quarti
1849 5345 2035 5419 surculi

431 5426 651 5484 Christo
693 5415 890 5482 nomen
930 5425 1171 5482 dedisset
1210 5421 1515 5485 Arnobius,
1547 5415 1730 5487 procul
1776 5417 1940 5474 dubio
1984 5415 2036 5476 id

433 5508 746 5555 annotasset
775 5496 1040 5556 Eusebius
1069 5506 1326 5568 regnante
1349 5491 1704 5568 Diocletiano,
1730 5503 1833 5543 non
1859 5500 2035 5568 autem

433 5587 576 5626 anno
621 5585 687 5624 xx
737 5569 1096 5625 Constantini.
1130 5561 1298 5621 i’orro
1328 5565 1447 5633 ejus
1479 5561 1751 5616 Chronico
1801 5576 1907 5614 non
1955 5567 2039 5613 est

433 5641 744 5712 deneganda
771 5643 900 5696 lides
927 5659 941 5695 :
972 5643 1072 5712 hoc
1105 5639 1221 5712 ipso
1250 5646 1491 5712 tempore
1517 5634 1650 5686 liber
1674 5633 1762 5687 ille
1791 5633 1888 5686 l‘uit
1910 5647 2042 5686 con-

436 5709 670 5782 ri'ripius
690 5729 720 5766 ι
743 5713 859 5766 viro
888 5710 1280 5782 eruditissimo,
1300 5709 1394 5782 qui
1411 5721 1634 5782 omnem
1657 5720 1878 5782 operum
1906 5718 2041 5782 con.

439 5775 640 5910 tulerat
682 5785 736 5842 in
766 5779 1102 5855 exploranda
1135 5779 1244 5840 vita
1280 5775 1606 5844 ductiorum,
1630 5775 1712 5836 sui
1741 5775 2043 5851 praesertim

440 5869 580 5910 ιωςιι
632 5891 643 5908 .

440 5859 643 5912 saeculi.

2121 1927 2175 1973 et
2195 1917 2428 1988 amplius
2453 1933 2624 1973 annos
2647 1918 2699 1973 in
2722 1917 3053 1972 christianos
3088 1916 3282 1972 saeviit.
3311 1916 3384 1971 Ea
3409 1931 3539 1971 vero
3562 1915 3726 1972 linem

2120 2025 2228 2066 non
2262 2011 2480 2077 habuit,
2529 2011 2632 2064 nisi
2665 2010 2848 2066 medio
2894 2023 3082 2064 mense
3121 2008 3276 2080 junio
3323 2007 3450 2062 anni
3499 2008 3632 2064 515.
3663 2009 3729 2062 At

2123 2103 2391 2161 Eusebius
2424 2102 2616 2158 borum
2650 2112 2952 2173 temporum
2990 2100 3224 2170 scriptor
3279 2099 3730 2170 diligentissimus

2122 2193 2400 2262 admonet,
2428 2210 2494 2249 ex
2519 2193 2771 2266 Bithynia
2797 2194 2851 2248 in
2874 2191 3080 2249 Gallias
3103 2194 3403 2264 proiectum
3429 2206 3538 2248 non
3563 2190 3731 2248 fuisse

2123 2287 2467 2344 Lactantium
2507 2288 2608 2343 nisi
2657 2303 2800 2343 anno
2837 2287 2960 2343 517.
3004 2285 3206 2341 Verum
3246 2286 3560 2341 Lactantius
3607 2299 3729 2341 cum

2124 2381 2342 2451 scripsit
2383 2381 2783 2440 institutionum
2813 2379 3018 2450 libros,
3055 2389 3181 2433 tunc
3223 2379 3276 2433 in
3322 2379 3573 2451 Bithynia
3623 2392 3731 2433 non

2123 2484 2257 2530 erat.
2293 2491 2312 2526 ι
2348 2474 2479 2545 Ego,
2513 2471 2701 2542 inquit,
2728 2488 2848 2528 cum
2875 2473 2926 2526 in
2953 2471 3203 2544 Bithynia
3226 2471 3490 2525 oratorias
3516 2469 3727 2526 litteras

2127 2569 2335 2623 accitus
2373 2567 2626 2623 docerem
2649 2607 2664 2634 ,
2705 2564 3126 2636 contigissetque
3172 2572 3230 2618 ut
3263 2563 3456 2619 eodem
3489 2572 3732 2632 tempore

2128 2661 2224 2724 Del
2255 2661 2514 2732 templum
2539 2666 2897 2725 everteretur,
2931 2657 3041 2712 duo
3070 2656 3364 2712 extiterunt
3387 2654 3611 2721 ibidem,
3642 2655 3732 2725 qui

2121 2753 2326 2825 jacenti
2356 2752 2565 2808 veritati
2598 2751 2919 2806 insultarent
2951 2749 3106 2823 (libro
3133 2766 3165 2804 v
3196 2747 3464 2816 Institut.,
3501 2765 3624 2817 cap.
3652 2747 3730 2821 2).

2129 2847 2248 2906 Vidi
2300 2861 2430 2918 ego,
2482 2846 2688 2917 inquit,
2739 2846 2791 2899 in
2835 2843 3084 2916 Bithynia
3141 2841 3424 2914 praesidem
3475 2839 3632 2914 (libro
3677 2856 3726 2906 v,

2129 2959 2176 2998 e.
2212 2941 2322 3012 11).
2351 2941 2477 2996 Haec
2503 2939 2666 3010 igitur
2708 2939 2910 3012 jamdiu
2954 2939 3356 3010 praiterierant;
3409 2947 3537 2993 tunc
3563 2937 3637 2994 ab
3668 2951 3731 2994 ea

2128 3034 2440 3091 Lactantius
2481 3033 2668 3088 aberat
2704 3032 2998 3104 provincia.
3036 3030 3161 3086 Hice
3191 3045 3323 3102 ergo
3351 3029 3570 3102 scripsit
3611 3039 3734 3102 post

2128 3142 2327 3182 annum
2357 3127 2482 3182 3l7.

2055 3243 2098 3304 Ο
2205 3223 2456 3278 Attamen
2489 3219 2895 3294 persecutiones
2922 3227 3294 3275 memorantur
3318 3218 3370 3273 iu
3399 3217 3548 3274 libris
3578 3217 3739 3274 Insti-

2133 3319 2398 3373 tutionum
2433 3315 2576 3372 :‘sed
2607 3331 2854 3392 quaenam
2905 3317 3024 3370 istm
3054 3313 3255 3371 fuerint
3297 3329 3364 3370 ex
3406 3314 3525 3385 ipso
3553 3313 3738 3371 videre

2129 3423 2211 3467 est
2247 3409 2546 3467 Lactantio.
2572 3410 2704 3465 Eam
2737 3425 2844 3464 non
2875 3420 3005 3481 puto
3033 3407 3220 3474 fuisse,
3251 3423 3409 3480 quam
3452 3407 3739 3463 desinente

2129 3519 2270 3560 anno
2313 3505 2419 3560 502
2469 3504 2869 3560 meditabantur
2922 3502 3288 3558 Diocletianus
3340 3512 3394 3557 et
3445 3502 3736 3570 Galerius;

2129 3612 2357 3668 qumque
2405 3597 2626 3668 incmpit
2666 3595 2754 3652 die
2782 3593 3042 3651 februarii
3076 3593 3148 3649 9.5
3192 3595 3318 3648 anni
3347 3592 3476 3658 303,
3507 3593 3742 3648 exitum-

2130 3705 2234 3762 que
2268 3689 2450 3745 habuit
2493 3689 2582 3744 die
2612 3689 2678 3744 15
2711 3688 2848 3759 junii
2891 3687 3014 3742 anni
3045 3686 3173 3742 515.
3208 3684 3360 3741 Tunc
3401 3687 3544 3740 enim
3575 3684 3738 3741 Nico-

2132 3783 2324 3838 mediae
2349 3794 2466 3840 erat
2497 3783 2838 3848 Lactantius;
2884 3797 2990 3837 non
3022 3781 3185 3852 igitur
3214 3781 3353 3835 hanc
3397 3795 3462 3834 co
3509 3779 3614 3836 loci
3647 3795 3741 3851 ap-

2133 3881 2293 3954 pellat
2323 3877 2778 3950 persecutionem.
2808 3873 3022 3930 Clarins
3070 3872 3210 3929 istud
3255 3872 3518 3929 elucescit
3545 3887 3614 3927 ex
3658 3873 3740 3927 his

2133 3971 2392 4034 Lactantii
2427 3970 2605 4026 verbis
2626 3967 2740 4039 (lib.
2769 3983 2838 4034 vr,
2869 3983 2915 4020 c.
2947 3963 3036 4037 17)
3065 3982 3077 4018 :
3114 3984 3132 4017 ι
3166 3963 3434 4035 Spectata:
3456 3974 3583 4018 sunt
3609 3977 3742 4034 spe-

2133 4076 2453 4138 ctanturque
2488 4064 2664 4119 adhuc
2695 4061 2772 4136 (1)
2808 4077 2906 4133 per
2942 4060 3130 4116 orbem
3167 4069 3324 4115 terrae
3362 4075 3535 4130 poenae
3567 4059 3744 4124 culto-

2133 4177 2252 4218 rum
2285 4160 2401 4228 Dei,
2444 4160 2497 4218 in
2543 4157 2738 4229 quibus
2783 4154 3164 4212 excruciandis
3195 4167 3335 4210 nova
3388 4164 3444 4210 et
3488 4154 3744 4210 inusitata

2135 4264 2402 4312 tormenta
2431 4253 2732 4323 excogitata
2779 4258 2924 4306 sunt.
2957 4249 3091 4305 Nam
3121 4249 3190 4305 de
3218 4249 3410 4304 mortis
3447 4247 3744 4320 generibus

2135 4349 2316 4404 horret
2349 4346 2560 4400 animus
2585 4342 2893 4410 recordari,
2929 4357 3052 4397 cum
3084 4341 3401 4396 immanium
3439 4340 3744 4398 bestiarum

2135 4443 2272 4498 ultra
2305 4441 2474 4511 ipsam
2505 4448 2734 4494 mortem
2775 4435 3085 4492 carniﬁcina
3117 4436 3375 4491 saevierit.
3413 4453 3432 4487 ι
3468 4433 3745 4505 Equidem

2135 4550 2202 4590 eo
2232 4533 2334 4592 loci
2367 4532 2604 4604 loquitur
2635 4529 2945 4585 Lactantius
2976 4527 3046 4586 de
3082 4527 3446 4584 Diocletianea
3479 4542 3745 4598 persecu-

2138 4631 2325 4685 tione:
2355 4628 2449 4683 sed
2493 4642 2555 4682 ea
2596 4636 2722 4680 tunc
2751 4640 2859 4684 non
2898 4623 3178 4679 steviebat.
3209 4621 3439 4693 Propius
3477 4621 3742 4694 inspicias

2138 4723 2253 4777 hinc
2284 4720 2468 4787 verba,
2506 4735 2524 4769 ‹
2557 4716 2826 4785 Spectatae
2867 4724 2995 4770 sunt
3024 4729 3234 4786 pinnae;
3269 4723 3541 4770 tormenta
3580 4729 3749 4772 exco-

2137 4815 2301 4888 gitata
2326 4821 2484 4878 sunt;
2517 4810 2704 4866 hurrct
2727 4809 2942 4863 animus
2964 4805 3238 4863 recordari
3257 4823 3279 4885 ς,
3297 4821 3420 4862 cum
3445 4807 3743 4863 saevierita

2139 4903 2410 4976 Numquid
2455 4902 2539 4958 hae
2584 4901 2883 4958 locutiones
2911 4899 2977 4956 ad
3006 4909 3204 4955 statum
3236 4908 3559 4970 praesentem
3589 4913 3752 4970 spec-

2139 5000 2292 5055 tant?
2314 4997 2574 5068 numquid
2605 5012 2637 5052 e
2663 4995 2938 5052 contrario
2957 4995 3024 5050 ad
3054 4993 3417 5068 praeteritum?
3437 4992 3554 5050 Jam
3581 4992 3751 5064 igitur

2139 5092 2254 5148 lucc
2297 5091 2476 5145 omnia
2523 5088 2932 5161 praeterieram,
2980 5101 3104 5142 cum
3152 5087 3376 5158 scripsit
3404 5085 3748 5143 Lactantius.

2215 5267 2291 5338 (1)
2327 5266 2452 5322 Haec
2496 5281 2627 5320 sane
2661 5271 2789 5338 sunt
2815 5262 3161 5334 intelligenda
3209 5263 3290 5338 de
3321 5263 3483 5318 claris
3515 5263 3750 5338 istorum

2145 5335 2445 5408 temporum
2493 5337 2929 5408 confessorihns,
2962 5351 3098 5406 quos
3134 5335 3654 5408 partibuscorporis
3685 5349 3753 5408 ac

2145 5406 2404 5468 membris
2432 5409 2650 5463 mutilos
2679 5407 2918 5462 fecerant
2941 5417 3338 5476 persecutores.
3366 5406 3570 5460 Horum
3593 5406 3753 5462 multi

2146 5480 2504 5538 interfuerunt
2545 5479 2778 5535 concilio
2823 5478 3064 5536 Nicreuo.
3111 5479 3191 5534 Ex
3238 5478 3301 5532 iis
3331 5488 3487 5534 erant
3514 5476 3611 5534 SS.
3651 5476 3755 5532 Pa-

2145 5555 2403 5628 phnutius
2423 5550 2736 5612 Thebaidis,
2756 5549 2982 5628 Potamo
3007 5548 3562 5628 ileraclemLSpiridio
3581 5547 3753 5620 Cypri

2143 5620 2551 5696 episcenorum,
2597 5637 2826 5692 quorum
2855 5625 3103 5696 stigurata
3137 5637 3233 5692 pro
3258 5620 3482 5696 _Cllt‘iSl0
3525 5629 3756 5690 accepta

2145 5690 2492 5754 deosculatus
2517 5690 2734 5748 cst—non
2782 5690 2947 5750 semel
2991 5690 3378 5748 Constantinus
3418 5695 3752 5760 imperatur,

2141 5770 2294 5839 juxta
2321 5765 2634 5839 Eusebium,
2667 5764 2906 5839 in_hujus
2931 5763 3192 5839 principis
3225 5763 3364 5830 Vita,
3395 5759 3604 5839 lib.u_t,
3636 5777 3690 5839 c_.

2151 5833 2220 5896 ad
2243 5839 2331 5904 l3,
2349 5844 2548 5905 etpost
2571 5834 2863 5894 Eusebium
2886 5833 3040 5892 multi
3062 5835 3357 5904 scriptores
3371 5833 3750 5892 ecclesiastici.
