3838 6278
120 356 176 412 Gl

1286 347 1661 407 PREFATIO
1698 348 1770 409 IN
1804 350 2266 410 LAC’PANTIUM.

3338 352 3408 406 62

122 470 288 538 ltaque
314 466 482 523 multo
506 472 630 538 post
656 479 857 521 annum
883 464 1011 521 515.
1033 463 1239 521 Verum
1256 472 1381 535 post
1403 463 1704 521 Ecclesiam
1730 472 1787 531 Α
1811 476 2016 522 coactus
2039 492 2046 498 -
2066 467 2162 541 est)
2194 475 2251 521 ut
2298 477 2442 524 esset
2488 467 2738 522 omnibus
2767 466 2971 522 clarum
3003 479 3124 541 quae
3168 467 3239 522 sit
3283 478 3409 523 vera

121 562 404 621 restitutam
429 559 570 614 nulla
596 558 818 614 omnino
833 557 935 613 alia
962 554 1065 612 fuit
1090 556 1145 612 in
1170 556 1496 612 christianos
1523 570 1710 625 perse-

121 656 286 718 cutio,
328 653 433 711 nisi
474 652 784 719 Liciniam,
834 649 989 722 cujus
1029 650 1241 706 initium
1272 651 1326 706 in
1364 665 1564 706 annum
1602 649 1710 706 ἵ)ἓο

122 748 461 822 reiiciendum
493 756 597 804 est.
621 746 753 816 Quis
782 761 917 802 vero
941 761 1050 801 non
1083 745 1230 801 videt
1255 745 1324 802 de
1352 746 1565 801 Licinio
1595 761 1710 801 rem

122 860 237 903 esse
260 843 402 899 libro
429 858 487 899 vi
511 841 947 909 Institutionum,
982 842 1160 912 capite
1188 841 1244 909 6,
1266 840 1374 910 {ubi
1400 842 1480 896 sic
1508 842 1583 894 ait
1610 839 1715 896 La-

121 937 342 993 ctantius
370 954 387 992 :
422 954 447 991 ί
476 935 704 1002 Quidam
745 936 1015 1005 probitate
1046 934 1171 990 ﬁcta
1200 935 1342 990 viam
1386 934 1489 989 sibi
1519 933 1586 989 ad
1619 948 1713 1005 po-

123 1033 336 1086 tentiam
363 1027 633 1098 muniunt,
668 1029 978 1098 iaciuntque
1004 1029 1172 1083 multa
1200 1044 1321 1099 quae
1351 1027 1480 1083 boni
1510 1028 1711 1097 solent,

120 1137 181 1178 eo
204 1121 421 1193 quidem
467 1121 802 1192 promptius,
830 1120 978 1192 quod
1019 1118 1239 1176 fallendi
1267 1121 1436 1191 gratia
1469 1119 1713 1185 faciunt;

119 1214 429 1285 utinamque
453 1225 563 1271 tam
589 1214 749 1270 facile
774 1223 920 1269 esset
950 1203 1231 1284 praestare,
1264 1227 1425 1282 quam
1453 1211 1614 1267 facile
1633 1218 1719 1267 est

118 1310 371 1366 simulare
398 1309 729 1366 bonitatem!
764 1308 873 1364 Sed
908 1308 945 1362 ii
980 1322 1104 1362 cum
1135 1321 1263 1362 esse
1294 1306 1562 1376 cmperint
1589 1319 1717 1375 pro-

117 1406 278 1477 positi
324 1419 387 1461 ac
426 1405 538 1460 voti
571 1395 665 1460 sui
709 1410 1026 1472 compotes,
1073 1411 1129 1456 et
1158 1415 1430 1456 summum
1462 1398 1718 1471 potentia

115 1498 341 1571 gradum
370 1498 622 1569 ceperint
649 1497 729 1569 (id
754 1506 831 1551 est
859 1492 1212 1567 acceperint),
1246 1503 1357 1549 tum
1389 1508 1519 1549 vero
1548 1493 1686 1547 simu
1704 1519 1719 1532 -

120 1594 329 1650 latione
371 1593 653 1663 deposita,
696 1605 879 1647 mores
904 1604 1031 1644 suos
1068 1587 1356 1659 detegunt,
1400 1588 1726 1659 rapiuntque

113 1688 331 1754 omnia,
355 1696 411 1742 et
450 1686 689 1752 violant,
721 1694 778 1740 et
818 1690 1051 1749 vexant;
1084 1696 1290 1752 eosque
1324 1682 1501 1736 bonos
1541 1678 1619 1750 (id
1650 1686 1727 1733 est

113 1781 473 1851 christianos)
498 1795 729 1851 quorum
757 1794 977 1835 causam
1008 1785 1393 1849 susceperant,
1429 1777 1726 1846 insequun-

1813 560 2089 630 majestas.
2126 559 2204 615 Illi
2233 561 2376 616 enim
2403 559 2492 631 qui
2526 569 2583 613 ut
2611 558 2804 629 impias
2835 557 3125 633 religiones
3157 557 3413 614 defende-

1814 663 1955 719 rent,
1989 653 2228 710 ct'elestis
2258 667 2322 708 ac
2347 652 2638 724 singularis
2667 651 2764 708 Dei
2796 651 2995 707 cultum
3020 652 3210 708 tollere
3230 652 3416 708 volue-

1814 754 1976 813 runt,
2008 746 2273 817 proﬂigati
2297 746 2502 817 jacent,
2537 764 2556 798 ›
2597 744 2711 817 (lib.
2744 761 2816 800 vtt
2842 745 3101 811 lnstitut.,
3129 762 3247 815 cap.
3276 745 3370 819 26)
3396 763 3411 803 :

1817 838 1870 893 itt
1919 839 2139 894 exilium
2188 840 2329 895 enim
2362 840 2549 911 pulsus
2596 850 2677 895 est
2730 837 2968 894 Licinius
2995 855 3138 894 anno
3167 839 3294 910 521,
3321 838 3417 896 sed

1817 932 2083 998 nondum,
2106 942 2163 987 ut
2189 931 2423 999 videtur,
2447 933 2607 987 morti
2635 930 2810 986 fuerat
2840 931 3089 997 traditus,
3114 932 3184 986 ob
3206 946 3292 988 res
3322 949 3418 989 no-

1817 1045 1911 1085 vas
1936 1044 2072 1100 quas
2100 1030 2152 1085 in
2176 1029 2401 1085 Oriente
2428 1030 2780 1094 moliebatur,
2812 1028 2954 1099 quod
2985 1027 3180 1084 factum
3211 1029 3418 1084 solum-

1819 1121 1979 1178 modo
2012 1120 2111 1177 fuit
2154 1137 2296 1177 anno
2324 1120 2450 1178 525.
2502 1123 2635 1177 llinc
2663 1120 2976 1181 Lactantius
3014 1136 3081 1177 eo
3110 1122 3218 1178 loci
3249 1137 3419 1178 veram

1818 1211 2161 1269 Constantini
2208 1215 2443 1286 pietatem
2497 1214 2696 1279 laudat,
2730 1214 2871 1287 quod
2909 1225 2963 1269 et
3004 1215 3162 1272 venia
3213 1225 3265 1270 et
3310 1216 3418 1275 vita

1821 1307 2087 1379 perduelli
2129 1318 2184 1364 et
2231 1309 2450 1364 inimico
2490 1307 2801 1376 concessis,
2847 1324 2969 1364 eum
3002 1309 3165 1365 etiam
3197 1312 3426 1367 comiter

1821 1402 2069 1459 c0nvivio
2099 1406 2398 1476 exceperit.

1894 1495 1963 1551 Χ.
1988 1496 2091 1565 Qui
2113 1506 2335 1566 possunt
2360 1496 2552 1563 eruditi
2593 1497 2808 1568 quidam
2855 1496 2923 1551 de
2961 1496 3046 1553 Itis
3071 1495 3137 1552 ad
3165 1496 3429 1553 Constan.

1828 1592 1997 1646 tinum
2040 1591 2376 1649 orationibus
2419 1591 2622 1646 tamdiu
2668 1602 2949 1667 satagere;
3000 1602 3177 1647 utrum
3226 1590 3431 1649 scilicet

1830 1685 2140 1757 imperatori
2178 1702 2303 1742 suas
2331 1686 2664 1757 inscripserit
2691 1686 3003 1742 Lactantius
3028 1685 3432 1741 lnstitutiones?

1831 1779 1987 1835 Hunc
2024 1780 2271 1851 equidem
2305 1782 2598 1857 principem
2628 1792 2707 1836 ter
2737 1789 2994 1857 quaterve
3024 1780 3258 1855 appellat
3283 1793 3347 1833 eo
3378 1780 3432 1834 in

117 1887 235 1943 tur,
276 1883 336 1930 et
375 1873 577 1945 gradus
606 1888 707 1945 per
735 1888 874 1943 quos
902 1871 1271 1926 ascenderunt
1310 1876 1625 1940 amputant.
1658 1880 1725 1921 ne
1752 1869 1801 1930 B
1830 1886 2016 1945 opere.
2042 1871 2149 1925 llas
2174 1873 2448 1926 orationes
2486 1888 2591 1926 non
2630 1870 2867 1931 dilﬁtcor
2893 1885 3056 1945 Step8,
3082 1870 3211 1945 quin
3243 1879 3296 1925 et
3325 1884 3431 1925 sae-

115 1970 240 2041 quis
269 1966 400 2022 illos
422 1976 612 2021 contra
644 1967 791 2035 ipsos
819 1965 991 2035 possit
1028 1964 1248 2018 imitari.
1266 1982 1286 2015 ι
1319 1953 1591 2031 Numquid
1620 1974 1725 2015 non

118 2070 202 2119 est
234 2059 326 2136 hic
355 2058 472 2128 ipse
513 2056 775 2122 Licinius,
809 2056 924 2125 qui,
957 2053 1175 2111 ctelitus
1210 2067 1309 2124 per
1336 2054 1575 2124 quietem
1607 2064 1727 2106 too-

119 2161 290 2208 nente
328 2149 529 2221 angelo
558 2159 615 2203 ut
640 2146 954 2219 praescripta
981 2146 1163 2216 procis
1199 2158 1388 2199 norma
1418 2149 1668 2198 exoraret
1698 2156 1729 2196 a

125 2246 236 2301 Deo
260 2258 480 2298 summo
502 2240 809 2306 victoriam,
835 2238 1017 2294 statim
1037 2239 1289 2292 exoravit
1312 2245 1369 2292 et
1395 2234 1728 2306 impetravit.

128 2357 147 2391 ‹
180 2334 449 2393 Liciniani
477 2347 631 2405 ergo,
670 2351 693 2385 ι
727 2330 901 2403 inquit
944 2337 1131 2385 noster
1155 2329 1491 2393 Lactantius,
1529 2344 1549 2378 ο
1578 2332 1731 2382 scuta

123 2431 405 2500 depoth
429 2467 445 2493 ,
492 2426 674 2496 galeas
711 2425 1018 2488 resolvunt,
1048 2421 1119 2476 ad
1158 2421 1359 2477 coelum
1389 2433 1581 2473 manus
1613 2426 1733 2472 ten-

125 2522 279 2587 dunt,
310 2517 686 2590 praeeuntibus
718 2515 1055 2587 praepositis,
1085 2522 1141 2569 et
1186 2520 1310 2583 post
1349 2511 1733 2581 imperatorem

128 2611 451 2683 (Licinium)
470 2623 689 2680 precem
710 2607 917 2664 dicunt.
946 2606 1027 2660 llli
1048 2605 1295 2661 oratione
1323 2612 1405 2658 ter
1433 2602 1595 2666 dicta,
1623 2601 1736 2655 vir-

131 2718 238 2764 tute
262 2707 381 2778 jam
429 2704 579 2775 pleni
605 2710 874 2772 reponunt
903 2700 1170 2770 capitibus
1197 2698 1380 2769 galeas
1399 2736 1415 2762 ,
1444 2704 1596 2752 scuta
1632 2693 1740 2748 tol—

134 2806 267 2869 lunt,
322 2801 473 2856 tubae
523 2806 745 2863 canunt,
798 2797 950 2866 signa
993 2792 1292 2864 procedunt
1335 2790 1431 2862 (de
1486 2787 1739 2842 Mortibus

131 2903 407 2969 persecat,
457 2908 505 2947 c.
532 2892 625 2956 46,
670 2900 794 2943 tont.
834 2890 930 2958 tt);
973 2883 1268 2949 Liciniani,
1299 2883 1500 2952 impetu
1552 2879 1732 2945 laeto,

133 2987 487 3043 adversarios
529 2981 789 3037 invadunt
835 2998 855 3032 ι
908 2977 1107 3051 (Ibat,
1140 2993 1185 3031 c.
1227 2976 1294 3030 47
1314 2972 1357 3046 ).
1415 2973 1604 3028 Nonne
1653 2969 1741 3025 hic

135 3081 277 3136 idem
301 3079 423 3150 ipse
458 3085 543 3132 est
569 3074 832 3137 Licinius,
862 3071 955 3142 qui
994 3070 1127 3126 fecit
1154 3067 1323 3123 multa
1351 3079 1471 3136 quae
1497 3063 1624 3118 boni
1652 3076 1742 3116 so-

137 3176 265 3237 lent,
285 3170 499 3243 quique
525 3186 545 3220 ι
570 3167 640 3222 de
662 3162 1000 3221 restituenda
1018 3159 1261 3217 Ecclesia
1285 3159 1493 3212 litteras
1517 3153 1745 3225 proponi

1828 1964 2050 2036 pissinte
2071 1979 2101 2017 a
2129 1978 2258 2019 mss.
2285 1963 2560 2020 codicibus
2588 1964 2799 2029 abesse,
2830 1962 3001 2041 iisque
3021 1962 3430 2035 antiquissimis,

1831 2067 1944 2113 tum
1973 2056 2136 2113 etiam
2166 2057 2235 2113 ab
2255 2056 2416 2113 editis
2445 2056 2786 2128 quibusdam.
2811 2056 3021 2135 Aliquae
3044 2066 3220 2111 tamen
3250 2056 3437 2131 legun-

1830 2162 1918 2210 tur
1944 2159 1997 2209 ln
2039 2152 2279 2224 probatis
2306 2152 2604 2217 codicibus,
2635 2159 2689 2207 at
2720 2166 2830 2214 non
2859 2165 3071 2209 omnes.
3100 2149 3281 2209 Facile
3308 2164 3439 2209 con-

1833 2248 2149 2304 troversiam
2203 2248 2449 2314 dirimes,
2499 2247 2544 2307 si
2598 2245 2872 2317 duplicem
2928 2243 3188 2317 coniicias
3242 2242 3438 2299 factam

1833 2341 1999 2397 fuisse
2019 2356 2048 2395 a
2066 2340 2349 2396 Lactantio
2372 2314 2689 2394 Divinarum
2702 2314 3096 2399 Institutionom
3114 2335 3437 2395 editionem:

1836 2448 1995 2490 unam
2041 2432 2285 2488 tristibus
2322 2430 2615 2486 Licittiante
2656 2427 3045 2502 persecutionis
3081 2427 3438 2503 temporibus,

1836 2541 1980 2580 anno
2030 2524 2137 2579 520
2166 2534 2258 2579 aut
2286 2524 2413 2591 321,
2439 2523 2661 2578 alteram
2714 2530 2837 2593 post
2879 2519 3127 2579 eumdem
3173 2518 3443 2574 devictum

1838 2630 2000 2690 atque
2047 2620 2101 2673 in
2143 2617 2387 2673 ordinem
2432 2616 2709 2672 redactum
2733 2656 2747 2680 ,
2775 2630 2919 2668 anno
2950 2614 3076 2677 524.
3105 2612 3257 2671 Tunc
3296 2609 3441 2681 Con-

1840 2714 2110 2771 stantinus
2132 2752 2148 2779 ,
2178 2718 2333 2780 parta
2386 2710 2641 2775 victoria,
2676 2725 2697 2760 ι
2744 2706 3027 2774 Malorum,
3070 2725 3089 2758 ι
3124 2705 3178 2760 id
3206 2714 3287 2761 est
3308 2745 3321 2772 ,
3351 2703 3445 2759 Li-

1843 2805 1967 2860 cinii
1994 2813 2049 2860 et
2092 2801 2422 2863 Martiniani,
2460 2818 2476 2850 α
2517 2799 2655 2854 male
2700 2798 2945 2854 consulta
2996 2796 3235 2857 rescidit.
3273 2816 3292 2849 ι
3340 2796 3447 2859 Sed

1847 2897 2168 2969 scriptorem
2209 2909 2269 2949 se
2311 2892 2728 2949 moderatiorem
2762 2890 3190 2967 prudentcmque
3222 2890 3451 2967 praebuit

1847 3005 1914 3047 eo
1959 2989 2062 3045 loci
2104 2988 2450 3055 Lactantius,
2496 3004 2601 3041 non
2647 2986 2917 3056 appellato
2966 2984 3181 3040 nomine
3230 2984 3445 3055 Licinii,

1851 3085 2094 3157 proxima
2145 3083 2525 3154 conjunctione
2584 3096 2706 3147 ctttn
2777 3080 3102 3150 imperatore
3157 3077 3448 3157 conjuncti.

1849 3181 2236 3238 Constantinus
2287 3179 2430 3236 enim
2485 3192 2729 3235 sororem
2788 3175 3157 3236 Constantiam
3217 3188 3449 3243 uxorem

134 3265 361 3336 jussit...
388 3273 456 3319 et
481 3261 645 3317 verbo
668 3258 914 3313 hortatus
940 3264 1045 3320 est,
1077 3262 1136 3308 ut
1159 3249 1532 3308 conventicula
1574 3245 1744 3318 (chri-
1771 3247 1817 3311 C
1853 3278 2080 3337 Luem-lo
2108 3274 2421 3332 tradiderat.

140 3355 467 3427 stianorum)
510 3356 567 3409 in
609 3361 809 3407 statum
848 3350 1131 3420 pristinum
1170 3341 1564 3401 redderentur?
1598 3361 1619 3393 ι
1651 3339 1750 3412 (De

146 3452 301 3507 Mart.
348 3466 577 3523 persec.,
607 3466 651 3502 c.
679 3447 748 3502 s8
769 3488 783 3510 ,
814 3446 966 3500 initio
993 3454 1041 3498 et
1064 3446 1118 3497 in
1144 3441 1296 3512 ﬁne.)
1326 3441 1579 3496 Attamen
1611 3436 1755 3492 inse-

144 3546 329 3614 quitur
353 3558 453 3599 eos
481 3544 632 3613 ipsos
660 3540 853 3604 bonos,
885 3552 1118 3608 quorum
1141 3548 1363 3589 causam
1389 3543 1547 3587 antea
1569 3544 1750 3586 susce-

147 3645 322 3709 perat,
357 3635 612 3705 rapitque
636 3631 841 3697 omnia,
867 3637 923 3685 et
946 3629 1131 3694 violat,
1158 3636 1213 3682 et
1232 3633 1413 3682 vexat.

223 3732 323 3786 illa
356 3744 489 3786 vero
523 3728 801 3784 Liciniana
843 3724 1151 3796 persecutio
1190 3724 1243 3776 in
1282 3720 1511 3776 Oriente
1547 3723 1755 3772 tantum

150 3823 441 3889 saeviebat;
465 3819 835 3878 occidentales
863 3816 1006 3872 enim
1036 3813 1245 3885 imperii
1274 3824 1457 3883 partes
1476 3826 1595 3880 qua:
1617 3807 1760 3864 Con-

149 3916 416 3982 stantino,
442 3930 544 3970 eas
570 3923 628 3968 ut
645 3919 878 3983 regeret,
902 3907 1276 3979 obtingebant,
1301 3905 1423 3958 data
1441 3900 1759 3974 jamdudum

150 4021 204 4067 et
249 4011 467 4066 ﬁrmata
504 4025 639 4080 pace
690 4006 1044 4060 fruebantur.
1115 4001 1251 4055 Hinc
1290 3998 1605 4054 Lactantius
1648 3995 1765 4065 ipse

150 4119 426 4160 summum
476 4105 863 4172 imperatorem
908 4095 1223 4165 alloquens,
1265 4092 1341 4146 ait
1378 4108 1392 4144 :
1432 4109 1452 4141 ι
1486 4086 1641 4143 Malis
1671 4086 1764 4156 qui

150 4196 330 4252 adhuc
353 4195 626 4251 adversus
650 4192 827 4262 justus
852 4190 904 4243 in
927 4186 1047 4242 aliis
1078 4196 1347 4240 terrarum
1379 4180 1619 4253 partibus
1657 4192 1764 4232 ste-

150 4291 325 4356 viunt,
358 4297 576 4361 quanto
605 4286 799 4351 serios,
832 4292 984 4338 tanto
1007 4277 1385 4336 vehementius
1413 4275 1555 4331 idem
1581 4272 1769 4329 Omni-

155 4390 352 4451 potens
377 4378 695 4436 mereedent
717 4374 942 4432 sceleris
969 4372 1236 4428 exsolvet.
1271 4367 1451 4442 (Libro
1496 4382 1512 4421 t
1569 4364 1765 4431 Instit.,

152 4490 200 4528 c.
231 4474 282 4541 1,
312 4473 420 4528 col.
441 4473 576 4538 117,
602 4478 735 4524 nost.
760 4468 890 4535 ed.).
923 4466 1033 4520 Hac
1053 4463 1216 4536 igitur
1238 4461 1496 4517 saeviente
1518 4455 1767 4513 orientali

156 4564 553 4637 persecutione
584 4577 710 4619 suas
740 4560 985 4632 scripsit,
1013 4572 1143 4613 suas
1185 4554 1352 4612 edidit
1396 4551 1767 4609 lnstitutiones

140 4660 496 4729 Lactantius,
529 4656 586 4712 id
618 4665 734 4723 est,
764 4668 909 4709 anno
947 4651 1084 4707 forte
1112 4648 1223 4707 590
1248 4656 1341 4702 aut
1377 4644 1506 4701 521.
1546 4644 1616 4699 At
1656 4656 1768 4697 non
1791 4637 1846 4702 Ι)

154 4752 281 4808 dum
303 4751 629 4807 exsolverat
658 4748 797 4802 Deus
826 4744 1034 4800 Licinio
1067 4739 1373 4797 mercedem
1405 4737 1489 4793 sui
1521 4735 1768 4791 sceleris.

225 4843 434 4899 Verum
481 4839 761 4913 peroratio
794 4837 861 4893 ad
895 4833 1311 4891 Constantinum
1346 4827 1660 4900 posterioris
1689 4827 1771 4881 vi-

155 4936 312 4992 detur
340 4950 470 4992 esse
504 4933 794 5004 temporis,
825 4929 952 4985 anni
977 4927 1185 4984 scilicet
1209 4925 1490 4995 5243mm
1520 4921 1623 4977 soli
1653 4919 1776 4976 huic

157 5034 385 5103 principi
410 5040 640 5103 pareret
665 5028 969 5083 Romanum
995 5020 1306 5093 itnperiutn,
1332 5017 1542 5074 Licinio
1560 5014 1777 5072 devicto

156 5135 213 5181 et
243 5126 435 5197 procul
466 5139 499 5179 a
531 5120 812 5191 republica
836 5126 1068 5174 remoto.
1107 5132 1127 5165 ‹
1157 5113 1254 5179 Te,
1286 5130 1306 5164 ι
1337 5110 1512 5180 inquit
1537 5107 1776 5163 Lactan-

160 5221 288 5285 tius,
327 5240 347 5272 ι
380 5216 741 5275 Providentia
792 5225 1018 5267 summa:
1064 5206 1370 5263 Divinitatis
1397 5203 1465 5258 ad
1508 5201 1775 5273 fastigium

162 5314 465 5385 principale
498 5308 785 5383 provexit,
818 5306 908 5376 qui
940 5316 1131 5376 posses
1159 5315 1284 5356 vera
1321 5299 1519 5368 pietate
1546 5296 1777 5351 aliorum

160 5409 301 5462 male
346 5405 613 5464 consulta
658 5397 1005 5463 rescindere,
1036 5404 1259 5466 peccata
1290 5391 1586 5460 corrigere,
1619 5386 1780 5442 saluti

162 5501 444 5559 hominum
472 5508 704 5570 paterna
734 5493 1019 5550 clementia
1047 5488 1353 5562 providere,
1378 5487 1525 5557 ipsos
1547 5482 1781 5555 denique

161 5596 336 5651 malos
357 5610 387 5650 a
420 5589 711 5661 republica
733 5586 1082 5650 submovere,
1109 5595 1246 5654 quos
1274 5594 1482 5636 summa
1513 5584 1781 5648 potestate

160 5688 406 5759 deiectos
434 5686 585 5759 (qua:
612 5681 761 5737 verba
786 5679 1039 5735 neminem
1065 5676 1226 5730 alium
1249 5689 1401 5744 quant
1426 5670 1682 5725 Licinium
1702 5671 1783 5724 itt-

161 5784 334 5837 tlicant
371 5782 427 5834 in
461 5778 708 5833 ordinent
739 5767 1025 5843 redactum)
1056 5769 1109 5824 in
1136 5780 1330 5822 manus
1360 5775 1477 5819 tuas
1508 5763 1646 5818 Deus
1672 5770 1781 5817 tra-

168 5874 330 5933 ‘eidit
361 5871 516 5947 (quia
562 5866 800 5927 Licinius
844 5864 917 5921 bis
957 5881 990 5921 α
1030 5857 1363 5922 Constantino
1401 5856 1590 5926 victus,
1634 5854 1808 5913 ceders

1064 6118 1093 6136 \

1927 3371 2065 3439 Quin
2121 3370 2282 3429 etiam
2335 3367 2566 3422 fatentur
2613 3380 2802 3421 omnes
2856 3363 2951 3423 has
2992 3362 3288 3437 orationes,
3342 3369 3450 3415 tam

1857 3466 2076 3521 ineunte
2105 3463 2241 3519 libro
2272 3479 2287 3517 ι
2329 3477 2484 3534 quam
2526 3460 2809 3516 desinente
2852 3458 3105 3531 septimo,
3137 3455 3294 3527 plane
3325 3455 3459 3510 Lac-

1859 3562 2158 3616 tantianum
2188 3571 2492 3618 sermonem
2526 3555 2803 3611 redolere:
2835 3568 2939 3625 qua
2966 3551 3034 3606 de
3064 3566 3123 3606 re
3143 3549 3460 3611 disserimus

1862 3654 2053 3710 iisdem
2084 3654 2135 3707 in
2169 3652 2325 3725 locis,
2355 3649 2565 3704 collatis
2592 3647 2780 3707 harum
2822 3645 3043 3699 vocibus
3082 3658 3205 3705 cum
3249 3641 3462 3696 indubi-

1862 3746 1988 3801 tatis
2014 3741 2277 3799 Lactantii
2307 3739 2559 3815 loquendi
2611 3735 2875 3791 formulis.
2905 3732 3012 3789 Sed
3046 3732 3187 3787 unde
3211 3731 3326 3785 licri
3361 3746 3460 3800 po-

1867 3848 1991 3908 test,
2020 3845 2077 3891 ut
2105 3850 2249 3905 saepe
2274 3849 2341 3889 ex
2369 3832 2455 3885 his
2481 3830 2817 3895 orationibus
2859 3842 2959 3881 una
3003 3834 3093 3879 aut
3131 3824 3321 3888 altera,
3354 3837 3461 3885 non

1865 3941 2043 3986 autem
2073 3927 2259 3984 ultima
2288 3927 2493 3997 legatur
2512 3920 2830 4001 quibusdam
2862 3918 2915 3975 itt
2943 3912 3320 3987 manuscriptis
3344 3909 3463 3984 (l)?

1868 4023 1924 4080 ld
1954 4037 2085 4082 sane
2118 4019 2215 4075 fuit
2244 4017 2441 4077 factum
2473 4023 2693 4093 propter
2721 4012 2954 4076 diversa,
2986 4024 3050 4066 ex
3070 4007 3263 4083 quibus
3288 4013 3466 4079 poste-

1869 4117 2041 4173 riores
2072 4113 2286 4169 codices
2317 4107 2571 4185 descripti
2594 4114 2739 4169 sunt,
2777 4103 3130 4175 exemplaria.
3174 4100 3309 4155 Cum
3336 4099 3468 4159 istas

1870 4210 2142 4267 orationes
2165 4203 2475 4265 Lactantius
2501 4202 2611 4261 suis
2642 4198 2848 4255 addidit
2891 4193 3340 4259 lnstitutionibus,
3378 4208 3470 4248 so-

1872 4304 1956 4359 lus
1978 4302 2200 4381 regebat
2237 4296 2623 4357 Constantinus
2645 4294 2947 4351 Romanum
2991 4288 3297 4361 imperium.
3328 4286 3394 4341 At
3424 4285 3472 4341 si

1873 4377 2058 4453 altera
2091 4394 2228 4450 facta
2260 4402 2346 4449 est
2392 4389 2677 4451 Lactantio
2726 4386 3035 4447 Divinarum
3070 4377 3469 4437 Institutiouum

1874 4489 2039 4551 editio
2066 4500 2209 4547 anno
2236 4485 2361 4549 521,
2398 4484 2587 4554 potuit,
2618 4481 2767 4535 verbi
2799 4479 2990 4549 gratia,
3022 4476 3161 4530 inter
3190 4470 3474 4535 haereticos

1875 4580 2148 4653 appellare
2197 4578 2426 4633 Arianos
2472 4574 2585 4645 (lib.
2617 4589 2669 4628 tv
2717 4569 2970 4635 lnstitut.,
3000 4582 3046 4620 c.
3085 4564 3199 4634 50),
3237 4576 3473 4629 quorum

1874 4687 2072 4733 nomen
2121 4671 2176 4729 in
2228 4668 2516 4741 plurimis,
2573 4667 2747 4737 iisque
2807 4659 3037 4731 antiquis
3096 4655 3477 4725 ntanuscriptis

1874 4769 2091 4840 legitur.
2143 4764 2262 4822 Jam
2307 4763 2452 4820 enim
2514 4759 2676 4816 Atius
2726 4757 2796 4812 ab
2850 4751 3160 4812 Alexandro
3217 4750 3476 4821 episcopo

1879 4858 2201 4917 Alexandria
2242 4856 2413 4923 fuerat
2460 4853 2684 4925 ejectus,
2741 4858 2795 4904 et
2847 4848 3134 4903 damnatus
3172 4843 3381 4900 duabus
3421 4844 3475 4898 in

1879 4951 2125 5027 synodis,
2160 4949 2313 5015 annis
2349 4947 2601 5011 videlicet
2623 4942 2730 5007 519
2752 4953 2803 5006 et
2826 4940 2950 5006 524.

1950 5045 2041 5105 XI.
2074 5042 2331 5113 Quamvis
2374 5039 2605 5113 gentiles
2643 5035 2965 5098 certioribus
2994 5032 3299 5104 saepissime
3324 5044 3477 5085 coar-

1878 5138 2057 5211 guerit
2098 5134 2466 5206 argumentis,
2517 5128 2761 5201 quamvis
2814 5127 3130 5197 religionem
3181 5125 3388 5178 sincere
3427 5128 3483 5176 et

1882 5231 2110 5287 candide
2134 5228 2362 5284 coluerit
2382 5222 2709 5287 Lactantius,
2740 5236 2846 5275 non
2874 5218 3110 5274 dilllteor
3130 5228 3328 5281 tamen,
3353 5228 3477 5271 eum

1884 5323 2202 5398 quibusdam
2243 5321 2560 5377 obstrictum
2592 5316 2760 5371 fuisse
2798 5312 3096 5368 erroribus.
3130 5309 3239 5363 Hos
3264 5306 3481 5361 diverso

1887 5397 2069 5475 animo
2108 5415 2514 5486 unusquisque,
2559 5418 2719 5480 prout
2747 5406 2973 5462 allectus
3002 5412 3086 5458 est
3116 5397 3480 5481 reprehendit.

1890 5513 2058 5569 Recte
2078 5511 2145 5569 de
2161 5506 2442 5571 Lactantio
2462 5520 2585 5563 cum
2610 5502 2667 5559 S.
2688 5500 3016 5572 Hieronymo
3044 5496 3239 5570 (Epist.
3259 5494 3327 5547 ad
3350 5491 3491 5545 Pau-

1896 5604 2081 5677 linum)
2131 5603 2359 5659 dicimus
2404 5615 2417 5654 :
2458 5616 2477 5650 ι
2514 5585 2752 5654 Utinam
2779 5603 2887 5662 tam
2936 5598 3119 5648 nostra
3168 5586 3490 5643 conﬁrmare

1978 5764 2058 5838 (1)
2085 5763 2175 5838 Sic
2205 5762 2255 5829 in
2290 5774 2394 5838 nisi
2424 5752 2688 5819 Lactantii
2724 5749 3101 5838 Patr:__Ca_puc.
3132 5745 3192 5814 ὃ.
3235 5742 3493 5803 Honorati

1906 5823 2090 5899 Oratio
2118 5823 2266 5893 tux.
2298 5831 2511 5901 legitur,
2539 5838 2592 5883 at
2624 5842 2730 5885 nun
2760 5841 2825 5893 ca
2852 5823 2946 5879 litt.
2973 5834 3066 5881 vtt.
