3838 6278
423 317 494 380 65
1600 325 1970 386 eumeum
2006 326 2072 386 IN
2103 325 2569 387 LACTANTIUM.
3653 322 3714 381 ct
3795 287 3797 387 l

427 437 711 510 potuisset,
750 453 908 511 quam
939 439 1092 496 facile
1139 439 1310 497 aliena
1343 441 1640 498 destruxit!
1673 443 1779 499 Sed
1823 458 1928 499 non
1956 459 2023 498 eo
2049 446 2097 507 Λ
2127 443 2401 502 cbaaorum
2417 444 2824 516 dogmata,qu:e
2840 443 3161 516 quandoque
3179 443 3230 500 in
3249 441 3568 516 quibusdam
3583 457 3711 498 mss.

429 528 822 600 progredimur,
871 539 926 586 ut
963 545 1086 586 cum
1117 547 1236 587 cun:
1265 533 1502 590 Antonio
1532 533 1804 591 Raudensi
1843 534 1920 609 (ι)
1955 552 2022 592 ex

429 622 620 678 ordine
668 625 956 690 Minorum,
999 627 1182 682 saeculi
1225 642 1296 682 xv
1344 627 1614 698 theologo,
1663 629 2020 700 cxagitemus,

429 719 582 790 quasi
614 718 730 788 ejus
762 718 883 774 libri
914 718 1212 776 lucresibus
1248 730 1304 776 et
1344 722 1620 793 impietate
1664 723 1900 795 undique
1941 739 2025 780 re-

431 809 550 864 ferti
579 810 704 864 sint.
739 809 890 866 Mens
913 826 1031 867 mea
1064 828 1168 867 non
1196 822 1277 868 est
1308 813 1360 869 in
1394 814 1569 868 varias
1606 815 1909 872 doctiorum
1943 817 2024 872 in-

428 919 649 961 currere
677 906 1148 976 reprehensiones,
1181 922 1248 963 ne
1280 908 1468 964 eadem
1500 908 1551 964 in
1577 923 1664 964 me
1690 909 1911 965 dicteria
1940 911 2024 964 in-

430 998 702 1069 ferantur,
732 1001 908 1072 qualia
944 1009 1202 1072 expertus
1237 1011 1322 1058 est
1365 1001 1668 1058 Raudensis
1708 1003 1834 1069 ille,
1866 1019 2024 1074 quem

430 1107 538 1149 non
591 1093 764 1149 solum
817 1092 1054 1149 Adamus
1111 1093 1190 1167 (2)
1243 1094 1461 1165 quidam
1493 1133 1508 1160 ,
1567 1095 1868 1152 monachus
1920 1095 2026 1153 Ge-

432 1186 673 1252 nuensis,
700 1193 852 1240 notat
880 1185 1233 1243 vehementer
1256 1195 1315 1242 ut
1340 1189 1608 1253 insanum,
1640 1201 1824 1242 verum
1864 1189 2025 1244 etiam

431 1279 754 1336 Franciscus
779 1281 1044 1338 Philell‘us
1073 1281 1337 1337 bonarum
1389 1282 1478 1338 ille
1521 1282 1822 1339 litterarum
1855 1285 2030 1340 cultor

431 1373 701 1430 assiduus.
735 1375 829 1430 Sic
857 1375 1001 1430 enim
1040 1374 1336 1430 Antonium
1369 1375 1713 1432 Raudensem
1740 1375 2032 1446 alloquitur

432 1467 741 1542 (Philelfua,
785 1469 875 1522 lib.
905 1485 939 1523 v
980 1467 1174 1540 Epist.,
1206 1469 1276 1523 ad
1301 1485 1388 1523 an.
1425 1469 1606 1540 ωδ),
1638 1478 1857 1540 propter
1890 1469 2031 1526 male

431 1569 488 1616 et
509 1560 708 1616 insulse
724 1560 1113 1631 reprehensum
1137 1559 1206 1614 ab
1223 1575 1290 1615 eo
1315 1560 1486 1616 tribus
1502 1561 1654 1616 libris
1671 1560 2028 1617 Lactantium:

439 1672 458 1705 ι
489 1651 696 1709 Vellem
724 1652 996 1725 equidem,
1027 1653 1188 1710 Pater
1213 1651 1435 1724 optime,
1461 1653 1530 1709 ab
1553 1653 1700 1708 omni
1732 1653 2030 1709 istiusmodi

434 1747 706 1803 scribendi
757 1762 957 1818 genere
984 1755 1036 1802 te
1074 1746 1454 1811 continuisses,
1486 1761 1662 1816 neque
1711 1761 1835 1802 cum
1888 1747 2034 1802 insa-

2129 537 2247 608 ejus
2269 539 2548 594 codicibus
2572 553 2635 593 ac
2660 539 2818 593 editis
2845 539 3115 610 leguntur.
3155 538 3230 594 Ea
3261 540 3405 594 enim
3432 537 3525 595 vix
3558 551 3711 608 repe-

2127 634 2234 688 ries
2264 633 2316 688 in
2340 633 2566 688 vetustis
2594 632 3025 703 exemplaribus;
3051 643 3144 689 aut
3175 633 3370 688 saltem
3398 633 3454 688 in
3483 634 3712 704 margine

2129 727 2488 797 quorumdam
2518 727 2789 798 adscripta
2822 738 2980 793 sunt,
3018 727 3167 784 velut
3191 739 3445 784 extranea
3479 738 3534 783 et
3567 743 3714 798 perc-

2128 820 2304 890 grina.
2335 822 2403 877 At
2432 837 2539 874 uno
2569 820 2754 887 verbo,
2783 820 3092 877 Manichzcis
3127 837 3233 878 non
3265 821 3561 878 adhmsisse
3586 821 3714 878 Lac-

2130 913 2357 967 tantium
2381 955 2395 978 ,
2440 929 2506 968 ex
2546 913 2766 968 silentio
2797 912 2856 969 S.
2889 913 3202 987 Hieronymi
3241 923 3296 970 et
3334 914 3394 971 S.
3437 915 3715 986 Augustini

2131 1005 2472 1076 aliorumque
2498 1005 2822 1076 scriptorum
2846 1007 3190 1064 manifestum
3205 1017 3305 1064 est.
3325 1008 3381 1063 In
3404 1007 3717 1064 Manichaeo-

2130 1113 2250 1152 rum
2287 1112 2451 1168 grege
2483 1097 2664 1154 nullus
2705 1114 2938 1169 unquam
2979 1114 3101 1155 eum
3133 1101 3542 1168 annumeravit,
3583 1101 3718 1172 quod

2132 1192 2316 1261 procul
2337 1191 2502 1247 dubio
2526 1205 2632 1246 non
2647 1193 2976 1257 amisissent,
2991 1193 3039 1248 si
3065 1209 3250 1248 ansam
3267 1194 3320 1249 in
3350 1208 3416 1250 eo
3430 1193 3719 1265 reprehen-

2131 1284 2299 1339 sionis
2312 1281 2552 1339 dedisset
2565 1284 2894 1340 Lactantius.
2910 1285 3002 1340 lla:
3018 1285 3218 1341 etenim
3234 1286 3537 1357 impietates
3550 1287 3722 1358 saepis-

2133 1375 2272 1430 sime
2292 1385 2489 1430 assutae
2513 1378 2680 1431 textui
2703 1376 3056 1433 Lactantiano
3087 1394 3192 1435 non
3224 1379 3386 1434 modo
3411 1380 3724 1450 perturbant

2136 1468 2429 1539 Scriptoris
2482 1485 2812 1535 sermonem,
2863 1487 3049 1526 verum
3093 1473 3255 1528 etiam
3306 1473 3424 1546 ejus
3464 1472 3718 1529 doctrina:

2137 1561 2296 1632 plane
2325 1571 2451 1617 sunt
2479 1564 2785 1627 contrarim,
2818 1573 2875 1619 ut
2895 1563 3021 1618 data
3051 1565 3344 1622 occasione
3364 1565 3720 1622 ostendimus.

2209 1651 2350 1708 XIV.
2381 1655 2638 1722 Quamvis
2668 1656 2720 1710 in
2748 1656 3067 1727 explicanda
3097 1656 3257 1714 Verbi
3295 1657 3471 1713 divini
3509 1672 3724 1730 genera-

2137 1745 2287 1800 tione
2315 1763 2420 1802 non
2449 1748 2714 1802 erraverit
2741 1748 3076 1816 Lactantius,
3110 1750 3288 1806 minus
3315 1760 3495 1806 tamen
3523 1750 3724 1806 theolo-

438 1843 621 1897 niente
650 1840 892 1896 Candido
938 1840 1230 1897 Decemhre
1274 1840 1525 1911 desipere
1565 1840 1682 1912 ipse
1719 1839 1984 1897 voluisses
2017 1859 2031 1896 :
2063 1843 2111 1906 Β
2137 1840 2256 1910 gice
2285 1841 2498 1896 locutus
2518 1851 2600 1896 est
2631 1860 2643 1894 :
2675 1841 2770 1897 sed
2805 1841 3251 1913 philosophorum
3280 1843 3535 1914 loquendi
3564 1843 3724 1899 modis

441 1935 493 1992 id
523 1944 669 1990 certe
690 1934 881 1990 fuisset
903 1945 957 1990 et
975 1933 1204 2000 ordinis,
1227 1943 1282 1990 et
1305 1932 1580 2005 dignitatis
1599 1941 1722 1988 tuae.
1739 1931 1870 2000 Qua:
1891 1933 2031 1989 enim

440 2047 539 2104 per
568 2029 928 2086 immortalem
948 2029 1118 2086 Deum
1142 2027 1368 2084 fanatica
1400 2027 1540 2083 ratio
1563 2035 1614 2082 te
1645 2025 1955 2092 commovit,
1980 2033 2037 2080 ut

437 2125 663 2200 perinde
689 2133 850 2195 atque
876 2122 1072 2179 infesto
1111 2122 1366 2194 quodam,
1396 2129 1556 2192 atque
1580 2120 1799 2177 inimico
1820 2120 2034 2175 afﬂatus

439 2219 666 2290 Spiritu,
697 2218 752 2273 in
781 2219 951 2273 virum
981 2216 1129 2272 illum
1152 2215 1527 2270 doctissimum
1555 2221 1715 2282 atque
1745 2212 2038 2268 disertissi—

440 2329 586 2370 mum
620 2322 728 2368 tam
756 2311 1076 2377 insolenter,
1109 2319 1215 2364 tam
1250 2309 1524 2379 injuriose,
1559 2316 1664 2364 tam
1698 2307 1860 2376 impie
1888 2309 2039 2365 inve-

440 2407 670 2472 hereris,
715 2415 774 2462 ut
809 2420 914 2461 non
947 2419 1034 2460 res
1063 2404 1237 2461 solum
1283 2417 1420 2474 pene
1451 2401 1876 2458 innumerabiles
1901 2415 2034 2457 con-

439 2500 582 2556 sulto
609 2498 746 2554 male
768 2497 1154 2569 interpreteris,
1179 2496 1276 2552 sed
1311 2510 1504 2550 nomen
1526 2495 1688 2550 etiam
1711 2493 1811 2548 viri
1842 2492 2038 2563 depra-

440 2609 570 2650 vare
611 2592 916 2658 studueris;
947 2600 1131 2662 utpote
1159 2605 1318 2662 quem
1348 2589 1667 2645 Lactensium
1693 2603 1790 2660 pro
1811 2587 2038 2643 Lactan-

441 2689 512 2744 tio
539 2687 821 2743 nomines?
850 2685 982 2741 Nam
1013 2685 1082 2742 de
1122 2686 1286 2741 rebus
1326 2683 1458 2755 ipsis
1497 2682 1622 2753 quid
1653 2683 1873 2752 loquar,
1905 2697 2039 2752 quas

439 2781 524 2836 vel
557 2780 738 2850 pueris
769 2787 924 2834 notas
947 2777 1072 2834 dum
1098 2791 1446 2847 corrumpere
1483 2775 1733 2842 laboras,
1770 2783 1822 2829 te
1863 2773 2041 2828 omni-

441 2872 543 2928 bus
565 2871 794 2927 eruditis
825 2880 881 2927 et
907 2870 1240 2942 gravissimis
1266 2869 1398 2924 viris
1419 2867 1649 2924 ridiculo
1669 2867 1901 2940 prmbes.
1935 2866 2040 2922 Pu-

439 2965 532 3022 det
558 2981 643 3020 me
672 2965 912 3036 profecto
937 2979 998 3020 ea
1029 2964 1080 3020 in
1113 2963 1350 3020 medium
1374 2962 1638 3033 proferre,
1659 2977 1776 3032 quae
1807 2975 1836 3014 a
1865 2969 2041 3016 tenon

439 3060 620 3132 inepte
645 3059 845 3124 minus,
874 3075 1035 3130 quam
1065 3073 1347 3130 perperam
1387 3065 1569 3111 notata
1610 3064 1738 3111 sunt
1760 3065 1921 3124 atque
1955 3069 2040 3109 re-

441 3153 732 3224 prehensa.
768 3173 788 3205 ι
817 3151 1088 3222 Nusquam
1131 3149 1245 3204 vidi
1287 3148 1506 3204 Antonii
1550 3147 1700 3202 istius
1743 3146 2042 3202 Haudensis

2139 1935 2324 1998 utitur,
2357 1935 2498 2004 quod
2526 1935 2800 1990 interdum
2832 1936 3016 1993 evenit
3039 1936 3104 1992 iis
3123 1937 3457 2005 auctoribus,
3484 1937 3578 2008 qui
3604 1947 3717 1993 ante

2136 2026 2414 2083 Nicaenum
2466 2028 2804 2098 scripserunt
2843 2029 3136 2086 concilium
3159 2072 3174 2096 ,
3219 2045 3328 2102 quo
3355 2045 3462 2086 non
3489 2030 3725 2109 doctrina

2143 2127 2348 2174 tantum
2377 2121 2642 2176 catholica
2673 2121 2959 2178 dilucidius
2997 2133 3050 2178 et
3083 2123 3294 2194 planius
3318 2140 3480 2196 quam
3509 2126 3728 2180 antehac

2140 2227 2202 2268 ex
2214 2214 2402 2282 plicata
2428 2224 2732 2278 est,verum
2761 2215 2922 2272 etiam
2956 2198 3116 2272 voces
3138 2215 3401 2273 doctrinae
3422 2217 3726 2274 christiana:

2141 2307 2376 2361 maxime
2403 2321 2657 2363 consonae
2679 2305 2924 2362 formata:
2951 2317 3079 2364 sunt
3104 2315 3161 2364 et
3185 2309 3516 2364 constitutae.
3549 2307 3720 2365 Caete-

2142 2413 2260 2453 rum
2290 2397 2454 2453 verba
2485 2414 2605 2470 qum
2635 2415 2698 2454 ex
2727 2399 2902 2470 capite
2931 2399 2964 2456 9
3021 2399 3140 2455 libri
3181 2401 3404 2457 secundi
3447 2400 3731 2457 Institutio

2144 2507 2270 2546 num
2293 2501 2480 2546 contra
2511 2507 2728 2548 sensum
2747 2493 3004 2548 Ecclesia:
3029 2503 3282 2566 excerpta
3312 2509 3434 2551 esse
3459 2504 3724 2567 putantur,

2148 2598 2212 2641 ea
2242 2599 2340 2639 nec
2371 2585 2422 2638 in
2451 2584 2686 2656 antiquis
2732 2586 2979 2655 leguntur
3020 2587 3452 2656 exemplaribus,
3497 2601 3602 2642 nec
3635 2586 3729 2642 illis

2141 2676 2400 2730 convenit
2443 2691 2566 2731 cum
2597 2675 2842 2732 doctrina
2887 2677 3182 2745 Lactantii,
3215 2680 3305 2750 qui
3346 2679 3610 2747 Verbum,
3654 2680 3730 2735 [lci

2142 2770 2375 2836 Filium,
2428 2780 2556 2826 ante
2595 2771 2788 2827 saecula
2818 2772 2981 2827 fuisse
3007 2774 3246 2844 genitum
3287 2775 3601 2844 pronuntiat
3631 2776 3647 2840 (
3673 2775 3728 2828 ti~

2143 2866 2233 2921 bro
2285 2882 2334 2920 tv
2382 2865 2576 2931 Instit.,
2629 2883 2676 2920 c.
2710 2865 2790 2935 6),
2833 2866 2975 2937 quod
3017 2867 3285 2938 negabant
3326 2869 3535 2924 Ariani.
3585 2869 3724 2924 llunc

2143 2960 2304 3016 etiam
2343 2978 2362 3011 ι
2391 2975 2601 3016 summo
2631 2959 2776 3016 Patri
2806 2959 3036 3015 similem
3057 2981 3074 3012 ›
3111 2962 3425 3032 pronuntiat
3455 2961 3567 3033 (lib.
3599 2978 3665 3028 tv,
3686 2977 3724 3014 τ.

2146 3053 2234 3114 15,
2266 3051 2436 3119 initio)
2471 3069 2482 3104 :
2514 3052 2642 3122 quin
2674 3053 2782 3106 into
2807 3050 2970 3107 Isaias
2993 3052 3638 3125 inquit(ibid.)Christmn
3659 3063 3730 3107 «et

2149 3143 2314 3200 Deum
2336 3144 2502 3199 fuisse
2530 3153 2584 3198 et
2602 3143 2872 3199 hominem
2894 3153 3140 3199 testatur.
3175 3165 3195 3198 ι
3225 3145 3315 3202 Sic
3340 3161 3500 3216 porro
3529 3147 3606 3201 ait
3625 3161 3729 3216 cap.

443 3254 748 3300 erratorum
775 3241 1037 3297 Lactantii
1069 3240 1234 3296 libros
1261 3250 1370 3296 tres
1401 3240 1540 3312 typis
1561 3239 1884 3294 commissos
1908 3254 1922 3292 :
1948 3253 2038 3292 eo-
2067 3235 2112 3299 C
2148 3237 2216 3293 t9
2238 3237 2358 3291 libri
2391 3253 2459 3291 vn
2489 3253 2501 3290 :
2534 3255 2553 3290 ‹
2595 3236 2688 3291 llic
2714 3247 2798 3292 est
2823 3237 2966 3292 enim
2997 3237 3274 3302 liberator,
3309 3238 3572 3308 etjudex,
3595 3247 3648 3294 et
3671 3239 3735 3291 nl-

442 3351 562 3392 rtnn
604 3336 658 3390 in
695 3334 1029 3390 Bibliotheca
1058 3334 1218 3404 Regia
1265 3333 1364 3387 tria
1408 3332 1655 3386 novimus
1693 3329 2028 3400 exemplaria

446 3444 612 3486 manu
639 3435 892 3493 exarata;
929 3426 1087 3482 editae
1111 3435 1315 3482 tantum
1351 3425 1567 3481 fuerunt
1595 3439 1661 3480 ex
1689 3424 1754 3481 iis
1792 3423 2040 3494 quaedam

445 3521 716 3590 decerpta:
737 3519 1135 3576 annotationes.

519 3613 636 3670 Xll.
666 3612 897 3668 Nimium
919 3613 1082 3668 etiam
1113 3610 1352 3668 excrevit
1378 3609 1601 3679 Josephi
1633 3609 1746 3664 Ismi
1776 3623 2039 3676 censura,

446 3723 550 3779 qua
581 3707 631 3762 in
657 3706 940 3762 Lactantio
965 3704 1438 3776 reprehenduntur
1460 3703 1859 3776 propositiones
1877 3716 2044 3758 nona-

443 3804 592 3875 ginta
639 3812 890 3874 quatuor,
933 3815 1161 3872 quarum
1196 3808 1374 3872 tamen
1419 3796 1698 3868 quaedam,
1743 3797 1860 3864 ipso
1907 3804 2044 3851 teste

445 3898 579 3953 lsmo
598 3939 614 3964 ,
643 3896 874 3967 benigno
903 3909 1067 3950 sensu
1094 3903 1216 3948 sunt
1254 3889 1673 3962 interpretanda:
1693 3932 1709 3957 ,
1753 3888 1898 3959 quod
1931 3889 2034 3942 ali-

442 3987 660 4059 quando
678 3988 789 4042 licri
809 3987 947 4041 solet
961 3983 1518 4042 in.vctustissimorum
1539 3991 1843 4051 temporum
1881 3981 2046 4050 scrip-

445 4080 651 4135 toribus
693 4079 1098 4135 ecclesiasticis.
1153 4076 1409 4132 Libenter
1439 4075 1618 4145 potius
1667 4073 2044 4144 amplectimur

445 4174 668 4231 Joannis
716 4173 895 4228 Maria:
937 4171 1244 4228 Brasichelli
1300 4170 1675 4225 annotationes
1721 4167 2032 4235 censorias,

447 4283 568 4339 qua:
591 4266 849 4322 moderati
877 4275 1003 4320 sunt
1029 4265 1288 4335 theologi.
1324 4262 1494 4332 Hujus
1517 4259 2038 4326 animadversiones,

435 4363 550 4426 etsi
583 4362 884 4427 Lactantio,
919 4360 1008 4415 ubi
1037 4375 1170 4430 opus
1205 4367 1344 4424 erat,
1373 4355 1926 4419 accomodaverimus,
1953 4369 2046 4409 eas

447 4455 944 4513 nihilominusinfra
971 4455 1072 4509 sub
1087 4469 1192 4508 uno
1227 4453 1376 4524 quasi
1391 4459 1680 4521 conspectu
1699 4449 2036 4525 exhibemus.

519 4549 661 4607 Xlll.
692 4551 799 4606 Nec
817 4550 978 4606 etiam
996 4549 1278 4606 Lactantio
1295 4545 1568 4617 adjudices
1586 4545 1744 4615 impia
1762 4544 1850 4599 illa
1869 4543 2045 4598 Mani-

519 4711 604 4779 (l)
631 4709 768 4767 Vide
794 4711 992 4766 Lucam
1018 4709 1338 4776 Wadingum
1365 4707 1418 4762 in
1445 4706 1931 4779 libroScriptorum
1956 4720 2044 4758 or-

448 4775 597 4836 dinis
619 4782 906 4837 Minornm.
940 4781 1174 4844 in-folio,
1197 4775 1380 4834 Roma:
1405 4779 1564 4834 1650.
1585 4778 1681 4832 llic
1696 4775 1874 4831 autem
1897 4775 2046 4830 Rau-

445 4853 628 4906 densis
652 4853 845 4908 librum
875 4851 1042 4906 edidit
1065 4853 1222 4905 alium
1246 4853 1310 4905 de
1341 4849 1503 4904 Verbo
1526 4850 1675 4906 bono.
1697 4863 1856 4916 quem
1882 4861 2046 4916 prop-

449 4933 532 4977 ter
555 4925 752 4994 stylutn
784 4924 1009 4979 multum
1035 4924 1269 4994 exagitat
1297 4923 1618 4978 Laurentius
1635 4920 1808 4974 Valla.

524 4993 794 5063 (‘2)Hnjus
819 4997 868 5047 in
901 4993 1238 5050 RatulenSem
1269 4995 1596 5064 epigramma
1628 5003 1882 5064 versuum
1921 4997 2047 5064 octo

447 5058 643 5134 legitur
664 5058 975 5122 itietlitione
1006 5065 1266 5121 Lactantii
1292 5058 1532 5119 Romana
1565 5062 1689 5115 anni
1716 5061 1876 5134 1468,
1904 5058 2044 5126 apud

449 5132 668 5190 Pctrum
701 5135 770 5191 de
801 5136 1074 5200 Maximis,
1123 5137 1265 5192 unde
1308 5135 1440 5190 illttd
1470 5132 1756 5198 exscripsit
1789 5132 2045 5186 Albertus

451 5207 730 5262 Fabricius
789 5209 1138 5264 Bibliotheca:
1202 5209 1406 5264 Latinae
1449 5203 1876 5273 Supplemento,
1919 5215 2042 5270 pag.

449 5279 578 5334 595.
612 5279 722 5334 lloc
747 5294 811 5333 eo
840 5281 940 5335 loci
961 5282 1090 5336 dare
1120 5281 1276 5334 nobis
1306 5280 1480 5332 visum
1507 5286 1590 5330 est
1615 5293 1628 5327 :

511 5415 603 5466 Hic
627 5418 756 5466 male
781 5419 1013 5482 corripuit
1037 5418 1230 5468 stolidis
1253 5416 1497 5482 Antonius
1519 5410 1812 5482 (Baudensis
1827 5410 1960 5459 ausis

603 5485 865 5530 Auctorem
892 5474 980 5530 z'in
1004 5483 1151 5530 variis
1170 5491 1315 5529 causa
1342 5477 1513 5538 pianda
1535 5474 1673 5524 locis.

509 5541 615 5592 Non
639 5550 747 5592 erat
771 5545 820 5594 in
845 5545 1070 5594 tenebris
1092 5550 1322 5592 errantes
1347 5538 1574 5600 imaginis
1597 5541 1781 5586 astrum

603 5604 804 5666 Dicere,
833 5606 910 5655 vel
937 5604 1148 5666 nitidum
1169 5603 1279 5666 luce
1294 5612 1485 5666 carere
1499 5600 1662 5666 iubar.

507 5666 738 5727 Denique
761 5662 871 5717 cum
896 5673 1079 5717 sanctae
1113 5663 1353 5727 Ecclesia»
1379 5662 1453 5723 pia
1475 5662 1655 5727 lumina
1678 5666 1890 5711 constet.

603 5724 854 5793 Obsequio
879 5743 942 5778 ex
969 5735 1106 5793 tanto
1128 5726 1422 5793 conticuisse
1444 5724 1548 5793 viro
1569 5737 1584 5793 _;

507 5789 581 5839 Tn
609 5785 1169 5854 vero,'eloqniolingua
1191 5785 1450 5854 interdicta
1467 5785 1648 5854 Latino
1670 5825 1682 5846 ,

609 5852 624 5900 l
646 5847 891 5913 culiitumi
918 5866 1027 5902 nam
1053 5847 1103 5900 te
1127 5849 1341 5913 pensitat
1363 5847 1656 5898 elleborum.

2149 3340 2253 3396 tor,
2283 3340 2336 3386 et
2367 3331 2502 3394 Rex,
2523 3339 2578 3385 et
2611 3331 2771 3396 Deus,
2797 3346 2958 3401 quem
2991 3347 3090 3386 nos
3111 3331 3384 3387 Chrismm
3418 3347 3691 3386 vocamus.
3717 3351 3731 3382 ι

2149 3423 2256 3479 Sed
2287 3422 2585 3477 doctrinam
2612 3422 2968 3491 catholicam,
3010 3423 3226 3493 qualem
3269 3438 3390 3478 eam
3430 3424 3668 3494 reperias
3693 3423 3734 3476 in

2147 3517 2397 3572 Patrihus
2426 3516 2836 3582 ante-Nicacuis,
2855 3517 3082 3587 atquein
3105 3517 3344 3587 probatis
3363 3517 3580 3572 illorttm
3614 3527 3735 3573 tem-

2146 3623 2336 3680 porum
2371 3609 2732 3678 scriptoribus
2764 3609 3167 3674 ecclesiasticis,
3204 3609 3385 3665 multis
3413 3609 3600 3664 verbis
3625 3625 3738 3680 pra»

2146 3701 2288 3756 dicat
2313 3711 2502 3756 auctor
2530 3712 2732 3758 noster.
2769 3719 2788 3753 ι
2812 3699 2944 3755 Cum
2969 3700 3214 3770 dicimus,
3237 3701 3428 3772 inquit,
3456 3701 3628 3758 Deum
3651 3701 3736 3756 Pa-

2149 3801 2283 3848 trem
2317 3803 2372 3850 et
2404 3795 2572 3850 Deum
2603 3794 2836 3860 Filium,
2881 3807 2984 3847 non
3022 3793 3295 3850 diversum
3327 3794 3557 3850 dicimus
3579 3835 3596 3860 ,
3649 3808 3732 3850 nec

2148 3893 2438 3956 utrumque
2467 3885 2820 3949 secernimus,
2849 3885 2970 3954 quia
3002 3899 3102 3940 nec
3133 3885 3291 3940 Pater
3326 3886 3444 3942 sine
3468 3886 3612 3942 Filio
3632 3901 3737 3943 esse

2152 3987 2350 4050 potest,
2375 3993 2475 4034 nec
2493 3977 2660 4033 Filius
2678 3993 2706 4029 a
2729 3978 2888 4032 Patre
2914 3978 3195 4032 secerni...
3219 3977 3353 4032 Cum
3378 3979 3540 4048 igitur
3569 3988 3628 4034 et
3652 3979 3736 4032 Pa-

2150 4080 2234 4126 ter
2260 4070 2452 4127 Filium
2471 4070 2649 4135 faciat,
2680 4081 2736 4124 et
2753 4069 2922 4124 Filius
2941 4070 3176 4136 Patrem,
3209 4087 3314 4125 una
3339 4075 3552 4142 utrique
3576 4085 3736 4136 mens,

2147 4179 2287 4218 unus
2315 4163 2558 4234 spiritus,
2586 4178 2690 4216 una
2714 4163 3000 4216 substantia
3021 4173 3165 4218 est...
3196 4161 3264 4217 Et
3293 4161 3462 4218 Filius
3487 4178 3550 4218 ac
3583 4163 3732 4219 Pater

2147 4258 2237 4328 qui
2268 4257 2552 4312 unanimes
2593 4256 2835 4311 incolunt
2888 4257 3144 4311 mundum
3179 4256 3319 4312 Deus
3345 4272 3518 4323 unus,
3543 4258 3668 4328 quia
3694 4264 3740 4310 et

2148 4363 2285 4404 unus
2311 4357 2394 4404 est
2425 4358 2696 4418 tamquam
2727 4347 2852 4412 duo,
2881 4355 2938 4403 et
2960 4346 3067 4402 duo
3100 4356 3369 4419 tamquam
3395 4363 3602 4404 unus...
3633 4349 3730 4404 De-

2147 4442 2312 4512 nique
2357 4455 2522 4494 unum
2559 4441 2726 4494 Deum
2767 4454 2886 4495 esse
2933 4449 3038 4494 tam
3081 4440 3292 4496 Patrem
3340 4457 3503 4512 quam
3554 4441 3736 4498 Filium

2149 4535 2314 4590 Isaias
2344 4533 2600 4589 ostendit.
2627 4551 2646 4585 ι
2671 4533 2796 4588 Hzec
2825 4533 3003 4588 omnia
3032 4533 3316 4604 scriptoris
3353 4545 3479 4590 sunt
3503 4534 3738 4606 apprime

2072 4633 2126 4692 D
2150 4627 2438 4692 catholici,
2473 4635 2633 4697 atque
2661 4635 2772 4682 tum
2808 4642 2837 4681 a
2866 4628 3068 4694 verbis,
3099 4636 3210 4682 tmn
3243 4643 3273 4682 a
3309 4638 3490 4683 mente
3522 4628 3737 4683 Ariano-

2148 4735 2266 4774 rum
2293 4721 2514 4774 omnino
2539 4720 2736 4786 aliena,
2754 4721 2924 4790 iisque
2949 4725 3180 4776 maxime
3196 4723 3487 4776 contraria.
3515 4722 3578 4776 Hi
3601 4723 3732 4776 enim

2147 4826 2408 4882 nusquam
2433 4813 2685 4868 dixerunt
2703 4813 2914 4867 Patrem
2943 4823 2997 4868 et
3021 4813 3214 4867 Filium
3247 4831 3266 4884 ᾳ
3299 4815 3460 4868 unius
3477 4829 3598 4870 esse
3615 4814 3733 4869 sub-

2147 4909 2378 4962 stantiae.
2419 4927 2438 4960 ι
2465 4907 2664 4963 Verum
2697 4916 2896 4962 tantam
2919 4907 3018 4961 sibi
3053 4907 3381 4971 Lactantius,
3413 4917 3523 4962 tum
3544 4911 3614 4964 ob
3637 4908 3736 4962 sin-

2147 5000 2392 5071 gularem
2435 4998 2765 5062 facundiam,
2797 5009 2906 5052 tum
2936 4998 3005 5054 ob
3036 5001 3236 5052 variant
3284 4999 3740 5070 multiplicemque

2150 5095 2532 5160 eruditionem,
2577 5093 2959 5148 conciliaverat
3002 5091 3140 5162 apud
3166 5093 3418 5162 antiquos
3459 5094 3740 5149 auctorita—

2153 5196 2282 5249 tem,
2314 5197 2375 5240 ut
2402 5185 2520 5256 ejus
2545 5186 2775 5256 scripta,
2807 5195 3075 5253 tamquam
3115 5185 3216 5238 sibi
3247 5183 3515 5252 faverent,
3557 5201 3628 5241 ex
3673 5185 3740 5239 in-

2149 5278 2309 5350 genio
2338 5277 2683 5348 corruperint
2715 5275 2952 5331 hmretici
2991 5275 3244 5346 quidam,
3289 5276 3402 5331 sive
3439 5275 3739 5340 Manichati,

2149 5371 2266 5426 sive
2290 5372 2500 5426 Ariani.

2223 5463 2338 5520 XV.
2359 5466 2428 5518 At
2443 5477 2740 5532 suspensus
2763 5461 2945 5518 luereo
2970 5471 3187 5532 pr0pter
3210 5463 3267 5519 S.
3291 5461 3606 5536 Hieronymi
3627 5475 3743 5518 auc-

2155 5558 2444 5614 ueritatem.
2468 5555 2698 5610 Sanctus
2723 5557 2867 5610 enim
2901 5555 3098 5610 Doctor
3137 5555 3213 5610 ait
3251 5554 3449 5627 (Epist.
3483 5557 3553 5610 ad
3598 5555 3744 5609 Pam-

2147 5649 2344 5724 mach.)
2380 5647 2747 5716 Lactantium,
2787 5667 2805 5700 ι
2833 5663 3019 5704 errore
3048 5647 3272 5704 .ludaico
3313 5649 3364 5702 in
3413 5648 3567 5704 libris
3607 5648 3740 5704 suis.

2151 5744 2382 5799 maxime
2415 5744 2465 5796 in
2494 5741 2738 5811 epistolis
2753 5742 2818 5797 ad
2837 5740 3255 5807 Demetrianum,
3278 5757 3477 5811 negare
3497 5743 3741 5798 substan-

2153 5839 2281 5892 tiam
2313 5834 2546 5906 Spiritus
2578 5834 2770 5890 sancti.
2803 5854 2820 5886 ι
2859 5833 3053 5889 Verutn
3085 5831 3244 5902 hujus
3265 5834 3468 5891 erroris
3488 5850 3554 5890 ne
3584 5832 3740 5889 vesti-
