3838 6278
103 310 164 368 65

1243 296 1612 364 PILEFATIO
1650 306 1718 364 IN
1758 298 2226 367 LACTANTIUM.

3309 300 3380 364 66

101 426 227 498 gium
256 419 468 490 quidem
499 427 646 476 extat
673 419 727 474 in
757 419 1183 490 Institutionum,
1212 422 1440 494 aliisque
1469 425 1586 494 ejus
1613 424 1680 480 li-
1707 427 1755 486 Α
1785 423 1999 494 quidam
2029 422 2387 486 adhibendus,
2406 406 2476 476 ne
2502 417 2846 474 antanueusis
2863 423 3101 474 erratum
3123 415 3245 474 loco
3265 417 3380 474 reri

101 516 217 574 bris.
243 511 377 567 llinc
401 526 520 566 cum
545 510 733 566 eodem
757 511 1087 585 Hieronymo
1108 513 1220 584 (lib.
1246 516 1332 568 tin
1362 514 1586 585 Epistot.
1613 515 1680 570 ad

103 606 280 672 Calan,
303 619 350 658 ο.
379 601 439 676 4)
466 603 646 659 dicere
678 604 832 660 nobis
859 604 1020 660 liccat
1045 623 1058 659 :
1081 625 1099 658 ι
1134 605 1264 674 Quis
1293 606 1421 660 mihi
1453 606 1679 662 interdi-

103 713 212 759 cere
251 703 427 768 potest
464 709 536 752 ne
576 695 748 766 legam
798 697 1196 752 InStitutionum
1244 699 1444 762 libros,
1487 699 1683 769 quibus

103 799 270 852 contra
297 788 500 845 Gentes
533 789 750 860 scripsit
780 789 1091 856 fortissime,
1123 792 1244 857 quia
1277 793 1524 862 superior
1555 806 1683 847 sen-

105 883 249 944 tentia
275 881 592 938 detestenda
615 883 733 938 est?
762 901 780 934 ι
815 881 890 936 Ita
923 897 1086 952 porro
1115 881 1322 938 locutus
1343 890 1426 937 est
1451 883 1682 937 erravit-

103 995 196 1052 que
220 975 528 1032 Lactantius
575 992 595 1025 ‹
632 990 728 1045 per
754 973 1074 1046 imperitiam
1101 975 1535 1047 Scripturarum,
1557 995 1574 1029 ι
1609 976 1686 1032 ait

103 1071 232 1128 idem
261 1077 480 1122 sanctus
509 1066 725 1122 Doctor.

167 1159 298 1218 XVI.
330 1159 517 1215 Nullus
550 1168 727 1214 tamen
769 1158 1062 1225 difﬁtetur,
1095 1159 1148 1214 in
1185 1160 1508 1216 sententiam
1538 1175 1689 1216 erro-

100 1267 284 1325 resque
319 1251 736 1307 Millenariorum
766 1250 1112 1307 descendisse
1149 1252 1506 1308 Lactantium.
1539 1253 1691 1308 Exis~

100 1346 474 1411 timavitenim,
497 1360 620 1401 cum
638 1345 766 1401 viris
785 1356 911 1401 tunc
927 1345 1172 1416 apprime
1183 1345 1487 1409 catholicis,
1507 1343 1692 1401 Chris-

97 1456 201 1498 tum
232 1439 541 1505 Dominum,
573 1445 835 1508 vergente
869 1436 936 1492 ad
968 1436 1130 1492 finem
1158 1437 1389 1502 mundo,
1423 1452 1520 1507 per
1551 1437 1694 1494 mille

95 1547 262 1590 annos
289 1547 412 1589 cum
435 1529 592 1600 jnstis
624 1529 932 1584 hominibus
962 1530 1014 1584 in
1049 1539 1191 1584 terra
1222 1539 1592 1600 regnaturum.
1626 1533 1696 1586 At

88 1628 200 1698 jam
230 1642 260 1678 a
298 1624 468 1680 multo
498 1631 742 1694 tempore
768 1622 1014 1678 sublatus
1039 1631 1123 1678 est
1149 1639 1180 1678 a
1215 1623 1522 1680 Christiana
1564 1625 1694 1680 reli-

89 1717 255 1790 gione
285 1715 372 1770 hic
397 1729 570 1776 error.
589 1713 742 1784 cujus
770 1729 963 1783 parens
977 1713 1076 1769 fuit
1097 1715 1404 1786 virquidam
1427 1718 1569 1786 pius,
1598 1717 1698 1770 Pa-

1783 516 2107 585 scriptorunt
2141 514 2408 570 sermonis
2429 511 2775 580 suscipiatur.

1858 605 2058 660 Eorum
2079 607 2529 676 qualemcumque
2558 603 2930 675 pertexuimus
2957 601 3212 669 indicem,
3233 601 3384 658 addi-

1787 705 1861 760 to,
1887 709 2144 767 quantum
2179 699 2231 752 in
2273 697 2427 754 nobis
2456 696 2570 758 fuit,
2603 695 2910 767 scriptionis
2933 703 3198 766 tempore,
3231 711 3300 751 ne
3329 694 3385 750 in

1786 774 2070 843 censuram
2100 788 2435 844 eruditorum
2473 787 2894 842 incurreremus.
2925 786 3034 842 Nec
3071 785 3235 858 igitur
3271 787 3390 844 sine

1787 881 1997 936 ratione
2035 881 2270 937 Gallaeus
2299 880 2578 950 culpatur,
2616 879 2812 936 merito
2839 879 3005 935 Ismus
3044 879 3159 950 ipse
3190 879 3391 950 impro-

1789 973 1966 1041 batur,
2000 975 2091 1044 qtti
2121 991 2244 1031 cum
2271 973 2556 1031 duodecim
2581 973 2870 1030 Vaticanos
2899 973 3114 1030 codices
3142 975 3392 1044 inspexe-

1791 1069 1894 1133 rit,
1921 1082 2108 1124 eorum
2142 1078 2322 1124 tamen
2354 1076 2568 1124 aetatem
2591 1085 2699 1123 non
2735 1067 3010 1124 indicavit.
3043 1068 3211 1124 Recte
3239 1083 3390 1140 ergo,

1789 1160 1918 1230 quin
1951 1160 2058 1214 imo
2081 1169 2139 1216 et
2167 1161 2492 1229 rectissime,
2525 1161 2908 1216 Bunemannus
2935 1161 3010 1216 ait
3033 1159 3397 1232 (Prwfationis

1790 1267 1898 1306 sua:
1918 1251 2275 1308 Lactantianaz
2299 1253 2561 1318 editionis,
2595 1269 2716 1326 pag.
2751 1251 2808 1326 7)
2836 1267 2848 1303 :
2887 1251 3032 1308 «Non
3063 1253 3248 1309 dubito
3275 1261 3400 1324 post

1791 1345 1912 1400 Ismi
1941 1355 2182 1413 tempora
2217 1347 2400 1417 plures
2431 1347 2646 1402 codices
2671 1346 2724 1401 itt
2752 1346 3062 1402 Vaticanam
3089 1346 3398 1418 (Bibliothe-

1795 1451 1906 1489 cam
1933 1434 2118 1508 fuisse)
2147 1437 2346 1492 illatus.
2383 1436 2632 1503 Utinam,
2679 1437 2883 1508 inquit,
2925 1438 3225 1508 Opitulante
3258 1439 3392 1494 Eut-

1799 1542 2111 1585 NENTISSIMO
2137 1529 2451 1596 PASSIONEO,
2483 1531 2752 1601 praecipuo
2781 1530 3080 1586 litterarum
3097 1531 3396 1602 elegantio-

1802 1637 1920 1676 rum
1955 1632 2212 1692 patrono,
2255 1623 2448 1692 aliquis
2488 1622 2613 1678 inde
2651 1623 2716 1677 ad
2750 1623 3090 1679 Lactantium
3121 1622 3399 1680 illustran-

1803 1711 1931 1766 dum
1958 1710 2166 1768 fructus
2191 1713 2353 1767 etiam
2383 1714 2712 1782 postliminio
2741 1713 3099 1770 redundaret!
3133 1734 3151 1767 ι

92 1811 208 1883 pias
220 1807 449 1871 scilicet,
469 1805 1183 1877 episcopusllierapoleosin
1211 1808 1462 1880 Phrygia,
1480 1809 1695 1863 ineunte
1723 1803 1772 1863 B
1871 1803 2056 1859 XVIII.
2089 1804 2261 1860 Varite
2279 1822 2423 1861 nunc
2443 1806 2588 1862 brevi
2616 1807 2994 1877 percurrendo:
3019 1816 3145 1862 sunt
3172 1807 3400 1863 Lactan-

93 1901 292 1960 sreculo
313 1898 569 1956 secundo.
595 1898 750 1954 Hunc
778 1910 988 1966 autem,
1013 1915 1079 1955 ex
1102 1915 1387 1970 perperam
1421 1900 1694 1955 intellecto

91 1993 494 2067 Apocalypseos
516 1991 696 2062 capite
723 2007 794 2046 xx
825 1999 1002 2048 ortum
1023 2031 1037 2055 ,
1071 1991 1314 2048 studiose
1341 1993 1697 2064 comprobare

95 2089 281 2144 nititur
306 2085 636 2150 Lactantius,
681 2093 792 2138 tum
835 2099 903 2140 ex
931 2083 1177 2140 versibus
1203 2083 1542 2156 Virgilianis,
1585 2097 1694 2142 tum

94 2199 156 2239 ex
188 2179 341 2236 libris
367 2177 674 2250 Sybillinis,
707 2176 798 2248 qui
829 2177 1010 2232 medio
1035 2175 1227 2234 eodem
1266 2179 1463 2234 saeculo
1489 2181 1697 2236 exarati

95 2273 416 2339 creduntur,
457 2270 658 2342 quique
695 2270 836 2340 apud
865 2270 1070 2340 ipsum,
1113 2278 1274 2341 atque
1302 2271 1438 2327 alios
1464 2271 1696 2342 scripto-

95 2383 182 2424 res
201 2364 624 2430 ecclesiasticos,
647 2362 937 2433 plurimum
966 2372 1234 2432 poterant.
1257 2363 1364 2420 Sed
1393 2364 1467 2420 illi
1485 2380 1592 2420 non
1615 2375 1700 2422 est

96 2459 246 2516 venia
268 2453 612 2528 deneganda,
640 2469 800 2526 quam
829 2454 920 2510 alii
947 2454 1016 2510 ob
1046 2455 1187 2510 istud
1215 2465 1453 2511 erratum
1477 2472 1700 2528 accepe-

94 2561 234 2610 runt.
257 2550 454 2606 Merito
469 2559 646 2603 tamen
669 2557 724 2602 et
737 2548 1010 2618 sapienter
1025 2545 1272 2605 Gelasius
1294 2563 1452 2619 papa,
1469 2558 1700 2606 exeunte

97 2645 295 2704 seculo
322 2644 540 2716 quinto,
559 2643 822 2697 Lactantii
853 2657 1017 2712 Opera
1049 2657 1153 2702 una
1182 2658 1302 2699 cum
1334 2643 1548 2713 scriptis
1571 2659 1700 2714 apo-

94 2738 308 2812 cryphis
333 2745 662 2792 annumerat
685 2777 698 2799 ,
729 2733 873 2804 quod
911 2749 973 2789 ea
1007 2749 1113 2790 non
1147 2743 1398 2804 poterant
1435 2735 1702 2790 inotl‘ensa

95 2831 314 2887 omnino
343 2827 600 2884 doctrina
623 2826 886 2882 catholica
917 2826 1118 2897 perlegi
1143 2843 1170 2880 a
1201 2828 1408 2883 cunctis
1431 2827 1700 2884 tidelibus.

164 2923 243 2980 Ne
263 2931 453 2978 autem
474 2920 735 2976 lectorem
755 2919 922 2975 verba
937 2930 992 2974 et
1016 2921 1312 2976 auctoritas
1325 2919 1588 2976 Lactantii
1611 2921 1679 2976 de
1691 2948 1706 2960 -

100 3017 315 3087 cipiant,
334 3012 670 3070 etinducant
686 3012 736 3066 in
751 3011 868 3081 ejus
882 3027 1122 3080 errores,
1147 3028 1250 3066 non
1273 3021 1478 3068 tantum
1499 3014 1548 3066 in
1566 3013 1706 3069 notis

104 3110 226 3165 illos
246 3105 598 3178 depellimus,
625 3104 721 3160 sed
749 3105 910 3160 etiam
941 3105 991 3160 in
1024 3104 1184 3176 hujus
1207 3107 1334 3160 torni
1379 3105 1540 3176 primi
1571 3121 1706 3174 pra:-

104 3202 318 3258 monitis
333 3199 647 3271 diligenter,
661 3215 726 3256 ex
745 3198 908 3255 variis
921 3199 1251 3267 auctoribus,
1267 3199 1642 3255 admonemus.

177 3292 337 3351 XVII.
376 3291 748 3348 Nihilominus
793 3289 1093 3347 doctissimi
1138 3291 1338 3362 quique
1383 3291 1501 3361 ejus
1545 3290 1712 3346 libros

106 3402 317 3443 summo
337 3388 391 3442 in
423 3385 604 3458 pretio
634 3384 934 3448 habebant;
964 3389 1125 3454 atque
1154 3383 1350 3438 mirum
1375 3391 1476 3448 est,
1501 3391 1632 3453 quot
1659 3383 1711 3436 itt

105 3483 236 3540 orbe
259 3482 536 3539 litterario
579 3479 1052 3536 Lactantianorum
1088 3491 1315 3546 operum
1353 3473 1572 3530 codices
1599 3487 1714 3528 ma-

108 3577 366 3646 nuscripti
397 3575 766 3647 reperiantur.
803 3569 859 3626 In
881 3571 994 3625 sola
1025 3566 1315 3624 Parisieusi
1343 3567 1476 3622 urbe
1501 3565 1713 3636 triginta

106 3677 318 3740 septem
357 3678 416 3724 et
449 3666 685 3738 amplius
724 3665 1076 3721 innotuerunt
1116 3660 1246 3716 mihi
1278 3678 1293 3716 :
1323 3659 1496 3715 multo
1533 3657 1716 3727 plures

109 3765 358 3822 invenias
387 3765 442 3820 in
470 3763 596 3822 aliis
621 3762 809 3820 Galliae
834 3769 1032 3815 nostra:
1062 3754 1438 3818 bibliothecis;
1469 3751 1561 3823 qui
1587 3763 1719 3805 vero

107 3867 333 3917 caeteras
379 3858 620 3928 Europa:
667 3855 918 3926 regiones
974 3849 1362 3921 perlustraret,
1413 3842 1717 3898 uberiorem

107 3970 241 4011 sane
264 3963 517 4025 segetem
539 3955 979 4020 consequeretur.
999 3943 1256 3999 Vaticana
1280 3937 1585 4000 duodecim,
1609 3935 1720 3989 Re-

103 4047 189 4119 gia
215 4045 584 4103 Taurinensis
609 4041 937 4100 bibliotheca
957 4051 1152 4094 novem
1181 4032 1460 4090 exhibent.
1487 4029 1625 4098 Quid
1654 4027 1722 4083 ab

107 4140 441 4212 Ilispanicis,
474 4137 718 4194 maxime
749 4131 1094 4199 Scorialensi,
1115 4129 1334 4186 omnino
1357 4124 1582 4182 eruditis
1601 4137 1724 4178 nos-

107 4234 342 4290 tratihus
357 4236 552 4306 ignota
575 4273 590 4298 ,
615 4231 861 4302 quamvis
875 4227 1072 4284 referta
1101 4221 1395 4278 rarioribus
1420 4233 1576 4282 tnss.,
1595 4214 1726 4285 quid

109 4343 137 4381 a
166 4325 577 4398 Neapolitanis,
611 4319 1016 4378 Vindobonensi
1033 4359 1049 4386 ,
1070 4317 1272 4373 Veneta
1291 4355 1304 4380 ,
1329 4311 1685 4368 Ambrosiana
1707 4348 1720 4372 ,

109 4418 466 4488 Florentina,
503 4415 818 4474 Cassinensi
841 4457 856 4481 ,
899 4411 1094 4470 Siculis
1120 4405 1514 4480 expectandum
1546 4401 1728 4458 esset?

108 4513 226 4570 Non
253 4529 456 4571 omnes
481 4524 668 4568 tamen
693 4523 845 4581 teque
875 4516 997 4563 sunt
1017 4503 1220 4576 antiqui
1247 4514 1301 4558 et
1328 4500 1545 4571 optimae
1563 4505 1726 4552 notae.

1803 1897 1858 1951 tii
1889 1897 2176 1954 editiones.
2213 1899 2313 1954 Vix
2341 1915 2478 1954 unus
2507 1909 2599 1954 aut
2629 1900 2767 1956 alter
2805 1911 2888 1955 est
2931 1900 3225 1971 scriptores
3257 1901 3402 1958 inter

1801 1991 2082 2059 profanos,
2137 2005 2206 2046 ne
2249 1991 2424 2046 dicam
2452 1992 2872 2059 ecclesiasticos,
2893 2008 3054 2062 quem
3077 1994 3278 2064 smpius
3305 1994 3398 2050 vel

1802 2080 1944 2136 docti
1973 2082 2406 2149 emcndaverint,
2442 2082 2524 2136 vel
2560 2083 2880 2138 excuderint
2898 2083 3228 2156 bibliopolae.
3257 2085 3408 2142 Cen-

1803 2177 1905 2233 ties
1943 2177 2154 2248 integer
2181 2179 2348 2249 przelo
2383 2178 2658 2249 subjectus
2678 2187 2764 2234 est
2791 2195 2806 2234 :
2837 2179 2954 2250 ejus
2982 2195 3112 2237 vero
3153 2179 3274 2236 libri
3303 2180 3402 2235 ali-

1800 2271 1944 2342 quod
1972 2271 2285 2343 quindecies
2315 2281 2370 2328 et
2403 2271 2638 2343 amplius
2677 2287 2799 2326 cum
2830 2273 2972 2328 notis
3013 2273 3216 2345 vulgati
3253 2282 3400 2329 sunt.

1801 2365 1979 2434 Atque
2005 2364 2074 2419 ab
2100 2365 2232 2434 ipsis
2265 2363 2632 2436 typographia:
2659 2365 3020 2430 incunabulis,
3051 2377 3178 2421 ante
3203 2381 3403 2422 annum

1804 2455 2037 2526 primum
2062 2455 2249 2510 saeculi
2277 2455 2474 2511 decimi
2518 2455 2678 2522 sexti,
2709 2455 2891 2513 decies
2911 2457 3113 2527 septies
3141 2457 3194 2512 in
3227 2459 3405 2514 lucem

1803 2549 2119 2620 prodierunt
2139 2567 2152 2604 :
2169 2548 2312 2620 quod
2325 2548 2413 2603 vix
2438 2549 2680 2618 reperias
2705 2549 2756 2603 in
2775 2550 2956 2620 aliquo
2985 2549 3092 2604 alio
3115 2551 3405 2620 scriptore.

1806 2640 2112 2712 Aliquando
2154 2649 2271 2704 ter,
2311 2640 2512 2710 szepius
2547 2638 2630 2694 bis
2654 2653 2980 2710 unoquoque
3005 2654 3149 2696 anno
3177 2640 3410 2697 diversis

1808 2733 1862 2788 in
1892 2733 2117 2790 urbibus
2147 2733 2342 2802 publici
2363 2733 2505 2804 juris
2529 2733 2774 2789 fecerunt
2801 2748 2924 2790 eum
2964 2733 3162 2790 eruditi
3191 2745 3301 2791 tum
3329 2751 3412 2792 ca-

1810 2825 2027 2894 tholici,
2069 2835 2181 2881 tum
2215 2841 2244 2881 a
2273 2827 2421 2882 cultu
2457 2827 2728 2882 catholico
2764 2829 3011 2886 Romano
3043 2830 3226 2888 alieni.
3261 2831 3410 2902 Itali,

1809 2919 1971 2988 Galli,
2000 2919 2286 2986 Germani,
2331 2921 2574 2991 Hispani,
2610 2923 2831 2991 Batavi,
2875 2925 3033 2996 Angli
3073 2925 3217 2982 hunc
3247 2926 3408 2994 notis,

1809 3021 2069 3082 quantum
2105 3014 2156 3068 in
2197 3014 2264 3068 iis
2291 3012 2406 3080 fuit,
2448 3015 2808 3072 illustrarunt.
2841 3018 3092 3073 Atlanteo
3125 3034 3232 3073 non
3260 3033 3414 3090 teque

1809 3119 1999 3160 omnes
2021 3115 2148 3160 sunt
2181 3105 2337 3162 utiles
2363 3125 2375 3161 :
2400 3105 2577 3162 adhuc
2603 3107 2825 3179 aliquid.
2860 3124 2966 3165 non
2993 3109 3170 3166 solum
3205 3119 3265 3165 ut
3292 3121 3408 3166 tex-

1735 3191 1780 3255 C
1817 3208 1900 3252 tus
1925 3199 1992 3254 ab
2009 3198 2260 3254 omnibus
2285 3201 2694 3256 amanuensium
2722 3201 2934 3258 mendis
2956 3202 3094 3258 liber
3122 3204 3297 3271 fieret,
3316 3219 3415 3260 ve-

1815 3305 1935 3345 rum
1975 3291 2138 3346 etiam
2169 3302 2224 3346 ut
2256 3293 2498 3362 apprime
2539 3303 2778 3350 mentem
2825 3295 3060 3350 auctoris
3093 3309 3414 3367 assequere-

1820 3399 1979 3450 mur,
2037 3385 2421 3442 desiderabant
2461 3386 2736 3443 doctiores
2791 3389 3028 3460 quiquej;
3073 3388 3421 3462 fatentnrque

1819 3475 2098 3546 (Nicotaus
2144 3481 2190 3531 fe
2221 3475 2438 3550 Nattrry
2460 3519 2473 3544 ,
2507 3495 2534 3532 e
2573 3481 2970 3551 congregatione
3007 3479 3070 3536 S.
3115 3480 3292 3536 Mauri
3321 3481 3422 3536 Be-

1819 3569 2126 3634 nedictimts,
2161 3569 2214 3623 in
2256 3571 2527 3640 Apparatu
2553 3571 2622 3625 ad
2652 3571 2900 3627 Biblioth.
2934 3571 3043 3628 SS.
3086 3571 3262 3642 Patr.,
3291 3583 3328 3628 t.
3362 3591 3421 3641 tt,

1821 3660 1924 3716 col.
1956 3663 2084 3732 658)
2113 3680 2130 3711 ε
2167 3662 2372 3717 nullam
2413 3678 2478 3718 ex
2511 3663 2763 3718 omnibus
2799 3663 2881 3718 his
2925 3663 3256 3720 editionibus
3303 3681 3426 3721 esse

1821 3755 2046 3808 omnino
2078 3751 2774 3824 perfeCtam,omnibusque
2801 3755 2917 3810 suis
2947 3756 3193 3811 numeris
3224 3766 3278 3812 et
3298 3771 3424 3826 par-

1823 3844 1969 3898 tibus
1991 3843 2282 3914 expletam.
2313 3863 2331 3896 ›
2386 3843 2644 3916 Equidem
2669 3845 3050 3901 vetustissimae
3071 3847 3194 3902 loco
3221 3857 3426 3902 tantum

1825 3949 1950 3995 sunt
1968 3938 2388 4007 mss:codicum,
2416 3953 2552 4010 quos
2578 3941 3059 4012 repraesentant.Si
3080 3941 3223 3997 cnim
3241 3957 3429 3999 exem-

1827 4033 2016 4104 plaria,
2033 4049 2098 4088 ex
2115 4032 2310 4104 quibus
2327 4035 2724 4106 exprimuntur,
2746 4044 2992 4090 truncata
3009 4035 3294 4094 fueruntet
3309 4051 3432 4094 cor-

1829 4137 2004 4196 rupta,
2035 4127 2220 4196 procul
2247 4126 2412 4182 dubio
2443 4127 2646 4182 editum
2684 4143 2936 4183 mancum
2961 4139 3043 4184 est
3067 4140 3121 4184 et
3144 4131 3432 4201 imperfec-

1832 4229 1964 4277 tum.
1997 4222 2086 4278 Sic
2109 4222 2276 4278 editio
2297 4223 2572 4279 rarissima
2604 4225 2733 4279 anni
2763 4224 2904 4280 I465
2927 4225 2979 4279 in
3013 4225 3198 4281 multis
3224 4225 3428 4294 delicit,

1832 4318 2031 4388 quippe
2053 4333 2174 4387 qua:
2205 4317 2272 4373 ab
2299 4333 2408 4372 ttno
2434 4325 2640 4372 tantum
2659 4318 2868 4383 codice,
2888 4333 3064 4390 eoque
3094 4319 3432 4390 imperfecto,

1833 4407 1995 4464 fuerit
2044 4409 2385 4480 deprompta.
2443 4409 2628 4466 Grteca
2682 4409 3009 4480 quandoque
3065 4413 3434 4480 praetermissa

1835 4513 1990 4570 sunt;
2023 4504 2222 4575 saepius
2251 4502 2414 4560 etiam
2461 4503 2659 4560 absunt
2693 4503 2911 4574 quidam
2951 4518 3143 4558 versus
3189 4513 3244 4558 et
3285 4519 3435 4559 com-

109 4607 298 4665 Nullus
331 4619 522 4666 tamen
552 4614 636 4662 est
666 4598 1178 4676 praetermittendus,
1209 4597 1404 4666 quippe
1429 4593 1518 4664 qui
1547 4607 1614 4647 ex
1631 4605 1731 4644 ιιη-
1755 4591 1810 4652 D
1836 4605 1999 4652 mata.
2035 4595 2108 4650 Ita
2139 4594 2254 4652 fere
2278 4595 2448 4652 estde
2474 4596 2656 4665 editis,
2683 4611 2802 4667 qua:
2836 4597 3050 4667 vulgata
3075 4606 3202 4652 sunt
3239 4599 3438 4669 priori-

113 4703 335 4774 tiquiori
371 4701 694 4768 descriptus
732 4696 804 4752 sit
840 4689 1158 4764 exemplari.
1195 4687 1330 4742 Hinc
1372 4683 1587 4742 erudito
1618 4682 1728 4736 lec-

108 4796 218 4852 tori
249 4808 591 4868 persuasum
617 4787 932 4855 essedebet,
965 4783 1150 4856 quanti
1181 4781 1492 4851 scriptorem
1511 4776 1730 4846 elegan-

113 4889 390 4945 tissimum
416 4884 663 4942 fecerint
692 4882 924 4950 majores
955 4875 1146 4934 nostri.
1173 4872 1366 4928 Multos
1384 4879 1561 4925 tamen
1579 4883 1738 4937 repe-

114 4981 223 5038 rias
249 4979 478 5038 saxulis
516 4993 615 5032 xtv
644 4983 699 5032 et
724 4988 794 5028 xv
821 4979 1091 5028 exaratos.
1127 4966 1275 5021 Tunc
1308 4962 1566 5034 temporis
1593 4959 1736 5016 enim

115 5075 316 5131 iterum
342 5074 554 5132 ardere
582 5079 896 5140 coeperunt,
939 5067 991 5121 in
1021 5063 1172 5120 Italia
1201 5059 1530 5132 praesertim,
1563 5053 1739 5112 studia

119 5167 432 5228 litterarum
461 5185 478 5236 ;
525 5176 694 5238 atque
720 5161 1055 5220 Lactantium
1082 5171 1188 5212 non
1219 5162 1440 5226 propter
1463 5151 1638 5206 solum
1667 5147 1746 5202 Ia-

118 5266 217 5320 tini
243 5263 528 5322 sermonis
561 5260 822 5326 nitorem,
841 5255 934 5312 sed
969 5262 1187 5325 propter
1208 5248 1410 5305 variam
1433 5261 1497 5302 ac
1524 5243 1746 5300 minime

117 5359 406 5430 vulgarem
449 5354 824 5413 eruditionem
869 5356 1124 5405 curarunt
1151 5343 1352 5413 ubique
1389 5337 1640 5396 describi.
1689 5335 1746 5390 In

121 5451 491 5509 emendandis
551 5464 722 5521 porro
775 5446 1064 5517 diligenter
1115 5437 1424 5497 auctoribus
1475 5433 1743 5505 antiquis,

121 5564 267 5604 unus
298 5563 410 5603 non
467 5545 686 5602 sufticit
728 5539 1122 5609 manuscriplus
1168 5533 1376 5598 codex,
1422 5529 1516 5586 sed
1568 5527 1751 5598 plures

123 5650 252 5695 sunt
276 5636 614 5696 adhibendi.
647 5634 744 5689 Ille
766 5631 982 5702 quidem
1001 5625 1486 5699 veramjectiouem
1511 5617 1750 5690 profert:

127 5731 229 5791 sed
252 5732 396 5789 alius
427 5745 558 5788 eam
593 5725 914 5791 confirmat;
955 5737 1056 5778 nec
1088 5718 1203 5776 sine
1235 5717 1466 5788 plurium
1505 5711 1746 5768 testimo-

127 5826 225 5892 nio
251 5824 462 5899 aliquid
484 5821 637 5880 certi
663 5819 984 5892 depromere
1004 5815 1149 5875 licet.
1185 5815 1436 5870 Attamen
1464 5814 1548 5866 est
1564 5804 1754 5862 modus

1836 4689 1936 4746 bus
1965 4688 2080 4746 istis
2111 4688 2462 4759 temporibus.
2495 4689 2594 4744 Vix
2643 4698 2821 4744 textus
2863 4689 3186 4746 emendatus
3229 4701 3440 4748 utcum-

1838 4798 1944 4853 que
1975 4781 2130 4838 nobis
2155 4781 2391 4852 suppetit
2413 4790 2538 4836 ante
2557 4781 2784 4836 Aldinas
2811 4782 3079 4838 editiones
3108 4798 3212 4855 ope
3239 4794 3294 4842 et
3312 4801 3442 4843 cura

1841 4885 1952 4930 tum
1982 4875 2234 4946 Baptista:
2263 4873 2499 4944 Egnatii,
2530 4883 2641 4930 tum
2670 4873 2928 4930 Honorati
2954 4874 3442 4936 FasitelliiNerum

1842 4969 1911 5025 ab
1941 4984 2006 5024 eo
2031 4978 2276 5038 tempore
2298 4967 2366 5022 ad
2389 4983 2594 5024 annum
2621 4968 2783 5036 I544,
2815 4985 2926 5040 quo
2957 4971 3154 5040 prodiit
3181 4973 3444 5030 emenda-

1844 5061 1956 5116 tior
1984 5060 2150 5116 editio
2175 5057 2543 5129 Coloniensis,
2572 5060 2663 5116 vix
2692 5061 2798 5116 ulla
2821 5071 2926 5132 est,
2955 5077 3075 5134 quae
3097 5063 3286 5121 lectori
3319 5079 3450 5136 pos-

1845 5152 1914 5207 sit
1941 5151 2271 5208 satisfacere.

1917 5243 2062 5299 XIX.
2109 5242 2216 5300 Sed
2255 5243 2322 5300 ad
2355 5243 2692 5300 Lactantium
2739 5245 2948 5317 planius
2997 5245 3399 5319 intelligendum
3428 5291 3444 5316 ,

1847 5347 2069 5408 propter
2099 5338 2304 5394 variam
2337 5339 2454 5410 ejus
2479 5337 2780 5394 doctrinam
2800 5382 2816 5408 ,
2859 5341 3178 5396 necessaria:
3203 5349 3330 5396 sunt
3354 5356 3452 5397 an-

1852 5432 2178 5488 notationes.
2209 5435 2384 5503 Atque
2412 5431 2616 5502 primus
2661 5433 2902 5488 omnium
2937 5431 3141 5506 Xystus
3176 5433 3451 5490 Betulcius

1853 5525 2088 5595 integras
2154 5524 2465 5587 elaboravit,
2519 5540 2639 5594 quae
2705 5539 2846 5580 anno
2905 5525 3090 5591 1565,
3149 5536 3270 5598 post
3332 5525 3450 5594 ejus

1855 5627 2107 5683 mortem,
2137 5617 2362 5674 Basilea:
2394 5616 2621 5688 vulgata:
2663 5615 2894 5672 fuerunt.
2944 5617 3202 5678 Erasmus
3227 5615 3447 5686 quidem

1852 5712 1964 5782 jam
2013 5724 2156 5764 anno
2201 5708 2340 5764 1529
2369 5752 2382 5775 ,
2434 5707 2486 5762 in
2542 5707 2735 5762 librum
2764 5708 2830 5763 de
2871 5705 3097 5776 Opificio
3141 5707 3234 5763 Dei
3281 5724 3450 5765 anno-

1861 5801 2181 5861 tatiunculas
2207 5800 2478 5870 ediderat,
2526 5801 2662 5856 sicut
2689 5809 2742 5856 et
2766 5797 3074 5856 Willichius
3117 5815 3260 5860 anno
3284 5800 3448 5866 I342.
