3838 6278
414 268 488 332 67
1580 270 1954 341 PREFATIO
1988 272 2061 337 lN
2096 273 2567 368 “summa.
3659 279 3724 342 es

412 385 522 443 Sed
573 385 849 443 Betuleius
888 380 997 443 vix'
1023 399 1156 444 mss.
1190 386 1439 445 codicum
1493 388 1760 446 rationem
1787 390 2008 460 :ltabuit.
2041 393 2088 455 Α
2118 403 2319 450 metam
2352 408 2487 466 opus
2519 402 2626 449 tam
2656 392 2913 450 eximium
2946 404 3052 449 non
3078 389 3399 462 perduxisse
3422 404 3439 460 ;
3462 404 3589 450 cum
3617 394 3718 463 jam

413 476 548 549 Ejus
602 489 742 535 notae
787 479 957 535 multo
988 495 1146 551 quam
1178 496 1275 551 par
1319 489 1402 537 est
1452 482 1809 552 prolixiores,
1860 490 1914 538 et
1952 479 2019 536 ad

413 572 735 628 eruditionis
793 573 955 628 varia:
1008 574 1463 641 ostentationem,
1541 589 1647 631 non
1712 574 1779 629 ad
1838 575 2020 646 legen-

414 660 549 721 tium
576 664 859 720 utilitatem
905 676 1032 721 sunt
1079 665 1389 723 elaboratae.
1440 666 1663 724 Michael
1698 666 2020 723 Thomasius

414 754 774 827 Taxaquetius
805 757 999 815 melius
1029 757 1228 829 aliquid
1262 759 1479 815 molitus
1516 769 1597 815 est
1638 763 1682 815 :?
1704 758 1800 814 sed
1834 758 2018 830 jejune

413 847 702 903 admodum
726 864 855 905 usus
892 859 973 905 est
1009 847 1220 906 duobus
1249 852 1639 924 antiquissimis
1662 851 2021 907 Bononiensi-

413 939 516 996 bus
539 940 942 1011 exemplaribus
982 950 1038 996 et
1066 938 1339 999 Vaticanis
1366 954 1572 1014 septem
1592 985 1606 1010 ,
1640 959 1759 1012 quae
1790 941 2017 998 viderat.

413 1030 580 1089 Plane
624 1031 785 1104 igitur
833 1041 889 1089 et
937 1031 1174 1105 perfecte
1215 1032 1477 1091 medicam
1525 1050 1743 1090 manum
1773 1035 2022 1093 omnibus

414 1125 753 1183 Lactantiani
801 1135 986 1184 textus
1032 1129 1347 1184 vulneribus
1392 1144 1499 1184 non
1540 1128 1804 1184 adhibuit.
1856 1128 2024 1186 Multo

415 1215 709 1289 perfectior
735 1228 819 1275 est
846 1217 964 1275 lszri
992 1218 1301 1275 emendatio
1329 1260 1345 1287 ,
1379 1236 1497 1291 quae
1523 1216 1761 1277 Cmsente
1793 1222 1846 1277 in
1873 1221 2023 1277 Italia

415 1310 628 1382 vulgata
658 1310 757 1365 fuit
778 1311 831 1364 in
860 1325 1002 1365 anno
1029 1309 1192 1378 1646,
1222 1326 1291 1367 ex
1318 1308 1595 1369 Vaticanis
1621 1313 1907 1370 duodecim
1933 1328 2026 1369 co-

416 1401 629 1458 dicibus
678 1414 957 1473 expressa.
1008 1400 1240 1458 Criticas
1290 1418 1394 1459 non
1451 1405 1666 1475 solum,
1718 1405 1818 1462 sed
1862 1406 2025 1462 etiam

417 1493 749 1568 theologicas
798 1494 1177 1551 annotationes
1222 1498 1489 1568 apposuit.
1542 1498 1778 1572 Thysius
1822 1513 2028 1570 paucas

419 1588 733 1656 admodum,
766 1596 820 1645 et
850 1588 1050 1643 nullius
1077 1585 1195 1645 fere
1218 1591 1476 1646 momenti
1508 1601 1664 1648 notas
1706 1594 1871 1649 textui
1895 1592 2025 1649 Lac-

420 1684 660 1737 tantiano
685 1683 945 1753 aspersit;
970 1682 1284 1756 primusque
1307 1685 1437 1739 mihi
1469 1685 1616 1742 visus
1642 1696 1725 1741 est
1750 1694 2028 1742 auctorem

2124 487 2298 552 tortis,
2323 487 2435 558 jam
2480 487 2716 558 ingentis
2750 501 2943 544 cursus
2986 500 3241 542 emensus
3278 495 3426 543 esset
3468 487 3718 558 spatium.

2123 579 2208 635 Nil
2239 578 2381 636 factu
2410 588 2526 635 erat
2555 579 2759 635 facilius
2810 597 2822 629 :
2873 578 3054 634 minus
3092 577 3280 649 procul
3316 578 3483 635 dubio
3525 579 3720 637 laboris

2124 672 2311 729 fuisset
2356 688 2422 727 ex
2451 672 2690 742 antiquis
2725 686 2790 727 ea
2836 670 3131 742 colligere,
3177 685 3301 740 quas
3333 679 3457 741 apta
3495 680 3627 727 sunt
3662 672 3721 729 ad

2123 766 2268 823 hunc
2294 776 2570 822 auctorem
2613 764 3031 835 explicandum;
3084 765 3207 835 plus
3232 773 3411 821 tamen
3450 766 3720 833 scientia,

2127 859 2246 929 plus
2285 858 2608 914 contulisset
2637 857 2864 929 ingenii.

2195 951 2312 1008 XX.
2356 951 2493 1021 Quid
2542 952 2629 1007 alii
2674 952 2727 1006 in
2759 950 2974 1007 edendo
3016 950 3302 1009 Lactantio
3345 952 3722 1023 prastiterint,

2126 1044 2396 1108 diximus;
2439 1044 2566 1113 quid
2594 1043 2705 1113 jam
2734 1042 2787 1098 in
2832 1043 2932 1099 hac
2961 1043 3203 1100 editione
3226 1054 3584 1115 prestemus,
3612 1060 3727 1102 nos-

2129 1144 2271 1192 trum
2292 1145 2377 1191 est
2398 1150 2677 1191 enarrare.
2701 1134 3023 1207 Quanquam
3052 1136 3122 1192 de
3161 1146 3385 1193 auctore
3415 1147 3609 1194 nostro
3634 1152 3725 1209 0p-

2129 1228 2257 1284 time
2276 1227 2350 1283 sit
2376 1228 2600 1284 meritus
2624 1226 2786 1288 Joan.
2808 1227 2967 1299 Bapt.
3016 1228 3071 1286 le
3092 1228 3264 1295 Brun,
3280 1229 3533 1300 quadam
3559 1240 3725 1288 tamen

2128 1321 2247 1393 ejus
2271 1321 2710 1379 annotationibus
2748 1323 2999 1381 addenda
3043 1338 3167 1381 esse
3209 1324 3420 1394 putavi.
3465 1324 3569 1380 Vix
3602 1325 3724 1380 mihi

2128 1416 2393 1473 creditura
2445 1427 2530 1473 est
2575 1416 2735 1487 hujus
2789 1418 3020 1475 editoris
3063 1419 3461 1490 autographum
3504 1418 3726 1477 Luctan-

2133 1509 2494 1574 tianum,cum
2522 1509 2577 1565 in
2596 1516 2838 1566 mentem
2858 1509 3170 1576 mihivenit,
3192 1517 3253 1565 ut
3279 1524 3415 1581 quas
3440 1511 3561 1582 ipse
3584 1518 3727 1567 notas

2132 1616 2508 1676 congesseratn
2538 1603 2667 1663 olim
2689 1643 2705 1670 ,
2742 1604 2801 1659 in
2844 1618 3011 1660 unum
3048 1617 3175 1659 cum
3223 1603 3393 1659 variis
3418 1603 3727 1659 lectionibus

2130 1714 2161 1754 a
2176 1697 2385 1755 Joanne
2405 1698 2458 1754 le
2470 1698 2622 1757 Brun
2642 1697 2888 1755 collectis
2906 1698 3225 1769 copulat-em
3251 1708 3415 1769 atque
3431 1698 3725 1770 jungerem.

422 1786 665 1831 nostrum
692 1777 997 1847 corrupisse
1025 1772 1146 1831 libri
1175 1793 1212 1844 t,
1240 1778 1415 1850 capite
1440 1780 1526 1835 15.
1553 1779 1723 1848 Quam
1750 1789 2029 1853 corruptc-
2058 1783 2106 1846 Β
2134 1791 2245 1848 Hac
2288 1791 2499 1847 ηιίοηθ
2543 1791 2847 1847 existimavi
2896 1790 3012 1847 ﬁeri
3056 1804 3252 1861 posse,
3301 1799 3363 1845 ut
3405 1789 3725 1847 mdium-um

420 1868 526 1923 lam
554 1868 832 1937 amplexus
860 1879 944 1924 est
964 1911 977 1935 ,
1007 1878 1166 1940 atque
1194 1871 1421 1940 longiori
1452 1914 1463 1935 ,
1491 1888 1650 1942 quam
1681 1888 1775 1943 par
1802 1885 1905 1938 est,
1933 1888 2028 1927 an-

422 1960 697 2015 notatione
734 1968 920 2015 contra
949 1960 1121 2016 bonos
1153 1978 1331 2017 mores
1360 1978 1423 2018 ac
1471 1964 1753 2021 veritatem
1798 1979 2029 2036 evange-

422 2052 580 2109 licam
605 2051 847 2109 defendit
880 2052 1115 2110 Gnlheus
1143 2096 1159 2123 ,
1203 2064 1259 2110 ut
1291 2071 1389 2125 pro
1428 2071 1587 2112 uSura
1627 2067 2026 2130 propugnaret;

424 2158 523 2201 nec
549 2161 668 2201 eam
694 2144 985 2201 emendare
1013 2156 1325 2218 sategerttnt
1354 2147 1614 2219 Sparkins
1646 2161 1697 2205 et
1726 2149 2025 2206 Walcltius.

423 2237 656 2295 Gallaeus
682 2243 796 2310 ipse
818 2282 832 2306 ,
883 2254 1023 2294 anno
1054 2238 1222 2308 1660,
1263 2241 1691 2298 emendatiorem
1720 2260 1783 2299 ac
1813 2245 2030 2301 nitidio-

422 2345 534 2387 rem
560 2331 771 2403 juvenis
797 2333 1014 2386 molitus
1054 2345 1137 2389 est
1184 2334 1444 2388 Lactantii
1488 2336 1822 2406 editionem,
1866 2354 2027 2410 quam

423 2426 565 2481 notis
612 2426 849 2499 undique
900 2423 1259 2498 conquisitis,
1303 2428 1576 2484 extraneis
1628 2445 1815 2500 saepe,
1866 2441 1922 2488 et
1959 2430 2028 2486 ad

423 2518 821 2575 Controversias
889 2517 1221 2591 theologicas
1283 2521 1653 2590 spectantibus
1718 2522 2025 2578 illustravit.

424 2601 683 2683 Sparltius
709 2610 949 2677 Gallam,
994 2610 1096 2666 etsi
1141 2611 1312 2666 multo
1337 2613 1571 2683 parcior,
1604 2613 1817 2670 doctior
1848 2623 2029 2670 tamen

422 2703 541 2761 fuit.
573 2703 1034 2775 Cantabrigiensis
1064 2702 1239 2760 editor
1268 2703 1489 2772 fatetur,
1515 2721 1575 2762 se
1599 2708 1797 2762 iterum
1825 2706 2028 2764 cudere

424 2796 845 2853 Thomasianum
888 2804 1116 2851 textum.
1152 2796 1420 2853 Cellarius
1449 2798 1711 2871 quasdam
1734 2841 1749 2867 ,
1799 2800 1895 2858 sed
1927 2816 2030 2858 nec

423 2890 642 2947 inutiles
656 2898 832 2958 notas,
849 2904 949 2945 nec
964 2888 1212 2946 indoctas
1227 2889 1481 2961 adjunxit
1500 2901 1583 2947 sat
1597 2892 1899 2949 emendatae
1915 2908 2029 2949 suae

424 2984 665 3041 editioni.
688 2982 928 3040 Joannes
949 2982 1216 3056 Georgius
1242 2980 1526 3041 Walchius
1553 2985 1640 3040 vix
1664 3000 1840 3042 annos
1869 2995 2029 3043 natus

428 3079 615 3150 viginti
642 3079 696 3133 in
728 3076 1010 3133 Lactantio
1038 3076 1381 3134 emendando
1402 3079 1680 3149 Specimen
1709 3079 1850 3134 acris
1874 3078 2023 3151 judia.

2133 1886 2372 1942 omnium
2401 1884 2903 1943 animadversiones
2940 1883 3058 1940 haec
3102 1883 3398 1939 novissima
3430 1897 3721 1955 represen-

2134 1986 2272 2033 taret
2319 1976 2523 2045 editio,
2580 1985 2743 2046 atque
2781 1984 3098 2032 cunctarum
3148 1976 3319 2031 instar
3354 1989 3481 2030 esse
3536 1986 3724 2045 posset.

2134 2071 2302 2139 Alias,
2333 2087 2443 2126 non
2470 2082 2665 2126 omnes
2690 2078 2898 2134 tamen,
2930 2083 3119 2125 verum
3159 2068 3389 2124 selectas
3418 2076 3477 2124 et
3502 2067 3727 2123 utiliores

2133 2165 2431 2235 conquisivi
2461 2173 2517 2221 et
2550 2164 2694 2235 elegi
2722 2164 2779 2219 in
2813 2164 3069 2230 Erasmo,
3102 2161 3384 2228 Betuleio,
3413 2160 3726 2229 Thomasio,

2132 2258 2265 2312 ιδωο
2284 2296 2299 2323 ,
2330 2256 2533 2313 Gallaeo
2554 2298 2568 2322 ,
2612 2254 2843 2326 Sparkio
2866 2297 2883 2322 ,
2925 2254 3159 2311 Cellario
3178 2296 3193 2321 ,
3239 2251 3490 2308 Walcltio
3522 2262 3578 2308 et
3606 2251 3727 2307 ﬂeu-

2134 2365 2354 2406 manno.
2403 2350 2477 2405 At
2524 2349 2643 2405 lsaci
2678 2350 2847 2406 editio
2894 2363 3015 2405 cum
3067 2362 3192 2403 raro
3228 2362 3425 2404 venum
3451 2355 3578 2415 eat,
3626 2346 3726 2415 ejus

2135 2454 2311 2500 tamen
2334 2453 2476 2501 notas
2497 2443 2606 2500 sint
2633 2442 2881 2510 erudita,
2909 2453 2966 2498 et
2987 2441 3058 2497 ad
3082 2443 3349 2497 rationem
3381 2439 3725 2511 theologicam

2132 2539 2332 2609 saepius
2380 2545 2617 2593 exarata:
2644 2577 2663 2603 ,
2694 2537 2936 2607 integras
2976 2549 3073 2591 eas
3113 2535 3409 2606 adiungere
3438 2535 3613 2590 visum
3660 2542 3728 2588 est

2131 2632 2199 2689 ad
2225 2632 2432 2689 calcem
2482 2630 2681 2701 prioris
2722 2629 3053 2694 voluminis,
3098 2644 3167 2686 ne
3189 2628 3505 2685 desiderent
3543 2627 3725 2699 aliquid

2131 2725 2369 2782 lectores
2394 2724 2448 2780 itt
2474 2723 2577 2780 hac
2598 2722 2784 2779 ultima
2807 2721 3076 2779 Lactantii
3113 2720 3378 2787 editione,
3408 2737 3534 2792 qua:
3561 2735 3727 2776 omnes

2131 2816 2264 2871 alias
2294 2830 2401 2873 uno
2441 2815 2595 2884 quasi
2644 2813 2840 2869 intuitu
2887 2811 3291 2884 complectitur.
3340 2812 3400 2869 Si
3441 2826 3579 2885 ergo
3614 2812 3726 2868 sub-

2127 2908 2345 2980 jiciatur
2374 2909 2543 2965 textui
2583 2908 2940 2965 Lactantiano
2966 2905 3215 2977 quaedam
3255 2906 3541 2961 annotatio
3580 2904 3726 2960 histo-

2133 3003 2244 3059 rica
2269 3010 2363 3059 aut
2385 3002 2598 3068 critica,
2630 3016 2698 3057 ne
2725 3000 2961 3066 dubites,
2984 3014 3050 3056 ea
3074 3006 3161 3055 est
3183 2997 3454 3070 Lengletii
3487 3014 3501 3052 :
3543 2999 3590 3054 si
3614 3011 3725 3053 vero

2133 3093 2347 3148 subsint
2374 3093 2637 3149 lectiones
2663 3091 2828 3147 variae
2848 3131 2863 3156 ,
2908 3103 3003 3146 eas
3026 3130 3041 3155 ,
3088 3089 3411 3160 quibusdam
3442 3097 3627 3144 tamen
3649 3103 3728 3144 ex-

426 3173 492 3230 cii
509 3170 677 3228 edidit
697 3177 857 3242 atque
882 3169 1291 3243 doctrinm,qua
1322 3186 1465 3227 nunc
1493 3174 1545 3228 in
1580 3173 2029 3244 patriaillustrior
2056 3181 2103 3250 α
2133 3186 2304 3256 cepas
2327 3227 2344 3254 ,
2374 3183 2572 3241 Joanni
2625 3183 2678 3241 le
2712 3182 2857 3238 Brun
2903 3181 3201 3252 adjudices.
3251 3180 3379 3237 [hac
3420 3190 3508 3237 est
3559 3193 3727 3237 norma

426 3266 675 3331 habetur;
694 3265 972 3336 mirorque
989 3262 1044 3319 in
1060 3262 1161 3319 hac
1168 3263 1391 3334 juvenili
1407 3274 1565 3321 aetate
1586 3280 1723 3336 opus
1737 3267 1905 3324 senile
1923 3283 2029 3325 non

426 3358 624 3413 obiisse
653 3355 837 3422 modo,
870 3354 966 3411 sed
998 3365 1052 3411 et
1078 3357 1437 3426 excogitasse.
1468 3357 1895 3428 Christophorus
1916 3359 2031 3416 Au-

426 3459 615 3522 gustus
646 3449 997 3504 Heumaunus
1037 3448 1339 3520 elegantem
1372 3465 1505 3505 sane
1530 3450 1780 3520 excudit,
1820 3459 1931 3507 tum
1959 3452 2030 3509 ob

429 3550 607 3599 textus
634 3538 974 3597 Lactantiani
1002 3538 1464 3608 emendationem,
1489 3558 1648 3613 quam
1673 3551 1878 3610 tamen,
1910 3543 2029 3615 ipso

427 3634 650 3700 fatente,
674 3648 704 3687 a
733 3631 1126 3703 Christophoro
1142 3628 1377 3688 Cellario
1396 3643 1670 3690 mutuatus
1685 3644 1790 3702 est,
1820 3645 1931 3690 tum
1956 3636 2031 3692 ob

428 3741 555 3785 suas
584 3735 895 3796 notas,quac
909 3725 1183 3796 singulare
1211 3725 1264 3779 in
1296 3732 1417 3781 arte
1446 3724 1631 3782 critica
1657 3726 1915 3794 studium,
1939 3743 2033 3784 ac-

428 3831 776 3891 cm‘atamque
793 3817 1124 3891 diligentiam
1148 3816 1428 3877 exhibent.
1445 3819 1612 3875 Multo
1638 3821 1793 3893 plura
1824 3832 2026 3891 tamen,

428 3930 589 3987 quam
650 3912 958 3979 debuisset,
1003 3913 1327 3986 glossemata
1383 3914 1653 3986 excogitat
1696 3917 1753 3971 in
1796 3914 2030 3972 Lactan-

430 4011 563 4065 tium
594 4023 623 4063 a
666 4008 798 4063 viris
843 4021 1030 4078 parum
1066 4004 1323 4063 litteratis
1359 4006 1577 4062 inducta
1618 4006 1804 4065 fuisse.
1831 4011 2032 4067 Occur-

429 4106 574 4161 ritne
616 4100 836 4158 difﬁcile
887 4100 1092 4170 aliquid
1124 4142 1138 4166 ,
1194 4108 1320 4155 tunc
1372 4101 1561 4157 subest
1615 4101 1693 4157 illi
1749 4103 2030 4176 cujusdam

429 4196 781 4254 additamenti
829 4195 1110 4266 suspicio,
1162 4203 1255 4249 aut
1301 4194 1466 4249 etiam
1515 4196 1734 4267 querela
1769 4239 1785 4266 ,
1840 4214 2028 4257 verum

431 4292 733 4363 sepissime
770 4288 945 4353 falsa,
999 4298 1185 4360 utpote
1236 4288 1440 4345 nullius
1488 4288 1620 4346 fulta
1673 4295 2029 4366 manuscripti

431 4384 636 4441 codicis
678 4381 1038 4439 auctoritate?
1084 4379 1326 4437 Tandem
1373 4380 1527 4437 Joan.
1583 4384 1897 4456 Ludolphus
1922 4387 2032 4445 Bu-

433 4493 734 4537 nemannus
758 4475 811 4532 in
839 4472 1054 4531 edendo
1080 4472 1359 4530 Lactantio
1386 4476 1615 4547 palmam
1642 4478 1762 4535 aliis
1778 4481 2030 4536 omnibus

2133 3277 2293 3348 hujus
2335 3291 2493 3333 curas
2539 3276 2609 3333 ab
2650 3275 2875 3333 alterius
2927 3288 3095 3345 opera
3139 3272 3487 3330 secernendi.
3537 3272 3722 3330 Verum

2131 3390 2252 3445 qua:
2280 3372 2346 3429 ad
2383 3372 2830 3444 grammaticam.
2868 3369 3212 3440 aliorumque
3249 3368 3583 3438 scriptorum
3623 3380 3728 3422 cum

2131 3468 2396 3525 Lactantii
2429 3467 2610 3525 verbis
2636 3465 2986 3523 collationem
3007 3472 3290 3535 spectant,
3322 3463 3413 3518 vix
3437 3463 3721 3534 attigimus.

2131 3562 2189 3619 Si
2215 3561 2302 3617 cui
2327 3575 2490 3631 porro
2521 3558 2845 3615 necessariis
2876 3557 3055 3613 forent
3085 3563 3228 3612 nota:
3250 3596 3268 3624 ,
3302 3555 3390 3612 vel
3420 3554 3603 3625 potius
3626 3552 3725 3608 dis-

2131 3656 2448 3728 quisitioues
2482 3655 2539 3710 in
2566 3653 2912 3711 Lactantium
2944 3649 3265 3720 theologica
3284 3692 3303 3717 ,
3349 3663 3442 3706 eas
3470 3646 3727 3703 uberrime

2130 3750 2279 3807 dabit
2304 3750 2548 3805 Demens
2586 3746 2837 3802 Nicolaus
2880 3745 2934 3799 le
2969 3743 3207 3813 Nourry,
3253 3757 3286 3800 ο
3320 3740 3725 3813 congregatione

2132 3844 2191 3900 S.
2220 3843 2393 3899 lauri
2426 3838 2843 3904 Benedictinus,
2876 3846 3011 3891 tom.
3042 3850 3082 3891 tt
3106 3834 3415 3905 Apparatus
3439 3831 3506 3887 ad
3542 3830 3725 3889 Biblio-

2131 3935 2343 3991 thecatn
2367 3934 2695 3991 Sanctorum
2725 3930 2970 3994 Patrum,
3002 3943 3033 3984 a
3060 3928 3315 3984 columna
3341 3925 3440 3982 57!
3474 3924 3552 3980 ad
3581 3922 3723 3980 H72.

2202 4027 2344 4085 XXI.
2374 4026 2624 4083 Attamen
2648 4022 2909 4095 quosdam
2938 4019 3332 4092 manuscriptos
3351 4017 3600 4083 codices,
3627 4014 3726 4072 edi-

2133 4119 2413 4190 tionesque
2438 4114 2729 4173 nonnullas
2755 4129 2785 4170 a
2816 4113 3027 4173 Joanne
3055 4112 3108 4167 le
3134 4110 3280 4167 Brun
3304 4124 3573 4181 nusquam
3602 4106 3726 4162 visas

2133 4211 2460 4283 conquisivi.
2478 4208 2733 4267 Codicent
2765 4222 2933 4267 unum
2953 4206 3235 4274 eximium,
3257 4206 3358 4261 etsi
3378 4203 3728 4276 quadringen-

2134 4315 2312 4362 torum
2350 4311 2558 4360 tantum
2598 4315 2902 4366 annorum,
2933 4297 3298 4369 suppeditavit
3320 4294 3725 4368 exquisitissime

2133 4395 2471 4454 Bibliotheca
2497 4392 2923 4450 Eminentissimi
2948 4390 3241 4447 cardinalis
3269 4389 3339 4446 de
3368 4388 3585 4455 Rohac,
3618 4399 3727 4443 nus-

2134 4504 2296 4561 quam
2325 4502 2356 4542 a
2391 4485 2681 4557 theologis,
2708 4485 2819 4542 imo
2857 4498 2957 4540 nec
2985 4500 3015 4537 a
3044 4483 3301 4539 litteratis
3335 4482 3589 4538 omnibus
3628 4479 3726 4534 sine

433 4572 728 4645 prmripuit.
778 4568 949 4625 Tanta
994 4568 1139 4623 enim
1178 4566 1448 4624 variarum
1502 4571 2030 4631 animadversionum
2055 4575 2109 4641 Ι)
2136 4581 2295 4636 laude
2310 4577 2644 4636 nominandi.
2675 4576 2931 4635 Codicem
2956 4576 3124 4630 alium
3154 4583 3521 4631 trecentorum
3555 4581 3724 4630 etam-

435 4667 687 4732 ubertas,
721 4663 1058 4718 diversarum
1087 4659 1381 4719 lectionum
1413 4670 1520 4718 tam
1548 4665 1829 4736 multiplex
1863 4666 2037 4723 afﬂuit

435 4760 612 4830 copia,
669 4767 776 4812 tam
807 4763 1055 4827 argutum
1079 4753 1263 4826 jutlicii
1284 4758 1452 4813 enitet
1478 4772 1702 4815 acumen
1726 4760 1780 4815 in
1811 4758 1913 4816 hac
1937 4776 2034 4817 sua

438 4852 706 4918 editione,
754 4860 813 4906 ut
854 4850 1034 4906 nullus
1079 4860 1205 4908 ante
1235 4852 1385 4907 illum
1415 4868 1482 4909 eo
1510 4869 1683 4926 usque
1716 4870 2035 4927 progressus

437 4946 618 5003 fuerit.
659 4945 754 5002 Sat
779 4943 882 5015 ipsi
914 4960 1018 5000 non
1057 4944 1153 5004 fuit
1182 4956 1406 5003 totmss.
1428 4947 1670 5014 codices,
1696 4959 1804 5004 tam
1835 4949 2035 5005 multas

438 5024 722 5110 variasque
764 5034 1011 5095 conferre
1052 5034 1356 5107 editiones;
1405 5039 1735 5112 Scriptorem
1785 5050 2028 5097 uestrum

439 5147 562 5188 cum
611 5132 792 5188 latina:
832 5131 1028 5202 lingua:
1075 5132 1408 5205 principibus
1456 5150 1608 5205 aeque
1656 5135 1924 5200 contulit,
1975 5144 2035 5192 ut

440 5239 754 5298 persuasum
805 5225 876 5282 sit
922 5226 1215 5295 omnibus,
1263 5227 1603 5283 Lactantium
1655 5236 1905 5285 auctores
1940 5228 2030 5283 in-

440 5328 526 5375 ter
545 5318 941 5376 ecclesiasticos
961 5318 1407 5376 dissertissimum
1430 5319 1622 5378 fuisse.
1650 5318 1805 5376 Hunc
1837 5320 2035 5392 quippe

441 5412 507 5467 ad
560 5410 936 5485 quinquaginta
989 5411 1127 5469 duos
1179 5427 1312 5467 mss.
1363 5410 1625 5478 codices,
1686 5412 2037 5484 vulgatosque

441 5506 818 5578 quinquaginta
851 5507 1087 5578 quinque
1126 5504 1459 5560 emendavit.
1495 5503 1684 5560 Merito
1721 5504 1882 5576 igitur
1917 5520 2037 5561 ma-

441 5613 601 5669 gnam
647 5599 699 5654 in
734 5599 1021 5655 Germania
1074 5596 1289 5652 laudem
1320 5596 1390 5653 ob
1414 5597 1761 5654 emendatum
1803 5597 2035 5659 Lactan-

443 5692 579 5746 tium
617 5680 944 5748 cohsccutus
985 5696 1069 5746 est
1094 5688 1176 5743 vir
1204 5686 1619 5747 eruditissimus.
1655 5689 1821 5749 Miror
1852 5699 2035 5749 tamen

444 5780 617 5854 illum,
642 5784 897 5843 adhibitis
918 5781 1190 5840 historicis
1218 5785 1675 5856 annotationibus,
1704 5786 1772 5843 ad
1797 5795 2035 5860 optatam

2139 4673 2276 4744 plius
2305 4686 2570 4728 annorum
2595 4669 3020 4741 perhumaniter,
3044 4676 3103 4723 ut
3134 4667 3295 4730 solet,
3314 4662 3725 4722 subministravit

2138 4766 2206 4822 Β.
2238 4765 2299 4821 Ρ.
2332 4765 2571 4821 Domnus
2594 4762 2898 4819 Ludovicus
2930 4759 3242 4817 Lemerault
3260 4802 3275 4826 ,
3302 4758 3490 4829 Regia:
3513 4757 3726 4826 Sanger-

2138 4857 2750 4917 manensiBibliOthecae
2790 4853 3079 4924 praefectus
3110 4871 3123 4907 :
3149 4852 3469 4908 collationes
3487 4861 3722 4923 quorum-

2138 4952 2260 5008 dam
2289 4949 2599 5006 Italicorum
2627 4946 3164 5017 manuscriptoruma
3192 4943 3387 4999 Latino
3402 4942 3616 4998 Latinio
3631 4940 3724 4995 fac-

2139 5052 2240 5109 tas,
2280 5057 2400 5113 qua:
2436 5041 2488 5097 in
2519 5046 2638 5113 ejus
2675 5038 3006 5096 Bibliotheca
3040 5052 3148 5094 non
3191 5037 3466 5109 leguntur,
3506 5037 3727 5103 aliasque

2133 5138 2291 5194 etiam
2315 5152 2343 5191 a
2376 5137 2536 5192 Petro
2580 5134 2869 5192 Ciacconio
2906 5132 3164 5189 collectas
3194 5131 3338 5187 ultro
3385 5126 3726 5187 commodavit

2138 5231 2203 5286 ι).
2228 5228 2489 5285 Claudius
2514 5229 2796 5285 Prevotius
2820 5226 3112 5282 canonicus
3140 5224 3404 5296 regularis
3443 5240 3509 5279 ex
3551 5216 3724 5290 regalis

2136 5322 2368 5379 abhatiae
2423 5320 2803 5379 Genovetianas
2854 5318 3184 5376 Bibliotheca
3218 5317 3553 5387 desumptas.
3599 5313 3725 5368 Duos

2138 5416 2354 5473 codices
2377 5424 2436 5471 ut
2460 5414 2527 5471 ad
2541 5430 2627 5470 me
2645 5415 2988 5469 mitterentur
2999 5410 3229 5482 benigne
3246 5408 3516 5466 concessit
3538 5404 3724 5473 insigne

2140 5512 2431 5581 capitulum
2455 5507 2851 5564 Cameracense
2872 5549 2887 5575 ,
2916 5522 3083 5562 unum
3116 5504 3307 5561 decimi
3330 5503 3415 5557 vel
3445 5493 3721 5559 undecimi.

2139 5602 2234 5659 sed
2262 5602 2521 5668 lacerum,
2551 5602 2779 5656 alterunt
2819 5598 3083 5670 integrum
3110 5596 3305 5653 decimi
3333 5595 3504 5666 quinti
3539 5596 3723 5648 tantum

2139 5696 2345 5753 saeculi.
2365 5695 2622 5763 Quintum
2650 5692 2867 5749 tandem
2899 5692 3184 5748 habuimus
3211 5705 3278 5746 ex
3307 5687 3630 5744 Bibliotheca
3647 5691 3726 5750 pa-

2140 5798 2281 5846 trum
2310 5788 2707 5862 Cupucinorum
2750 5792 3046 5842 conventus
3076 5780 3248 5839 sancti
3288 5777 3551 5837 Honorati
3586 5768 3724 5832 Pari~

3797 4727 3799 4779 ι

3798 5300 3799 5369 l
