3838 6278
148 301 222 359 69

1320 316 1694 382 PREFATIO
1732 325 1800 384 IN
1840 326 2305 392 LACTAN'I‘IUDI.

3379 354 3456 413 70

145 417 360 485 sinsis,
402 418 643 490 ejusdem
686 423 799 481 fere
836 425 1146 499 scriptionis
1188 446 1252 490 ac
1296 443 1378 490 est
1418 436 1744 509 Sangerma-
1772 445 1824 501 A
1850 451 1904 498 et
1939 444 2004 499 ad
2046 429 2618 519 Asclepiadem'lihros
2650 450 2821 517 duos;
2864 455 2934 515 de
2972 456 3357 519 Persecutione
3385 465 3452 521 li-

144 513 325 568 nrnsis
362 514 554 582 codex,
590 517 748 586 paulo
792 529 968 577 tamen
1013 528 1389 584 recentiorem.
1420 530 1575 586 Manu
1609 549 1739 588 exa-

142 615 315 659 ratum
333 606 572 663 codicem
596 609 858 670 Lactantii
881 615 1142 675 librorum
1164 620 1232 675 de
1252 621 1333 677 Ira
1356 632 1409 678 et
1430 623 1498 679 de
1513 625 1740 694 Opilicio

142 695 236 750 Dci
251 694 769 770 quadringentorum
787 705 1281 766 circitcrannorum
1313 712 1474 768 habet
1498 714 1656 770 Joan.
1691 718 1740 772 le

140 789 287 853 Beuf,
320 790 504 861 Regia:
534 793 950 868 Inscriptionum
975 817 1038 856 ac
1066 803 1395 862 Litterarum
1424 810 1738 867 Academia:

141 879 340 937 socius.
368 882 520 940 Hunc
553 886 785 944 libenter
817 893 1072 949 utendum
1113 896 1181 951 ad
1211 914 1298 953 me
1336 901 1503 965 misit,
1542 919 1609 958 ex
1636 919 1735 960 eo-

138 986 240 1041 que
265 973 443 1045 aliqua
473 976 859 1049 decerpsimus.
884 983 1301 1056 Manuscriptum
1334 992 1600 1061 quoddam
1630 995 1733 1049 Coo

134 1062 386 1122 loniense
424 1069 649 1126 exhibet
692 1075 954 1142 prmclara
993 1088 1047 1133 et
1084 1081 1368 1136 emendata
1404 1084 1570 1141 editio
1608 1087 1735 1141 anni

135 1158 298 1215 1544.
334 1160 417 1217 Ad
453 1165 794 1238 septuaginta
833 1169 998 1240 igitur
1036 1173 1276 1244 quinque
1311 1176 1548 1244 codices,
1598 1194 1734 1250 quos

129 1256 489 1312 enumerabat
514 1256 752 1316 Joannes
781 1262 833 1318 Ie
861 1263 1030 1335 Brun.
1058 1266 1228 1324 additi
1255 1284 1383 1327 sunt
1410 1286 1439 1327 a
1471 1288 1558 1329 me
1580 1275 1736 1345 quin-

131 1358 255 1415 que,
291 1356 387 1403 aut
414 1350 582 1406 etiam
609 1368 706 1408 sex
738 1354 849 1409 alii.
1648 1438 1653 1439 γ

194 1437 350 1495 Idem
394 1441 466 1497 sit
500 1443 763 1514 judicium
804 1446 874 1503 de
913 1444 1177 1520 pluribus,
1229 1451 1405 1524 iisque
1443 1438 1732 1513 rarissimis

122 1529 478 1598 editionibus.
508 1551 641 1606 quas
662 1552 768 1594 non
800 1538 1011 1597 viderat
1036 1541 1192 1598 Joan.
1223 1545 1273 1600 le
1303 1546 1472 1613 Brun.
1505 1562 1567 1604 ac
1595 1564 1735 1618 pra:-

119 1623 284 1694 cipue
322 1627 391 1682 de
431 1627 745 1686 Sublacensi
781 1634 911 1690 anni
959 1636 1115 1702 1465,
1163 1653 1283 1709 qua:
1313 1640 1553 1695 omnium
1588 1644 1731 1712 prin-

115 1730 251 1786 ceps
279 1730 366 1775 est
394 1732 449 1776 et
477 1723 755 1790 primaria,
794 1725 923 1795 quin
954 1728 1115 1783 etiam
1145 1738 1197 1784 ct
1224 1732 1531 1799 rarissima;
1573 1734 1729 1804 hujus

1847 534 1999 591 hrutn
2029 556 2221 602 unum;
2245 541 2313 595 ad
2344 542 2574 599 Probum
2605 545 2967 616 Epistolarum
2987 552 3152 610 libros
3172 568 3404 623 quatuor
3432 577 3448 625 ;

1845 627 1911 682 ad
1945 629 2203 687 Severum
2238 632 2605 703 Epistolarum
2633 639 2801 697 libros
2829 642 3001 709 duos;
3041 647 3107 701 ad
3150 648 3453 707 Demetria-

1843 736 1972 777 num
2018 724 2323 781 auditorem
2366 744 2522 786 suum
2554 732 2919 803 Epistolarum
2957 737 3126 796 libros
3165 741 3334 812 duos;
3375 744 3445 801 ad

1842 814 2093 870 eumdem
2124 817 2189 872 de
2215 817 2443 888 Opilicio
2478 823 2591 891 Dei,
2625 827 2705 880 vel
2730 825 3075 885 Formatione
3103 831 3340 894 hominis
3378 835 3450 891 li-

1839 904 1994 960 brum
2026 924 2216 963 unum.
2248 910 2345 965 Hic
2371 923 2611 971 extrema
2636 929 2915 975 senectute
2937 922 3191 993 magister
3216 923 3452 982 Caesaris

1839 996 2033 1067 CriSpi,
2068 999 2158 1053 ﬁlii
2200 1000 2560 1075 Constantini,
2594 1009 2647 1063 in
2687 1008 2860 1068 Gallia
2902 1012 3021 1081 fuit,
3058 1015 3151 1086 qui
3182 1026 3373 1087 postea
3413 1034 3445 1074 a

1840 1098 1990 1158 patre
2012 1091 2328 1150 interfectus
2350 1107 2450 1152 est.
2490 1116 2509 1151 ι

1838 1194 1853 1233 ‘.
1908 1181 1991 1238 Ex
2014 1183 2097 1240 his
2125 1188 2295 1247 sancti
2328 1190 2568 1247 Doctoris
2594 1195 2769 1251 verbis
2792 1237 2809 1261 ,
2845 1192 3072 1269 aliisque
3102 1200 3446 1261 documentis

1837 1274 1982 1344 elici,
2012 1291 2118 1332 non
2151 1289 2304 1334 certo
2334 1282 2572 1353 quidem,
2604 1286 2701 1341 sed
2732 1303 2838 1342 non
2867 1291 3213 1361 improbabili
3234 1296 3451 1368 conjec-

1843 1376 1961 1420 tura
1995 1380 2194 1437 potest,
2227 1379 2441 1442 tempus
2475 1389 2584 1445 quo
2616 1393 3055 1453 unumquemque
3094 1384 3290 1441 librum
3327 1388 3448 1444 edi--

1839 1455 1984 1513 derit
2027 1458 2355 1518 Lactantius.
2385 1464 2501 1521 Jam
2535 1467 2580 1522 is
2618 1478 2918 1527 extremam
2959 1485 3296 1532 senectutem
3329 1487 3449 1535 erat

1837 1549 2089 1622 adeptus,
2122 1569 2244 1608 cum
2275 1555 2327 1610 in
2360 1555 2560 1614 Gallias
2582 1561 2781 1617 missus
2806 1572 2889 1619 cst
2914 1581 2944 1620 a
2976 1565 3353 1637 Constantino,
3381 1580 3440 1626 ut

1836 1641 2087 1714 Crispum
2140 1647 2309 1702 lilium
2355 1649 2546 1706 litteris
2594 1653 2875 1724 erudiret,
2915 1659 3062 1729 quod
3106 1660 3307 1717 factum
3338 1673 3442 1730 est,

1829 1732 1986 1805 juxta
2038 1737 2250 1795 Eusebii
2303 1740 2635 1815 Chronicon,
2678 1748 2825 1804 circa
2881 1764 3080 1806 annum
3128 1752 3257 1807 518.
3289 1753 3443 1809 Hanc

115 1809 322 1880 qttippe
364 1814 602 1884 quinque
629 1816 717 1871 vix
755 1820 996 1886 reperias
1029 1823 1358 1892 exemplaria
1384 1841 1398 1877 :
1425 1841 1587 1879 unum
1621 1826 1725 1881 Ro-
1754 1839 1804 1898 Β
1832 1839 2166 1886 senectutem
2185 1843 2480 1889 extremam
2504 1838 2773 1908 conjicere
2804 1841 2931 1896 licet
2949 1841 3115 1898 fuisse
3144 1844 3212 1898 ad
3232 1860 3438 1902 annum

118 1917 242 1968 mae,
278 1904 332 1958 in
360 1904 656 1963 Barberina
683 1908 1050 1977 Bibliotheca;
1098 1913 1326 1968 alterum
1378 1917 1430 1970 in
1471 1917 1730 1986 Mogonti.

116 1997 302 2051 nensis
345 1999 592 2056 ecclesia:
611 2001 1172 2072 archiviolitterario;
1208 2008 1424 2063 tertium
1458 2011 1508 2064 in
1531 2010 1730 2066 eximio

115 2103 321 2145 musaeo
338 2091 439 2146 viri
459 2092 747 2149 clarissimi
776 2111 839 2151 ac
855 2097 1054 2153 eruditi
1082 2098 1290 2154 Claudii
1317 2100 1385 2157 de
1404 2103 1565 2168 Boze,
1590 2106 1723 2159 utri-

115 2194 281 2254 usque
298 2185 635 2256 Academiae,
653 2198 762 2243 tum
780 2188 1001 2245 Gallicae
1017 2233 1033 2257 ,
1072 2202 1183 2246 tum
1210 2192 1393 2265 Regiae
1418 2195 1725 2269 Inscriptio-

114 2290 236 2330 num
264 2277 424 2342 socii,
442 2288 604 2349 atque
626 2279 915 2351 Regiorum
934 2281 1328 2340 Numismatum
1354 2289 1565 2345 scriniis
1595 2306 1725 2361 pra:-

114 2369 267 2438 positi
296 2379 588 2439 :quartum
611 2374 888 2444 exemplar
907 2374 1087 2446 Tigttri
1119 2378 1355 2445 exlat,iu
1388 2380 1722 2440 Bibliotheca

116 2457 392 2527 Carolina;
452 2464 697 2534 quintum
745 2467 961 2523 tandem
1010 2470 1068 2525 in
1116 2470 1449 2529 Bibliotheca
1508 2475 1722 2533 Scholm

117 2552 536 2611 Zwickavicnsis
575 2557 869 2630 (Cycnere)
925 2572 1191 2619 servatur.
1242 2564 1413 2635 Hujus
1467 2569 1721 2625 editionis

113 2646 267 2701 varia:
294 2647 566 2703 lectiones
605 2650 878 2721 sigillatim
937 2652 1024 2708 Itic
1071 2655 1321 2713 edantur.
1380 2660 1720 2718 Contulimus

114 2749 363 2809 praeterea
399 2742 549 2797 hunc
596 2754 872 2800 auctorem
902 2740 1145 2804 nostrum
1183 2749 1250 2804 ad
1274 2750 1577 2808 Parisiensc
1603 2754 1719 2809 edi-

116 2843 216 2888 tttm
237 2850 378 2890 anno
402 2836 572 2905 1515,
612 2840 859 2909 quamvis
880 2842 1096 2898 caeteris
1128 2844 1309 2900 minus
1344 2849 1714 2904 emendatum.

115 2927 213 2983 Sed
263 2946 599 3001 magnOpere
651 2933 982 2991 attendimus
1029 2936 1359 2995 editionibus
1406 2936 1717 2999 Coloniensi

114 3022 229 3076 anni
256 3022 414 3090 1544,
453 3023 874 3082 Heutnanniante
902 3029 1029 3083 anni
1064 3029 1228 3097 1756,
1256 3042 1420 3103 atque
1450 3033 1573 3090 aliis
1604 3036 1717 3107 qui-

112 3113 342 3187 busdam,
369 3133 512 3187 quas
535 3135 642 3174 non
671 3120 985 3191 inspexerat
1010 3122 1250 3180 Joannes
1277 3125 1330 3180 le
1358 3123 1529 3181 Brun.

1837 1922 2053 1979 circiter
2105 1929 2586 1997 septuagesimum.
2646 1933 2733 1989 Ab
2789 1936 2947 1990 annis
3011 1937 3174 2007 igitur
3230 1941 3337 1997 5l8
3396 1940 3442 1997 si

1835 2013 2135 2085 detupseris
2187 2021 2562 2089 septuaginta,
2618 2038 2910 2096 supersunt
2968 2027 3110 2095 248,
3159 2046 3266 2101 quo
3316 2048 3443 2089 atrae

1832 2108 2143 2164 christiana:
2164 2126 2308 2167 anno
2340 2123 2498 2170 natus
2521 2116 2703 2172 forsan
2737 2126 2821 2173 est
2849 2118 3167 2177 Lactantius
3198 2131 3401 2179 noster.

1889 2199 1957 2255 At
1976 2200 2127 2270 juxta
2151 2203 2560 2276 Hieronymum,
2580 2209 2684 2273 hic,
2702 2225 2824 2265 cum
2844 2219 2988 2268 esset
3002 2212 3438 2272 adolescentulus

1834 2292 1888 2347 in
1931 2284 2134 2350 scholis
2188 2296 2419 2365 Africae,
2464 2301 2685 2372 scripsit
2741 2302 3085 2375 Symposium
3138 2320 3320 2372 anno,
3382 2316 3441 2363 ut

1826 2398 1976 2457 puto,
2001 2388 2130 2445 268.
2153 2390 2263 2445 lloc
2277 2392 2618 2462 deperditum
2637 2396 2987 2454 crediderunt
3005 2399 3223 2454 eruditi.
3239 2400 3311 2456 At
3326 2414 3439 2457 non

1827 2483 1998 2538 semel
2028 2483 2157 2538 illud
2190 2485 2361 2541 edidit
2385 2487 2488 2543 sub
2514 2489 2733 2545 nomine
2753 2488 3018 2547 Lactantii
3051 2491 3432 2562 llcumannus;

1827 2588 1924 2628 nec
1944 2576 2168 2628 multum
2197 2578 2379 2631 abnuit
2409 2576 2814 2635 Bunemannus.
2843 2582 3093 2637 Attamen
3124 2582 3243 2639 haec
3266 2585 3435 2656 aenig-

1824 2679 1966 2720 mata
2024 2668 2313 2739 Symposio
2353 2671 2565 2725 cuidam
2626 2689 2656 2726 a
2710 2673 2983 2729 veteribus
3015 2675 3344 2744 tribuuntur,
3376 2688 3435 2734 ut

1822 2762 2065 2830 apprime
2093 2772 2243 2816 notat
2270 2763 2526 2820 Albertus
2548 2765 2833 2824 Frabicius
2865 2769 2915 2821 in
2940 2769 3293 2828 Bibliotheca:
3321 2772 3431 2827 La-

1822 2851 1946 2907 tina:
1984 2854 2359 2927 supplemento
2400 2872 2457 2928 p.
2499 2858 2624 2912 271.
2669 2858 3037 2916 Nihilominus
3084 2871 3266 2919 tamen
3297 2864 3431 2921 illud

1822 2945 2021 3000 iterum
2053 2949 2247 3004 excudi
2274 2953 2457 3007 curavi
2488 2962 2637 3008 tomo
2663 2970 2699 3007 tt
2725 2953 2953 3024 hujusce
2980 2957 3251 3013 editionis.
3281 2959 3430 3017 Istud

1818 3050 1996 3094 autem
2042 3039 2422 3110 Symposium,
2472 3058 2608 3112 Opus
2643 3044 2861 3116 quidem
2897 3045 3164 3117 juvenile,
3208 3058 3428 3107 centum

1818 3133 2354 3206 continettenigmata
2374 3136 2623 3192 versibus
2639 3148 2879 3207 exarata,
2900 3156 3021 3210 quae
3038 3142 3184 3212 prius
3209 3142 3429 3213 vulgata

176 3208 285 3266 Jam
313 3221 519 3267 metam
548 3212 750 3269 laboris
775 3214 1106 3287 attingebam
1130 3258 1144 3282 ,
1175 3232 1299 3274 cum
1329 3218 1461 3274 mihi
1490 3221 1708 3275 nuntia-
1735 3226 1781 3291 C
1814 3221 2030 3278 fuerant
2056 3226 2156 3280 sub
2182 3227 2496 3298 Sytnphosii
2517 3228 2602 3285 vel
2633 3208 2930 3302 Symposii,
2960 3208 3129 3305 ignoti
3145 3208 3427 3307 cujusdam

118 3311 219 3358 tum
263 3305 356 3360 fuit
392 3323 422 3361 a
477 3322 690 3379 magna:
735 3310 849 3379 spei
895 3309 1210 3381 juvenibus,
1259 3312 1557 3369 doctissimi
1607 3314 1705 3371 viri

115 3392 255 3452 Joan.
278 3397 490 3471 Georgii
511 3399 749 3456 Walchii
769 3398 918 3467 liliis,
943 3417 1065 3457 eum
1088 3419 1174 3459 me
1199 3403 1420 3461 Parisiis
1448 3407 1704 3475 invisere,

118 3489 280 3546 virum
318 3509 467 3565 aeque
506 3494 871 3550 clarissimum
902 3502 966 3551 ac
995 3496 1447 3564 eruditissimum,
1482 3499 1568 3554 lo.
1602 3499 1709 3556 Lu-

117 3579 359 3654 dolphutn
391 3585 824 3655 Bunemannum,
861 3589 1210 3644 novissimam
1237 3605 1383 3645 anno
1404 3591 1563 3658 1759,
1591 3592 1707 3647 vul-

117 3687 266 3743 gasse
306 3676 356 3730 in
396 3676 685 3733 Germania
726 3679 1203 3735 Lactantianorum
1246 3696 1472 3753 operum
1512 3684 1706 3739 editio-

118 3782 252 3823 nem.
293 3768 420 3824 Eam
458 3771 642 3826 statim
686 3772 1006 3843 conquisivi,
1050 3782 1210 3842 atque
1249 3770 1313 3829 ex
1350 3789 1414 3830 ea
1458 3774 1705 3846 decerpsi

117 3874 215 3914 non
243 3875 428 3930 paucas
452 3865 852 3931 annotationes,
886 3880 978 3923 eas
1002 3866 1187 3932 etiam,
1214 3881 1334 3937 qua:
1356 3864 1481 3922 huic
1504 3877 1705 3924 nostrae

116 3953 456 4011 emendationi
514 3956 892 4013 adversantur.
954 3957 1186 4029 lllasque
1237 3959 1471 4029 prmmisi
1531 3960 1703 4016 textui

116 4044 452 4106 Lactantiauo
476 4051 532 4106 in
561 4061 791 4125 utroque
819 4052 1045 4123 hujusce
1074 4052 1326 4109 editionis
1348 4054 1647 4109 volumine.

181 4141 339 4198 XXII.
370 4144 479 4202 lluc
511 4161 680 4218 usque
701 4146 769 4202 de
795 4147 997 4201 Divinis
1029 4155 1234 4201 tantum
1263 4146 1692 4204 Institutionibus

116 4239 262 4295 verba
299 4239 398 4296 feci
428 4260 442 4297 :
469 4242 576 4297 alia
624 4251 804 4298 tamen
847 4241 1104 4314 Opuscula
1147 4240 1319 4299 edidit
1356 4240 1695 4312 Lactantius,

117 4346 324 4402 quorum
377 4337 532 4407 plura
600 4337 686 4392 vel
752 4336 1119 4403 interierunt,
1189 4336 1272 4391 vel
1335 4336 1530 4391 alicubi
1604 4336 1700 4392 de-

117 4422 372 4481 litescunt.
426 4427 622 4484 Verum
686 4444 794 4501 quo
856 4437 1114 4499 putantur
1170 4427 1361 4484 ordine
1421 4428 1696 4484 elaborata

117 4529 265 4583 esse,
310 4536 413 4573 non
460 4520 556 4575 abs
597 4536 656 4576 re
691 4520 796 4575 erit
847 4521 1144 4591 inquirere.
1194 4520 1347 4588 Quod
1391 4530 1449 4575 ut
1489 4521 1695 4578 rectius

1810 3325 1983 3386 poetae
2014 3317 2234 3372 nomine
2267 3335 2280 3370 :
2310 3314 2507 3389 aliqua:
2540 3328 2720 3376 tamen
2754 3322 3025 3380 editiones
3052 3326 3262 3382 titulum
3288 3342 3427 3399 prae-

1809 3405 1990 3463 ferunt
2015 3425 2028 3461 :
2063 3407 2208 3463 Caelii
2239 3407 2496 3464 Firnn’ani
2524 3410 2788 3483 Symposii
2818 3412 3022 3470 Poetw.

1883 3504 2194 3574 Elegantius
2219 3519 2351 3560 vero
2376 3504 2703 3562 estCarmen
2718 3507 2786 3564 de
2805 3508 3082 3576 Phoenice,
3106 3511 3250 3582 quod
3280 3514 3423 3570 acris

1808 3612 1959 3668 aeque
1982 3614 2044 3651 ae
2063 3595 2232 3652 limati
2251 3597 2440 3667 judieii
2459 3599 2560 3664 vir,
2578 3598 2832 3656 Nicolaus
2854 3600 3129 3670 Heinsius,
3155 3603 3423 3661 Lactantii

1808 3688 1995 3745 ftetum
2018 3689 2264 3760 agnoscit
2283 3698 2338 3744 et
2362 3690 2643 3763 prtedicat.
2668 3691 2817 3747 Idem
2835 3705 3025 3751 censet
3045 3696 3239 3752 Petrus
3258 3696 3421 3752 Lam-

1807 3779 1991 3836 becius
2020 3782 2073 3836 in
2103 3781 2491 3837 eruditissimis
2531 3783 2599 3839 de
2626 3784 2963 3841 Bibliotheca
2995 3787 3420 3844 Caesareo-Vin-

1806 3871 2105 3927 dobonensi
2124 3872 2571 3941 Commentariis,
2600 3875 2641 3931 1.
2674 3890 2736 3943 tt,
2760 3890 2881 3946 cap.
2906 3877 2961 3940 8,
2983 3893 3034 3947 p.
3070 3878 3194 3935 788.
3217 3881 3298 3937 Ac
3321 3879 3420 3936 do-

1806 3966 2010 4022 ctiores
2021 3966 2238 4037 quidam
2258 3976 2370 4022 tum
2382 3976 2532 4037 ante,
2551 3975 2666 4025 tum
2681 3976 2807 4041 post
2820 3968 3249 4040 Lambecium,in
3267 3987 3327 4030 ea
3336 3989 3416 4029 m-

1805 4059 1928 4116 dem
1960 4061 2259 4131 loquuntur
2287 4060 2613 4116 sententiam
2636 4077 2651 4126 ;
2674 4069 2838 4132 atque
2875 4062 3059 4118 multis
3103 4063 3154 4118 in
3181 4080 3286 4121 ms.
3314 4066 3416 4121 sub

1802 4151 2065 4209 Laetantii
2082 4153 2302 4209 nomine
2318 4153 2534 4225 legitur.
2545 4152 2637 4211 Sic
2652 4156 2811 4212 etiam
2826 4153 2987 4212 habet
2998 4154 3169 4212 codex
3192 4154 3419 4229 Sangar-

1802 4247 2078 4300 maneusis
2106 4263 2118 4298 :
2144 4263 2162 4296 t
2193 4243 2302 4300 Ista
2343 4247 2584 4301 carmina
2624 4247 2882 4303 dicuntur
2912 4263 3036 4305 esse
3066 4249 3355 4307 Lactantii.
3389 4270 3408 4306 ι

1801 4336 1934 4406 Quae
1962 4337 2006 4391 si
2030 4336 2140 4393 sint
2158 4337 2441 4408 scriptoris
2464 4337 2647 4408 hujus,
2679 4339 2769 4394 illa
2783 4339 2926 4396 circa
2945 4355 3143 4396 annum
3157 4342 3266 4397 280
3283 4344 3420 4399 scri-

1801 4439 1891 4503 pta
1908 4439 2059 4498 sunt,
2080 4446 2200 4486 cum
2228 4431 2337 4503 jam
2362 4432 2414 4486 in
2445 4432 2796 4488 maturiorem
2812 4442 3026 4489 aetatem
3055 4433 3370 4492 adoleverat
3397 4453 3411 4490 :

1800 4528 2039 4581 nondum
2086 4534 2266 4601 tamen
2314 4524 2533 4580 Christo
2573 4538 2769 4580 nomen
2810 4524 3037 4579 dederat
3075 4524 3407 4582 Lactantius.

117 4608 221 4677 ﬁat,
261 4614 384 4680 quid
429 4612 498 4670 de
537 4616 803 4686 scriptore
852 4614 946 4671 illo
986 4615 1190 4671 dixerit
1218 4613 1278 4671 S.
1324 4614 1690 4688 Hieronymus
1714 4621 1769 4682 Β
1795 4620 1870 4676 Ea
1895 4622 2058 4677 etiam
2091 4619 2338 4677 dedimus
2370 4629 2517 4674 tomo
2541 4620 2788 4675 secundo
2819 4630 3019 4677 nostra:
3051 4619 3328 4676 editionis.

116 4698 198 4773 (de
220 4703 513 4774 Scriptorib.
546 4710 924 4778 ecclesiasticis,
957 4725 1073 4778 cap.
1106 4707 1222 4778 80),
1255 4709 1310 4764 in
1342 4709 1581 4765 medium
1613 4718 1696 4765 est

118 4792 449 4854 afferendum.
485 4819 505 4852 ι
542 4801 869 4868 Firmianus,
913 4800 1107 4873 inquit,
1152 4801 1240 4871 qui
1273 4809 1327 4857 et
1358 4800 1692 4870 Lactantius,

121 4890 322 4947 Arnobii
357 4895 675 4968 discipulus,
709 4898 810 4953 sub
853 4897 1186 4954 Diocletiano
1212 4896 1459 4967 principe
1490 4897 1695 4953 accitus

120 4996 229 5040 cum
250 4985 445 5045 Fannio
461 4994 836 5062 grammatico,
856 4994 1010 5063 cujus
1027 4992 1094 5048 de
1111 4991 1517 5048 Medicinalibus
1534 5007 1695 5049 versu

122 5084 381 5150 compositi
410 5096 591 5142 extant
611 5086 756 5153 libri,
785 5086 1114 5143 Nicomedia:
1142 5087 1462 5142 rhetoricam
1487 5086 1695 5154 docuit,

124 5184 182 5226 ac
215 5177 427 5242 penuria
468 5180 853 5252 discipulorum
899 5182 970 5236 ob
1009 5196 1243 5252 graecam
1283 5181 1576 5248 civitatem,
1624 5181 1692 5236 ad

123 5264 443 5326 scribendum
469 5288 529 5329 se
564 5276 810 5330 contulit.
854 5274 1124 5330 Habemus
1157 5274 1275 5346 ejus
1312 5273 1692 5347 Symposium,

125 5356 256 5423 quod
300 5362 726 5422 adolescentulus
768 5368 825 5422 in
873 5366 1074 5424 scholis
1113 5367 1332 5440 scripsit
1370 5365 1592 5436 Africae,
1639 5378 1695 5424 et

124 5443 441 5527 ὀδοιπορικὸν
468 5456 535 5513 de
560 5457 739 5516 Africa
769 5474 937 5530 usque
954 5459 1339 5526 Nicomediam,
1362 5460 1693 5517 hexametris

124 5541 361 5612 scriptum
395 5550 669 5620 versibus,
712 5563 766 5610 et
804 5553 969 5609 alium
1008 5552 1204 5608 librum
1252 5552 1342 5625 qui
1381 5552 1691 5609 inscribitur

124 5628 511 5710 Grammaticus,
541 5655 594 5700 et
627 5646 790 5702 alium
823 5646 1244 5717 pulcherrimum
1272 5645 1341 5703 de
1370 5645 1456 5702 Ira
1487 5646 1605 5715 Dei,
1638 5655 1695 5704 et

129 5721 495 5792 Institutionum
516 5739 820 5799 Divinarum
841 5741 1103 5799 adversus
1126 5740 1329 5801 Gentes
1362 5742 1533 5798 libros
1561 5756 1690 5814 sep-

130 5826 246 5892 ιθω,
267 5836 319 5882 et
336 5826 594 5908 Ἐπιτομήν
612 5834 849 5906 ejusdem
870 5835 1053 5909 operis
1078 5835 1131 5891 in
1154 5834 1292 5893 libro
1312 5849 1418 5893 uno
1435 5835 1688 5912 ἀκεφάλου,

1866 4716 1935 4767 At
1980 4727 2103 4767 cum
2128 4752 2141 4774 ,
2191 4712 2521 4768 Diocletiano
2554 4712 2855 4781 imperante
2880 4753 2894 4778 ,
2931 4727 2997 4766 ex
3030 4710 3212 4768 Africa
3242 4712 3413 4772 Nico-

1799 4806 2030 4862 mediam
2071 4806 2276 4861 accitus
2325 4804 2485 4860 fuerit
2532 4803 2780 4874 Scriptor
2826 4803 3263 4876 elegantissimus
3290 4848 3306 4875 ,
3356 4816 3416 4864 ut

1797 4900 2119 4957 rhetoricam
2152 4899 2371 4954 doceret
2397 4936 2413 4964 ,
2443 4906 2603 4968 atque
2633 4895 3004 4974 Ὀδοιπορικόν,
3035 4897 3089 4953 id
3132 4909 3217 4954 est
3258 4901 3414 4956 itine-

1798 4996 1993 5051 rarium
2021 5010 2205 5061 suum,
2240 4991 2574 5048 hexametris
2607 4993 2857 5049 versibus
2897 4993 3220 5063 scripserit,
3254 5009 3412 5051 mens

1798 5103 1915 5145 meo
1947 5098 2029 5144 est
2057 5103 2254 5141 annum
2285 5086 2502 5142 circiter
2530 5086 2637 5144 290
2668 5086 2721 5141 in
2755 5086 3064 5159 Bithyniam
3092 5086 3412 5147 advocath

1796 5183 1938 5240 hunc
1986 5182 2175 5238 fuisse.
2210 5182 2580 5238 Diocletianus
2608 5181 2756 5237 enim
2790 5197 2899 5237 non
2932 5190 3017 5238 est
3045 5182 3277 5252 imperio
3308 5198 3409 5252 po-

1795 5278 1946 5344 titus,
1978 5276 2080 5332 nisi
2106 5290 2253 5330 anno
2278 5273 2407 5331 284.
2441 5274 2683 5331 Peractis
2713 5282 2893 5331 autem
2924 5273 2978 5329 in
3006 5274 3224 5344 EurOpa
3250 5273 3409 5330 bellis

1793 5369 2112 5441 quihusdam
2130 5411 2146 5435 ,
2175 5367 2354 5424 Asiam
2380 5368 2598 5438 repetiit
2622 5383 2768 5423 anno
2794 5366 2919 5433 l89,
2947 5382 2978 5422 a
3006 5382 3133 5438 quo,
3164 5376 3223 5423 ut
3253 5376 3404 5439 puto,

1796 5463 2068 5532 petierunt
2092 5458 2572 5526 Nicomediensos,
2594 5468 2660 5515 ut
2687 5459 2755 5515 ad
2788 5474 2849 5519 se
2877 5460 2960 5514 vir
2992 5460 3083 5515 ille
3113 5458 3409 5517 disertissi-

1800 5568 1920 5610 mus
1958 5563 2347 5609 accerseretur.
2391 5552 2450 5608 Id
2488 5567 2621 5608 vero
2659 5567 2691 5607 a
2726 5552 2845 5608 solo
2880 5560 3132 5625 poterant
3168 5551 3410 5622 Imperae

1801 5656 1919 5705 tore
1948 5660 2179 5705 exorare
2208 5655 2376 5717 atque
2404 5646 2716 5718 impetrare.
2753 5644 2960 5701 Eodem
2993 5646 3130 5700 forte
3164 5653 3408 5718 tempore

1800 5739 2221 5798 Grammaticum
2274 5738 2494 5809 scripsit
2541 5736 2879 5795 Lactantius.
2932 5734 3175 5806 Uterque
3222 5744 3409 5803 autem

1797 5833 1933 5890 liber
1960 5847 2067 5889 non
2096 5831 2391 5890 invenitur.
