3838 6278
387 338 451 395 ’11
1556 337 1928 398 ΡΒᾹΞΡΑΤΙΟ
1955 340 1994 399 Il

2169 340 2530 401 summa.
3631 342 3719 398 ⁷2

455 449 562 507 Sed
591 465 715 509 cum
744 451 960 510 Christo
988 452 1152 510 fuerit
1182 461 1367 524 postea
1400 456 1765 526 mancipatus,
1803 471 1983 512 veram
2012 460 2063 518 Α
2090 457 2229 528 giam
2275 458 2419 512 venit
2464 454 2854 512 Bibliothecam
2876 496 2892 523 ,
2929 456 3141 528 cepiam
3184 454 3317 512 mihi
3339 455 3486 524 fecit,
3534 455 3719 514 insito

380 544 434 599 in
468 544 596 601 Asia
629 548 869 617 suscepit
900 547 1220 618 religionem
1249 590 1262 613 ,
1298 547 1479 602 forsan
1515 563 1661 604 anno
1689 548 1831 616 293,
1865 564 1989 619 sep-

385 646 493 693 tem
526 637 611 693 vel
638 647 762 694 octo
788 640 946 693 annis
974 649 1264 711 antequam
1297 640 1351 696 in
1382 641 1599 696 Fideles
1633 643 1834 697 fureret
1866 656 1991 710 per-

383 730 613 787 secutio.
659 730 771 786 Hac
808 733 1096 798 saeviente,
1147 733 1368 803 scripsit
1410 733 1723 789 Lactantius
1751 733 1991 790 libellum

380 826 641 882 eximium
672 825 741 882 de
770 824 998 898 Opiﬁcio
1031 827 1161 895 Dei,
1192 829 1336 883 circa
1369 844 1570 884 annum
1601 828 1740 896 510,
1785 828 1850 883 ad
1893 829 1993 884 De-

381 918 706 974 metrianum
762 919 1037 989 quondam
1096 919 1402 976 auditorem
1454 935 1656 986 sumn,
1717 929 1776 975 ut
1833 937 1992 991 quem

387 1013 581 1068 litteris
622 1013 755 1068 nihil
784 1013 932 1068 aliud
963 1029 1124 1084 quam
1156 1015 1391 1085 linguam
1428 1014 1819 1070 instruentibus
1858 1030 1997 1069 eru-

381 1107 590 1175 dicrat,
625 1108 722 1177 ipsi
757 1123 863 1163 non
893 1108 1111 1164 deesset
1141 1106 1474 1163 honestiuris
1500 1107 1612 1174 rei,
1646 1106 1997 1177 meliorisque

385 1199 650 1256 doctrina:
678 1211 983 1272 prarceptor
1008 1200 1125 1273 (De
1150 1199 1373 1270 Opiﬁcio
1406 1200 1538 1265 Dei,
1571 1218 1689 1270 cap.
1717 1200 1808 1274 1).
1845 1202 1996 1257 Hunc

381 1290 578 1347 librum
609 1292 681 1347 ita
714 1293 1092 1363 philosophice
1122 1293 1338 1365 scripsit
1369 1294 1714 1361 Lactantius,
1748 1306 1805 1349 ut
1834 1312 1899 1350 ex
1931 1311 1995 1351 eo

387 1396 565 1439 tamen
609 1383 767 1440 facile
810 1384 1149 1440 Christianus
1181 1384 1429 1439 mandata
1471 1386 1714 1442 coelestia
1756 1387 1993 1443 hauriat.

384 1476 682 1533 Obscurius
711 1476 1080 1544 nihilominus,
1106 1478 1225 1546 ipso
1252 1476 1455 1534 fatente
1486 1477 1601 1550 (De
1627 1477 1851 1550 Dpiﬁcio
1878 1479 1991 1546 Dei,

386 1585 501 1639 cap.
534 1568 674 1640 20),
709 1568 920 1624 locutus
959 1580 1074 1635 est,
1107 1585 1269 1639 quam
1311 1569 1524 1636 decuit,
1559 1570 1721 1642 idque
1762 1587 1861 1642 pro
1905 1589 1995 1629 re—

390 1678 509 1717 rum
542 1676 607 1716 ac
639 1661 895 1731 temporis
925 1662 1281 1729 necessitate,
1319 1662 1472 1733 plura
1512 1674 1568 1718 et
1608 1664 1833 1719 meliora
1875 1664 1992 1720 edi-

387 1765 564 1820 turus,
596 1754 641 1809 si
670 1754 1003 1825 indulgentia
1029 1755 1245 1811 cmlitus
1270 1757 1498 1811 venerit.
1526 1758 1657 1823 Qua:
1678 1756 1841 1812 verba
1870 1772 1994 1825 pro-

2094 550 2325 620 quodam
2358 550 2440 605 vel
2474 551 2657 605 innato
2691 550 2869 618 potius
2895 564 3004 621 quo
3033 559 3118 606 est
3149 549 3201 604 in
3234 567 3348 606 rem
3379 550 3716 607 litterariam

2093 657 2279 697 amore
2302 642 2556 698 Claudius
2582 643 2795 709 Sallier,
2827 643 3007 713 Regia:
3035 643 3385 699 Bibliotheca:
3413 644 3719 713 praefectus

2096 736 2252 791 alter.
2284 735 2542 792 Codicem
2574 738 2716 792 hunc
2738 751 2859 792 cum
2887 735 3050 793 editis
3075 736 3275 792 iterum
3304 735 3717 793 conferendum

2095 843 2216 884 esse
2249 829 2374 883 duxi
2399 870 2412 895 ,
2458 837 2513 883 et
2551 828 2796 900 quaedam
2839 845 3028 885 rursus
3071 829 3253 900 (quod
3280 830 3367 883 vix
3394 827 3632 900 credas)
3680 843 3714 883 a

2096 924 2310 990 multis,
2346 924 2518 991 iisque
2558 925 2688 979 viris
2727 924 2987 992 eruditis,
3021 924 3389 994 praetermissa
3418 922 3717 981 annotavi.

2097 1015 2169 1070 ita
2206 1026 2262 1070 ut
2290 1016 2451 1070 etiam
2486 1016 2850 1088 expresserim
2882 1017 2932 1071 in
2966 1018 3110 1073 notis
3150 1033 3269 1089 quas
3309 1017 3512 1073 fuerint
3552 1032 3721 1072 ama-

2095 1108 2318 1163 nuensis
2348 1119 2548 1163 errata.
2583 1107 2659 1163 Ea
2689 1110 2834 1164 enim
2866 1109 3176 1179 saepissime
3204 1109 3542 1165 doctioribus
3573 1109 3723 1165 dant

2094 1200 2305 1267 locum,
2332 1217 2523 1256 novam
2547 1217 2609 1258 ac
2634 1202 2902 1258 utiliorem
2925 1211 3019 1257 aut
3039 1202 3432 1275 elegantiorem
3456 1202 3716 1274 ﬁngendi

2095 1292 2620 1363 interpretationem.
2648 1294 2754 1349 Sed
2780 1310 2849 1350 ne
2875 1295 3080 1366 aliquid
3106 1296 3323 1351 deesset
3349 1297 3473 1352 huic
3498 1307 3721 1353 nostra:

2095 1387 2353 1453 editioni,
2382 1389 2838 1457 commentarios,
2870 1405 3011 1461 quos
3041 1391 3092 1445 in
3128 1390 3542 1462 Ultrajectinam
3568 1393 3717 1448 anni

2098 1479 2239 1535 1692
2268 1491 2618 1550 congesserat
2645 1481 2848 1536 Paulus
2877 1482 3097 1537 Bauldri
3117 1525 3131 1549 ,
3165 1498 3261 1539 eos
3290 1500 3513 1550 omnes,
3546 1486 3720 1542 nullo

2095 1573 2354 1643 dempto,
2388 1575 2574 1630 recudi
2606 1576 2939 1632 curavimus.
2974 1576 3141 1646 quue
3171 1585 3317 1632 tanta
3349 1576 3454 1634 fide
3487 1594 3548 1633 ac
3573 1579 3722 1635 dili-

2094 1665 2274 1736 gentia
2295 1706 2309 1733 ,
2342 1675 2398 1721 ut
2426 1682 2613 1721 eormn
2639 1667 2802 1723 etiam
2832 1670 3136 1725 notationes
3162 1672 3473 1738 censorias,
3506 1672 3722 1742 quibus

2094 1757 2314 1827 gravius
2355 1773 2516 1828 quam
2564 1757 2724 1814 decet
2768 1760 2819 1814 in
2864 1760 3173 1816 Doctrinam
3204 1762 3723 1819 catholico—roma-

382 1848 470 1902 cul
513 1846 679 1903 dubio
717 1848 1027 1903 saevientem
1070 1849 1307 1904 indicant
1352 1851 1803 1919 persecutionem.
1835 1851 1988 1905 Tune
2016 1851 2064 1911 B
2093 1864 2216 1903 nam
2251 1850 2565 1915 incurrunt,
2610 1867 2722 1906 non
2761 1854 3240 1923 praatermiserim,
3282 1855 3465 1912 addita
3501 1856 3719 1914 nihilo-

388 1948 572 1994 autem
628 1938 987 1995 meditabatur
1043 1941 1353 1997 Lactantius
1410 1942 1667 2013 grandius
1717 1943 1986 2014 quoddam

381 2032 637 2088 volumen
684 2046 874 2088 contra
920 2033 1306 2103 philosophus,
1341 2044 1395 2088 et
1425 2034 1492 2090 de
1522 2034 1588 2089 iis
1617 2051 1736 2103 qua:
1767 2034 1834 2090 ad
1867 2036 1989 2090 vita:

386 2128 563 2184 beatae
593 2135 788 2181 statum
822 2138 1066 2197 Spectant
1092 2127 1261 2199 (Ibid.
1282 2130 1319 2199 ).
1346 2129 1444 2184 Hic
1467 2146 1572 2183 non
1595 2130 1824 2185 obscure
1848 2130 1988 2185 indi-

382 2231 467 2276 cat
501 2218 721 2275 Diviuas
746 2221 1137 2286 lustitutiones,
1162 2237 1388 2292 quarum
1418 2222 1538 2278 libri
1569 2225 1776 2293 priores
1802 2234 1990 2279 contra

380 2314 743 2383 Philosophus
782 2315 968 2385 scripti
993 2325 1148 2381 sunt,
1185 2317 1404 2371 ultimus
1433 2316 1499 2372 de
1532 2316 1647 2372 Vita
1685 2318 1845 2372 Beata
1879 2319 1987 2372 dis.

380 2408 532 2463 serit.
566 2407 684 2464 Non
717 2408 877 2479 igitur
909 2409 1028 2464 illas
1055 2411 1164 2479 jam
1199 2409 1441 2466 ediderat
1471 2410 1816 2478 Lactantius,
1849 2410 1989 2482 quod

382 2500 553 2557 nmlto
578 2502 777 2558 clarius
805 2503 982 2558 elucet
1010 2502 1312 2574 legentibus
1339 2516 1499 2575 caput
1525 2504 1597 2560 20
1627 2505 1745 2560 libri
1770 2504 1838 2561 de
1865 2505 1993 2576 Opi-

384 2594 509 2649 ﬁcio
542 2594 659 2651 Dei.

452 2687 658 2744 Eodem
701 2687 884 2744 forsan
935 2697 1176 2759 tempore
1214 2690 1432 2761 scripsit
1476 2690 1544 2746 ad
1588 2691 1993 2747 Demetrianum

382 2779 556 2850 ipsum
592 2779 957 2849 Epistolarum
984 2780 1093 2837 duo
1114 2780 1387 2837 volumina
1408 2823 1421 2847 ,
1445 2798 1596 2854 quae,
1623 2784 1762 2839 sicut
1791 2794 1847 2840 et
1874 2785 1996 2840 aliae

383 2873 503 2942 ejus
529 2873 774 2943 epistolm
798 2916 812 2941 ,
848 2873 1276 2931 interciderunt:
1311 2876 1569 2946 quasdam
1603 2887 1818 2944 tamen,
1850 2878 1995 2934 desi-

382 2975 570 3037 nente,
588 2966 787 3022 smculo
806 2982 917 3034 XVI,
938 2966 1143 3023 viderat
1162 2967 1463 3024 lladrianus
1480 2970 1669 3025 Junius
1684 2971 1734 3024 in
1752 2970 1996 3041 Egmun-

381 3058 507 3113 daui
531 3058 843 3115 monasterii
865 3058 1196 3116 Bibliotheca
1215 3102 1231 3127 ,
1258 3077 1359 3116 ms.
1384 3062 1659 3117 codicibus
1681 3064 1808 3118 olim
1830 3063 2000 3119 refer-

386 3150 590 3205 tissima
616 3150 917 3219 (Hadrian.
951 3151 1139 3207 Junius
1160 3193 1174 3217 ,
1198 3158 1252 3207 in
1272 3152 1505 3209 Batavia:
1535 3153 1794 3223 Historia,
1828 3154 1993 3224 iri-4°,

2090 1941 2273 1996 minus
2304 1942 2537 2012 quadam
2560 1985 2575 2011 ,
2612 1943 2699 1999 ubi
2729 1960 2866 2015 Opus
2898 1955 3019 2011 est,
3052 1947 3529 2005 animadversione
3549 1992 3567 2017 ,
3603 1967 3722 2021 qua

2092 2036 2145 2090 in
2177 2045 2553 2090 annotatorem
2596 2037 2843 2106 rejicitur
2881 2053 3055 2093 error.
3100 2040 3181 2095 Ad
3223 2040 3350 2111 quid
3392 2043 3538 2096 enim
3586 2043 3717 2098 istm

2093 2136 2201 2181 tam
2228 2128 2622 2198 intempestivae
2669 2131 3024 2186 excursiones
3044 2172 3059 2198 ,
3092 2132 3180 2187 ubi
3203 2132 3271 2189 de
3297 2133 3564 2203 historia,
3595 2153 3714 2193 non

2092 2222 2160 2278 de
2190 2223 2352 2278 rebus
2380 2223 2554 2293 agitur
2584 2224 2937 2294 theologicis?
2974 2224 3087 2282 Hac
3114 2228 3326 2282 ratione
3370 2236 3622 2284 nostram
3657 2230 3719 2285 in

2094 2314 2388 2371 editionem
2418 2332 2479 2370 ea
2512 2318 2692 2372 omnia
2720 2318 3084 2386 coiitulimus,
3112 2335 3233 2391 qum
3278 2321 3428 2391 prius
3469 2321 3723 2393 undique

2094 2409 2369 2479 sigillatim
2411 2411 2733 2482 conquirere
2772 2422 2891 2468 erat
2934 2428 3193 2482 necesse,
3242 2425 3297 2470 ut
3344 2415 3554 2487 integra
3613 2417 3723 2473 La-

2094 2505 2278 2559 ctantii
2326 2521 2527 2576 opera,
2576 2507 2865 2577 variosque
2919 2508 2971 2562 in
3018 2523 3080 2563 ea
3129 2510 3554 2566 commentarios
3608 2511 3720 2569 sibi

2095 2606 2440 2666 compararet
2465 2599 2635 2655 lector
2661 2599 2927 2656 eruditus.

2169 2689 2422 2762 Crispus,
2450 2706 2596 2746 anno
2620 2692 2748 2758 317,
2777 2693 2953 2748 aetatis
2984 2692 3247 2765 vigesimo
3270 2740 3284 2763 ,
3319 2694 3506 2752 Caesar
3532 2696 3722 2755 factus

2098 2791 2181 2838 est
2209 2798 2239 2837 a
2264 2783 2623 2838 Constantino
2652 2793 2826 2854 patre.
2860 2785 3013 2842 Tunc
3042 2789 3093 2842 in
3122 2787 3552 2861 Galliisuterque
3570 2802 3721 2860 erat,

2099 2891 2207 2947 quo
2235 2878 2441 2933 accitus
2472 2876 2573 2933 fuit
2602 2876 2952 2945 Lactantius,
3003 2880 3093 2951 qui
3147 2880 3316 2937 lilium
3363 2883 3725 2952 imperatoris

2099 2970 2310 3027 litteras
2339 2972 2598 3028 edoceret
2630 2972 3002 3029 humaniores.
3050 2977 3225 3046 Atque
3253 2976 3322 3031 ab
3361 2992 3427 3031 eo
3470 2985 3726 3047 tempore

2102 3078 2209 3118 non
2237 3064 2390 3119 solus
2415 3079 2515 3134 ego
2546 3054 2735 3121 multis
2761 3065 2960 3123 ductus
2986 3067 3290 3123 rationibus
3315 3070 3514 3139 opinor
3538 3070 3726 3127 editas

2103 3156 2272 3212 fuisse
2317 3156 2536 3212 Divinas
2583 3157 2958 3226 Intitutiones,
3011 3175 3197 3215 verum
3244 3160 3296 3215 in
3340 3159 3591 3216 eamdem
3645 3162 3726 3218 lo-

384 3241 629 3314 Lagduni
654 3241 837 3297 Butae.
865 3243 1029 3311 1588,
1054 3262 1175 3316 pag.
1202 3245 1351 3317 511).
1379 3246 1446 3300 At
1464 3248 1576 3315 jam
1599 3246 1667 3299 ab
1688 3260 1831 3300 anno
1855 3246 1995 3301 1575
2022 3246 2066 3309 C
2099 3260 2341 3321 quuntur
2366 3252 2694 3308 sententiam
2721 3253 2993 3309 Antonius
3023 3254 3217 3326 Pagius
3254 3254 3484 3327 (Critica
3512 3256 3583 3309 ad
3615 3258 3727 3312 An-

386 3337 584 3391 sublati
616 3346 769 3392 erant
798 3338 851 3391 hi
882 3338 990 3393 duo
1022 3339 1177 3403 libri,
1206 3353 1343 3409 quos
1383 3338 1544 3394 Junio
1572 3338 1742 3394 abbas
1772 3339 1995 3410 hujusce

384 3431 699 3487 monasterii
733 3440 860 3486 tunc
890 3432 1224 3488 ostenderat.

458 3524 515 3578 In
558 3523 748 3579 eadem
788 3524 929 3580 forte
974 3524 1355 3595 persecutione
1394 3525 1593 3581 multas
1633 3524 1850 3596 scripsit
1889 3524 1993 3580 La-

393 3616 627 3673 etantius
664 3616 938 3686 Epistolas
977 3617 1043 3671 ad
1089 3616 1490 3689 Asclepiadem.
1539 3617 1674 3672 Huic
1702 3631 1834 3672 sane
1874 3631 1997 3671 cum

394 3708 801 3779 elegantissimo
830 3708 1095 3779 scriptore
1139 3721 1324 3765 nostro
1365 3708 1701 3765 consuetudo
1735 3710 1998 3764 interces-

388 3809 540 3856 serat
565 3808 620 3856 et
649 3798 1006 3855 familiaritas.
1049 3800 1200 3856 Sicut
1230 3800 1374 3856 enim
1409 3801 1790 3872 Asclepiades,
1839 3810 2000 3857 ca-te—

389 3907 511 3948 rum
540 3892 630 3947 vix
660 3903 853 3961 notus,
887 3891 984 3949 sed
1012 3902 1104 3948 aut
1131 3893 1340 3948 Graecia
1362 3934 1377 3959 ,
1411 3904 1500 3948 aut
1534 3894 1662 3948 Asia
1705 3893 1996 3959 oriundus,

388 3993 448 4039 ut
492 3999 689 4040 nomen
733 3984 968 4050 indicat,
1015 3984 1082 4039 ad
1123 3983 1464 4040 Lactantium
1496 3985 1693 4039 librum
1721 4000 1998 4055 nuncupa-

388 4086 543 4133 verat
569 4076 638 4133 de
671 4093 881 4132 summa
927 4077 1023 4133 Dei
1070 4077 1421 4133 Providentia
1465 4076 1596 4149 (lib.
1651 4092 1723 4132 vn
1768 4076 1997 4132 lnstitut.

390 4169 539 4239 Div.,
572 4186 619 4224 c.
652 4171 774 4239 4,in
804 4171 973 4242 ﬁne);
1007 4171 1246 4226 vicissim
1278 4171 1377 4241 ipsi
1409 4169 1546 4225 duos
1578 4169 1744 4226 libros
1773 4171 2003 4227 Lactan-

393 4264 501 4320 tius
528 4263 826 4334 inscripsit.
861 4263 1061 4319 Verum
1093 4264 1145 4317 hi
1179 4264 1364 4333 utique
1394 4263 1688 4334 perierunt.

461 4357 660 4413 Sedata
688 4356 1051 4412 Diocletianea
1080 4356 1489 4426 persecutione,
1523 4371 1653 4427 pace
1677 4358 1998 4428 composita,

389 4449 698 4508 Christianis
730 4453 785 4507 in
813 4451 1084 4522 integrum
1119 4451 1379 4507 restitutis
1404 4493 1418 4519 ,
1451 4451 1763 4507 Lactantius
1808 4453 2001 4509 librum

390 4545 460 4601 de
486 4544 748 4601 Mortibus
778 4553 1186 4615 persecuturum
1215 4544 1461 4614 scripsit,
1488 4560 1651 4608 anno,
1683 4556 1738 4600 ut
1767 4546 2001 4613 videtur,

2101 3343 2211 3396 nal.
2244 3341 2487 3411 Baronii,
2520 3345 2587 3397 ad
2617 3361 2704 3398 an.
2740 3344 2867 3409 515,
2903 3362 2955 3398 n.
2990 3344 3085 3418 6),
3117 3345 3497 3401 Tillemontius
3528 3346 3725 3419 (Ilist.

2101 3435 2274 3503 Εοει.³
2302 3445 2422 3490 tom.
2448 3452 2518 3501 vn,
2548 3453 2600 3505 p.
2630 3435 2806 3508 728),
2826 3436 3082 3493 Nicolaus
3114 3438 3164 3493 le
3192 3437 3404 3505 Nourry
3435 3440 3727 3510 (Apparat.

2100 3528 2169 3581 ad
2195 3527 2440 3583 Biblioth.
2467 3528 2575 3585 SS.
2601 3529 2860 3598 Patrum,
2886 3541 3009 3585 tant.
3042 3548 3077 3586 ιι
3096 3573 3111 3599 ,
3144 3550 3197 3603 p.
3222 3532 3330 3589 536
3352 3542 3397 3586 et
3419 3531 3549 3603 560)
3567 3575 3583 3594 ,
3616 3534 3728 3589 Re-

2102 3621 2297 3691 migius
2322 3621 2732 3692 Ceillier(Hist.
2763 3625 2826 3679 de
2850 3626 2997 3678 Auct.
3019 3627 3168 3691 ecct.,
3199 3637 3324 3681 tam.
3357 3642 3434 3691 ιιι,
3465 3645 3518 3697 p.
3545 3625 3725 3699 592),

2102 3725 2329 3787 uterque
2378 3715 2800 3783 Beuedictinus,
2849 3718 3090 3775 Joannes
3141 3720 3380 3791 Baptista
3429 3721 3478 3775 le
3525 3721 3677 3779 Brnn
3707 3764 3725 3791 ,

2101 3810 2303 3881 aliique
2322 3810 2464 3867 bene
2490 3811 2678 3878 multi,
2702 3812 2898 3882 quibus
2920 3821 3005 3868 est
3026 3828 3342 3884 persuasum
3370 3813 3725 3869 Lactantium

2103 3906 2248 3962 hunc
2276 3906 2472 3962 librum
2503 3907 2744 3963 edidisse
2772 3920 3060 3979 postquam
3094 3908 3404 3979 percrebuit
3433 3908 3727 3965 Liciniana

2105 4000 2452 4068 persecutio,
2501 4016 2623 4071 qua:
2674 4001 2870 4057 saevire
2916 4017 3023 4056 non
3065 4001 3233 4072 cmpit
3272 4001 3376 4056 nisi
3415 4017 3557 4057 anno
3586 4001 3723 4058 520.

2102 4090 2278 4146 Nolim
2314 4102 2499 4148 tamen
2524 4092 2748 4148 diffiteri
2779 4093 3118 4150 Lactantimn
3161 4094 3326 4149 multa
3371 4096 3518 4165 prius
3552 4094 3625 4151 de
3663 4110 3729 4151 re

2105 4184 2403 4241 christiana
2442 4187 2495 4241 in
2538 4186 2756 4241 arcanis
2795 4186 3006 4243 tabellis
3047 4188 3256 4257 scripto
3297 4197 3589 4243 annotasse
3614 4229 3630 4254 ,
3669 4197 3731 4242 ut

2105 4293 2242 4349 opus
2272 4278 2375 4334 hoc
2408 4288 2513 4333 tam
2544 4279 2771 4334 arduum
2791 4321 2806 4346 ,
2843 4290 2951 4335 tam
2983 4280 3207 4336 difficile
3236 4297 3344 4336 non
3375 4282 3548 4335 solum
3579 4278 3726 4336 ado-

2106 4373 2329 4439 riretur,
2361 4372 2456 4428 sed
2487 4372 2651 4427 etiam
2678 4372 2746 4427 ad
2772 4383 3015 4444 optatum
3048 4374 3369 4443 perduceret
3394 4374 3594 4429 exitum
3629 4373 3725 4428 vix

2106 4464 2252 4519 enim
2282 4463 2438 4519 aliter
2464 4463 2582 4519 ﬁeri
2609 4465 2804 4536 potuit.
2837 4463 3245 4521 Institutionum
3273 4481 3406 4522 vero
3438 4465 3723 4536 doplicent

2107 4574 2135 4614 a
2177 4558 2463 4615 Lactantio
2502 4559 2777 4630 vulgatam
2824 4560 2994 4616 fuisse
3037 4560 3366 4628 editionem,
3415 4576 3523 4616 non
3565 4558 3719 4615 Tho-

390 4637 519 4692 5'5.
551 4636 719 4705 “(ille
747 4651 855 4692 ηοιι
884 4637 1061 4692 solum
1094 4645 1214 4707 post
1244 4652 1472 4708 pugnam
1505 4635 1573 4693 ad
1603 4635 1865 4707 Campum
1896 4638 1995 4694 Se‘
2024 4646 2079 4706 D
2106 4653 2309 4708 tnasius
2337 4652 2497 4709 modo
2538 4650 2815 4724 (Thomas.
2857 4667 2994 4708 nota:
3017 4653 3086 4706 ad
3126 4668 3244 4725 cap.
3285 4654 3309 4707 1
3353 4653 3442 4707 lib.
3476 4670 3490 4707 ι
3549 4651 3720 4709 Insti-

391 4744 583 4786 rcnum
607 4728 937 4799 descriptam
966 4730 1142 4800 capite
1166 4730 1257 4795 47,
1290 4744 1396 4800 qua
1423 4739 1711 4800 superatus
1757 4738 1840 4784 est
1862 4745 1891 4783 a
1919 4729 2005 4784 Li-

393 4822 538 4878 cinio
564 4820 920 4890 Maximinus,
951 4822 1040 4877 die
1064 4822 1236 4893 primo
1268 4823 1392 4878 maii
1421 4824 1544 4879 anni
1576 4824 1709 4893 515,
1745 4824 1853 4879 ἱιιιο
1888 4833 2007 4896 post

391 4916 628 4974 edictum
650 4915 718 4972 de
737 4915 1070 4972 restituenda
1091 4915 1330 4972 Ecclesia
1346 4958 1361 4984 ,
1387 4916 1528 4987 quod
1552 4917 1640 4973 die
1664 4916 1875 4973 decimo
1898 4926 2004 4973 ter—

395 5011 469 5066 tio
505 5010 640 5081 juuii
673 5009 899 5080 proponi
923 5010 1089 5080 jussit
1115 5008 1383 5078 Licinius,
1411 5020 1469 5066 ut
1497 5011 1726 5067 habetur
1755 5026 1875 5081 cap.
1910 5012 2000 5076 48,

393 5116 580 5157 verum
624 5101 788 5157 etiam
834 5112 955 5172 post
999 5112 1266 5172 mortem,
1312 5119 1414 5175 qua
1461 5103 1675 5160 Valeria
1720 5119 1862 5158 anno
1898 5103 2005 5160 515

394 5195 650 5251 mulctata
680 5194 884 5251 fuerat:
914 5196 1055 5267 quod
1084 5198 1279 5267 legitur
1306 5213 1427 5267 cap.
1452 5198 1541 5252 5i.
1568 5198 1722 5253 Hunc
1753 5198 1994 5254 libellum

394 5289 463 5345 de
493 5303 601 5359 quo
631 5289 821 5344 iterum
852 5288 1092 5347 dicemus
1133 5290 1289 5347 initio
1315 5290 1541 5347 alterius
1572 5291 1863 5346 voluminis
1882 5334 1898 5359 ,
1929 5293 1998 5349 ab

394 5382 554 5437 anuis
584 5381 732 5437 mille
760 5380 1100 5453 deperditum
1126 5425 1141 5452 ,
1174 5390 1560 5454 repertumque
1601 5385 1652 5438 in
1685 5384 1997 5441 Biblotheca

395 5476 706 5532 Colbertina
733 5516 747 5543 ,
779 5477 985 5547 primus
1014 5493 1163 5533 anno
1191 5477 1331 5533 1679
1361 5476 1531 5533 edidit
1563 5478 1869 5549 Stephanus
1900 5482 2001 5538 Ba-

394 5567 568 5625 luzius
590 5609 607 5638 ,
650 5568 941 5626 mandante
971 5571 1335 5626 illnstrissimo
1365 5570 1481 5626 viro
1510 5570 1720 5629 Joanne
1760 5573 2000 5646 Baptista

395 5662 615 5721 Colbert
633 5706 648 5732 ,
678 5665 793 5736 regi
819 5680 847 5719 a
877 5665 1239 5721 sanctioribus
1265 5666 1516 5733 secretis,
1545 5678 1601 5724 et
1630 5683 1845 5727 summo
1867 5687 2003 5728 arra-

395 5757 462 5815 rii
504 5758 846 5813 administro.
890 5758 1191 5829 Singularis
1232 5757 1392 5829 hujus
1434 5759 1487 5814 in
1528 5762 1660 5818 orbe
1701 5763 2003 5822 christiano

397 5850 603 5918 codicis
622 5892 636 5921 ,
668 5850 758 5922 qui
785 5865 906 5906 cum
936 5850 1155 5923 reliquis
1182 5854 1433 5911 omnibus
1459 5854 1783 5917 Culbcrtinis
1810 5859 1865 5916 Su
1896 5862 2001 5919 lic-

2106 4756 2200 4800 tut.
2230 4747 2284 4816 ),
2315 4746 2410 4802 sed
2439 4755 2492 4802 ct
2530 4745 2783 4802 Baluzius
2810 4747 2924 4816 ipse
2954 4744 2975 4818 (
2996 4744 3183 4799 Batus.
3234 4756 3371 4801 notae
3418 4746 3471 4800 in
3513 4745 3605 4801 lib.
3657 4746 3723 4801 de

2116 4838 2268 4894 Mort.
2314 4848 2565 4910 persecat.
2589 4880 2605 4905 ,
2652 4839 2721 4893 ad
2759 4838 2950 4894 calcem
2983 4847 3105 4893 tom.
3138 4853 3177 4892 ιι
3210 4847 3403 4897 nostra:
3443 4838 3594 4907 edit.)
3617 4881 3634 4905 ,
3664 4848 3719 4894 et

2106 4930 2461 4988 Heumannus
2490 4928 2509 5003 (
2533 4930 2664 4987 Not.
2691 4929 2761 4984 ad
2787 4932 2953 5001 cap.l
2987 4930 3164 4986 Dicin.
3194 4930 3370 4986 quit.
3391 4932 3504 4985 libri
3534 4931 3716 5003 primi)

2105 5034 2469 5090 monuerunt;
2500 5024 2643 5095 apud
2674 5039 2811 5094 quos
2841 5025 2988 5096 leges
3009 5066 3025 5093 ,
3059 5025 3304 5081 tristibus
3330 5025 3550 5095 quidem
3578 5034 3719 5081 tem-

2105 5118 2328 5187 poribus
2350 5118 2582 5187 scriptas
2604 5130 2726 5172 esse
2751 5117 2969 5171 Divinas
2992 5116 3391 5182 lustitutiones,
3419 5116 3720 5179 laetioribus

2095 5220 2275 5267 autem
2304 5210 2643 5278 emendatas,
2674 5219 2862 5265 auctas
2887 5219 2941 5266 et
2958 5210 3318 5266 Constantino
3347 5210 3575 5265 dicatas.
3598 5210 3717 5282 Bis,

2098 5303 2277 5374 inquit
2303 5304 2675 5371 licumannus,
2700 5303 3017 5359 Lactantius
3044 5303 3149 5358 hoc
3177 5318 3315 5374 opus
3336 5302 3531 5371 edidit,
3565 5305 3719 5373 prius

2101 5410 2229 5454 ante
2267 5415 2493 5470 regnum
2536 5397 2917 5467 Constantini,
2966 5399 3161 5454 iterum
3203 5414 3269 5454 eo
3312 5414 3492 5454 rerum
3524 5400 3714 5470 potito.

2101 5490 2181 5546 Ex
2208 5489 2310 5546 hac
2338 5490 2520 5551 forsan
2549 5492 2748 5562 duplici
2775 5492 3020 5548 editione
3044 5502 3398 5556 emanarunt,
3433 5507 3541 5547 non
3564 5493 3718 5563 equi-

2105 5581 2228 5638 dem
2260 5598 2452 5640 omnes
2472 5626 2487 5651 ,
2521 5584 2616 5641 sed
2648 5585 2895 5656 qnmdam
2927 5586 3189 5641 lcetiones
3231 5585 3392 5639 Variae
3414 5626 3430 5651 ,
3475 5602 3594 5655 qua:
3642 5586 3718 5641 la-

2104 5673 2255 5732 boris
2286 5693 2391 5732 non
2426 5677 2709 5733 minimum
2742 5678 3018 5735 facessere
3039 5720 3053 5744 ,
3088 5688 3201 5732 tum
3229 5679 3404 5733 doctis
3449 5679 3720 5736 Lactantii

2104 5768 2440 5839 editoribus,
2490 5781 2602 5828 tum
2647 5772 2876 5829 eruditis
2913 5773 3237 5842 quibusque.
3285 5772 3401 5827 Non
3435 5773 3584 5828 enim
3618 5773 3718 5828 ιιι]-

2104 5874 2354 5922 versatur
2379 5865 2629 5937 scriptori
2656 5867 2821 5925 etiam
2850 5864 3266 5938 diligentissimo
3286 5905 3302 5934 ,
3330 5880 3432 5923 nec
3455 5867 3729 5932 abhorret
