3838 6278
151 325 226 382 75

1328 332 1704 397 PREFATIO
1741 336 1810 398 IN
1848 337 2316 405 LACTANTIUM.

3392 366 3461 421 74

150 458 181 497 a
212 442 460 507 ratione,
489 449 547 499 ut
574 456 704 499 suas
734 442 852 515 ipse
881 454 1141 505 retractet
1182 447 1605 511 lucubrationes.
1649 456 1754 512 Fe-
1780 457 1834 519 Λ
1931 459 2081 515 Circa
2113 461 2299 518 eadem
2333 471 2573 536 tempora
2602 466 2890 539 scripsisse
2929 470 3061 527 mihi
3100 471 3315 533 videtur
3350 476 3457 535 La-

150 532 307 589 licior
333 547 465 590 sane
501 542 665 604 atque
706 536 928 592 suavior
966 539 1139 596 multo
1170 554 1256 598 est
1290 544 1599 602 emendatio
1626 562 1748 618 pro-

148 625 265 695 pria
303 641 462 695 quam
490 626 692 683 aliena.

218 717 287 773 At
305 717 442 776 liber
460 719 559 775 iste
576 721 726 778 varia
743 729 803 778 et
820 722 1105 795 multiplici
1128 740 1249 782 cum
1273 726 1509 785 refertus
1531 731 1602 786 sit
1621 731 1751 788 doc-

150 812 307 879 trina,
340 813 407 869 ad
436 814 557 886 ejus
585 815 879 873 lectionem
901 860 918 886 ,
952 828 1012 874 ut
1040 820 1203 891 plane
1233 822 1588 894 intelligatur,
1616 827 1750 897 vigi-

147 905 266 961 lans
295 921 361 963 ac
390 908 685 980 singularis
714 910 1026 967 adhibenda
1060 922 1144 969 est
1170 930 1357 985 opera.
1389 916 1535 971 Multi
1566 931 1745 975 autem

142 1009 422 1058 terrentur
464 1002 685 1059 assiduo
727 1011 783 1059 et
824 1005 1023 1060 acriori
1066 1007 1270 1064 studio.
1316 1008 1454 1065 Hinc
1498 1011 1746 1081 Epitome

134 1091 372 1162 prodiit,
425 1096 736 1166 postulante
779 1095 1076 1166 Pentadio,
1156 1100 1274 1157 sive
1322 1101 1368 1156 is
1418 1101 1590 1159 frater
1634 1104 1742 1160 La-

132 1187 326 1242 ctantii
370 1185 563 1256 fuerit,
611 1191 729 1246 sive
770 1191 1105 1248 christianus
1146 1194 1366 1264 quidam
1408 1206 1464 1252 et
1501 1198 1740 1267 amicus,

127 1294 289 1351 quem
322 1281 444 1337 loco
475 1281 657 1338 fratris
687 1284 1005 1340 Lactantius
1037 1284 1293 1343 habebat.
1324 1287 1620 1345 Pentadius
1655 1291 1743 1345 ille

125 1372 377 1438 ejusdem
423 1373 651 1430 fortasse
693 1377 914 1446 generis
941 1386 1092 1443 erat,
1137 1386 1300 1449 atque
1338 1379 1479 1435 alter
1519 1381 1742 1452 hujusce

124 1467 403 1533 nominis,
449 1469 543 1540 qui
590 1469 911 1527 Constantio
954 1471 1271 1543 imperatori
1320 1474 1530 1530 intimis
1568 1473 1667 1531 fuit
1709 1491 1738 1529 a

120 1561 384 1615 secretis.
433 1560 580 1616 Istud
620 1562 763 1618 enim
796 1579 995 1619 nomen
1025 1580 1214 1635 parum
1241 1566 1463 1637 vulgare
1491 1577 1573 1623 est
1600 1568 1742 1640 apud

113 1652 407 1724 antiquos.
449 1652 525 1708 Ita
558 1669 725 1724 porro
754 1672 882 1712 suas
919 1657 1294 1716 Institutiones
1334 1662 1740 1733 angustioribus

112 1744 454 1800 constrinxit
474 1746 725 1802 terminis
741 1756 929 1804 auctor
945 1761 1156 1819 noster,
1176 1762 1233 1807 ut
1251 1762 1462 1809 mentes
1482 1755 1735 1822 instruat,

1856 550 2090 606 ctautius
2121 554 2489 623 Epistolarum
2518 558 2585 614 ad
2616 558 2874 616 Severum
2906 563 3075 620 libros
3100 566 3257 623 duos.
3289 570 3460 628 Seve~

1856 656 1948 697 rus
1987 654 2168 700 autem
2209 645 2301 702 ille
2336 648 2605 720 Hispanus
2642 662 2792 715 erat.
2825 666 2987 726 atque
3011 674 3148 715 unus
3178 678 3244 717 ex
3284 665 3460 736 majo-

1852 733 2002 790 ribus
2031 736 2229 807 Aquilii
2259 737 2479 808 Severi,
2512 743 2581 799 de
2608 758 2716 815 quo
2745 746 2820 802 ait
2857 746 2915 803 S.
2966 749 3327 825 Hieronymus
3366 733 3458 831 (in

1854 823 2099 902 Catalogo
2138 832 2385 903 scriptor.
2421 835 2707 894 ecclesiast.
2734 838 2784 910 ):
2816 859 2834 892 ι
2864 841 3110 912 Aquilius
3140 823 3458 907 Sieverus‘in

1851 917 2106 989 HiSpania
2127 963 2141 988 ,
2171 921 2241 979 de
2279 940 2478 995 genere
2520 928 2663 984 illius
2691 929 2879 988 Severi
2911 934 2977 989 ad
3007 952 3171 1006 quem
3198 939 3459 1000 Lactantii

1849 1010 1954 1065 duo
1977 1014 2334 1082 Epistolarum
2362 1020 2672 1078 scribuntur
2699 1024 2843 1081 libri.
2867 1045 2887 1079 ι
2917 1034 2982 1083 At
3006 1028 3456 1094 Nicomedienses

1849 1104 1990 1160 sicut
2010 1114 2065 1161 et
2083 1106 2349 1179 Bithynos
2373 1110 2515 1168 inter
2535 1123 2589 1169 et
2611 1114 2877 1186 Hispanos
2898 1119 3052 1187 nihil,
3073 1125 3299 1181 multum
3326 1143 3457 1186 vero

1848 1194 2074 1252 Galliam
2108 1199 2249 1255 inter
2278 1210 2332 1257 ct
2360 1202 2677 1274 Hispaniam
2708 1219 2830 1265 erat
2858 1213 3079 1282 negotii.
3115 1216 3248 1273 Hinc
3278 1222 3454 1293 conji-

1844 1302 1971 1344 cere
1994 1290 2118 1346 licet
2139 1290 2237 1347 has
2262 1294 2531 1365 Epismlas
2560 1314 2591 1353 a
2613 1299 2892 1357 Lactantio
2919 1305 3091 1360 editas
3118 1307 3302 1375 fuisse,
3325 1290 3455 1370 dum

1844 1379 1898 1434 in
1940 1380 2111 1438 Gallia
2154 1386 2479 1443 morabatur.
2516 1390 2717 1447 Eadem
2751 1409 2911 1463 porro
2941 1395 3177 1454 dicerem
3209 1401 3277 1457 de
3305 1403 3456 1461 libris

1842 1484 2074 1544 quatuor
2098 1476 2464 1548 Epistolarum
2495 1482 2562 1538 ad
2592 1484 2862 1554 Probum,
2910 1491 3063 1560 cujus
3104 1509 3302 1551 nomen
3346 1512 3453 1554 non

1843 1566 2160 1637 Asiaticum,
2191 1571 2285 1628 sed
2316 1572 2615 1631 Romanum
2642 1588 2744 1646 est,
2771 1581 2857 1636 vel
2884 1581 3024 1640 forte
3051 1584 3338 1644 Gallicum.
3368 1591 3452 1647 Ad

1842 1671 1966 1714 cum
1998 1662 2139 1717 enim
2168 1662 2221 1717 in
2248 1663 2435 1721 Gentis
2459 1668 2686 1737 gratiam
2716 1679 2876 1743 atque
2902 1674 3114 1732 laudem
3142 1677 3452 1741 Lactantius

1843 1753 1928 1808 his
1956 1752 2023 1810 in'
2040 1756 2296 1827 Epistolis
2326 1760 2393 1817 de
2420 1761 2588 1818 Gallis
2629 1767 2888 1835 praeclara
2940 1773 3185 1841 quaedam
3216 1777 3447 1846 profert,

113 1846 221 1889 nec
251 1842 438 1890 tamen
466 1836 752 1906 prolixitas
781 1841 957 1911 pariat
983 1841 1256 1899 fastidium
1280 1886 1296 1913 ,
1326 1846 1467 1901 sicut
1490 1862 1589 1902 nec
1616 1847 1736 1903 bre-
1765 1853 1814 1914 B
1844 1850 2141 1906 testantes.
2171 1852 2498 1925 Hieronymo
2526 1857 2776 1930 (Prowm.
2796 1836 3236 1935 Iib.ll,_inEpisf:
3249 1870 3317 1921 ad
3344 1836 3450 1925 σαί

113 1925 256 1981 vitas
286 1926 706 1986 obscuritatem.
751 1931 1011 1999 Quamvis
1042 1945 1226 1991 autem
1256 1937 1503 1993 eamdem
1532 1938 1605 1993 ibi
1637 1939 1730 1994 Di-

114 2018 365 2073 vinarum
409 2018 816 2079 lustitutionum
858 2023 1146 2082 tradiderit
1183 2027 1524 2099 doctrinam,
1567 2046 1728 2102 quam

120 2109 250 2164 alibi
281 2112 522 2181 passim,
553 2128 674 2169 eam
703 2115 1052 2173 nihilominus
1080 2118 1270 2176 iisdem
1297 2120 1479 2175 verbis
1501 2136 1606 2177 non
1635 2137 1731 2177 ex-

114 2203 300 2274 plicat.
346 2203 516 2261 Sicuti
557 2209 818 2264 nonuulla
850 2211 1200 2281 praetermisit
1228 2211 1466 2268 intacta:
1503 2216 1575 2269 ita
1608 2215 1728 2285 plu-

116 2296 246 2352 rima
266 2338 281 2364 ,
313 2298 562 2356 veritatis
603 2302 940 2373 explicandae
981 2320 1139 2361 causa
1162 2347 1177 2371 ,
1211 2306 1485 2363 interdum
1515 2308 1724 2380 adjicit.

116 2391 249 2448 llinc
278 2391 448 2452 facile
490 2395 559 2451 ad
600 2397 947 2454 scribendum
975 2442 989 2467 ,
1034 2399 1159 2456 hinc
1189 2403 1394 2457 varium
1437 2413 1729 2477 aptumque

116 2484 181 2539 ad
209 2486 390 2543 omnia
425 2489 646 2545 exhibet
674 2491 968 2562 ingenium.
1013 2492 1182 2564 Hujus
1225 2504 1405 2551 autem
1445 2496 1727 2567 Epitomes

120 2592 240 2648 pars
279 2584 519 2637 maxima
556 2584 669 2655 jam
700 2599 730 2639 a
764 2594 1007 2656 tempore
1034 2590 1205 2644 sancti
1234 2588 1547 2664 Hieronymi
1578 2591 1724 2649 desi-

118 2669 441 2743 derabatur;
470 2691 634 2748 quam
664 2686 846 2735 tamen
874 2680 1139 2752 integram
1167 2682 1280 2740 fere
1306 2700 1373 2740 ex
1400 2685 1588 2743 codice
1619 2703 1722 2744 ms.

122 2765 303 2839 Regize
330 2768 410 2824 Ta
423 2770 694 2828 urinensis
720 2772 1070 2830 Bibliothecae
1097 2776 1266 2832 edidit
1294 2778 1552 2845 Parisiis,
1581 2796 1728 2838 anno

123 2857 254 2913 i7l‘2
271 2900 285 2925 ,
317 2860 403 2915 vir
435 2860 786 2918 doctissimus
811 2864 1241 2937 ChristOphorus
1262 2868 1549 2926 Matthacus
1574 2871 1724 2927 Pfaf-

121 2949 246 3018 fius,
272 2952 646 3026 Tubingensis
676 2957 984 3014 Academia:
1006 2960 1388 3018 cancellarius.
1411 2962 1577 3033 Cujus
1602 2963 1726 3019 libri

123 3047 494 3118 apographum
522 3049 590 3104 ad
620 3065 741 3118 me,
784 3051 1115 3122 deprecante
1158 3052 1529 3110 eruditissimo
1567 3055 1723 3111 Joan.

123 3135 330 3195 Daniele
373 3140 717 3211 Schmpflino
737 3184 753 3210 ,
786 3142 1134 3200 historiarum
1165 3154 1220 3200 ct
1246 3146 1570 3215 eloquentia:
1601 3162 1724 3218 pro-

1836 1936 2017 2007 latas).
2052 1959 2071 1992 ι
2098 1941 2261 2009 Galli,
2289 1945 2459 2015 inquit
2483 1947 2799 2006 Lactantius
2818 1993 2833 2017 ,
2862 1968 2890 2006 a
2937 1956 3175 2013 candore
3199 1964 3447 2033 corporis

1834 2026 2040 2121 Galatae
2061 2045 2459 2105 nuncupantur,
2482 2048 2534 2094 et
2551 2038 2760 2113 Sibylla
2779 2044 2859 2099 sic
2884 2059 2981 2102 eos
3009 2050 3269 2119 appellat.
3290 2026 3445 2121 Quod

1833 2119 2137 2191 significare
2154 2126 2323 2182 voluit
2339 2138 2518 2200 poeta,
2535 2148 2656 2187 cum
2672 2134 2748 2189 ait
2763 2155 2777 2192 :
2798 2134 2924 2191 Tum
2940 2154 3149 2198 uersa
3164 2143 3301 2199 colla
3315 2119 3446 2203 auro

1830 2211 2177 2285 innectuntur,
2207 2234 2330 2275 cum
2373 2233 2561 2292 posset
2599 2226 2784 2284 dicere
2810 2245 3060 2289 canorus.
3098 2235 3234 2294 Hinc
3262 2239 3448 2311 utique

1831 2308 2037 2365 Galatia
2070 2315 2380 2383 provincia,
2415 2317 2466 2373 in
2508 2335 2670 2389 quam
2699 2321 2836 2379 Galli
2867 2326 3170 2398 aliquando
3215 2308 3445 2389 venien-

1831 2409 1947 2469 tes,
1988 2418 2111 2458 cum
2160 2404 2365 2462 Gra’cis
2406 2423 2466 2464 se
2510 2412 2882 2482 miscuerunt;
2911 2417 3055 2473 unde
3097 2421 3332 2490 primum
3379 2440 3443 2481 ea

1831 2495 1984 2565 regio
2024 2495 2458 2566 Gallo-Graecia;
2505 2514 2630 2572 post
2674 2504 2920 2574 Galatia,
2963 2512 3240 2570 nominata
3281 2526 3389 2572 est.
3417 2537 3437 2571 ι

1832 2584 1959 2640 Hzec
1986 2595 2165 2643 tamen
2184 2630 2199 2656 ,
2225 2606 2332 2646 non
2359 2591 2597 2649 diffiteor
2620 2596 2737 2664 ipse
2757 2639 2770 2662 ,
2803 2598 2973 2655 levior
2999 2611 3083 2657 est
3107 2606 3440 2675 conjectura;

1831 2692 2016 2734 verum
2046 2681 2115 2735 ah
2140 2681 2260 2737 aliis
2285 2685 2539 2754 certiora,
2570 2687 2902 2760 melioraque
2926 2703 3054 2748 sunt
3080 2700 3436 2766 expectanda.

1903 2771 2092 2829 XXIII.
2122 2773 2240 2829 Jam
2282 2775 2516 2833 diximus
2556 2778 2624 2834 de
2661 2782 2914 2838 omnibus
2952 2784 3214 2844 Lactantii
3254 2791 3440 2864 libris,

1832 2872 1943 2919 tum
1975 2866 2306 2935 extantibus,
2342 2878 2454 2925 tum
2484 2871 2808 2942 deperditis,
2840 2891 2975 2946 quos
3002 2893 3286 2939 enumerat
3317 2900 3444 2940 san-

1831 2968 1950 3016 ctus
1978 2960 2378 3034 Hieronymus;
2408 2966 2502 3020 sed
2530 2982 2717 3037 parum
2748 2969 2905 3025 nobis
2935 2987 3081 3029 cura:
3105 2987 3190 3031 est
3220 2977 3287 3034 de
3316 2994 3445 3049 pro-

1831 3054 2013 3111 missis
2061 3056 2350 3126 operibus,
2401 3073 2524 3129 quze
2567 3076 2832 3131 nusquam
2878 3064 3060 3121 forsan
3105 3070 3439 3140 extiterunt,

1829 3147 1990 3217 quale
2014 3148 2146 3203 illud
2175 3159 2259 3204 est
2296 3149 2564 3208 adversus
2586 3152 2805 3209 Judacos
2831 3155 3030 3227 (Lach,
3056 3158 3196 3216 Inst.
3223 3162 3314 3217 lib.
3346 3181 3438 3233 vn,

124 3226 316 3287 fessore
338 3231 564 3301 publico
589 3234 640 3289 iu
663 3234 1205 3306 Argentorateusium
1230 3237 1604 3305 universitate,
1628 3241 1728 3294 mi-
1754 3243 1800 3307 Ο
1831 3257 1879 3294 c.
1911 3242 2010 3313 1),
2038 3243 2193 3313 cujus
2222 3254 2466 3300 veterum
2498 3247 2679 3303 nullus
2709 3251 2977 3307 meminit.
3012 3253 3104 3309 Sic
3132 3257 3293 3312 etiam
3326 3260 3443 3330 pol-

126 3323 191 3378 sit
214 3324 460 3394 Pfaflius,
487 3338 653 3399 atque
679 3329 734 3384 in
761 3345 828 3385 eo
851 3334 1098 3402 quaedam
1127 3348 1233 3388 non
1259 3334 1441 3406 exigui
1468 3337 1728 3392 momenti

125 3414 419 3473 observavi.
447 3417 525 3475 Ne
546 3430 705 3491 putes
735 3430 916 3478 tamen
947 3425 1129 3479 statim
1158 3434 1284 3496 post
1309 3426 1485 3482 editas
1512 3427 1730 3484 Institu-

128 3508 293 3566 tiones
330 3509 626 3582 Epitomen
672 3512 844 3571 fuisse
893 3517 1249 3587 perscriptam
1293 3538 1308 3574 τ
1354 3519 1538 3589 plures
1583 3520 1727 3576 enirn

131 3601 288 3671 elapsi
312 3611 434 3659 sunt
458 3605 588 3660 anni
621 3620 759 3675 Opus
786 3608 928 3663 inter
960 3617 1273 3682 utrumque.
1311 3628 1331 3664 ι
1355 3610 1725 3683 Quamquam,

133 3693 207 3747 ait
240 3695 546 3755 Lactantius
598 3699 876 3773 (Epitome
920 3703 975 3758 in
1037 3704 1315 3777 prooemio)
1344 3746 1360 3772 ,
1412 3705 1727 3762 Divinarum

133 3782 518 3846 lnstitutionum
572 3791 731 3858 libri,
779 3808 919 3865 quos
965 3794 1288 3865 jampridem
1341 3795 1409 3852 ad
1456 3796 1732 3853 illustran-

131 3877 245 3934 dam
287 3883 565 3941 veritatem
606 3885 1032 3957 religionemque
1078 3888 1532 3959 conscripsimus,
1561 3898 1662 3946 etc.
1705 3910 1725 3944 ι

131 3971 580 4038 Quemadmodum
610 3976 727 4035 h'ec
751 3978 912 4035 verba
932 4020 947 4047 ,
972 3995 1110 4035 «non
1140 3979 1211 4035 ita
1237 3979 1466 4050 pridem,
1488 4000 1508 4034 ι
1529 3996 1732 4052 paucos

133 4078 314 4135 annos,
354 4068 431 4125 sic
470 4084 535 4126 ea
562 4087 582 4122 «
606 4070 963 4142 jampridem,
991 4090 1010 4125 ι
1032 4087 1150 4144 qua:
1191 4072 1499 4129 Lactantius
1538 4073 1728 4144 habet,

134 4156 333 4229 longius
358 4164 620 4233 temporis
647 4162 952 4234 signiﬁcant
978 4165 1341 4221 intervallum.
1374 4165 1573 4223 Libens
1601 4183 1732 4238 ergo

134 4251 434 4310 crediderim
460 4270 607 4311 anno
633 4254 741 4312 3&5
757 4266 852 4312 aut
870 4256 976 4313 326
998 4256 1197 4313 editam
1228 4258 1393 4314 fuisse
1420 4258 1726 4329 Epitomen.

200 4345 264 4400 At
291 4347 493 4405 interea
512 4391 528 4418 ,
557 4349 697 4405 forte
723 4365 866 4405 anno
895 4349 1001 4406 324
1020 4392 1035 4418 ,
1068 4350 1248 4421 plures
1276 4351 1411 4407 alios
1438 4366 1535 4423 per
1562 4352 1730 4408 otium

136 4435 287 4497 libros
320 4441 488 4498 edidit
532 4443 766 4515 scriptor
803 4442 1224 4512 disertissimus,
1269 4445 1416 4500 illum
1462 4446 1731 4517 praecipue

137 4532 219 4601 qui
255 4533 319 4589 de
367 4534 449 4590 Ira
503 4535 597 4590 Dei
647 4535 980 4602 inscribitur,
1022 4552 1183 4608 quem
1211 4537 1482 4593 editurum
1508 4553 1568 4593 se
1592 4552 1732 4609 prac-

1831 3332 2010 3390 licitus
2037 3335 2212 3392 fuerat
2239 3336 2629 3409 Disputationes
2651 3356 2830 3397 contra
2857 3360 3031 3401 omnes
3059 3349 3443 3408 mendaciorum

1830 3436 1994 3482 sectas
2015 3427 2212 3496 (Lact.,
2233 3429 2324 3485 lib.
2347 3446 2399 3485 tv
2426 3430 2603 3486 Diuin.
2622 3431 2823 3503 Instit.,
2842 3452 2961 3507 cap.
2984 3440 3185 3508 ultimo,
3204 3451 3252 3496 et
3269 3444 3330 3498 de
3346 3444 3443 3500 Ira

1832 3515 1954 3583 Dei,
1975 3536 2092 3590 cap.
2111 3520 2189 3592 2).
2206 3521 2360 3590 Quod
2386 3535 2673 3596 utrumque
2693 3541 2833 3583 onus
2854 3530 3024 3584 multo
3052 3534 3270 3602 gravius
3299 3545 3438 3606 erat,

1833 3625 1994 3681 quam
2018 3621 2075 3666 ut
2093 3612 2223 3668 illud
2246 3614 2475 3671 feliciter
2502 3618 2777 3673 sustinere
2805 3632 3197 3691 possetauctor
3224 3627 3443 3699 elegan-

1834 3703 2098 3767 tissimus.
2128 3715 2183 3761 at
2211 3708 2263 3761 in
2290 3706 2586 3777 Scripturis
2612 3711 2782 3763 sacris
2810 3726 2914 3767 neu
2939 3716 3068 3769 satis
3091 3720 3436 3789 exercitatus,

1834 3809 1937 3850 nec
1966 3794 2175 3866 integre
2202 3808 2451 3852 versatus
2481 3800 2536 3854 in
2562 3799 2822 3855 Ecclesia:
2863 3802 3128 3861 doctrina.
3170 3807 3283 3864 Nec
3324 3811 3444 3880 plus

1834 3901 2090 3942 curamus
2114 3902 2209 3942 eos
2237 3888 2449 3944 libellos
2470 3904 2604 3960 quos
2625 3893 2915 3963 suppositos
2937 3897 3295 3967 appellamus.
3325 3901 3442 3958 Me-

1835 3988 2052 4035 morant
2081 3979 2354 4037 doctiores
2393 3981 2612 4052 quidam
2646 3984 2838 4040 librum
2867 3986 2936 4042 de
2967 3989 3302 4059 Spectaculis
3345 3994 3442 4068 (in

1836 4072 2105 4129 Memoriis
2150 4074 2532 4143 Trevoltianis,
2581 4079 2650 4132 ad
2696 4095 2823 4134 ann.
2878 4082 3062 4150 1703,
3106 4102 3227 4157 pag.
3259 4088 3437 4157 i992;

1836 4163 2117 4222 Nouvelles
2137 4166 2201 4221 de
2222 4166 2274 4221 la
2292 4165 2612 4240 Républiquc
2631 4170 2720 4225 des
2740 4168 2959 4240 Lettres,
2981 4191 3104 4230 ann.
3128 4177 3291 4246 i705,
3311 4190 3440 4241 tam.

1835 4275 1902 4326 tt,
1932 4277 2053 4332 pag.
2080 4260 2206 4327 M7;
2231 4259 2437 4317 Buddei
2457 4260 2688 4318 Lexicon
2716 4264 3022 4335 universale,
3050 4283 3170 4324 voce
3192 4270 3442 4329 Lacun-

1834 4353 2011 4427 rtus),
2040 4370 2200 4426 quem
2223 4355 2413 4412 dicunt
2436 4356 2537 4413 sub
2564 4358 2783 4414 nomine
2804 4359 3066 4416 Lactantii
3091 4378 3157 4419 ex
3186 4380 3291 4420 ms.
3318 4366 3442 4423 edi-

1835 4459 1948 4506 tum
1993 4464 2116 4505 esse
2164 4449 2405 4507 Venetiis
2428 4492 2445 4518 ,
2488 4467 2633 4507 anno
2665 4452 2827 4508 1705.
2860 4453 3033 4524 Hujus
3061 4458 3273 4527 copiam
3305 4460 3442 4517 mihi

1833 4542 2016 4598 facere
2038 4583 2055 4610 ,
2084 4542 2193 4597 imo
2223 4557 2323 4599 nec
2353 4553 2557 4599 certam
2589 4544 2788 4602 habere
2815 4549 3057 4602 notitiam
3102 4551 3246 4618 potui
3277 4567 3342 4606 ex
3374 4553 3442 4608 il-

138 4636 403 4682 mouuerat
429 4626 703 4700 (Diuinar.
733 4627 915 4684 Instit.
942 4629 1033 4683 lib.
1061 4644 1130 4698 ιι,
1157 4644 1277 4700 cap.
1300 4629 1425 4702 i7):
1455 4629 1728 4702 «Sepona-
1754 4641 1809 4704 1)
1831 4636 2282 4694 lustrissimorum
2312 4639 2552 4694 virorum
2574 4679 2589 4705 ,
2622 4649 2783 4709 atque
2812 4640 2974 4695 etiam
3015 4641 3435 4713 bibliopolarum

140 4722 238 4783 tur,
263 4718 458 4790 inquit,
491 4721 646 4779 locus
674 4720 741 4778 de
760 4722 843 4778 Ira
868 4721 994 4789 Dei,
1018 4721 1161 4793 quod
1188 4731 1241 4778 et
1266 4722 1485 4779 uberior
1505 4732 1589 4780 est
1613 4738 1725 4780 ma-

139 4812 261 4867 teria
279 4855 294 4880 ,
324 4824 377 4872 et
403 4831 571 4887 opere
601 4816 821 4888 prOprio
850 4816 1012 4872 latius
1040 4818 1374 4888 exequenda.
1395 4836 1414 4870 ι
1452 4817 1566 4874 Hoc
1595 4833 1724 4875 vero

140 4915 311 4964 contra
352 4908 648 4979 Epicureos
692 4910 916 4981 probat,
962 4910 1128 4966 Deum
1164 4926 1375 4967 summe
1406 4911 1612 4982 justum
1654 4912 1725 4967 ob

142 4997 321 5053 malam
351 5001 625 5059 hominum
660 5013 897 5060 mentem
918 5045 933 5072 ,
965 5013 1380 5077 perpetrataque
1402 5006 1471 5062 ab
1499 5005 1564 5061 iis
1593 5005 1726 5063 deli-

143 5096 217 5142 cta
235 5131 252 5156 ,
287 5091 562 5163 imponere
591 5111 782 5168 paruas
809 5097 1084 5164 sontibus,
1116 5098 1256 5153 sicut
1285 5098 1423 5155 bene
1452 5109 1724 5156 merentes

145 5184 408 5249 promissis
447 5187 613 5245 donat
652 5191 992 5247 muneribus.
1032 5189 1188 5247 Hunc
1225 5190 1420 5248 librum
1458 5207 1565 5249 non
1609 5193 1729 5264 pul-

146 5272 456 5337 cherrimum
481 5282 677 5349 modo,
707 5283 805 5340 sed
834 5293 890 5338 et
929 5283 1089 5340 docto
1127 5283 1331 5356 pariter
1363 5293 1419 5341 et
1454 5285 1730 5358 eloquenti

147 5380 378 5429 sermone
404 5376 767 5447 conscriptum
785 5417 802 5445 ,
830 5385 980 5433 recte
1007 5376 1065 5433 S.
1087 5375 1453 5448 Hieronymus
1481 5377 1645 5434 habet
1672 5385 1732 5434 ut

149 5455 418 5529 Epitomen
446 5467 795 5542 Dialogorum
824 5469 1128 5526 Ciceronis.
1163 5470 1267 5540 Qui
1299 5471 1503 5526 utinam
1533 5470 1732 5528 eximie

150 5559 198 5604 et
222 5553 482 5626 eleganter
506 5562 559 5616 in
584 5561 846 5619 Gallicam
874 5561 1324 5633 linguam-versus
1349 5576 1380 5615 a
1402 5560 1612 5619 Joanne
1638 5562 1729 5619 Fr.

150 5642 316 5703 Dreux
340 5649 410 5706 du
425 5652 640 5725 Radier,
660 5656 805 5728 regis
834 5673 864 5712 a
892 5657 1169 5725 consiliis,
1203 5657 1258 5713 in
1290 5664 1464 5713 tractu
1494 5656 1734 5730 Tbyma-

152 5740 285 5794 rcnsi
315 5754 539 5812 praetore
564 5748 823 5820 speciali,
854 5764 984 5807 mox
1011 5749 1240 5822 prodeat
1269 5750 1325 5807 in
1350 5748 1528 5809 lucem
1549 5792 1567 5824 ,
1598 5751 1740 5809 sicut

150 5834 203 5886 et
228 5826 337 5902 ipse
362 5849 514 5907 spem
542 5840 696 5895 nobis
727 5839 878 5898 fecit.

576 5934 855 5999 Panos.
902 5937 1011 6003 Vl.

1826 4729 2023 4785 litteris
2048 4730 2302 4786 Venetias
2326 4730 2529 4787 missis.
2563 4728 2716 4787 Unde
2741 4731 2936 4786 merito
2967 4731 3107 4789 hanc
3134 4733 3432 4793 editionem

1827 4821 2062 4879 fabulam
2109 4836 2231 4879 esse
2258 4831 2540 4894 putamus,
2569 4838 2691 4878 cum
2724 4822 2843 4878 viro
2871 4824 3178 4883 clarissimo
3207 4828 3295 4885 Jo.
3327 4830 3436 4887 Lu-

1825 4914 2029 4988 dolpho
2084 4913 2436 4970 Bunemanno
2494 4914 2548 4969 in
2602 4912 2961 4972 Miscellaueis
3013 4918 3431 4992 Lipsiensibus,

1826 5017 1972 5065 tomo
1997 5025 2090 5075 ιιι,
2124 5022 2247 5080 pag.
2282 5007 2406 5065 156.

1896 5099 2016 5157 Jam
2047 5115 2189 5155 anno
2244 5097 2389 5156 1570
2420 5108 2704 5157 monuerat
2744 5100 2973 5158 Michael
3012 5101 3337 5164 Thomasius
3378 5110 3431 5164 in

1830 5191 2208 5263 Antuerpieusi
2228 5207 2325 5248 sua
2351 5190 2610 5260 editione,
2628 5208 2848 5250 carmen
2873 5194 2939 5249 dc
2957 5195 3162 5253 Pascha
3183 5213 3289 5254 non
3314 5215 3436 5257 esse

1831 5284 2130 5350 Lactantii,
2163 5284 2260 5340 sed
2290 5284 2539 5341 Venanlii
2571 5284 2795 5341 Honorii
2834 5284 3195 5344 Clementiani
3238 5291 3436 5346 Fortu-

1834 5378 1945 5434 nati
1969 5418 1984 5444 ,
2013 5375 2308 5448 presbyteri
2339 5377 2510 5432 Italici
2537 5394 2588 5433 v1
2614 5378 2820 5444 seculo,
2855 5388 3091 5435 testante
3117 5395 3218 5435 ms.
3248 5380 3439 5438 codice

1835 5470 2184 5529 Bibliotheca:
2209 5469 2502 5538 Vaticana,
2534 5471 2586 5526 in
2606 5487 2712 5542 quo
2731 5472 2985 5542 leguntur
3002 5480 3249 5543 poemata
3277 5474 3440 5544 hujus

1836 5562 2090 5622 Venantii
2117 5561 2435 5630 Fortunati,
2463 5563 2553 5634 qui
2582 5572 2766 5633 postea
2796 5561 2895 5618 fuit
2932 5564 3286 5620 Pictaviensis
3325 5568 3439 5637 epi-

1839 5674 2055 5731 scopus.
2071 5655 2177 5712 Alii
2194 5670 2382 5712 versus
2407 5654 2474 5711 de
2500 5654 2759 5711 Passione
2784 5655 2996 5710 Domini
3024 5657 3260 5725 ignotum
3290 5673 3446 5727 pror-

1839 5766 1936 5810 sus
1964 5750 2164 5807 habent
2187 5757 2466 5805 auctorem
2489 5788 2507 5815 ,
2538 5757 2594 5803 at
2620 5762 2728 5803 non
2754 5746 3112 5802 Lactantium.
3141 5744 3271 5804 Haec
3303 5750 3445 5807 nihi.

1842 5842 2077 5902 lominus
2106 5842 2346 5899 carmina
2377 5838 2644 5899 edidimus
2669 5882 2684 5911 ,
2727 5855 2797 5897 ne
2834 5838 2976 5895 forte
3004 5850 3302 5910 querantur
3330 5861 3447 5904 mo-

2813 5930 2854 5994 3
