3838 6278
419 283 488 340 75
1780 284 2147 346 LACTANTII
2188 284 2371 348 VITA.
3658 290 3728 346 7G

416 397 526 452 rosi
573 395 792 470 quidam
843 396 1096 463 lectores,
1150 404 1448 469 patentque
1506 404 1748 454 truncam
1792 411 1920 455 esse
1957 415 2020 456 ac
2046 408 2101 468 Α
2129 400 2256 454 nino
2283 398 2476 472 sapiat.
2509 395 2686 470 Habet
2714 405 2896 460 tamen
2924 399 3092 458 verba
3115 399 3362 474 quaedam
3406 403 3725 474 peregrina,

420 490 789 564 imperfectam
822 499 1058 548 nostram
1088 488 1403 547 editionem.

493 584 748 656 Quamvis
794 594 971 640 autem
1018 583 1354 656 antiquiores
1406 585 1745 648 Lactantiani
1794 587 2014 646 codices

420 693 532 734 uno
572 685 835 734 contextu
864 675 1049 748 scripti
1097 678 1207 740 sint
1231 677 1350 734 sine
1381 678 1491 732 ulla
1532 694 1633 734 nec
1671 680 2011 749 seetionum,

419 785 521 826 nec
546 770 804 840 capitum,
838 768 933 824 sed
964 769 1307 826 solummodo
1329 769 1592 828 librorum
1625 771 1972 828 distinctione
1998 789 2011 826 :

420 869 695 934 receptam
751 870 930 918 tamen
970 862 1313 918 adhibuimus
1340 863 1394 918 in
1424 864 1601 934 capita
1655 863 2012 930 divisionem,

421 957 734 1020 summariis
754 955 976 1023 additis,
998 964 1056 1011 ut
1076 965 1266 1014 cuncta
1285 956 1590 1028 legentibus
1609 958 1840 1016 clariora
1858 957 2008 1014 ﬁant.

425 1049 591 1116 Medii
619 1049 719 1105 aevi
747 1047 1103 1118 exemplaria,
1136 1048 1296 1120 quale
1324 1048 1455 1104 illud
1488 1058 1572 1110 est
1601 1049 2016 1108 eminentissimi

425 1143 717 1201 cardinalis
743 1142 811 1198 de
843 1141 1035 1200 Rohan
1058 1183 1072 1210 ,
1104 1143 1379 1198 sectiones
1406 1143 1605 1200 multas
1629 1142 1861 1208 habent;
1893 1145 2014 1198 nul-

419 1237 501 1294 las
526 1235 770 1308 reperire
813 1245 896 1292 est
926 1235 981 1290 in
1011 1234 1396 1290 vetuStissimis
1424 1234 1606 1306 Regiis
1653 1245 1707 1289 et
1757 1235 2015 1296 Cameraa

413 1329 596 1398 censi,
625 1343 727 1386 nec
749 1332 913 1391 etiam
939 1327 994 1388 in
1017 1327 1470 1398 Sangermanensi
1497 1344 1512 1394 ;
1536 1337 1590 1382 at
1610 1326 1781 1383 codex
1804 1335 2014 1398 patrum

411 1423 812 1493 Capucinorum
846 1421 937 1494 qui
970 1422 1244 1479 recentior
1291 1429 1408 1489 est,
1463 1421 1696 1492 vulgatis
1745 1421 2016 1493 capitibus

412 1515 782 1588 distinguitur.

485 1611 640 1666 Dictu
669 1609 862 1670 inutile
893 1611 1078 1679 putavi
1104 1606 1172 1670 de
1200 1607 1342 1679 stylo
1365 1606 1636 1666 Lactantii
1667 1606 1877 1678 longius
1903 1606 2016 1663 dis-

409 1720 616 1774 serere.
652 1704 747 1760 Sat
770 1713 854 1762 est
882 1705 1202 1764 observasse
1243 1719 1365 1762 cum
1412 1703 1470 1760 S.
1505 1702 1832 1775 Hieronymo
1859 1702 2013 1760 aliis-

2121 492 2217 548 sed
2248 507 2310 548 ea
2338 492 2423 550 vel
2451 501 2576 550 sunt
2601 492 2744 548 illius
2769 493 2956 550 saeculi
2983 509 3091 566 quo
3120 493 3252 552 vixit
3270 494 3604 570 Lactantius,
3638 499 3726 554 vel

2120 582 2388 638 Africanas
2411 591 2572 639 terrae
2602 583 2779 638 solum
2810 584 3079 640 redolent.
3105 583 3195 641 Sic
3223 585 3618 653 Tertulliauus,
3649 587 3727 642 sic

2121 675 2216 733 SS.
2247 675 2551 749 Cyprianus
2575 718 2589 741 ,
2620 675 2958 748 Augustinus
2984 685 3040 734 et
3073 676 3391 750 Fulgentius
3412 718 3427 746 ,
3465 692 3621 749 aeque
3665 692 3727 732 ac

2119 768 2435 825 Lactantius
2465 769 2726 838 Africani,
2764 769 2942 825 verbis
2965 769 3289 840 quibusdam
3322 777 3547 826 utuntur
3574 770 3723 834 ipso-

2124 860 2229 917 litis
2248 872 2301 918 et
2321 861 2588 916 barbaris.
2615 862 2689 918 Ea
2713 877 2876 932 porro
2900 863 2954 920 in
2976 878 3160 918 rerum
3189 861 3370 918 indice
3395 861 3614 917 diverso
3634 903 3649 928 ,
3677 861 3728 918 id

2122 961 2239 1020 est,
2272 952 2459 1008 Italico
2484 953 2803 1012 charactere
2834 954 2919 1008 edi
2948 954 3279 1012 curavimus.

2198 1050 2250 1104 In
2287 1049 2385 1104 hac
2417 1065 2550 1102 vero
2593 1048 2868 1120 editione,
2899 1063 3020 1120 quae
3053 1055 3261 1104 textum
3309 1045 3729 1116 Lactantianum

2122 1143 2236 1195 sine
2264 1141 2654 1214 typographico
2676 1155 2864 1196 errore
2888 1149 3270 1212 repraesentat,
3291 1138 3571 1196 noluimus
3595 1155 3728 1194 auc-

2122 1237 2256 1291 toris
2288 1236 2447 1306 hujus
2477 1235 2656 1290 verbis
2686 1234 2990 1290 admiscere
3026 1236 3233 1292 litteras
3259 1243 3352 1292 aut
3381 1235 3534 1304 signa
3559 1274 3574 1299 ,
3607 1249 3728 1304 quae

2122 1338 2277 1383 notas
2308 1327 2645 1394 indicarent,
2678 1343 2744 1382 ne
2772 1343 2951 1384 rerum
2981 1327 3153 1382 series
3182 1326 3559 1398 perturbetur,
3593 1341 3729 1381 neve

2122 1421 2440 1477 immutetur
2479 1422 2743 1478 orationis
2771 1421 2943 1489 ordo;
2977 1436 3044 1478 ne
3071 1420 3290 1477 tandem
3325 1421 3726 1491 frequentiores

2119 1518 2320 1574 notulie
2352 1517 2522 1572 textui
2569 1516 2844 1588 permistis
2868 1558 2884 1585 ,
2913 1523 3184 1571 attentum
3229 1514 3449 1572 lectoris
3479 1515 3725 1572 animum
3809 1573 3811 1590 ε

2118 1611 2430 1681 retardent,
2460 1610 2673 1684 alioque
2699 1619 2969 1670 avertant.
3005 1608 3149 1666 Satis
3175 1623 3296 1664 esse
3325 1607 3585 1670 duximus
3623 1605 3726 1662 ini-

2118 1705 2194 1760 tio
2222 1704 2486 1776 cujusque
2528 1705 2896 1766 annotationis
2939 1717 3214 1781 apponere
3265 1717 3429 1758 voces
3471 1716 3596 1772 quae
3643 1699 3720 1754 fo-

411 1816 517 1871 que
565 1800 698 1862 viris
759 1797 1116 1863 doctissimis,
1169 1797 1489 1868 scriptorem
1546 1796 1690 1856 hunc
1764 1796 2013 1856 disertis-
2043 1811 2092 1878 Β
2119 1805 2242 1853 rent
2271 1798 2323 1858 in
2359 1797 2590 1870 gratiam
2620 1797 2800 1856 minus
2837 1796 3034 1854 eruditi
3061 1795 3278 1856 lectoris
3302 1792 3516 1866 planius
3549 1792 3722 1864 expli-

416 1897 614 1958 simum
644 1894 924 1956 Ciceronis
962 1893 1320 1964 eloquentiam
1349 1893 1573 1951 referre.
1602 1880 1874 1964 Nusquam
1897 1892 2015 1963 ejus

417 2000 634 2063 turget,
681 2003 808 2046 raro
854 1988 1087 2060 assurgit
1132 1987 1464 2053 oratio;sed
1490 2002 1608 2044 cum
1637 1986 1856 2044 lenitate
1884 2001 2016 2056 qua-

414 2084 540 2142 dam
583 2081 921 2154 aequabiliter
961 2081 1213 2153 proﬂuit,
1248 2096 1354 2140 non
1386 2091 1564 2136 tamen
1606 2081 1723 2136 sine
1749 2078 1930 2136 nervis
1959 2087 2015 2135 et

421 2175 630 2238 viribus
662 2193 675 2230 :
714 2185 819 2232 tam
849 2183 933 2236 est
958 2182 1240 2241 accurata,
1291 2182 1398 2232 tam
1429 2175 1615 2238 fortis,
1656 2182 1714 2228 ut
1759 2173 1902 2229 nulla
1944 2172 2016 2230 sit

408 2271 586 2342 aptior
607 2269 674 2326 ad
699 2268 1152 2339 persuadendum,
1173 2268 1269 2324 sed
1289 2268 1404 2326 sine
1422 2267 1662 2338 judiciali
1697 2267 2008 2338 asperitate,

416 2372 474 2420 et
501 2363 621 2418 sine
647 2363 1042 2421 sententiarum
1072 2360 1368 2416 forensium
1393 2361 1615 2416 aculeis.
1654 2360 1794 2414 Puro
1832 2359 2014 2416 studet

408 2455 650 2526 eloquio,
682 2456 966 2525 perspicuo
996 2464 1157 2523 atque
1183 2453 1449 2523 eleganti;
1483 2451 1834 2522 sequiturque
1875 2453 2014 2510 hanc

407 2546 692 2610 Ciceronis
714 2547 882 2618 ipsius
921 2560 1188 2608 normam,
1223 2564 1240 2596 ι
1275 2544 1610 2603 Pacatiorem
1666 2543 2016 2614 philosopho-

408 2655 529 2700 rum
563 2641 833 2698 rationem
877 2653 997 2696 esse
1018 2681 1032 2710 ,
1093 2649 1368 2696 oratorum
1397 2653 1524 2694 vero
1557 2638 1948 2710 pugnatiorem.
1988 2658 2008 2692 ι

408 2731 470 2796 In
519 2748 714 2790 vocum
754 2731 1108 2803 dispositione
1155 2740 1354 2787 tantam
1385 2739 1624 2787 sectatur
1650 2733 1967 2792 suavitatem
1996 2773 2012 2800 ,

409 2835 469 2882 ut
509 2825 674 2882 etiam
719 2825 862 2895 apud
909 2824 1125 2895 eloquio
1154 2831 1403 2894 potentes
1444 2822 1636 2881 Cicero
1682 2825 2011 2884 christianus

409 2917 602 2980 audire
629 2928 925 2987 mereatur,
957 2927 1015 2976 et
1039 2919 1271 2976 Romani
1313 2917 1558 2976 Oratoris
1588 2919 1863 2990 ingenium
1891 2935 2008 2978 om-

2118 1889 2329 1948 candus.

2191 1984 2318 2040 Haec
2337 1983 2407 2042 de
2434 1994 2616 2042 nostra
2640 1985 2876 2041 sufﬁciat
2897 1985 3220 2044 observasse
3248 1981 3505 2050 editione,
3533 1981 3590 2039 in
3620 1997 3719 2054 qua

2117 2080 2432 2139 excutienda
2464 2082 2639 2138 vicem
2670 2097 2825 2138 suam
2857 2081 3048 2153 implet
3073 2079 3314 2136 Joannes
3342 2077 3411 2133 de
3441 2076 3610 2143 Bure,
3639 2075 3718 2132 bi-

2117 2175 2384 2246 bli0pola,
2436 2183 2493 2230 ut
2537 2175 2711 2234 doctis
2757 2173 3099 2246 emptoribus
3140 2170 3236 2236 ﬁat
3280 2171 3445 2238 satis,
3499 2179 3614 2225 tam
3665 2168 3718 2225 in

2117 2271 2303 2326 charta
2333 2270 2602 2341 eligenda,
2634 2286 2797 2342 quam
2841 2268 3192 2326 nitidioribus
3239 2264 3567 2324 adhibendis
3596 2263 3719 2322 cha-

2118 2361 2439 2424 racteribus.
3809 2361 3811 2434 Ι

2187 2456 2456 2514 Caeterum
2476 2458 2523 2516 si
2544 2457 2675 2528 quid
2704 2457 2843 2516 forte
2873 2457 2924 2512 in
2955 2457 3096 2512 notis
3126 2455 3328 2511 dictum
3361 2453 3524 2510 fuerit
3554 2468 3588 2510 a
3619 2469 3716 2510 no-

2118 2551 2201 2612 bis
2227 2550 2497 2610 adversus
2537 2560 2741 2610 sanctae
2763 2593 2777 2618 ,
2810 2549 3094 2606 catholica:
3118 2589 3132 2615 ,
3163 2547 3477 2621 apostolicae
3508 2555 3566 2602 et
3607 2546 3717 2604 Ro-
3810 2605 3811 2616 χ

2120 2660 2294 2700 manas.
2339 2645 2597 2708 Ecclesia:
2625 2647 2794 2714 scita,
2845 2646 3002 2713 cujus
3027 2642 3237 2716 judicio
3281 2643 3396 2700 base
3427 2649 3722 2712 nostraque
3809 2642 3811 2716 ξ

2119 2740 2298 2800 omnia
2329 2740 2568 2811 subjecta
2615 2749 2812 2806 sunto,
2847 2739 2982 2796 illud
3030 2738 3294 2796 indictum
3340 2737 3566 2794 omnino
3599 2749 3721 2794 esse

2118 2835 2397 2903 volumus,
2432 2835 2606 2906 parati
2633 2834 2958 2903 emendare,
2997 2833 3088 2892 ubi
3119 2847 3258 2904 opus
3286 2831 3411 2888 erit.

449 3073 3715 3106 Mm

1311 3193 2272 3322 LACTANTII
2368 3199 2822 3332 VITA.

409 3553 417 3580 ς
486 3542 684 3601 Lucius
704 3540 901 3602 Caelius
926 3537 1013 3594 vel
1037 3535 1287 3594 Caecilius
1317 3538 1618 3598 FIRHIANIIS
1641 3541 2022 3617 LACTANTIUS,
2056 3549 2078 3611 (

2161 3550 2370 3624 natique
2397 3550 2464 3606 ad
2494 3551 2606 3606 veri
2640 3551 2734 3607 Dei
2764 3551 2966 3608 cultum
2989 3596 3004 3622 ,
3030 3554 3299 3626 justitiam
3329 3557 3716 3615 disceremus.»

351 3687 362 3700 ,
417 3651 526 3697 non
561 3639 613 3692 in
644 3635 829 3701 Italia,
860 3632 958 3690 sed
988 3632 1042 3686 in
1072 3630 1251 3687 Africa
1278 3635 1458 3704 potius
1489 3645 1646 3692 natus
1693 3653 1817 3694 esse
1863 3649 2015 3696 recte

413 3728 676 3788 creditur.
712 3725 789 3782 Ibi
844 3725 987 3782 enim
1019 3725 1180 3781 etiam
1211 3725 1649 3790 adolescentulus
1681 3742 2019 3804 prmceptore

415 3837 545 3878 usus
572 3831 655 3876 est
685 3818 941 3874 Arnobio.
974 3816 1085 3873 Nec
1109 3832 1224 3873 mos
1248 3817 1348 3873 fuit
1376 3836 1626 3891 umquam
1651 3823 2019 3884 Romanorum

416 3924 509 3970 aut
555 3911 813 3968 Italorum
865 3909 1102 3966 Africam
1155 3920 1378 3980 petere,
1413 3920 1472 3966 ut
1499 3899 1873 3985 eloquentiam
1927 3925 2022 3972 aut

416 4005 670 4062 scientias
719 4003 1117 4070 edocerentur;
1153 4003 1262 4059 imo
1297 4005 1408 4060 Afri
1441 4005 1494 4060 in
1524 4007 1729 4066 Italiam
1777 4010 2020 4084 discipli-

420 4113 608 4154 narum
658 4103 750 4151 aut
800 4097 996 4152 artium
1025 4095 1410 4152 discendarum
1463 4114 1593 4169 ergo
1638 4100 2023 4174 immigrabant

417 4187 737 4260 saepissime.
772 4185 925 4241 Tunc
956 4195 1138 4242 autem
1168 4188 1340 4243 Sicca:
1370 4186 1453 4260 (l)
1485 4190 1816 4248 rhetoricam
1862 4194 2024 4256 doce-

423 4281 513 4334 bat
542 4277 818 4333 Arnobius
839 4318 854 4345 ,
904 4293 1064 4347 quem
1098 4293 1204 4332 non
1252 4280 1485 4350 aequavit
1514 4283 1704 4348 modo,
1738 4287 1831 4340 sed
1862 4288 2023 4344 etiam

424 4372 553 4426 vicit
595 4369 810 4425 dicendi
852 4369 1125 4426 suavitate
1157 4369 1467 4427 Lactantius
1490 4416 1504 4438 ,
1537 4376 1609 4428 ita
1640 4379 1946 4436 nominatus
1991 4397 2020 4436 a

364 4478 382 4491 '
424 4467 594 4522 lactea
619 4507 634 4532 ,
678 4474 738 4519 ut
765 4463 954 4531 aiunt,
989 4462 1319 4535 eloquentia.
1355 4465 1509 4520 Circa
1535 4481 1734 4522 annum
1761 4469 1866 4527 290
1887 4515 1900 4538 ,
1931 4473 2024 4528 Ni-

423 4557 727 4614 comediam
778 4557 986 4616 accitus
1031 4564 1116 4609 est
1164 4555 1265 4610 sub
1317 4556 1689 4628 Diocletiano,
1721 4571 1778 4617 ut
1822 4564 2026 4632 litteras

427 4651 693 4714 oratorias
715 4649 962 4703 doceret.
990 4647 1246 4703 Testatur
1271 4649 1454 4722 itaque
1497 4653 1642 4710 hunc
1668 4657 1725 4713 S.
1758 4659 2029 4736 Hierony-

430 4758 550 4797 mus
572 4742 658 4812 (de
679 4741 854 4811 Scrip.
877 4740 1083 4812 eccles.)
1106 4740 1161 4795 '0
1181 4741 1549 4821 δοιπορικὸν,ἰ(1
1565 4758 1668 4816 est,
1685 4751 2028 4814 Itinerarium

431 4850 587 4892 suum
615 4850 680 4888 ex
712 4833 895 4888 Africa
921 4833 1289 4891 Nicomediam
1322 4855 1491 4911 usque
1523 4841 1853 4908 hexametris
1905 4865 2030 4905 ver-

434 4930 583 4985 sibus
612 4926 991 4997 descripsisse.
1041 4929 1195 4983 lllum
1244 4931 1474 4990 ethnicis
1519 4939 1833 5008 parentibus
1862 4940 2030 5000 fuisse

438 5029 798 5090 prognatum,
828 5026 989 5088 atque
1039 5036 1224 5076 eorum
1269 5040 1484 5083 errores
1533 5044 1655 5084 cum
1688 5031 1825 5088 lacte
1872 5033 2033 5088 simul

443 5111 692 5167 hausisse
743 5110 1018 5182 colligitur
1064 5128 1132 5169 ex
1187 5131 1253 5171 eo
1278 5159 1292 5184 ,
1343 5121 1486 5192 quod
1517 5121 1585 5178 de
1613 5139 1672 5177 se
1706 5125 1820 5194 ipse
1848 5125 2030 5192 dicat,

442 5204 726 5276 Epitomes
754 5205 928 5274 capite
952 5204 1042 5274 48,
1074 5209 1234 5278 paulo
1259 5223 1387 5267 ante
1411 5212 1570 5272 linem
1599 5234 1610 5270 :
1644 5234 1663 5267 ‹
1690 5215 1802 5271 Nos
1831 5219 1918 5288 qui
1943 5233 2038 5274 su-

441 5312 564 5359 mus
606 5312 672 5352 ex
703 5295 1000 5364 Gentibus;
1042 5319 1061 5353 ι
1096 5312 1151 5357 et
1200 5303 1352 5366 initio
1381 5306 1577 5376 capitis
1621 5306 1657 5374 2
1684 5307 1751 5362 de
1781 5309 1860 5363 lra
1893 5311 1987 5367 Dei
2020 5329 2034 5367 :

450 5408 467 5443 ι
509 5388 744 5450 Liberali
777 5391 844 5445 ab
889 5406 1075 5456 errore
1109 5411 1215 5467 quo
1244 5397 1502 5468 implicati
1551 5401 1886 5472 tenebamur,
1923 5405 2034 5461 for-

522 5564 802 5654 (l)lSigca,
836 5569 960 5654 urbs
988 5569 1212 5654 Alricze.
1233 5577 1467 5654 propriae
1489 5595 1520 5654 ;_
1558 5591 1882 5654 vocaturque
1933 5586 2034 5642 ali-

448 5637 661 5714 quando
688 5637 1104 5714 Sicca_Veneria,
1133 5646 1213 5700 vel
1233 5637 1399 5702 "Sicca
1427 5637 1660 5705 Colonia.
1687 5637 2037 5714 Sicca—imitus

449 5711 718 5788 ερὶεεορασ
759 5711 950 5788 legitur
975 5716 1128 5788 apud
1155 5717 1420 5788 Victorem
1454 5721 1727 5782 Vitensem
1771 5728 1822 5784 in
1867 5711 2034 5788 histo;

452 5781 528 5840 ria
555 5781 952 5846 Persecm‘iouis
987 5781 1308 5850 Vandalicas.

2120 3641 2209 3698 Sic
2231 3653 2284 3704 et
2310 3643 2448 3704 libro
2476 3659 2584 3712 vn,
2616 3645 2792 3716 capite
2824 3647 3016 3701 ultimo
3039 3649 3115 3702 ait
3146 3667 3158 3702 :
3197 3668 3215 3700 ι
3253 3649 3495 3720 AbjeCtis
3525 3652 3725 3712 errori-

2122 3733 2254 3794 bus.
2288 3737 2484 3808 quibus
2511 3747 2668 3792 antea
2723 3739 3063 3806 tenebamur,
3109 3741 3176 3804 ad
3223 3750 3426 3808 aeterna
3489 3742 3728 3801 caelestis

2125 3826 2363 3882 thesauri
2393 3831 2612 3899 praemia
2643 3830 2960 3902 dirigamur.
3001 3853 3018 3884 ι

2124 3931 2150 3990 ξς
2196 3920 2315 3990 Quo
2341 3937 2468 3977 vero
2498 3933 2742 3994 tempore
2771 3924 2837 3980 ad
2868 3924 3220 3990 Christianam
3267 3927 3587 3998 religionem
3635 3943 3723 3985 ac-

2126 4015 2390 4080 cesserit,
2421 4023 2574 4072 certo
2609 4032 2718 4070 non
2749 4026 2964 4073 constat
2990 4035 3003 4084 ;
3041 4019 3176 4074 forte
3210 4002 3389 4076 tamen
3418 4037 3561 4077 anno
3593 4022 3720 4088 295,
3743 4043 3756 4050 ι

2127 4115 2184 4160 ut
2208 4108 2318 4176 jam
2340 4106 2594 4172 diximus.
2627 4107 2988 4176 Nihilominus
3021 4119 3104 4166 sat
3133 4112 3286 4169 nobis
3330 4121 3414 4170 est
3444 4129 3725 4177 asserere,
3810 4101 3811 4156 ἒ

2129 4200 2276 4254 illum
2326 4212 2451 4257 ante
2482 4203 2772 4271 incoeptam
2804 4203 2904 4262 sub
2931 4203 3305 4274 Diocletiano,
3354 4221 3498 4260 anno
3525 4207 3731 4266 scilicet

2128 4293 2253 4360 505,
2289 4293 2718 4362 persecutionem
2747 4294 2970 4350 coelestc
3005 4294 3181 4364 lumen
3214 4296 3481 4367 attigisse.
3514 4296 3572 4352 ld
3605 4297 3718 4354 col—

2129 4386 2311 4457 ligitur
2337 4402 2403 4442 ex
2436 4387 2540 4442 hoc
2573 4388 2887 4444 Divinarum
2921 4388 3326 4445 Institutionum
3358 4393 3478 4448 loco
3507 4390 3642 4464 (lib.
3676 4407 3727 4458 v,

2130 4495 2245 4548 cap.
2272 4481 2305 4535 4
2327 4519 2342 4546 ,
2373 4480 2566 4552 initia.)
2601 4497 2613 4533 :
2651 4500 2669 4532 ‹
2701 4480 2834 4536 Cum
2868 4493 3139 4554 praesente
3166 4500 3274 4550 me,
3308 4485 3504 4556 inquit,
3533 4500 3599 4540 ac
3631 4483 3726 4539 do-

2131 4571 2305 4636 lente,
2360 4573 2649 4646 sacrilegas
2679 4574 2887 4630 litteras
2933 4591 3060 4630 suas
3100 4578 3504 4648 explicasseut,
3545 4596 3564 4630 ι
3625 4578 3727 4634 duo

2132 4661 2436 4734 pliilOSOphi
2465 4665 2712 4720 acerrimi
2743 4665 3161 4724 Christianorum
3186 4668 3510 4724 adversarii.
3759 4663 3804 4710 ’⁸

2204 4775 2419 4839 Litteris
2465 4778 2872 4836 humanioribus
2904 4796 2932 4836 a
2969 4781 3171 4836 teneris
3217 4783 3377 4840 anuis
3423 4782 3594 4853 probe
3641 4783 3730 4839 fuit

2135 4869 2382 4932 excultus
2412 4870 2748 4939 Lactantius,
2777 4873 2933 4944 cujus
2967 4890 3189 4946 praecox
3240 4877 3519 4946 ingenium
3570 4887 3730 4934 testa—

2142 4969 2228 5016 tur
2250 4962 2612 5034 Symposium,
2637 4965 2781 5036 quod
2803 4965 3244 5022 adolescentulus
3266 4968 3484 5043 scripsit
3506 4969 3560 5026 in
3581 4972 3733 5024 scho-

2143 5052 2210 5108 lis
2253 5054 2467 5118 Airicae.
2498 5055 2633 5112 Illud
2663 5066 2842 5113 autem
2878 5073 2984 5114 non
3018 5070 3268 5130 putamus
3296 5075 3451 5128 esse,
3480 5062 3629 5133 quod
3655 5073 3729 5122 ta—

2143 5159 2266 5200 men
2300 5157 2420 5219 post
2464 5147 2842 5205 Heumannum
2875 5159 2930 5207 et
2973 5153 3386 5210 Bunemannum
3419 5154 3688 5210 edidimus
3718 5170 3730 5206 :

2144 5254 2278 5309 opus
2308 5255 2437 5297 sane
2457 5241 2699 5313 juvenile
2727 5245 2813 5300 vel
2843 5245 3002 5300 etiam
3035 5247 3242 5317 puerile
3265 5288 3280 5314 ,
3308 5248 3362 5302 in
3387 5263 3494 5320 quo
3524 5257 3731 5304 centum

2147 5332 2391 5404 qumdam
2442 5335 2782 5405 explicantur
2831 5337 3134 5412 aenigmata.
3188 5339 3399 5402 Forsan
3450 5349 3733 5413 antequam

2145 5427 2454 5489 christiana:
2482 5430 2688 5488 militiae
2735 5446 2934 5490 nomen
2962 5433 3120 5490 daret
3148 5477 3163 5502 ,
3196 5435 3431 5494 Carmen
3478 5436 3548 5493 de
3575 5437 3732 5493 Phoe-

2146 5521 2264 5578 nice
2295 5523 2552 5594 vulgavit,
2578 5525 2744 5595 quod,
2775 5534 2911 5583 teste
2940 5526 3164 5588 Heinsio
3205 5529 3434 5602 aliisque
3454 5529 3585 5588 viris
3609 5530 3734 5586 doc-

2145 5615 2240 5684 tis,
2273 5627 2356 5674 sat
2382 5629 2465 5684 est
2491 5618 2742 5691 elegans,
2779 5629 2838 5680 ut
2881 5621 3082 5680 ascribi
3110 5621 3394 5694 Lactantio
3426 5625 3633 5697 possit,
3665 5623 3734 5679 ei-

2141 5727 2244 5781 que
2277 5727 2464 5778 revera
2492 5715 2786 5780 ascribitnr
2815 5715 3137 5788 quibusdam
3163 5715 3216 5784 in
3263 5717 3668 5789 manuscriptis.

2217 5805 2473 5872 Quamvis
2504 5806 2826 5880 eloquentia:
2852 5809 3009 5874 daret
3034 5825 3280 5882 operam,
3307 5810 3736 5887 τιιοιοτῑεειωίιιιο
