3838 6278
438 292 507 350 79

1592 276 2007 337 TESTIMONIA
2045 274 2137 335 DE
2178 275 2600 337 mersum:
3670 275 3729 333 so
3808 260 3809 337 γ

434 405 673 463 scribitur
696 400 1094 465 Grammaticus,
1148 403 1195 451 et
1221 398 1384 453 alium
1415 393 1820 468 pulcherrimum
1846 392 2031 468 delra
2058 400 2111 460 Α
2206 396 2376 464 Idem,
2403 394 2721 468 Invectivar.
2746 394 2800 451 in
2828 393 3027 451 medic.
3052 392 3151 452 lib.
3180 390 3378 465 primo,
3400 390 3467 447 ad
3493 389 3589 447 lin.
3618 409 3637 468 _:

432 478 556 547 Dei,
588 486 635 534 et
661 463 1385 547 InstitutionunrDivinarum
1399 463 1647 547 adversus
1675 463 2033 547 Gentes_libros

436 536 629 622 sept'em
650 557 698 603 et
726 546 993 622 ‘Emjroprir
1016 542 1245 622 ejusdem
1270 541 1438 622 operis
1464 540 1518 622 in
1565 536 1695 622 libro
1721 539 2035 622 unauna???-

434 606 531 687 lqb;
555 629 603 675 et
627 620 696 674 ad
722 606 1075 687 Asclepiadem
1105 611 1263 687 li_b_ro_s
1293 606 1454 687 duos;
1484 606 2035 687 deuPersecutione'li:

437 676 587 746 brum
603 704 786 753 unum;
799 676 1113 740 ad'Probum
1135 682 1490 753 Epistolarum
1518 678 1674 753 libros
1697 689 1941 753 quatuor;
1967 676 2035 731 ad

435 763 680 819 Severum
708 748 1061 830 Epistolarum
1091 748 1247 830 libros
1287 752 1418 830 duos
1436 769 1455 817 ;
1502 751 1571 830 ad
1601 748 1988 830 Demetrianum
2019 789 2034 813 ,

434 834 721 888 auditorem
747 821 917 894 suum,
940 826 1294 897 Epistolarum
1325 823 1480 878 libros
1495 821 1758 897 duqos_,j_ad
1779 821 2034 888 eumdem,

435 907 500 959 de
529 902 752 973 Opifict'o
794 891 913 966 Dei,
946 891 1023 953 vel
1045 894 1598 973 formatione/taurinis
1626 891 2034 973 librum-“unum.

436 974 541 1029 Hic
554 961 780 1029 extrema
797 961 1054 1026 senectute
1067 970 1308 1038 magister
1322 966 1539 1020 Ccesaris
1554 963 1742 1038 Crispi,
1764 963 1858 1031 filii
1877 961 2039 1018 Cons-

435 1047 645 1112 tantini,
668 1046 721 1099 in
748 1041 921 1098 Gallia
948 1039 1066 1113 fuit,
1096 1037 1385 1113 qui_pos_tea
1406 1056 1438 1091 a
1462 1046 1607 1108 patre
1628 1037 1919 1107 interfectus
1940 1044 2034 1089 est.

508 1109 675 1183 Idem,
704 1109 1069 1170 Comtnetitar.
1106 1112 1160 1164 in
1192 1109 1401 1183 Eccles.
1436 1123 1556 1183 cap.
1588 1123 1618 1161 ιι
1646 1124 1660 1160 :

509 1124 675 1183 Idem,
704 1124 1069 1170 Uomtnentar.
1106 1126 1160 1164 ιιι
1192 1124 1401 1164 metes.
1436 1124 1556 1233 cap.
1588 1124 1618 1161 ιι
1646 1124 1660 1160 :

509 1187 806 1242 Firmianus
831 1197 1044 1258 quoque
1066 1192 1236 1258 noster
1261 1181 1315 1234 in
1360 1193 1494 1258 pragc
1519 1195 1611 1258 aro
1654 1175 2040 1258 institutionum

432 1274 641 1315 suarum
671 1247 889 1328 opere.'..
914 1247 977 1309 de
995 1252 1268 1309 virtutibus
1295 1261 1342 1304 et
1360 1247 1506 1305 vitiis
1540 1248 1831 1321 plenissime
1855 1247 2039 1317 dispu-

431 1332 574 1386 tavit.

504 1401 675 1463 Idem,
707 1401 761 1455 in
790 1414 911 1468 cap.
946 1413 997 1453 IV
1026 1394 1285 1468 Epistolae
1314 1391 1572 1468 Pauli__ad
1607 1390 1908 1468 Ephesios;

504 1461 807 1527 Firmianus
844 1461 1017 1526 noster
1044 1461 1317 1544 librumde
1347 1463 1439 1518 Ira
1465 1462 1739 1544 Deidocto
1760 1461 1969 1544 pariter
1995 1470 2043 1544 et

430 1544 687 1617 eloquenti
713 1558 946 1617 sermone
967 1538 1468 1617 conscripsittquem
1496 1536 1583 1605 qui
1613 1535 1811 1617 Egerit,
1837 1543 1959 1603 puto
1995 1535 2041 1588 ei

430 1617 501 1671 ad
527 1606 622 1671 ira:
646 1613 957 1669 intellectum
982 1613 1107 1665 satis
1136 1606 1339 1664 abunde
1368 1622 1513 1676 posse
1538 1606 1789 1675 sufﬁcere.

504 1687 675 1751 Idem,
705 1688 760 1740 in
789 1684 1014 1754 epistola
1048 1683 1138 1748 I5,
1162 1681 1227 1734 ad
1254 1678 1569 1754 Paulinum:

504 1745 804 1813 Lactantius
824 1745 974 1825 quasi
996 1745 1206 1825 quidam
1232 1751 1419 1822 ﬂuvius
1445 1747 1742 1825 eloquentia:
1761 1745 2037 1825 Tullianai,

2208 468 2347 521 Audi
2362 462 2491 539 ergo
2531 466 2655 539 quid
2680 464 2978 539 Lactantius
3003 468 3080 522 vir
3103 475 3152 522 et
3183 462 3452 539 poetarum
3495 472 3543 518 et
3573 462 3730 539 pltilo-_

2137 535 2667 609 saphorunt'nolitia,
2713 548 2761 592 et
2811 537 3150 593 Ciceroniana
3189 535 3470 609 facundia,
3521 544 3570 588 et
3612 535 3732 609 quod

2138 606 2322 665 cuncta
2342 609 2674 681 transcendit,
2699 610 2956 681 catholica
2980 606 3227 681 religione
3247 606 3564 663 clarissimus
3584 606 3732 677 primo

2137 698 2347 738 suarum
2364 679 2754 735 Institutionum
2782 680 2912 735 libro
2939 682 3033 737 ait.

2212 753 2281 809 Et
2310 754 2378 808 de
2406 752 2530 807 Otio
2561 752 2940 823 religiosorum
2970 752 3071 807 lib.
3102 751 3316 823 primo:

2211 823 2377 895 Atque
2412 825 2465 877 in
2494 821 3027 894 primis‘Lactantium
3053 821 3403 895 Firmianum,
3424 821 3514 892 qui
3550 837 3732 895 omnem

2141 893 2353 951 deorum
2383 893 2609 962 scenam,
2650 905 2921 966 turpesque
2949 896 3170 951 latebras
3193 893 3441 966 scelerum
3474 894 3731 964 aperiens,

2142 978 2297 1023 totam
2324 970 2395 1022 rei
2425 966 2629 1032 seriem,
2658 968 2744 1037 qui
2774 967 2999 1035 fuerint,
3031 967 3155 1036 quid
3182 965 3407 1037 egerint,
3434 966 3522 1036 qui
3563 981 3731 1035 mores,

2140 1055 2255 1110 qua:
2278 1040 2400 1105 vita,
2428 1036 2726 1111 quiexitus,
2752 1055 2867 1110 qua:
2891 1039 3147 1111 sepulcra,
3171 1036 3534 1109 operosissima
3572 1036 3735 1107 dispu-

2142 1111 2334 1164 tatione
2360 1110 2734 1178 complectitur.

2213 1181 2283 1236 Ει
2312 1181 2450 1235 libro
2488 1181 2725 1236 secundo
2751 1198 2767 1236 :

2213 1251 2511 1326 Lactantius
2542 1250 2843 1326 Firmianus
2869 1261 2916 1308 et
2943 1253 3052 1324 ipse
3077 1269 3295 1326 magnus
3314 1254 3403 1326 vir
3425 1254 3479 1308 in
3506 1269 3566 1307 eo
3597 1252 3729 1321 libro,

2142 1340 2265 1395 quo,
2307 1322 2587 1396 Gentilium
2626 1322 2885 1379 erroribus
2926 1322 3238 1391 exarmatis,
3288 1325 3444 1396 fidem
3484 1336 3729 1393 nostram,

2144 1404 2391 1466 quantum
2410 1395 2590 1463 quivit,
2619 1397 2857 1459 armavit,
2899 1412 3196 1467 omnemque
3232 1398 3366 1451 hanc
3386 1401 3599 1452 deorum
3634 1414 3732 1452 sce-

2144 1482 2265 1521 nam
2312 1467 2447 1520 mira
2490 1475 2538 1520 et
2576 1467 2829 1522 laudabili
2872 1469 3169 1522 curiositate
3207 1468 3430 1532 detexit,
3464 1470 3618 1537 inque
3652 1471 3735 1523 Itoc

2143 1537 2297 1620 idem
2320 1554 2449 1610 opus
2478 1539 2765 1610 Augustino
2815 1549 2967 1609 atque
2993 1540 3113 1595 aliis
3150 1540 3454 1610 sequacibus
3494 1542 3629 1595 viam
3669 1544 3733 1611 fe-

2144 1618 2232 1677 cit,
2249 1618 2355 1665 etc.

2216 1682 2285 1735 Et.
2306 1681 2464 1750 paulo
2492 1680 2630 1738 infra
2651 1698 2669 1735 :

2216 1750 2443 1807 Accessit
2468 1770 2615 1808 sacer
2636 1752 2984 1809 nominandus
3005 1754 3327 1821 Ambrosius,
3347 1770 3610 1811 accessere
3628 1753 3733 1809 Hie-

432 1831 632 1884 utinam
676 1837 780 1880 tam
820 1800 1340 1893 iiostrajconftrniare
1387 1800 1664 1891 potuisset,
1696 1835 1850 1889 quant
1890 1817 2044 1888 facile
2072 1800 2120 1860 Β
2145 1839 2409 1897 rongmus,
2445 1823 2841 1897 Cregoriusque.
2873 1826 3174 1897 novissimus
3197 1800 3476 1882 oris’auret’
3501 1834 3730 1892 Joannes,

430 1902 604 1955 aliena
631 1899 897 1953 destruxit.

506 1970 675 2036 Idem,
710 1967 1013 2043 inepislola
1039 1968 1110 2023 35
1139 1966 1237 2043 (3L-
1264 1964 1379 2034 δυ’
1412 1962 1479 2043 ad
1509 1961 1860 2043 Μέβθιηῐδητη
1924 2042 1930 2043 ,
1998 2032 2009 2043 .

510 2032 717 2111 Septem
743 2032 899 2095 libros
925 2032 1167 2111 adversus
1195 2032 1380 2111 Gentes
1407 2033 1661 2111 Arnobius
1702 2032 1883 2111 edidit,
1914 2032 2041 2087 toti-

433 2102 644 2183 demque
682 2111 963 2183 discipulus
992 2111 1101 2182 ejus
1136 2106 1586 2183 I.actatttitts_;__qui
1620 2104 1683 2158 de
1724 2102 1815 2158 Ira
1828 2120 2044 2183 quoque

433 2195 481 2241 et
519 2174 743 2254 U'piﬁcio
776 2174 871 2237 Dei
918 2174 1029 2237 duo'
1061 2181 1321 2254 volumina
1363 2174 1575 2254 edidit;
1615 2192 1741 2254 quos
1794 2174 2044 2254 si’legere

368 2269 388 2283 '
432 2247 674 2320 volueris,
707 2254 1046 2329 Dialogorum
1069 2250 1331 2329 Ciceronis
1356 2251 1420 2329 in_
1433 2250 1505 2303 eis
1529 2250 1773 2329 irit-copiis
1797 2247 2037 2329 reperies.

508 2329 820 2383 Eucneaws
865 2320 1180 2396 episcopus,
1228 2322 1284 2377 in
1335 2321 1496 2393 epist.
1528 2320 1594 2374 ad
1652 2320 2039 2385 Valerianum,

433 2416 468 2455 ν
496 2401 813 2540 Ἔιοὲξιῗιιιάο
841 2468 1154 2540 clarissimos
1179 2464 1450 2540 facundia,
1481 2460 1824 2540 Firmianum,
1858 2459 2039 2540 Minu-

434 2544 563 2597 tium
584 2583 598 2608 ,
620 2534 982 2614 Cyprianum,
1014 2534 1312 2614 Hilarium,
1341 2535 1661 2614 Iohannem,
1695 2534 2039 2601 Ambrosium,

433 2631 500 2670 ex
522 2606 613 2669 illo
642 2606 897 2669 volumine
925 2609 1307 2665 numerositatis
1346 2606 1610 2662 evolveris.

506 2694 805 2758 Houomus,
836 2689 1212 2762 Augustodun.
1239 2687 1550 2762 presbyter,
1569 2684 1637 2741 de
1662 2684 2042 2762 Luminaribus

508 2757 796 2831 Ecclesiae,
817 2757 1022 2818 sive'de
1046 2757 1416 2832 Scriptbribus
1438 2757 1668 2832 eccles._,i
1691 2773 1770 2832 ιιιι
1792 2757 1992 2832 saeculo
2026 2776 2039 2814 :

507 2828 831 2897 Firmianus,
874 2834 960 2903 qui
1000 2843 1046 2887 ct
1090 2828 1428 2903 Lactantius,
1460 2830 1670 2903 Arnobii
1718 2828 2039 2903 discipulus,

432 2910 640 2981 scripsit
668 2910 723 2981 in
753 2899 940 2981 scholis
966 2905 1159 2974 Afrij
1182 2901 1518 2981 Itinerarium
1548 2899 1857 2981 hexametris
1880 2900 2042 2953 versi-

434 2969 553 3045 bus;
585 2991 633 3035 et
669 2980 833 3034 alium
857 2969 1064 3041 librum,
1105 2975 1192 3045 qui
1229 2971 1522 3045 inscribitur
1567 2969 1964 3045 Grammaticus,
1992 2981 2043 3045 et

434 3040 595 3107 alium
633 3050 1035 3123 pulcherrimum
1052 3040 1247 3123 ide__1_ra
1272 3044 1389 3109 Dei,
1413 3053 1460 3095 et
1489 3040 1888 3123 Institutionunr
1905 3040 2041 3123 divi-

434 3139 619 3178 narum
634 3112 897 3176 'adversus
920 3118 1103 3173 Gentes
1125 3115 1279 3170 libros
1300 3123 1528 3184 septem;
1580 3112 1649 3166 ad
1670 3112 2041 3184 iAsclepiadem

434 3196 608 3259 duos;
647 3194 715 3245 ad
753 3190 1063 3246 Demetrium
1102 3186 1241 3259 (lege
1284 3182 1727 3259 Demetrianum),
1753 3184 2042 3259 auditorem

432 3253 622 3329 suum’,
670 3262 1024 3331 Epistolarum
1070 3253 1226 3331 libros
1286 3265 1516 3331 septem;
1566 3255 1628 3309 de
1684 3253 2043 3331 Persecutiane

436 3325 632 3400 unum}
658 3325 731 3387 ad"
756 3333 985 3388 Probum
1019 3329 1349 3400 epistolarum
1378 3326 1533 3400 libros
1554 3334 1807 3400 quatuor;
1839 3325 1906 3378 ad
1939 3325 2038 3400 Se.

436 3397 621 3461 verum
642 3402 1189 3474 Epistolarum_libros
1217 3399 1388 3474 duos;
1437 3397 1504 3474 ad
1546 3397 1937 3474 Demetrianum
1979 3397 2043 3452 de

442 3476 665 3544 Opi/icio
694 3468 832 3540 'Dei,
875 3473 952 3527 vel
992 3468 1607 3544 Forinationeuliominis,
1637 3468 1823 3544 librum
1862 3484 2041 3544 unum.

504 3536 559 3602 ic'
574 3536 827 3619 magister
843 3545 1060 3600 Cwsaris
1084 3542 1274 3612 Crispi,
1305 3539 1401 3610 ﬁlii
1428 3536 1768 3607 Constantini,
1798 3540 1915 3609 fuit.

510 3636 689 3691 Anus
733 3632 1103 3696 Tmrnnuws,
1134 3629 1203 3685 de
1248 3626 1610 3697 Scriptoribus
1638 3626 2038 3697 ecclesiasticis,

438 3707 811 3833 “Fsiﬁiiilalgus
859 3774 1201 3838 Lactantius,
1251 3769 1465 3824 Arnobii
1514 3769 1731 3824 rhetoris
1780 3771 2042 3837 quondam

436 3850 665 3914 auditor,
718 3860 870 3919 atque
915 3845 1197 3919 discipulus
1217 3883 1251 3919 ,η
1273 3843 1350 3919 vir
1391 3840 1819 3919 in_stecu_la_ribus
1861 3840 2042 3919 litteris

436 3910 756 3976 abundanter
778 3910 978 3982 doctus,
1005 3910 1190 3970 divinis
1215 3912 1500 3979 Scripturis
1520 3910 1758 3966 nobiliter
1779 3913 2043 3968 institutus

436 3994 529 4057 ita,
564 4002 619 4046 ut
646 3994 703 4046 in
728 4000 837 4044 arte
879 3981 1083 4042 dicendi
1122 3994 1235 4053 post
1258 3981 1561 4057 Ciceronem
1589 3983 1741 4057 facile
1769 3982 2042 4057 obtinuerit

436 4052 815 4135 principatum,
861 4052 1147 4135 rhetoricen
1189 4055 1409 4135 primum
1448 4052 1804 4135 gigante-ditia,
1859 4053 2043 4135 deinde

435 4123 618 4189 Romae
645 4123 829 4205 (male,
860 4129 1166 4205 sedsolum
1193 4123 1546 4205 Nico-medice)
1587 4124 1681 4179 sub
1721 4124 2041 4179 Diocletiano

435 4205 502 4258 ab
529 4221 586 4259 eo
613 4194 823 4259 vocatus
848 4201 1070 4271 gloriose
1096 4197 1288 4253 docuit.
1321 4194 1388 4249 Et
1419 4194 1622 4260 cietera,
1650 4207 1705 4250 ut
1733 4212 1910 4266 supra.

511 4291 771 4348 BAPIIAEL
815 4287 1269 4351 Vonnnnnmus,
1314 4283 1624 4353 Antropol.,
1671 4282 1769 4338 lib.
1821 4298 1934 4352 xw,
1983 4293 2041 4340 ut

438 4376 586 4435 sup.,
622 4377 694 4417 xv
730 4359 943 4417 sacculo.
1228 4432 1270 4439 _
1314 4432 1325 4439 _
1423 4432 1434 4439 _
1614 4433 1641 4439 _
1794 4425 1895 4439 ,ιτ
1927 4427 2046 4439 ___

511 4432 839 4498 FRANCISCUS
863 4439 1208 4498 PETRABCHA,
1228 4432 1593 4502 Epistolarum
1610 4432 1864 4490 Senilinm
1884 4432 2034 4505 Μῦς

437 4515 664 4586 epismla
694 4515 752 4579 4,
783 4511 852 4586 ad
880 4508 1143 4564 Joannem
1174 4505 1511 4586 Iioccacium,
1543 4520 1630 4558 xw
1659 4507 1889 4586 saeculo:

506 4586 588 4640 De
613 4576 834 4641 secundo
863 4589 1056 4643 autem,
1095 4587 1139 4631 et
1179 4576 1242 4629 de
1270 4584 1485 4645 utroque
1512 4578 1759 4642 quamvis,
1794 4588 1848 4632 ut
1872 4580 2032 4647 vides,

436 4660 648 4712 maximi
673 4657 774 4711 sint
800 4663 1052 4713 auctores,
1079 4647 1200 4720 quid
1220 4656 1394 4720 tamen
1424 4648 1500 4699 vir
1528 4647 1704 4720 doctus
1731 4658 1777 4704 et
1800 4651 2037 4720 eloquens

436 4727 738 4782 Lactantius
808 4718 1108 4777 Firmianus
1175 4719 1293 4772 hinc
1361 4718 1600 4785 senserit,

433 4799 636 4853 videtur
668 4798 908 4861 inserere,
939 4803 1045 4848 etc.

504 4871 574 4925 Et
600 4867 798 4923 ibidem
827 4860 987 4935 paulo
1018 4860 1153 4935 infra
1178 4877 1192 4914 :

509 4939 649 5008 Quid
678 4954 793 4992 vero
828 4931 873 4990 si
908 4932 1028 5005 quid
1057 4932 1157 5008 tale
1182 4931 1667 5008 Lac_tant_io_dictum
1706 4935 1875 5008 esset?
1902 4934 2039 5003 Quid

431 5011 476 5066 si
505 5003 718 5073 dictum,
745 5017 793 5062 et
817 5003 1066 5061 creditum
1082 5005 1406 5078 Augustino?
1429 5003 1609 5059 Dicam
1630 5007 1766 5078 quod
1787 5008 1839 5061 in
1861 5010 2035 5062 animo

430 5091 528 5148 est,
560 5096 720 5151 neque
749 5079 837 5133 ille
863 5088 984 5151 tam
1005 5075 1173 5130 valide
1201 5077 1587 5151 peregrinarum
1614 5075 2034 5151 superstitionum

428 5147 766 5224 fundamenta
789 5148 1109 5214 convelleret,
1144 5163 1302 5219 neque
1321 5147 1443 5205 Viste
1481 5147 1712 5204 Civitatis
1739 5147 1837 5204 Dei
1862 5166 2034 5207 muros

425 5233 571 5280 tanta
591 5230 702 5278 arte
728 5228 1058 5277 construeret.

2146 1905 2195 1971 et
2224 1897 2490 1971 exundans
2517 1898 2927 1971 lac_teo_torrente
2953 1896 3273 1953 Lactantius.
3297 1897 3366 1953 In
3389 1899 3487 1953 hoc
3510 1898 3733 1971 pulcher-

2145 1967 2276 2041 rimo
2301 1969 2545 2021 comitatu
2578 1968 2969 2041 Scripturarum
3003 1985 3274 2024 sacrarum
3299 1971 3452 2039 fines,
3478 1967 3607 2041 quos
3631 1980 3732 2026 ante

2144 2039 2489 2111 dispexeram,
2520 2037 2907 2111 venerabundus
2932 2040 3215 2111 ingredior,
3248 2037 3354 2097 etc.

2242 2111 2387 2179 dem,
2411 2110 2614 2167 Rerum
2644 2110 3068 2168 Memorabilium
3093 2112 3188 2169 lib.
3221 2113 3415 2184 primo,
3436 2113 3494 2169 in
3515 2112 3590 2174 Μ.
3618 2112 3731 2169 Var-

2145 2195 2319 2237 rone:

2230 2254 2317 2309 Vir
2345 2252 2450 2323 ﬁde
2478 2270 2614 2327 pius,
2647 2254 2949 2327 eloquioque
2989 2271 3135 2311 sacer
3176 2255 3485 2314 Lactantius
3530 2256 3732 2312 Firmiu-

2144 2340 2262 2392 nus,
2295 2334 2403 2381 etc.

2215 2399 2453 2455 Joannes
2480 2397 2810 2455 FRANCISCUS
2858 2398 3040 2466 PICUS,
3092 2399 3184 2455 lib.
3233 2400 3304 2457 de
3353 2401 3513 2459 Stud.
3559 2399 3733 2457 divina:

2143 2477 2307 2543 atque
2333 2471 2586 2527 humanae
2614 2470 2953 2541 philosopb.,
2983 2485 3103 2543 cap.
3135 2472 3189 2539 7,
3218 2489 3290 2527 xv
3311 2474 3519 2529 saeculo
3544 2490 3557 2527 :

2219 2542 2346 2610 Quis
2374 2543 2517 2615 apud
2539 2559 2630 2598 nos
2659 2559 2762 2597 non
2801 2544 2971 2598 videat
3012 2542 3119 2599 esse
3155 2544 3474 2611 Ciceronem,
3507 2546 3596 2600 sed
3618 2544 3733 2599 citri-

2140 2614 2383 2681 stianum,
2412 2614 2512 2669 hoc
2540 2625 2623 2687 est
2638 2615 2879 2687 aliquem,
2913 2615 3001 2686 qui
3037 2632 3154 2670 eum
3178 2616 3247 2670 ad
3287 2615 3479 2671 lineam
3509 2632 3732 2687 unguem-

2175 2702 2240 2757 με
2281 2686 2631 2757 expresserit?
2673 2685 2803 2751 Quis
2846 2685 2981 2742 enim
3018 2703 3118 2742 non
3163 2689 3383 2743 advertit
3422 2685 3763 2757 Lactantium.

2196 2759 2472 2832 irmianum
2515 2773 2747 2826 tequasse
2788 2759 2983 2829 ipsum,
3031 2768 3078 2813 et
3124 2762 3260 2831 forte
3303 2760 3645 2832 prlecelluisse
3688 2760 3732 2812 in

2140 2829 2422 2898 eloquendo
2443 2830 2470 2883 l’

2213 2899 2383 2971 Idem,
2410 2901 2504 2956 lib.
2532 2916 2589 2956 ιιι
2620 2901 2934 2970 Epistolar.,
2958 2901 3187 2971 epistola
3212 2903 3317 2960 l0;

2210 2970 2515 3028 Lactantius
2542 2971 2802 3029 Ciceronis
2820 2970 3010 3044 stglum
3031 2974 3289 3045 efﬁgiavit,
3321 2984 3431 3041 aut,
3462 2986 3520 3031 ut
3540 2974 3728 3045 quibus-

2140 3042 2261 3096 dam
2310 3045 2507 3112 placet,
2541 3042 2899 3116 supergressus
2947 3042 3214 3100 estfblilti
3262 3047 3462 3102 videtur
3509 3042 3654 3103 rebus
3693 3048 3732 3116 el

2140 3116 2403 3169 sententiis
2438 3115 2821 3183 crebrior,’nec
2863 3117 3088 3172 numeris
3128 3118 3487 3184 injucundior,
3539 3135 3626 3172 nec
3668 3115 3731 3184 ﬁli

2144 3185 2562 3262 wquqbilitateet
2591 3188 2814 3242 candore
2839 3189 3093 3262 posterior
3118 3205 3137 3242 :
3166 3185 3259 3244 itas
3301 3191 3498 3262 quippe
3544 3190 3730 3244 virtutes

2068 3235 2114 3300 C
2145 3235 2383 3312 mbximis
2407 3260 2594 3314 viribus
2622 3268 2669 3313 et
2695 3235 2964 3313 xmulbtus
2989 3270 3035 3315 et
3065 3235 3328 3317 assecuta;
3351 3235 3470 3317 esti:
3501 3264 3632 3316 hunc
3655 3273 3729 3313 nec

2145 3329 2400 3399 mquales,
2429 3347 2523 3386 nec
2562 3331 2750 3400 posteri
2789 3333 3206 3397 momorderunt;
3245 3348 3394 3387 nemo
3423 3332 3668 3387 elumbem
3692 3338 3728 3385 et

2146 3403 2369 3471 fractum
2387 3442 2402 3465 ,
2430 3402 2679 3456 Asianum
2698 3441 2713 3466 ,
2737 3412 2786 3455 et
2809 3403 3182 3457 redundantem
3205 3420 3352 3458 nemo
3382 3415 3623 3459 causatus
3646 3410 3725 3456 est.

2218 3470 2537 3545 LEONABDUS
2566 3472 2860 3540 Annuus,
2898 3475 2952 3530 in
2996 3475 3223 3545 cpistola
3266 3474 3335 3530 ad
3374 3475 3727 3532 Constantiam

2150 3540 2432 3610 Sl'ortiam,
2469 3558 2540 3598 xv
2562 3544 2762 3600 saaculo
2798 3563 2813 3600 :

2221 3611 2451 3687 Maxime
2483 3631 2601 3687 vero
2628 3616 2760 3670 inter
2790 3632 2985 3681 omnes,
3017 3618 3107 3687 qui
3125 3617 3190 3672 de
3223 3617 3511 3674 christiana
3539 3618 3728 3673 veritate

2146 3684 2478 3758 scripserunt,
2505 3685 2655 3758 longe
2671 3686 2881 3758 eminet,
2909 3697 2958 3742 et
2984 3684 3188 3743 excellit
3234 3690 3401 3745 nitore
3435 3690 3655 3758 quodam
3676 3703 3727 3741 ac

2146 3757 2294 3829 copia
2322 3755 2629 3829 Lactantius
2657 3755 2980 3827 Firmianus,
3002 3760 3077 3814 vir
3096 3761 3323 3815 omnium
3351 3755 3727 3816 christianarum

2147 3828 2328 3905 procul
2355 3828 2510 3883 dubio
2535 3829 2995 3900 eloquentissimus,
3027 3833 3175 3903 cuius
3205 3832 3362 3888 libros
3387 3832 3520 3905 lege,
3550 3846 3722 3905 quaso,

2146 3899 2193 3952 si
2221 3900 2415 3955 litteras
2437 3917 2601 3956 amas.

2218 3990 2531 4068 L.C<muus
2557 3993 2886 4068 Rnomcmos
2909 4035 2925 4064 ,
2958 3993 3316 4068 Antiquarum
3351 3997 3507 4056 Lect.
3532 3997 3626 4055 lib.
3659 4010 3723 4064 vr,

2146 4077 2266 4134 cap.
2293 4065 2380 4131 I8,
2404 4079 2478 4119 xv
2503 4066 2741 4122 saeculo:

2217 4154 2520 4211 Lactantius
2553 4157 2686 4212 inter
2709 4156 3002 4215 christiana
3049 4160 3278 4216 veritatis
3316 4170 3598 4220 assertores
3624 4160 3723 4216 elo-

2146 4228 2355 4298 quentia
2382 4229 2603 4283 maxime
2631 4229 2867 4285 illustris.

2218 4297 2387 4372 Idem,
2412 4298 2550 4372 libr_o
2580 4316 2653 4367 ix,
2676 4316 2795 4372 cap.
2829 4301 2925 4357 12:

2216 4369 2282 4423 At
2302 4386 2414 4440 ego,
2442 4386 2472 4423 ο
2496 4369 2764 4446 Lactanti,
2780 4389 2881 4428 non
2907 4383 2955 4429 te
2972 4374 3175 4446 quidem
3195 4375 3476 4432 dementem
3500 4376 3721 4441 dixerim,

2144 4456 2260 4519 cum
2295 4453 2343 4495 et
2373 4442 2709 4519 prudenter‘ei
2730 4444 2878 4519 docte
2904 4442 3167 4517 scripseris
3197 4464 3300 4503 non
3329 4464 3515 4519 parum
3551 4448 3718 4504 multa.

2215 4513 2285 4585 Et
2315 4513 2475 4585 paulo
2498 4514 2837 4585 postibidem
2868 4534 2880 4568 :

2216 4582 2334 4659 Hoc
2376 4582 2531 4654 fuisse
2554 4584 2666 4659 tibi
2713 4589 3051 4658 propositum,
3101 4590 3176 4645 vir
3219 4589 3531 4659 doctissime,
3576 4599 3622 4647 et
3667 4588 3720 4643 de

2145 4654 2439 4730 Christiana
2464 4657 2671 4730 veritate
2695 4654 2882 4730 optime
2902 4654 3100 4726 merite,
3130 4662 3305 4716 malint
3326 4654 3552 4730 credere,
3577 4671 3677 4718 etc.

1655 4735 1756 4775 non
1806 4723 2031 4778 alienant
2062 4756 2117 4818 D
2166 4799 2177 4810 θ
2212 4725 2449 4810 Joannes
2495 4723 2797 4786 vaovuz'us
2843 4729 3041 4799 Vives,
3072 4723 3418 4801 Valentinus,
3452 4723 3717 4790 ad'ﬁnem

2143 4797 2265 4853 libri
2299 4809 2441 4853 tertii
2468 4799 2534 4853 de
2563 4799 2833 4853 Tradend.
2867 4802 3114 4853 Discinl..
3146 4819 3233 4853 xv:
3260 4805 3466 4853 saeculo
3499 4823 3513 4853 :

2165 4815 2181 4854 ι

2184 4797 2276 4872 bri
2299 4799 2441 4872 tertii
2468 4799 2534 4855 de
2563 4799 2833 4857 Tradend.
2867 4797 3114 4872 Discipl.,
3146 4819 3234 4859 xvn
3260 4797 3466 4861 sarculo
3499 4823 3513 4861 :

2213 4868 2619 4943 Christianorum
2638 4872 2865 4943 omnium
2886 4868 3285 4943 facundissimus
3303 4885 3382 4931 est
3396 4875 3714 4933 Lactantius:

2138 4957 2319 5014 sonum
2348 4942 2494 4997 habet
2520 4943 2671 5014 plane
2695 4940 3104 5001 Ciceronianum.

2206 5012 2291 5085 Et
2311 5013 2448 5067 libro
2473 5012 2665 5085 quarto
2689 5031 2702 5066 :

2210 5082 2292 5159 Ad
2320 5082 2854 5159 efﬁcacemraiionem
2866 5089 3255 5159 argumentandi
3297 5090 3590 5148 Aristoteles
3617 5131 3630 5157 ,
3657 5085 3717 5142 ad

2135 5154 2334 5298 iiviltem
2360 5156 2617 5213 Ciceronis
2644 5154 2856 5230 Dialogi
2882 5154 2946 5214 εί
2977 5158 3277 5218 Lactantius
3321 5163 3515 5235 primas
3557 5154 3715 5236 partes

2159 5242 2241 5281 ere
2264 5265 2278 5282 .

2159 5234 2278 5282 'eret.

1793 5355 2335 5422 ANNOTATIONES.

485 5503 755 5580 Ἀκεφάλῳ.
786 5518 888 5559 ms.
933 5499 1116 5575 lReg.
1166 5500 1327 5560 habet
1360 5501 1601 5576 ἀκέφαλον
1638 5518 1650 5556 :
1680 5500 1734 5557 in
1777 5499 1901 5556 edd.
1931 5512 2016 5559 est

417 5577 993 5703 “effringzmctrianum.
1026 5645 1115 5703 Sic
1146 5645 1346 5701 habent
1390 5659 1525 5700 mss.
1557 5644 1583 5698 I
1619 5642 1750 5715 Reg.
1784 5658 1847 5700 ac
1876 5644 2010 5700 Tor-

412 5720 686 5785 nesianus,
717 5727 773 5775 et
818 5719 970 5774 editi.
1018 5718 1088 5772 At
1114 5716 1167 5771 in
1216 5731 1337 5786 uno,
1368 5731 1470 5771 ms.
1501 5715 1740 5772 Claram.
1786 5724 1843 5771 et
1864 5716 2004 5786 apud

407 5790 706 5853 Honorium
731 5787 1278 5864 Augustodunensem
1326 5785 1522 5859 legitur
1556 5788 1626 5843 ad
1662 5785 1999 5861 Demetrium,

2120 5518 2393 5593 corrupte,
2421 5517 2480 5566 ut
2501 5510 2721 5593 ridetur
2742 5527 2810 5572 ex
2840 5517 3092 5576 omnibus
3121 5528 3233 5577 tum
3261 5535 3394 5578 mss.
3423 5530 3533 5579 tum
3557 5518 3708 5578 editis

2118 5577 2386 5637 Lactantii
2414 5583 2713 5639 codicibus.

2121 5725 2134 5738 .
2188 5651 2436 5709 Extrema
2456 5666 2723 5739 senectute.
2749 5657 2888 5715 Edd.
2914 5666 3024 5718 tres
3041 5661 3247 5719 addunt
3277 5664 3702 5736 praepositionem

2113 5735 2188 5793 in,
2207 5739 2366 5796 quam
2396 5735 2579 5784 caeleri
2604 5741 2886 5800 respuunt.
