3838 6278
425 238 493 294 87
1617 236 1936 294 CENSURA
1977 236 2040 292 IN
2082 236 2547 295 LACTANTIUM.
3660 228 3729 283 88

418 354 555 409 nihil
601 352 714 409 vult
750 352 893 409 aliud
935 352 1165 423 precari,
1210 354 1310 408 nisi
1353 355 1588 424 peccatis
1628 352 1740 407 suis
1779 351 2012 416 veniant,
2045 354 2099 415 Α
2124 366 2239 407 rem
2269 352 2670 417 animadvertit,
2697 351 2817 420 quia
2846 351 2973 424 item
3001 347 3198 424 vetusti
3235 346 3456 424 codices
3487 362 3605 424 non_
3626 347 3725 424 lia-

421 426 548 480 licet
571 427 713 481 nulla
741 427 868 479 sint.

489 496 644 565 Quod
676 497 794 552 ideo
821 497 983 551 Deum
1009 496 1319 565 permittere
1348 496 1547 551 malum
1577 493 1809 565 grassari
1831 493 2015 558 seruit,

417 577 479 625 ut
518 564 726 623 virtutis
767 567 903 623 ratio
947 564 1156 623 constet
1200 565 1338 638 (Lib.
1396 583 1446 630 v,
1484 564 1610 638 cap.
1648 568 1722 635 7).
1761 567 1872 620 lloc
1913 564 2018 638 fine

417 640 608 712 scribit
639 640 945 712 permittere
994 640 1158 712 Deum
1209 635 1425 692 errores
1470 636 1608 712 (Lib.
1636 654 1697 712 it,
1737 654 1852 712 cap.
1888 635 2015 712 l__7)_;

420 710 526 765 hoc
557 711 661 764 line
686 710 960 764 diabolum
990 726 1019 765 a
1052 710 1163 763 Deo
1191 706 1489 764 excitatum
1514 710 1609 774 ait,
1635 709 1773 763 libro
1800 708 1866 762 de
1891 706 2017 776 Opi-

419 781 539 837 licio
568 782 680 844 Dei,
712 796 761 835 c.
791 782 881 838 20.
916 781 1025 836 lloc
1057 781 1161 835 fine
1200 789 1399 835 tantum
1430 782 1539 835 vim
1572 779 1833 834 uatricnm
1864 780 2015 845 vipe-

416 868 708 924 rarumque
743 851 935 907 factam
965 869 995 908 a
1027 853 1136 907 Deo
1166 862 1315 922 putat
1348 850 1487 924 (Lib.
1521 867 1615 915 vn,
1647 868 1692 905 c.
1729 852 1780 917 4,
1812 859 1857 903 et
1887 849 2018 904 libro

417 923 482 977 de
504 921 596 976 Ira
622 921 738 990 Dei,
771 941 816 977 c.
852 924 967 995 15).

486 996 642 1061 Quod
688 991 1197 1062 quoties'oramus,
1229 993 1455 1050 credere
1498 1009 1605 1048 non
1653 993 1786 1057 vult,
1822 991 2017 1047 tentari

414 1079 520 1139 nos
545 1081 574 1118 a
606 1067 833 1139 Deo,ian
863 1067 1034 1139 simus
1055 1064 1210 1139 digni
1231 1066 1471 1120 evaudiri
1505 1065 1643 1139 (Lib.
1674 1081 1750 1129 vr,
1781 1080 1827 1117 ε.
1862 1064 1976 1130 15).

486 1136 637 1203 Quod
677 1137 922 1191 militiam
954 1137 1157 1192 homini
1193 1136 1340 1205 justo
1378 1153 1486 1190 non
1517 1136 1719 1190 licitam
1761 1150 1885 1190 esse
1916 1150 2016 1205 pu-

412 1214 507 1279 tat,
538 1222 638 1279 nec
658 1222 915 1264 accusare
943 1223 1268 1279 quemquam
1289 1208 1517 1264 crimine
1536 1207 1755 1279 capitali
1778 1205 1915 1275 (Lib.
1940 1221 2013 1271 vt,

406 1293 454 1330 ε.
486 1278 600 1333 20).

486 1278 557 1333 20
587 1321 600 1333 .
960 1276 979 1279 ’
1128 1276 1139 1278 ’
1607 1276 1620 1279 ’

484 1276 636 1416 Ωιι)οά
660 1351 868 1405 animas
899 1350 1087 1406 scribit
1116 1359 1235 1419 post
1262 1359 1488 1405 mortem
1517 1353 1569 1405 in
1600 1367 1699 1406 una
1741 1348 2016 1403 communi

408 1421 653 1475 custodia
680 1421 935 1484 detineri,
960 1422 1133 1476 donec
1166 1431 1377 1491 tempus
1398 1422 1671 1484 adveniat,
1702 1434 1809 1491 quo
1838 1420 2014 1491 maxi-

407 1506 529 1573 mus
550 1491 722 1573 Index
751 1496 1072 1573 ineritorut'n
1098 1489 1504 1573 faciat_eyt_:itttet_i
1703 1489 1798 1573 vn,
1821 1508 1869 1544 ε.
1895 1489 2011 1573 21).

482 1562 636 1629 Quod
661 1564 729 1618 de
757 1567 863 1618 line
891 1564 1073 1618 saeculi
1101 1605 1114 1626 ,
1148 1565 1442 1619 novissimo
1477 1566 1680 1633 judicio
1707 1573 1759 1617 et
1787 1562 2016 1631 imperio

412 1634 560 1705 mille
590 1650 877 1705 annorum,
906 1636 1237 1705 periculosas-
1268 1636 1574 1704 opiniones,
1601 1635 1691 1688 lib.
1723 1649 1813 1696 vn,
1841 1647 1893 1705 ο.
1924 1635 2012 1697 lt,

411 1704 502 1770 15,
538 1704 624 1771 16,
658 1707 747 1768 17,
781 1702 921 1768 (διαί
943 1706 1189 1761 inseruit.
1226 1702 1439 1761 Ex'illis
1462 1709 1603 1761 enim
1652 1709 1837 1775 liquet,
1871 1702 2010 1758 Lac-

2122 424 2253 479 bent
2280 439 2363 489 ea,
2398 439 2517 492 qum
2560 424 2611 477 in
2655 417 3048 478 recentioribus
3075 419 3412 492 editionibus
3431 433 3529 488 pro
3557 417 3730 472 Mani-

2121 495 2286 550 chmis
2310 491 2488 566 facere
2516 494 2858 556 videbantur,
2887 502 3114 566 apparet
3136 491 3302 566 indc,_
3326 491 3499 566 hujus
3515 504 3731 559 quoque

2121 566 2357 691 inuetoris
2394 565 2561 622 libros
2608 580 2639 620 a
2681 561 2976 621 Mauicltréo
3005 565 3239 636 quodam
3277 561 3446 618 fuisse
3488 561 3729 630 interpo-

2141 646 2278 691 atos.

2141 646 2278 692 atos.

2649 707 2799 764 Nazvi
2839 708 3205 777 chronologici.

2192 778 2347 845 Quod
2396 779 2580 835 Mosen
2616 781 2901 850 nongentis
2933 782 3045 835 fere
3071 774 3547 850 annis'l‘rojanum
3577 774 3729 831 exci-

2121 850 2267 905 dium
2303 853 2664 906 antecessisse
2693 849 2897 915 scribit,
2929 866 3049 905 cutn
3083 849 3348 904 Eusebius
3379 855 3584 902 tantum
3617 857 3727 902 tre-

2120 933 2308 976 centos
2347 922 2731 992 quinquaginta
2761 931 3029 977 numeret.
3085 921 3191 977 Sed
3232 922 3339 992 haec
3386 919 3729 992 controversia

2121 994 2290 1046 adhuc
2319 991 2392 1047 est
2420 994 2510 1047 sub
2536 994 2725 1054 iudice.
2762 992 2916 1047 Multi
2943 993 3079 1047 enim
3111 991 3344 1062 ejusdem
3370 1000 3489 1044 sunt
3516 991 3726 1061 Opinio-

2121 1068 2200 1119 nis
2225 1080 2286 1117 ac
2306 1062 2627 1118 Lactantius.

2193 1135 2347 1203 Quod
2375 1136 2660 1205 imperium
2689 1151 2875 1206 regum
2901 1134 3268 1190 Israelitarum
3291 1131 3730 1206 annisquadrin-

2120 1207 2298 1277 gentis
2322 1208 2604 1276 sexaginta
2640 1204 2859 1274 desiuit,
2888 1207 3224 1261 doctioribus
3250 1204 3600 1277 chronologis
3630 1218 3730 1257 an-

2122 1275 2220 1333 nos
2251 1275 2571 1349 quingentos
2609 1289 2664 1334 et
2706 1277 3014 1349 quindecim
3047 1276 3454 1333 uumcrantibus
3480 1275 3623 1349 (Lib.
3656 1291 3728 1340 tv,

2118 1365 2165 1403 ε.
2198 1349 2278 1421 5).

2571 1418 2721 1493 Naevi
2749 1420 3092 1493 pltilosOphiri
3114 1430 3239 1493 sunt
3264 1436 3283 1475 :

2191 1490 2344 1559 Quod
2367 1491 2651 1559 antipodes
2676 1488 2795 1546 esse
2824 1488 2982 1561 negat
3014 1490 3151 1563 (Lib.
3182 1508 3260 1555 nt,
3294 1507 3343 1547 ε.
3372 1488 3491 1562 22).

2190 1564 2343 1627 Quod
2372 1564 2514 1618 inter
2544 1563 2677 1617 alias
2718 1559 2918 1617 summi
2956 1559 3084 1617 boni
3126 1559 3464 1618 conditiones
3491 1569 3546 1616 et
3586 1559 3732 1614 hanc

2122 1634 2293 1703 ponit,
2329 1644 2384 1688 ut
2424 1633 2590 1689 solius
2636 1636 2706 1688 sit
2749 1633 2949 1698 animi,
2983 1649 3081 1688 nec
3118 1632 3510 1688 communicari
3558 1634 3730 1700 possit

2119 1720 2241 1759 cum
2269 1719 2500 1774 corpore
2526 1703 2663 1771 (Lib.
2698 1720 2779 1771 ιιι,
2808 1720 2856 1758 c.
2879 1704 2956 1776 9).
2992 1708 3076 1769 At,
3108 1705 3329 1774 inquam
3357 1719 3479 1773 ego,
3508 1704 3553 1757 si
3580 1718 3731 1757 sum-

410 1763 638 1846 tantium
671 1763 856 1832 contra
885 1763 1217 1846 Scripturam
1244 1778 1377 1831 duas
1406 1763 2010 1832 asseruisse'rcs'urrec-
2043 1763 2092 1824 Β
2119 1792 2264 1830 munt
2293 1763 2491 1831 bonum
2531 1763 3074 1845 ltontinis'quteritur,
3108 1763 3269 1828 hoino
3299 1763 3477 1829 autem
3522 1789 3633 1829 non
3666 1789 3729 1828 ex

410 1845 606 1911 tiones,
637 1847 864 1903 alteram
896 1849 962 1902 ad
992 1845 1211 1903 aureum
1243 1849 1498 1903 saeculum
1527 1848 1844 1907 millonarii,
1875 1847 2012 1901 alte-

408 1929 525 1996 rain
553 1917 621 1996 ad
648 1918 1076 1996 destructionem
1095 1919 1291 1996 diaboli
1319 1929 1373 1973 et
1402 1920 1722 1996 impiorum;
1750 1918 1857 1971 duo
1884 1916 2011 1970 item

402 1986 606 2068 judicia
658 1991 1020 2068 universalia._
1058 1991 1252 2068 Liquet
1306 1986 1566 2068 statuiSSe
1604 2004 1753 2068 _eum
1805 1996 2013 2043 tantum

410 2060 551 2131 pios,
581 2076 687 2131 non
716 2072 894 2117 autem
923 2074 975 2117 et
1007 2060 1202 2131 impios
1227 2062 1524 2130 judicatutn
1555 2062 1641 2115 iri.

482 2127 635 2203 Quod
676 2131 909 2203 denique
956 2127 1100 2187 mire
1136 2127 1365 2201 nugatur
1396 2148 1504 2186 non
1544 2133 1719 2187 solum
1755 2130 1824 2185 de
1859 2129 2015 2184 Anti-

408 2198 636 2268 christo,
666 2198 856 2258 verum
896 2204 964 2259 de
1005 2198 1241 2258 adventu
1286 2204 1448 2258 etiam
1480 2204 1646 2258 Helia:
1693 2204 1744 2256 in
1786 2212 2009 2267 terram,

407 2282 743 2345 conversum
774 2276 973 2329 inultos
999 2275 1064 2329 ad
1092 2276 1182 2329 Dei
1209 2275 1410 2330 cultum
1439 2273 1578 2345 (Lib.
1610 2289 1701 2339 vn,
1733 2290 1780 2327 c.
1808 2270 1921 2343 l7).

482 2340 657 2398 Fuere
686 2346 774 2415 qui
823 2346 1204 2400 Manichasismi
1243 2340 1457 2416 quoque
1483 2345 1822 2400 Lactantium
1852 2340 2013 2397 accu-

407 2427 530 2467 sare
577 2430 682 2487 non
726 2416 1130 2472 dubitaverunt.
1166 2416 1270 2473 Sed
1315 2418 1440 2487 quia
1490 2431 1589 2487 nec
1630 2416 2011 2485 Hieronymus,

405 2497 507 2539 nec
530 2485 814 2557 quisquam
846 2490 983 2543 alius
1015 2498 1257 2544 veterum
1287 2484 1430 2543 hunc
1470 2489 1522 2542 in
1548 2484 2015 2544 Lactantio'erro-

410 2645 746 2668 ————~

2118 1849 2232 1901 sola
2263 1849 2472 1910 anima,
2507 1846 2601 1901 sed
2629 1862 2693 1900 ex
2723 1848 2903 1901 anima
2930 1856 2985 1901 et
3013 1860 3243 1916 corpore
3286 1845 3447 1899 simul
3491 1853 3728 1907 constat,

2121 1918 2309 1984 utique
2341 1933 2446 1973 non
2481 1918 2649 1971 solius
2676 1917 2865 1981 animi,
2897 1917 2992 1971 sed
3025 1918 3187 1971 animi
3216 1928 3268 1971 ct
3294 1917 3540 1986 corporis
3569 1916 3730 1969 simul

2118 2002 2388 2044 summum
2421 1991 2619 2044 bonum
2648 1991 2792 2042 erit:
2828 1988 3285 2058 quemadmodum
3326 1986 3728 2058 immortalitas,

2117 2074 2278 2128 quam
2303 2060 2615 2115 Lactantius
2636 2057 2906 2113 summum
2932 2060 3132 2113 bonum
3156 2060 3423 2124 nominat,
3442 2057 3509 2113 ad
3533 2072 3734 2127 corpus

2120 2131 2324 2201 pariter
2352 2142 2407 2186 et
2429 2132 2665 2185 animum
2697 2130 2987 2184 referetur.

2191 2201 2347 2268 Quod
2393 2201 2746 2271 reprehendit
2788 2201 2885 2254 viri
2914 2201 3039 2254 boni
3088 2199 3461 2256 definitionem
3514 2199 3735 2271 Ciceros

2118 2274 2351 2338 nianam,
2396 2270 2499 2341 qua
2548 2274 2747 2326 nemini
2780 2286 2975 2327 nocere
3019 2272 3100 2326 vir
3146 2273 3321 2326 bonus
3362 2271 3583 2334 dicitur,
3634 2270 3733 2325 ιιίςὶ

2118 2345 2311 2412 injuria
2363 2344 2646 2400 laceSsitus
2685 2341 2833 2414 (Lib.
2866 2359 2939 2408 vi,
2970 2360 3017 2397 ο.
3050 2344 3180 2413 18),
3210 2358 3333 2397 cum
3379 2342 3572 2398 Cicero
3623 2356 3732 2396 non

2117 2416 2186 2472 de
2218 2419 2444 2486 privata,
2477 2414 2568 2470 sed
2595 2412 2811 2485 publica
2833 2415 3072 2469 vindicta
3103 2415 3371 2485 loquatur.
3806 2412 3807 2487 ξ

755 2633 3705 2667 W

1066 3050 1189 3133 IN
1247 3045 1789 3157 QU/EDAM
1843 3042 2487 3127 LACTANTII
2561 3042 3076 3137 ERRATA.

1078 3236 1196 3299 EX
1238 3235 1529 3299 CODICE
1575 3231 2145 3297 MANUSCRIPTO
2186 3229 2754 3296 BIBLIOTHECIE
2795 3230 3066 3295 REGle

1236 3417 1901 3476 NUMEBQMDCLXXIII,
1934 3416 2131 3462 INTER
2172 3416 2569 3480 THEOLOGOS,
2598 3419 2907 3466 IN-FOLIO.

524 3593 705 3653 LUCll
744 3592 964 3655 C(ELII
993 3596 1361 3655 LACTANTII
1402 3593 1710 3652 FIRMIANI
1751 3588 2134 3648 lllVINARUM
2172 3587 2708 3646 INSTITUTIONUM
2747 3588 3116 3646 ADVERSUS
3153 3586 3470 3658 GENTES,
3515 3587 3604 3642 AD

1211 3687 1742 3748 CONSTANTINUM
1780 3681 2319 3749 IMPERATOREM,
2360 3683 2571 3739 LIBER
2611 3683 2888 3742 PRIMUS.

400 3967 451 4023 Ε
491 3965 1123 4048 βξρλριχζςῆιιῳυε
1148 3962 1481 4048 -ΡΑσιιΝΑε
1515 3961 1787 4048 13mins
1834 3958 2011 4016 HAEC
2035 3985 2081 4048 ρ

479 4038 675 4095 [Δία]
683 4038 733 4093 Ν
739 4037 835 4093 TU
847 4038 888 4093 R
912 4055 930 4092 :
955 4037 1247 4092 Correctum
1274 4037 1507 4089 volumen
1536 4034 1632 4104 hoc
1648 4035 1804 4104 juxta
1832 4048 2011 4104 censu-

479 4128 592 4165 ram
617 4111 893 4164 admodum
921 4108 1048 4163 Rev.
1084 4107 1258 4161 Patris
1286 4104 1374 4160 Jo.
1401 4103 1456 4159 Μ
1464 4106 1586 4158 ariae
1610 4102 1894 4168 B'rasirltel,
1928 4118 2013 4155 sa-

483 4184 558 4238 cri
606 4180 802 4234 Palatii
851 4189 1017 4247 apost.
1064 4178 1312 4247 magistri,
1356 4192 1491 4230 anno
1523 4175 1678 4247 1607,
1737 4191 1767 4226 a
1814 4189 2010 4247 suntme

475 4254 706 4323 pontiﬁc.
744 4242 913 4305 Paulo
952 4249 996 4304 V
1023 4242 1283 4323 constituti
1306 4289 1320 4311 ,
1352 4246 1833 4323 ordinis_l"i'atruiti
1863 4242 2011 4297 Prw-

473 4315 758 4379 dicatorum
788 4323 1041 4393 generalis
1071 4321 1236 4393 electi,
1266 4335 1401 4393 anno
1433 4317 1594 4393 1608,
1625 4315 1867 4393 atquein
1899 4331 2009 4393 ani-

472 4397 703 4466 piissimo
725 4386 1072 4450 cardinalitia:
1092 4391 1356 4462 dignitatis
1378 4389 1543 4460 gradu
1571 4403 1707 4441 anno
1738 4387 1872 4441 1611
1902 4386 2009 4440 col-

469 4470 578 4523 lati.

394 4584 630 4641 PORRO
653 4584 748 4639 AD
775 4578 1140 4639 MARGINEM
1165 4575 1327 4634 HEC
1355 4574 1567 4631 INFRA
1589 4571 1998 4630 LEGUNTUR:

469 4742 547 4796 De
598 4738 877 4794 Lactantio
916 4736 1194 4792 Firmiauo
1238 4734 1391 4804 plura
1438 4733 1496 4790 8.
1538 4732 1900 4804 Hieronymus
1944 4733 1998 4787 in

470 4750 547 4796 De
598 4750 877 4794 Lactantio
917 4750 1194 4792 r'trmtano
1228 4750 1391 4860 {plura
1438 4750 1496 4790 8.
1539 4750 1900 4804 Hieronymus
1944 4750 1997 4787 tn

393 4810 652 4879 Catalogo
680 4820 731 4864 et
756 4806 1228 4879 epistola785,adb
1253 4821 1472 4876 agnum,
1491 4821 1653 4876 quem
1685 4804 1909 4879 mirifice
1929 4804 1997 4859 ab

391 4878 701 4953 eloquentia
728 4879 936 4953 laudat.
964 4878 1232 4953 Czeterum
1273 4893 1343 4953 ne
1384 4879 1659 4953 contingat
1687 4878 1993 4946 quempiam

393 4956 447 5008 in
475 4948 740 5008 Lactantii
769 4965 992 5019 operum
1019 4951 1298 5004 lectionem
1324 4948 1638 5018 impingere,
1657 4961 1991 5019 prtemoueno

392 5024 494 5079 dus
521 5025 714 5085 lector,
745 5017 903 5090 quam
934 5021 1037 5089 ipsi
1069 5022 1460 5089 circumspecte
1487 5017 1542 5074 et
1568 5017 1993 5090 suspensoﬁpede

388 5092 445 5150 in
477 5089 857 5165 pervolvendis
885 5092 1128 5162 ejusdem
1155 5092 1389 5165 auctoris
1432 5091 1651 5165 scriptis
1690 5089 1991 5165 sit._E_tn_n-

389 5158 514 5221 dem
535 5164 592 5220 S.
621 5164 885 5218 Damasus
909 5158 1163 5217 romanus
1184 5162 1419 5232 pontifex
1443 5158 1666 5230 epistola
1688 5159 1753 5213 ad
1777 5158 1834 5215 S.
1862 5158 1992 5232 Hie-

388 5249 698 5308 ronymum,
738 5248 859 5308 qua:
889 5244 971 5288 est
1015 5233 1118 5308 124
1165 5230 1303 5308 inter
1349 5233 1678 5308 Hieronymi
1705 5230 1984 5308 epistolas,

392 5300 513 5361 haec
539 5306 651 5359 ait:
688 5323 712 5376 (7
745 5300 941 5376 Fateor
963 5306 1167 5376 quippe
1195 5305 1304 5376 tibi
1334 5300 1625 5376 eos,_qu'os
1660 5300 1985 5376 jampridem

387 5376 656 5433 Lactantii
684 5375 911 5431 dederas
940 5372 1125 5443 libros,
1159 5375 1279 5430 ideo
1306 5389 1413 5428 non
1444 5372 1673 5427 libenter
1696 5373 1835 5441 lego,
1861 5372 1986 5441 quia

385 5459 443 5504 et
493 5446 735 5517 plurimae
777 5447 1019 5515 epistolae
1061 5449 1112 5502 in
1157 5446 1448 5517 eisiusque
1486 5443 1560 5517 ad_
1600 5443 1765 5497 millia
1813 5443 1983 5517 spatia

383 5513 637 5575 versuum
669 5513 982 5587 tenduntur,
1005 5528 1058 5573 et
1083 5532 1209 5573 raro
1234 5516 1301 5572 de
1322 5513 1508 5587 nostro
1529 5513 1779 5587 dogmate
1801 5515 1986 5584 dispu-

383 5600 517 5647 tant.
550 5590 669 5657 Quo
698 5590 785 5657 fit,
811 5601 866 5644 ut
891 5602 946 5645 et
966 5586 1179 5658 legenti
1209 5586 1478 5658 fastidium
1504 5594 1725 5658 generet
1752 5586 1984 5658 longitu-

383 5662 483 5725 do;
515 5656 651 5717 et’si
697 5656 816 5731 qua:
860 5656 1051 5715 brevia
1086 5670 1242 5731 sunt,
1282 5656 1619 5731 scholasticis
1667 5657 1834 5731 magis
1874 5657 1984 5711 sint

382 5744 506 5801 apta
528 5775 542 5799 ,
574 5727 734 5802 quam
774 5731 961 5796 nobis,
992 5732 1060 5802 de
1090 5729 1308 5799 metris,
1328 5737 1396 5785 ‘ct
1435 5727 1717 5799 regionum
1756 5728 1894 5798 situ,
1924 5734 1982 5783 et

378 5801 715 5875 philosophis
741 5801 1092 5875 disputantia.
1125 5817 1146 5854 ι

2190 3959 2315 4013 llaec
2343 3957 2402 4014 8.
2433 3957 2728 4029 Damasus:
2759 3957 2853 4013 sed
2879 3956 3005 4013 etS.
3037 3956 3419 4029 Hieronymus,
3442 3957 3605 4024 epist.
3630 3961 3724 4021 15,
3806 3968 3807 4019 l

2117 4029 2185 4084 ad
2224 4029 2501 4084 Paulinum
2533 4028 2741 4091 inquit:
2777 4047 2795 4079 ‹
2836 4029 3146 4084 Lactantius
3176 4028 3326 4099 quasi
3373 4029 3592 4098 quidam
3623 4030 3726 4083 flu-

2116 4101 2236 4155 vius
2264 4099 2587 4170 eloquentia:
2615 4098 2898 4161 Tullianae,
2929 4101 3132 4154 utinam
3165 4110 3271 4154 tam
3303 4111 3489 4154 nostra
3521 4103 3726 4155 contir-

2116 4187 2264 4226 mare
2284 4172 2566 4240 potuisset,
2584 4184 2741 4238 quam
2760 4171 2915 4225 facile
2935 4171 3111 4226 aliena
3133 4171 3428 4226 destruxit!
3460 4190 3479 4222 ι
3510 4170 3577 4225 Ει
3595 4173 3631 4225 Ι.
3663 4188 3721 4237 ιι,

2112 4242 2165 4297 in
2198 4242 2492 4311 Epistolam
2523 4240 2590 4295 ad
2621 4240 2838 4297 Galatas
2863 4257 2982 4312 cap.
3008 4257 3081 4307 ιν,
3114 4243 3226 4295 ait:
3258 4259 3277 4292 ι
3312 4242 3461 4295 Multi
3493 4256 3591 4311 per
3616 4243 3728 4297 ini-

2113 4314 2358 4382 peritiam
2387 4312 2784 4385 scripturarum
2815 4312 2980 4385 (quod
3012 4322 3068 4367 et
3099 4312 3403 4385 Firmianus
3444 4314 3497 4366 in
3526 4325 3725 4369 octaxo

2109 4385 2176 4438 ad
2229 4384 2622 4439 Demetrianum
2674 4383 3020 4452 epistularum
3067 4385 3203 4438 libro
3254 4383 3422 4451 facit)
3467 4398 3726 4440 asserunt

2108 4454 2365 4526 Spiritum
2398 4465 2663 4517 sanctum,
2695 4469 2846 4526 saepe
2871 4455 3109 4526 Patrem,
3140 4470 3285 4526 sche
3312 4453 3510 4509 Filium
3542 4459 3725 4511 nomi-

2107 4525 2244 4582 nari.
2294 4546 2315 4580 ι
2359 4526 2591 4597 Rursum
2625 4525 2883 4597 Apologia
2913 4525 3423 4597 adiPammachium
3451 4535 3509 4581 et
3537 4526 3721 4581 Ocea-

2107 4612 2233 4651 num
2262 4597 2469 4668 iuquit;
2505 4614 2534 4668 r
2559 4595 2869 4651 Lactantius
2894 4598 2945 4651 itt
2975 4595 3128 4651 libris
3153 4596 3286 4665 suis,
3310 4607 3364 4651 et
3396 4598 3632 4653 maxime
3663 4599 3718 4654 in

2103 4667 2346 4738 epistolis
2395 4667 2462 4721 ad
2516 4667 2948 4734 Demetrianum,
2994 4668 3228 4736 Spiritus
3272 4668 3444 4722 sancti
3487 4668 3719 4723 omnino

2102 4750 2265 4811 negat
2311 4739 2664 4811 substantiam
2711 4748 2767 4811 et
2790 4755 2995 4811 errore
3020 4739 3239 4808 judaico
3286 4739 3434 4811 dicit,
3471 4753 3599 4793 eum
3642 4742 3717 4795 ad

2102 4809 2315 4866 Pairem
2339 4811 2548 4873 referri,
2579 4810 2660 4863 vel
2692 4810 2757 4863 ad
2788 4809 3012 4876 Filium;
3043 4820 3097 4865 et
3122 4811 3187 4865 ad
3219 4809 3716 4866 sanctiticatiouem

2099 4886 2382 4951 utriusque
2428 4881 2677 4935 Personre
2728 4880 2830 4935 sub
2876 4882 2991 4950 ejus
3043 4884 3262 4936 nomine
3315 4884 3715 4937 demonstrari.

2097 4953 2229 5021 Quis
2257 4952 2388 5009 mihi
2417 4952 2741 5023 interdicere
2784 4961 2981 5020 potest,
3023 4967 3090 5007 ne
3129 4953 3300 5022 legam
3338 4954 3457 5023 ejus
3490 4951 3717 5008 Institu-

2099 5027 2302 5078 tionum
2342 5024 2533 5085 libros,
2574 5021 2768 5090 quibus
2808 5032 2995 5076 contra
3029 5021 3219 5092 gentes
3262 5021 3482 5090 scripsit
3524 5025 3715 5080 fortis-

2094 5095 2254 5157 sime,
2284 5094 2407 5164 quia
2435 5094 2685 5162 superior
2713 5094 2979 5149 sententia
3008 5094 3325 5151 detestanda
3356 5096 3477 5151 est?
3503 5117 3523 5150 ι
3559 5095 3712 5153 Hac-

2096 5173 2252 5221 tenus
2276 5165 2333 5221 S.
2366 5165 2748 5234 Hieronymus.

2166 5236 2227 5291 8.
2260 5235 2507 5292 Gelasius
2553 5234 2888 5306 ingconcilio
2932 5249 3160 5291 romano
3207 5236 3287 5292 sic
3337 5239 3708 5306 pronuntiat:

2091 5305 2356 5376 Opuscula
2384 5304 2647 5361 Lactantii
2681 5305 3022 5378 apocrypha.
3056 5307 3133 5362 lta
3173 5322 3304 5363 sane
3334 5304 3392 5363 S.
3424 5308 3703 5376 Pontifex,

2089 5375 2237 5448 gravi
2265 5389 2585 5447 maturoque
2600 5375 2805 5445 judicio
2828 5375 3058 5432 censuit.
3086 5378 3217 5433 Nam
3247 5379 3304 5433 in
3332 5379 3414 5432 Itis
3454 5375 3696 5435 Lactaué

2091 5450 2148 5504 tii
2189 5449 2448 5521 operibus
2476 5448 2799 5521 multiplices
2840 5462 3056 5521 errores
3083 5459 3139 5503 et
3164 5451 3449 5505 sententia:
3484 5467 3516 5506 a
3545 5455 3699 5521 puri-

2088 5527 2198 5575 tate
2224 5520 2542 5574 orthodoxaa
2581 5518 2840 5573 doctrinm
2879 5519 3270 5587 discrepantes.
3314 5521 3517 5576 Earum
3547 5518 3699 5579 iudi-

2086 5605 2203 5646 cem
2232 5590 2783 5661 magisterAntonius
2808 5590 3109 5661 Haudensis
3138 5591 3202 5661 ad
3231 5590 3507 5661 ﬁnemque
3540 5594 3707 5650 libro.

2085 5677 2206 5717 rum
2245 5659 2508 5717 Lactantii
2541 5660 2784 5715 attexuit.
2820 5659 3019 5715 Verum
3058 5671 3112 5716 et
3150 5659 3444 5717 Francisco
3488 5664 3704 5722 Pltilel-

2084 5732 2194 5803 pho
2214 5732 2307 5789 lib.
2334 5731 2791 5810 tv_Epis_tolarum,
2816 5743 2871 5786 et
2899 5733 3080 5810 multis
3102 5733 3330 5810 eruditis
3356 5734 3533 5790 visum
3558 5736 3700 5810 (est)

2084 5802 2347 5862 censuras
2389 5802 2690 5860 Haudensis
2736 5802 2790 5859 in
2833 5802 3154 5874 quibusdam
3187 5803 3413 5861 nimium
3445 5802 3696 5877 atroces;
