3838 6278
186 389 291 447 115

1248 393 1456 451 LIBER
1493 394 1538 450 Ι.
1579 394 1670 452 DE
1707 393 1927 453 FALSA
1973 394 2362 455 RELIGIONE.

3380 402 3481 463 1M

183 505 382 574 valuit,
411 513 473 561 ut
499 505 553 562 in
582 506 695 577 ipsa
725 520 847 565 esse
873 508 1070 566 summi
1095 507 1222 566 boni
1265 513 1545 582 praemium
1577 512 1771 583 praedi-
1800 523 1855 584 Α
1880 512 2093 583 oifensi,
2126 513 2225 571 hac
2252 515 2456 572 deliniti
2486 516 2731 574 feruntur
2756 517 2807 574 iii
2837 533 3097 591 prmceps,
3128 529 3182 578 et
3211 520 3478 579 bonorum

183 606 384 656 carent.
414 598 522 655 Sed
552 614 728 671 neque
756 600 937 671 adepti
966 611 1093 658 sunt
1128 603 1182 659 id
1223 605 1363 676 quod
1388 604 1643 662 volebant
1673 623 1687 660 :
1722 615 1779 663 et

186 709 401 766 Operam
444 694 607 750 simul
649 703 811 766 atque
859 695 1175 752 industriam
1223 697 1607 768 perdiderunt;
1652 699 1773 771 quia

183 786 401 854 veritas,
433 786 486 842 id
517 798 600 843 est
628 802 885 844 arcanum
917 789 1113 844 suromi
1146 790 1260 856 Dei,
1293 791 1382 862 qui
1412 790 1538 846 fecit
1560 792 1774 861 omnia,

183 878 395 951 ingenio
420 894 486 936 ae
505 881 740 952 pr0priis
765 896 871 937 non
896 891 1069 952 potest
1088 884 1335 939 sensibus
1352 883 1736 955 comprehendi
1758 903 1773 942 :

179 970 378 1042 alioqui
425 972 559 1027 nihil
607 973 747 1028 inter
791 973 958 1030 Deum
1005 973 1388 1047 hominemque
1430 977 1685 1041 distaret,
1727 977 1772 1033 si

177 1065 402 1120 consilia
432 1074 488 1120 et
517 1064 900 1136 dispositiones
930 1067 1077 1123 illius
1105 1068 1406 1139 majestatis
1434 1080 1653 1126 internae
1681 1085 1777 1127 eo-

107 1156 148 1212 'l
173 1156 366 1228 gitatio
414 1168 795 1230 assequeretur
845 1160 1100 1217 humana.
1142 1161 1298 1230 Quod
1339 1164 1463 1235 quia
1507 1162 1623 1221 ﬁeri
1664 1181 1771 1221 non

172 1252 378 1322 putuit,
406 1261 467 1309 ut
506 1253 709 1310 homini
753 1270 850 1326 per
888 1256 1123 1325 seipsum
1168 1259 1309 1314 ratio
1347 1258 1527 1314 divitia
1557 1260 1772 1317 innote-

168 1354 368 1411 sceret,
395 1360 503 1400 uon
533 1355 618 1402 est
645 1362 836 1416 passus
866 1346 1138 1406 hominem
1170 1349 1314 1407 Deus
1354 1352 1533 1408 lumen
1554 1354 1772 1424 sapien-

166 1436 259 1492 tia:
298 1439 669 1508 requirentem
698 1440 904 1498 diutius
930 1458 1152 1513 errare,
1194 1459 1257 1500 ac
1286 1445 1408 1501 sine
1435 1446 1544 1501 ullo
1572 1446 1772 1503 laboris

163 1527 367 1585 ell'ectu
407 1531 591 1603 vagari
638 1548 736 1603 per
779 1534 1035 1591 tenebras
1080 1536 1510 1605 inextricabiles;
1561 1540 1772 1608 aperuit

159 1624 361 1680 oculos
406 1624 523 1695 ejus
570 1626 893 1697 aliquando.
925 1639 978 1685 et
1004 1631 1276 1686 notionem
1307 1631 1546 1687 veritatis
1576 1648 1769 1689 munus

157 1729 324 1771 suum
357 1716 482 1773 fecit
510 1735 523 1771 :
556 1727 614 1773 ut
647 1729 703 1775 et
732 1719 1019 1776 humanam
1056 1723 1375 1793 sapientiam
1418 1724 1615 1779 nullam
1647 1741 1769 1782 esse

157 1819 525 1878 monstraret,
556 1820 611 1866 et
650 1813 857 1868 erranti
903 1828 967 1869 ac
1008 1828 1142 1886 vago
1184 1815 1326 1871 viam
1373 1818 1766 1890 consequeiidae

153 1901 583 1959 immortalitatis
611 1906 945 1964 ostenderet.
1181 1972 1193 1983 .

224 1993 432 2050 Verum
460 1997 714 2067 quoniam
748 1999 901 2069 pauci
946 2007 1170 2055 utuntur
1211 1999 1315 2056 hoc
1357 2002 1760 2061 ctelestibene-

153 2084 277 2141 ficio
317 2101 384 2142 ac
423 2102 681 2155 munere;
715 2089 856 2159 quod
901 2090 1152 2147 obvoluta
1195 2092 1248 2146 in
1288 2093 1522 2149 obscuro
1558 2097 1759 2153 veritas

149 2180 315 2248 latet;
345 2197 522 2254 eaque
562 2184 649 2240 vel
689 2186 1022 2256 contemptui
1063 2184 1237 2242 doctis
1264 2196 1369 2255 est,
1397 2189 1520 2260 quia
1551 2190 1759 2246 idoneis

146 2275 516 2331 assertoribus
542 2285 702 2348 eget,
732 2277 821 2333 vel
847 2278 973 2334 odio
1000 2278 1232 2336 indoctis
1252 2323 1267 2347 ,
1302 2280 1372 2337 ob
1412 2282 1625 2337 insitam
1655 2283 1757 2339 sibi

144 2369 543 2438 austeritatem,
576 2387 735 2442 quam
766 2381 960 2429 natura
982 2373 1259 2430 hominum
1279 2376 1532 2445 proclivis
1549 2378 1600 2432 in
1623 2379 1750 2433 vitia

145 2460 253 2532 pati
275 2476 381 2517 non
430 2472 613 2534 potest
654 2463 815 2537 (nam
842 2466 965 2537 quia
987 2467 1275 2523 virtutibus
1304 2469 1608 2526 amaritudo
1630 2486 1750 2541 per-

145 2552 309 2609 mixta
358 2563 468 2625 est,
503 2555 631 2612 vitia
673 2572 805 2613 vero
853 2557 1131 2630 voluptate
1180 2557 1394 2616 condita
1446 2568 1603 2629 sunt;
1653 2561 1748 2619 illa

1878 606 2061 675 specie
2123 606 2275 676 falsi,
2328 610 2466 665 mala
2522 625 2621 681 pro
2670 612 2823 666 bonis
2877 612 3310 687 amplectuntur)
3353 629 3479 672 suc-

1877 698 2200 754 currendum
2230 715 2352 757 esse
2379 703 2459 757 his
2502 704 2784 759 erroribus
2837 705 3039 761 credidi
3072 723 3085 758 :
3127 716 3187 762 ut
3232 713 3289 762 et
3330 706 3478 764 docti

1877 792 1943 847 ad
1972 809 2152 849 veram
2177 796 2499 866 sapientiam
2528 797 2828 869 dirigantur
2853 808 2909 854 et
2942 798 3143 856 indocti
3183 800 3250 856 ad
3290 816 3475 857 veram

1875 887 2207 958 religionem.
2238 888 2391 957 ‘Qua:
2447 889 2710 959 professio
2756 891 2927 947 multo
2976 892 3196 958 melior,
3257 894 3474 961 utilior,

1874 980 2163 1051 gloriosior
2187 983 2419 1051 putanda
2448 994 2553 1051 est,
2580 999 2739 1056 quam
2772 985 2862 1040 illa
2891 987 3146 1051 oratoria,
3172 987 3224 1040 in
3253 1003 3356 1057 qua
3379 987 3474 1043 diu
3506 1009 3525 1016 υ

1874 1073 2108 1140 versati,
2138 1088 2245 1129 non
2269 1075 2335 1130 ad
2368 1076 2618 1131 virtutem
2641 1117 2655 1139 ,
2680 1078 2773 1132 sed
2806 1078 2966 1149 plane
2994 1078 3061 1133 ad
3089 1088 3330 1148 argutam
3357 1096 3475 1137 ma-

1873 1167 2041 1223 litiam
2077 1167 2306 1237 juvenes
2344 1169 2743 1225 erudiebamus.
2776 1170 2944 1225 Multo
2973 1171 3172 1243 quippe
3200 1189 3343 1229 nunc
3381 1190 3473 1229 re-

1872 1258 2014 1315 ctius
2041 1258 2109 1314 de
2140 1262 2424 1331 praeceptis
2453 1262 2766 1317 coelestibus
2793 1262 3145 1332 disseremus,
3181 1267 3375 1335 quibus
3404 1266 3474 1322 ad

1872 1355 2074 1409 cultum
2116 1369 2260 1410 verte
2295 1355 2593 1425 majestatis
2639 1366 2850 1412 mentes
2889 1356 3164 1413 hominum
3202 1358 3476 1415 instruere

1872 1448 2144 1518 possimus
2175 1466 2188 1502 :
2217 1463 2318 1503 nec
2346 1458 2452 1503 tam
2481 1448 2550 1504 de
2578 1450 2741 1504 rebus
2769 1448 3017 1504 humanis
3045 1452 3184 1506 bene
3210 1466 3473 1518 meretur,

1871 1539 1961 1608 qui
1990 1539 2269 1595 scientiam
2298 1539 2440 1596 bene
2465 1539 2681 1596 dicendi
2703 1541 2880 1609 affert,
2900 1557 3060 1613 quam
3088 1544 3176 1613 qui
3200 1545 3287 1614 pie
3308 1554 3472 1615 atque

1871 1632 2194 1689 innocenter
2235 1633 2397 1690 docet
2435 1633 2618 1690 vivere
2651 1652 2665 1688 :
2697 1634 2897 1691 idcirco
2935 1636 3074 1705 apud
3106 1635 3325 1692 Graecos
3353 1652 3474 1691 ma-

1866 1724 1987 1797 jore
2016 1727 2066 1782 in
2098 1727 2265 1798 gloria
2297 1727 2635 1799 philosophi,
2665 1743 2825 1798 quam
2849 1737 3093 1784 oratores
3120 1726 3356 1784 fuerunt.
3386 1729 3470 1785 Illi

1869 1821 2013 1877 enim
2059 1832 2206 1878 recte
2249 1822 2468 1877 vivendi
2510 1822 2762 1878 doctores
2804 1830 2929 1876 sunt
2954 1822 3243 1877 existimati
3274 1840 3289 1876 :
3323 1820 3470 1891 quod

1786 1920 1836 1981 B
1862 1924 1947 1970 est
1995 1914 2155 1985 longe
2204 1914 2606 1984 praestabilius:
2646 1915 2897 1985 quoniam
2945 1913 3084 1969 bene
3129 1912 3312 1968 dicere
3338 1955 3354 1980 ,
3398 1912 3507 1979 ad,

1862 2022 2060 2079 paucos
2113 2009 2378 2079 pertinet,
2407 2008 2543 2064 bene
2581 2017 2758 2063 autem
2788 2008 2972 2064 vivere
2998 2007 3066 2063 ad
3088 2022 3299 2063 omnes.
3330 2007 3467 2061 illul-

1860 2109 1974 2155 tum
2006 2110 2179 2156 tamen
2209 2100 2364 2155 nobis
2393 2100 2711 2156 exercitatio
2735 2099 2823 2155 illa
2855 2099 3101 2155 ﬁctarum
3129 2099 3302 2154 litium
3331 2112 3464 2154 con-

1861 2192 2007 2259 tulit,
2034 2201 2093 2248 ut
2134 2208 2276 2248 nunc
2305 2191 2511 2264 majore
2538 2192 2692 2262 copia
2733 2200 2788 2247 et
2813 2190 3065 2247 facultate
3091 2190 3305 2247 dicendi
3330 2205 3464 2245 cau-

1859 2299 1975 2341 sam
2009 2285 2247 2341 veritatis
2276 2298 2589 2356 peroremus
2619 2301 2633 2337 :
2665 2299 2785 2355 quae
2816 2283 2940 2339 licet
2979 2283 3153 2354 possit
3188 2282 3307 2338 sine
3340 2282 3462 2338 elo-

1858 2378 2075 2450 quentia
2100 2376 2339 2446 defendi,
2368 2387 2426 2432 ut
2453 2386 2535 2432 est
2556 2391 2587 2432 a
2611 2376 2790 2431 multis
2817 2392 2960 2447 saepe
2981 2374 3203 2432 defensa
3231 2393 3246 2442 ;
3277 2385 3461 2431 tamen

1855 2470 2098 2526 claritate
2157 2485 2221 2526 ac
2274 2470 2449 2525 nitore
2497 2468 2764 2525 sermonis
2815 2468 3165 2533 illustranda,
3224 2476 3280 2524 et
3321 2483 3461 2539 quo-

1856 2562 2147 2619 dummodo
2173 2561 2486 2619 disserenda
2536 2570 2658 2629 est,
2707 2569 2766 2615 ut
2814 2559 3087 2631 potentius
3154 2559 3206 2614 in
3251 2558 3462 2615 animos

1468 2675 1831 2736 VARIORUM
1870 2677 2103 2734 ΝΟΤιΕ.

218 2762 591 2822 Prwdicarent.
617 2767 694 2822 Ita
725 2767 936 2823 restitui
959 2783 1023 2824 ex
1050 2783 1183 2825 mss.
1210 2769 1488 2825 codicibus
1513 2786 1577 2825 ac
1596 2782 1747 2827 vete-

148 2836 291 2911 ribus
305 2838 464 2911 editis
497 2838 680 2911 Rom.,
706 2839 852 2907 Ald.,
872 2840 1072 2904 Paris.,
1094 2840 1256 2906 1525;
1279 2841 1421 2909 quod
1441 2842 1594 2911 juxta
1616 2840 1744 2898 Cel-

147 2907 331 2981 larium
359 2909 643 2966 efficacius
669 2919 755 2966 est
781 2911 1035 2965 nciaiidaa
1068 2907 1511 2981 philosophorum
1547 2914 1750 2981 iactan-

150 2980 265 3053 tiaz,
296 2997 455 3049 quam
480 2980 780 3053 jiidiearent
810 2982 953 3053 quod
983 2992 1067 3038 est
1096 2982 1147 3037 in
1187 2980 1574 3039 recentissimis
1612 3000 1744 3042 mss.

151 3050 493 3124 Etiimaniiel.
523 3064 571 3108 et
603 3050 917 3124 Cantabrig.
950 3063 1005 3108 et
1030 3054 1083 3109 in
1125 3054 1286 3110 editis
1327 3056 1654 3111 recentibus.
1689 3057 1745 3112 In

150 3122 458 3193 quibusdam
513 3124 673 3181 editis
717 3122 934 3195 legitur,
967 3134 1021 3180 ut
1063 3126 1117 3179 in
1155 3142 1213 3180 ea
1244 3142 1394 3181 omne
1417 3128 1604 3182 summi
1630 3130 1748 3183 boni

152 3197 506 3263 prtedicarenl.

227 3264 441 3340 Veritas,
474 3267 536 3340 id
563 3276 637 3323 est
665 3284 929 3322 arcanum.
946 3268 1024 3323 De
1046 3268 1148 3323 hoc
1172 3268 1400 3338 quaistio
1421 3269 1523 3325 erit
1542 3269 1638 3326 lib.
1661 3286 1739 3340 iv,

150 3338 232 3409 qui
256 3350 333 3393 est
359 3340 426 3394 de
457 3339 599 3394 Vera
631 3340 916 3407 sapientia.

217 3409 410 3486 Samnii
426 3409 555 3465 Dei.
584 3410 733 3468 Hanc
757 3411 1083 3467 locutionem
1105 3410 1314 3468 centies
1334 3413 1574 3484 reperies
1595 3413 1739 3486 apud

149 3478 499 3538 Lactatitium.

225 3553 433 3610 Veritas.
444 3593 456 3605 .
467 3594 482 3608 .

222 3622 607 3693 Dispositiones.
649 3622 774 3681 'Pro
831 3625 1067 3691 decreta;
1124 3625 1250 3681 hinc
1307 3626 1619 3683 Lactantius
1685 3628 1737 3682 in

150 3693 419 3751 Erasmico
445 3698 807 3753 Ciceroniano
847 3707 1085 3763 notatur,
1113 3697 1258 3764 quod
1289 3699 1611 3753 vocabulum
1640 3698 1733 3753 de-

149 3777 282 3819 creta
336 3767 417 3823 liic
459 3785 570 3823 non
616 3768 947 3823 adhibuerit.
975 3798 1043 3809 -—
1086 3765 1478 3838 Dispositiones.
1511 3769 1738 3823 Notatur

147 3846 325 3892 uoster
352 3839 417 3893 ab
460 3840 695 3895 Erasmo
724 3840 774 3893 iii
806 3839 1181 3895 Ciceroniano.
1209 3840 1349 3908 quod
1381 3840 1737 3909 dispositiones

145 3922 239 3976 pro
264 3909 468 3965 decretis
488 3910 1067 3966 dixeril.Viiidicziintis
1083 3925 1146 3965 ex
1167 3909 1500 3965 Tertulliano
1517 3912 1580 3963 ad
1601 3911 1736 3965 Lac-

147 3988 271 4051 tant.
301 3980 391 4035 lili.
420 3998 478 4046 ιι,
503 3998 629 4051 cap.
666 3982 752 4038 16.
782 3980 939 4037 Conf.
973 3981 1066 4036 lib.
1093 3998 1187 4047 vn,
1215 3995 1336 4049 cap.
1369 3982 1423 4037 5.
1449 3982 1730 4037 ΒυΝΕΙίΛΝ.

210 4049 685 4108 Ιηιιοιεεεενειίίιει
719 4070 849 4109 mss.
891 4053 1170 4123 Anglicani
1216 4062 1270 4107 et
1310 4052 1500 4123 Aldina
1530 4054 1728 4120 editio;

144 4123 255 4178 alia:
283 4126 528 4193 quaedam
564 4125 792 4189 habent,
822 4122 1116 4184 notesceret.
1146 4124 1242 4180 sed
1270 4125 1448 4193 minus
1479 4122 1636 4179 bene.
1660 4154 1734 4165 ——

145 4193 499 4267 innotesceret.
525 4196 619 4252 Sic
639 4196 829 4259 Toru.,
847 4197 1069 4267 Gyiuii.,
1090 4195 1306 4257 Parrh..
1336 4192 1485 4250 Crat.
1509 4197 1732 4267 omnino

145 4263 197 4320 li.
246 4267 280 4321 1.
331 4271 634 4322 sonantius.
691 4272 760 4321 At
808 4263 1077 4322 notesceret
1120 4268 1317 4322 habent
1371 4283 1493 4321 cum
1539 4266 1726 4332 (30th.,

145 4334 389 4403 Reimm.,
420 4339 573 4409 Lips.
615 4337 900 4409 adoram,
947 4337 1166 4409 Thom;
1207 4339 1318 4394 fere
1361 4354 1554 4393 omnes
1600 4338 1725 4393 edd.

146 4409 398 4477 atitiqitze,
441 4407 622 4475 Siibl.,
674 4407 810 4464 Veii.
859 4408 1021 4476 1472,
1063 4409 1226 4471 M97,
1262 4418 1318 4465 et
1345 4409 1517 4464 Paris.
1552 4410 1727 4466 1515ε

149 4480 348 4549 praefert
385 4480 995 4551 quoquellettmantius.
1031 4479 1277 4551 Occurrit
1316 4482 1604 4550 aliquoties
1630 4481 1725 4537 lib.

147 4561 349 4622 iv,_gap.
381 4552 473 4613 26,
501 4550 555 4608 et
586 4553 640 4607 in
667 4552 914 4622 Epitome
941 4567 1013 4606 ex
1043 4565 1143 4605 ius.
1176 4550 1339 4607 Taur.
1369 4552 1650 4607 Bassum.

211 4619 411 4677 Errare.
444 4623 537 4679 Sic
573 4638 695 4678 cuui
716 4619 867 4679 edit.
910 4623 1067 4677 Rom.
1096 4637 1284 4677 omnes
1313 4638 1442 4678 mss.
1479 4626 1722 4693 praeter!

147 4687 489 4761 Reg.etedd.
539 4711 649 4751 rec.
700 4696 751 4750 iti
803 4694 998 4764 quibus
1043 4695 1437 4764 cst,roberrare.
1480 4687 1569 4735 '—
1620 4695 1727 4751 Re-

145 4773 263 4831 guat
294 4763 342 4819 in
372 4767 623 4821 omnibus
649 4766 774 4821 edd.
804 4763 1069 4830 aberrare;
1088 4763 1208 4829 quia
1229 4779 1357 4819 vero
1379 4765 1480 4818 lioc
1505 4765 1732 4822 Lactan-

145 4834 295 4908 tiert
323 4838 438 4892 aliis
469 4847 556 4893 est
584 4839 721 4893 circa
746 4836 946 4908 aliquid
975 4852 1166 4901 errare,
1192 4843 1251 4890 iit
1277 4847 1405 4908 noto
1438 4835 1507 4890 ad
1553 4836 1643 4893 lib.
1667 4854 1728 4905 ιι,

144 4919 189 4958 c.
216 4904 267 4965 2,
294 4909 522 4975 prmfero
547 4925 757 4965 errare:
779 4904 1024 4979 sequitur
1046 4908 1272 4963 erranti:
1289 4907 1451 4962 etiam
1468 4904 1728 4976 Reiuim.,

147 4991 322 5033 errare.
351 4979 631 5036 Bassum.

215 5047 419 5108 Laboris
446 5052 652 5117 e/fectu.
689 5051 849 5108 Certe
879 5066 986 5106 non
1016 5064 1153 5119 Opus
1190 5066 1220 5105 a
1261 5064 1528 5106 consensu
1574 5048 1727 5104 codi-

147 5132 275 5185 cum,
293 5124 446 5178 etiam
474 5123 676 5189 Reim.,
704 5124 872 5179 abire.
907 5123 1104 5178 lterum
1133 5121 1283 5176 Lact.
1312 5121 1405 5175 lib.
1432 5136 1507 5188 iii,
1532 5135 1650 5189 cap.
1673 5122 1723 5187 l,

147 5191 435 5250 voluntatem
462 5213 567 5250 non
593 5205 794 5249 secutus
839 5194 1062 5262 effectus.
1096 5193 1302 5249 Seneca
1329 5193 1397 5262 de
1426 5191 1724 5261 'l‘ranquill.

148 5274 257 5333 ca_p.
290 5267 375 5329 11,
404 5267 492 5321 liii.
522 5286 535 5321 :
562 5264 649 5321 Ne
674 5276 763 5320 aut
796 5261 939 5320 labor
963 5265 1138 5319 irritus
1160 5263 1277 5320 sine
1302 5261 1496 5320 effectu
1521 5265 1609 5333 sit,
1638 5272 1727 5318 aut

147 5328 355 5408 elluatus
380 5337 551 5393 labore
572 5338 839 5408 indignus.
868 5336 1144 5393 Bormum.

216 5401 477 5462 Notionem
516 5401 742 5463 veri/aiis
782 5425 963 5480 manus
1006 5424 1152 5462 suum
1196 5407 1334 5480 fecit.
1364 5404 1420 5461 Id
1460 5412 1577 5471 est,
1609 5405 1725 5476 ipse

152 5470 283 5555 petis
329 5480 489 5555 voluit
531 5480 676 5555 fungi
723 5480 904 5555 olticio
928 5470 1207 5555 doctoris;
1230 5480 1510 5555 veritatem
1540 5470 1720 5555 notam

148 5542 398 5618 iaciendo.
438 5548 551 5618 Ipsi
584 5542 715 5606 enim
736 5551 835 5606 soli
870 5553 1051 5606 veritas
1074 5542 1195 5606 nota
1224 5559 1319 5616 est,
1350 5550 1445 5604 lib.
1476 5564 1551 5612 ιιι,
1583 5563 1632 5603 c.
1668 5550 1719 5616 1;

147 5622 191 5692 et
219 5612 312 5692 Dei
333 5629 405 5673 est
431 5612 524 5692 hoc
552 5638 801 5679 manus...
832 5632 878 5677 et
902 5623 1126 5677 veritatis
1157 5612 1510 5677 notio-divina:
1541 5612 1722 5675 condi;

151 5686 290 5741 tionis
308 5699 397 5744 est.
431 5691 708 5749 Bonnam.

223 5754 446 5816 Nullum.
471 5761 647 5819 ld'est
682 5765 877 5821 nullius
900 5764 1090 5832 pretii,
1125 5764 1328 5820 nullius
1348 5762 1724 5821 emolumenti.

151 5820 445 5911 glareanus.
461 5864 532 5875 —
550 5834 628 5889 Ita
650 5820 1274 5909 interpret-aiiiur'vocein
1297 5836 1474 5892 nullus
1496 5835 1728 5907 purioris

150 5896 330 5970 eloquii
360 5914 621 5961 auctores.

534 3570 730 3625 compr.
754 3553 874 3610 Lib.
904 3569 982 3620 ιιι,
1009 3568 1058 3608 e.
1092 3554 1143 3619 1,
1170 3555 1276 3610 etl.
1297 3570 1391 3620 vri,
1420 3569 1471 3610 c.
1515 3556 1569 3610 2.
1598 3554 1733 3611 BUN.

1928 2770 1996 2825 In
2014 2772 2230 2826 obscuro
2244 2771 2739 2840 veritas.Quomodo
2758 2770 2808 2826 id
2831 2770 2899 2825 sit
2916 2769 3076 2825 docet
3090 2768 3184 2825 lib.
3204 2785 3341 2833 tti,c.
3360 2770 3456 2826 28.

1928 2842 2297 2897 Assertoribus.
2332 2844 2404 2897 Ita
2434 2859 2555 2897 cum
2581 2854 2693 2898 vet.
2725 2841 2895 2896 tribus
2923 2841 3181 2896 Romanis
3206 2842 3459 2897 editioni-

1856 2913 1958 2969 bus
1995 2929 2085 2968 an.
2123 2915 2292 2974 1468.
2328 2913 2467 2970 M70
2495 2925 2549 2970 et
2582 2914 2752 2979 1474,
2783 2928 2844 2967 ae
2878 2912 3098 2967 Betiileii
3138 2921 3195 2967 et
3241 2911 3462 2969 Cellarii

1855 3000 1987 3057 mss.
2020 2985 2250 3057 Bonam,
2276 2986 2307 3037 7
2339 2986 2496 3057 lleg.,
2528 2983 2840 3049 6Colbert.,
2874 2982 2910 3037 2
2936 2984 3195 3057 Sor|_ion.,
3230 2984 3453 3057 blattam

1855 3054 2087 3120 Victum,
2120 3056 2361 3124 Gatiaii.,
2383 3054 2572 3124 Ciiuc.,
2593 3056 2755 3116 Ultr..
2774 3056 2808 3111 5
2840 3057 3009 3122 Lips.,
3035 3054 3218 3121 Caiit.,
3243 3054 3446 3121 Etiim.,

1856 3127 2007 3193 Juti.,
2035 3127 2301 3192 Grouov.,
2326 3130 2359 3182 2
2381 3128 2619 3184 Cfaroui.
2658 3137 2711 3182 et
2735 3127 2770 3180 2
2796 3127 2956 3180 Bruti.
2988 3127 3183 3180 melius
3221 3135 3277 3182 et
3317 3143 3451 3182 con-

1770 3204 1815 3267 C
1848 3200 2062 3254 cinnius
2108 3215 2268 3270 quam
2299 3199 2665 3255 assertionibus
2696 3199 2748 3252 in
2776 3198 2812 3252 2
2840 3198 2974 3266 Reg.
2997 3268 3006 3270 _
3032 3212 3143 3252 rec.
3175 3207 3232 3270 et
3259 3198 3445 3270 Harm.

1846 3284 1911 3325 ac
1953 3268 2345 3327 recentioribus
2385 3271 2563 3326 editis.
2615 3271 2692 3325 De
2734 3268 3096 3325 assertoribus
3139 3268 3450 3327 christianae

1844 3342 2125 3413 religionis
2152 3343 2275 3397 vide
2305 3342 2399 3396 lib.
2428 3358 2480 3405 v,
2510 3357 2631 3413 cap.
2662 3342 2718 3395 2.

1918 3411 2086 3467 Falsi.
2120 3413 2177 3467 ld
2201 3423 2305 3480 est,
2338 3414 2572 3483 decepti.

1915 3482 2021 3539 Illa
2042 3486 2290 3541 oratoria.
2314 3484 2405 3540 Sc.
2432 3482 2675 3555 profana,
2691 3484 3172 3553 sophistica,quain
3196 3495 3353 3539 vocat
3378 3485 3448 3542 de

1840 3554 2008 3628 Opit,
2036 3572 2154 3625 cap.
2183 3556 2275 3616 21,
2298 3554 2538 3628 fallacem
2560 3557 2937 3626 eaptiosamque
2967 3557 3285 3625 facundiam.
3308 3556 3442 3612 BUN.

1913 3625 1979 3680 In
2008 3645 2108 3698 qua
2140 3629 2229 3680 diu
2261 3625 2467 3682 versati.
2499 3626 2696 3681 Forum
2730 3638 2905 3680 tamen
2939 3641 3045 3679 non
3068 3628 3259 3696 attigit.

1913 3699 2196 3751 lnstruere.
2226 3698 2315 3752 Sic
2344 3700 2679 3753 restituimus
2707 3712 2772 3751 ex
2809 3698 3105 3751 velerriiiio
3140 3707 3196 3751 et
3240 3698 3445 3766 Optimo

1841 3784 1948 3823 nis.
2006 3769 2469 3838 Regio-Puteano,
2500 3769 2535 3824 5
2562 3766 2828 3830 Colbert.,
2860 3774 2896 3817 2
2920 3766 3253 3838 Claromotit.
3289 3769 3443 3824 aliis-

1837 3855 1964 3909 que.
1986 3846 2043 3893 et
2070 3835 2173 3899 vel.
2201 3840 2358 3893 editis
2382 3841 2541 3909 Rom.
2560 3839 2749 3909 Egiiat.
2771 3852 2867 3909 seu
2887 3835 3029 3899 Ald.,
3054 3837 3211 3901 1515,
3239 3838 3437 3905 Paris.,

1839 3907 2000 3967 1525.
2028 3910 2313 3975 Cratand.,
2344 3908 2582 3965 1552.1ιι
2613 3907 2900 3963 ἰιοιιιιυιιίε
2922 3921 3056 3962 mss.
3087 3916 3142 3963 et
3173 3911 3442 3965 recentio-

1838 3982 1987 4038 ribus
2013 3982 2193 4046 editis,
2217 3982 2497 4035 instituere.

1910 4053 1964 4107 Μ
1971 4054 2114 4124 ajore
2132 4053 2185 4106 in
2207 4052 2391 4122 gloria,
2412 4052 2616 4124 etc._De
2630 4050 2936 4124 philosophi
2954 4058 3009 4124 et
3033 4051 3263 4124 oratoris
3287 4066 3440 4106 com-

1832 4122 2116 4194 paratione
2142 4125 2266 4179 vide
2307 4122 2655 4180 Plutarchum
2702 4124 2756 4178 in
2797 4122 2995 4178 Stoicis
3039 4122 3439 4182 Enautiomatis

1832 4195 1935 4250 sub
1966 4196 2194 4250 initium.
2228 4194 2235 4201 ’

1906 4265 2134 4321 Multum
2170 4277 2337 4322 tamen
2367 4264 2511 4320 nobis
2539 4265 2832 4320 exercitatio
2858 4264 2952 4318 illa
2978 4264 3215 4335 ﬁctarum
3242 4265 3434 4333 litium,

1833 4347 1940 4393 etc.
1965 4336 2259 4403 Fictarum,
2291 4340 2387 4405 ait,
2431 4337 2619 4408 litium.
2669 4352 2812 4408 nam
2842 4351 3094 4408 verarum
3142 4353 3433 4408 numquam

1834 4425 2093 4480 patronus
2124 4410 2243 4473 fuit,
2274 4423 2395 4463 cum
2428 4424 2496 4464 ne
2528 4407 2700 4463 forum
2728 4406 2943 4480 quidem
2968 4407 3230 4480 attigerit,
3260 4406 3320 4462 ut
3350 4418 3433 4463 te-

1831 4479 2006 4536 Statur
2031 4482 2145 4549 ipse
2172 4481 2242 4535 de
2271 4495 2330 4535 se
2370 4480 2463 4534 lili.
2495 4495 2575 4544 ιιι,
2602 4494 2721 4549 cap.
2767 4479 2852 4534 15.
2899 4479 3041 4549 ΟΙὶιιι
3085 4488 3263 4533 autem
3306 4494 3432 4534 cum

1833 4552 1885 4607 in
1929 4548 2137 4608 Craacia
2179 4561 2235 4606 et
2279 4551 2464 4605 Romae
2511 4548 2732 4605 floreret
2775 4548 3097 4617 eloquentiae
3163 4548 3426 4615 studium,

1754 4609 1810 4671 1)
1830 4622 2081 4694 juvenes,
2113 4633 2363 4693 percepta
2394 4609 3127 4694 grammatica,ducebantur
3152 4609 3433 4694 adrheio;

1835 4689 1945 4761 res,
1979 4696 2070 4766 qui
2115 4689 2351 4766 themata
2394 4689 2498 4748 illis
2535 4692 2621 4766 vel
2664 4690 2927 4766 conﬁcta,
2954 4689 3038 4766 ve_l
3080 4704 3147 4745 ex
3190 4690 3430 4766 historiis

1835 4761 2411 4837 petita'prnponeliant,
2429 4764 2605 4837 qualia
2625 4771 2750 4837 sunt
2770 4777 2890 4832 qua:
2916 4761 2967 4814 iii
2996 4761 3219 4837 Seneca;
3239 4764 3429 4837 patris,

1835 4830 1890 4893 et
1916 4830 2231 4904 Quintiliani
2256 4830 2744 4890 declamationibus
2763 4830 2861 4899 ,et
2881 4831 3024 4902 apud
3051 4830 3274 4888 Graecos
3296 4830 3434 4890 scri-

1834 4918 2018 4989 ptores
2052 4905 2558 4989 etiamnumﬁmulta
2588 4905 2947 4989 reperiuntur,
2979 4904 3031 4958 iii
3061 4905 3256 4973 quibus
3278 4908 3432 4989 pueri

1833 4975 1889 5033 in
1931 4978 2135 5034 scholis
2180 4993 2302 5035 sese
2343 4977 2579 5031 dictione
2623 4991 2687 5046 ac
2734 4975 3029 5044 scriptione
3076 4988 3428 5046 exercerent,

1834 5051 2021 5119 quales
2071 5049 2286 5104 fuerunt
2313 5047 2591 5119 Libanius.
2620 5045 2946 5119 Carneades,
2979 5046 3078 5102 Dio
3105 5044 3430 5119 Chrysosto-l

1834 5118 1955 5175 nius
1983 5139 1997 5175 :
2023 5120 2095 5175 ita
2134 5121 2185 5173 lii
2223 5121 2448 5186 juveiies
2475 5118 2851 5180 instituebant,
2881 5128 2936 5171 ut
2975 5128 3159 5187 postea
3189 5118 3334 5174 serio
3362 5121 3432 5174 ad

1832 5192 2128 5274 pupulum,
2172 5189 2259 5274 vel
2303 5200 2548 5245 senatum
2595 5188 2773 5257 eloqui
2815 5198 3064 5274 possent;
3091 5198 3147 5244 et
3176 5192 3431 5272 materias

1832 5259 2063 5317 itif:itiies
2095 5270 2428 5332 pertractare
2454 5275 2681 5316 consuei
2695 5269 2878 5314 erunt.
2903 5259 2997 5332 [lae
3021 5262 3200 5332 itaque
3220 5262 3430 5332 exerci-

1829 5333 2067 5389 tationes
2094 5329 2268 5398 erant,
2299 5331 2493 5401 quibus
2525 5332 2683 5401 paulo
2723 5345 2882 5401 Supra
2916 5329 3225 5401 Laetatitius
3251 5331 3345 5397 ait,
3366 5344 3427 5386 se

1829 5405 1883 5461 iti
1927 5405 2261 5475 professione
2312 5400 2402 5457 illa
2441 5400 2685 5475 oratoria
2722 5400 2812 5456 diu
2862 5409 3155 5475 versatum,
3197 5400 3427 5475 juvenes

1826 5471 2095 5553 oliiii_ii_oti
2128 5477 2194 5531 ad
2221 5473 2611 5553 virtutem.s_ed
2642 5474 2796 5544 plane
2811 5472 2877 5527 ad
2896 5483 3140 5541 argutam
3167 5471 3425 5553 malitiam

1825 5548 2145 5613 crudivisse,
2179 5551 2510 5616 multumque
2540 5547 2751 5600 illarum
2785 5558 2941 5599 usum
2981 5555 3122 5597 nunc
3156 5544 3256 5597 sibi
3295 5556 3424 5611 pro-

1826 5620 2067 5675 futurum
2122 5620 2189 5673 ad
2219 5633 2438 5673 causam
2477 5617 2724 5672 veritatis
2769 5616 3034 5671 adversus
3070 5624 3260 5685 gentes
3302 5627 3425 5682 per-

1826 5690 2108 5766 orandam.
2137 5689 2320 5766 l§£US.
2397 5759 2453 5766 Μ
2930 5755 2963 5766 η
3042 5755 3054 5766 ,
3116 5753 3148 5766 ,,

1899 5762 2209 5817 Disserenda
2253 5770 2346 5815 est.
2395 5759 2702 5822 Disserere,
2732 5766 2815 5812 est
2862 5755 2998 5809 Velle
3042 5753 3299 5819 indicare,
3329 5752 3425 5810 de-

1829 5835 2057 5889 clarare.
2090 5834 2244 5888 Tacit
2294 5831 2429 5887 Hist.
2457 5847 2491 5884 ιι
2522 5849 2535 5885 :
2567 5829 2722 5883 Haud
2747 5825 2898 5897 fuerit
2920 5827 3126 5896 longum
3153 5825 3301 5880 initia
3344 5843 3429 5881 re-

1834 5906 2056 5975 ligionis,
2091 5903 2263 5975 templi
2285 5905 2437 5958 situm
2469 5938 2485 5968 ,
2533 5896 2754 5973 [oratam
2792 5896 2900 5953 deat
2941 5897 3119 5966 paucis
3157 5897 3428 5953 disserere;
