3838 6278
137 373 240 428 H7

1238 369 1446 429 LIBER
1487 370 1525 429 1.
1562 370 1652 430 οε
1691 370 1911 431 FALSA
1950 368 2344 429 RELIGIONI.

3333 375 3438 433 ιη

66 550 91 569 π
141 489 233 543 Dei
256 485 535 559 singularis
560 498 625 541 ac
649 484 763 541 veri
791 494 845 542 et
868 487 1169 560 cognovisti
1196 496 1251 543 et
1272 487 1724 543 houorasti.Nam
1752 489 1808 554 Α
1831 494 2168 544 cramentum
2197 501 2344 545 verte
2372 485 2651 561 religionis
2676 487 3004 559 accepimus,
3032 500 3155 547 cum
3184 486 3256 546 sit
3292 490 3439 546 veri-

139 596 260 637 cum
286 579 375 634 ille
401 577 512 634 dies
540 577 889 635 felicissimus
932 580 1053 636 orbi
1099 589 1366 638 terrarum
1414 580 1726 647 illuxisset,

140 689 242 745 quo
260 681 311 728 te
325 674 463 728 Deus
481 687 726 728 summus
742 673 809 729 ad
826 673 1042 731 beatum
1063 675 1273 746 imperii
1295 676 1510 731 culmen
1530 674 1725 744 evexit,

138 766 418 822 Salutarem
451 764 721 820 universis
762 776 817 821 et
863 767 1157 837 optabilem
1202 768 1561 838 principatum
1595 782 1731 838 prte-

134 862 275 915 claro
295 859 451 914 initio
482 861 796 929 auSpicatus
817 875 898 928 es,
930 876 1051 917 cum
1079 876 1326 917 eversam
1355 862 1732 933 sublatumque

126 953 387 1024 justitiam
421 952 713 1018 reducens,
749 955 1080 1010 teterrimum
1112 956 1342 1012 aliorum
1384 956 1592 1012 facinus
1635 971 1733 1011 ex-

128 1047 281 1117 piasti
312 1064 327 1101 :
360 1062 462 1118 pro
490 1063 599 1120 quo
628 1047 771 1105 facto
794 1048 942 1105 dabit
973 1049 1067 1104 tibi
1089 1050 1231 1105 Deus
1257 1050 1597 1116 felicitatem,
1623 1050 1732 1105 vir-

126 1148 317 1211 tutem,
364 1142 819 1200 diuturnitatem:
854 1155 911 1201 ttt
937 1145 1127 1201 eadem
1168 1146 1376 1216 iustitia
1402 1187 1418 1215 ,
1448 1161 1551 1215 qua
1574 1147 1734 1215 juve-

121 1234 203 1288 nis
223 1249 458 1290 exorsus
485 1250 566 1301 es,
589 1236 1015 1306 gubernaculum
1040 1237 1353 1309 reipublicae
1375 1238 1535 1294 etiam
1559 1253 1731 1296 senex

120 1336 330 1393 teneas,
366 1328 580 1398 tuisque
610 1328 798 1384 liberis
820 1368 835 1394 ,
868 1339 923 1383 ut
953 1330 1070 1400 ipse
1091 1345 1120 1383 a
1152 1340 1307 1400 patre
1340 1330 1621 1400 accepisti,
1646 1338 1733 1385 tu-

117 1421 282 1478 telam
324 1423 560 1479 Romani
599 1424 839 1480 nominis
881 1425 1088 1479 tradas.
1120 1425 1252 1479 Nam
1296 1426 1490 1491 malis,
1522 1426 1610 1496 qui
1636 1425 1732 1481 ad-

114 1513 222 1571 huc
262 1516 535 1573 adversus
568 1517 747 1586 iustos
783 1517 837 1574 in
880 1518 1003 1574 aliis
1034 1528 1299 1574 terrarum
1344 1519 1584 1588 partibus
1624 1532 1730 1574 sai-

109 1611 296 1678 viunt,
325 1620 540 1676 quanto
566 1612 761 1679 serius,
797 1620 948 1668 tanto
973 1611 1351 1667 vehementius
1378 1611 1521 1666 idem
1557 1611 1731 1666 omni-

108 1712 321 1772 potens
352 1705 662 1761 mercedem
694 1705 920 1761 sceleris
946 1706 1226 1761 exsolvet:
1254 1705 1377 1775 quia
1408 1713 1466 1759 ut
1491 1713 1570 1760 est
1602 1718 1727 1774 erga

108 1796 234 1865 pios
263 1796 777 1869 indulgentissimus
808 1806 983 1868 pater,
1008 1798 1087 1853 sic
1115 1798 1373 1853 adversus
1399 1796 1593 1866 impios
1620 1811 1733 1851 rec-

1836 593 1920 641 tas
1948 585 2186 640 revelata
2234 584 2491 640 divinitus
2510 628 2526 654 ,
2552 600 2674 641 cum
2719 585 2996 642 doctorem
3027 584 3307 655 sapientiai
3335 570 3439 643 du-

1836 693 2067 747 cemque
2095 678 2337 733 veritatis
2354 678 2520 734 Denm
2540 694 2851 750 sequamur,
2881 680 3165 735 universos
3191 679 3306 735 sine
3323 678 3439 739 ullo

1834 769 2150 826 discriminc
2177 772 2259 827 vel
2312 786 2475 826 sexus
2505 772 2592 827 vel
2620 773 2796 827 artatis
2820 773 2885 827 ad
2915 773 3140 829 caeleste
3180 773 3437 844 pabulum

1834 879 2218 919 convocatnus.
2271 864 2462 920 Nullus
2489 864 2632 920 enim
2665 865 2882 920 suavior
2924 867 3107 922 animo
3150 867 3304 923 cibus
3329 878 3437 934 est,

1834 972 1999 1028 quam
2033 956 2268 1028 cognitio
2303 957 2569 1026 veritatis,
2597 959 2683 1014 cui
2728 957 3037 1015 asserenda:
3082 968 3246 1029 atque
3288 960 3440 1015 illusu-

1836 1048 2039 1104 trandce
2073 1059 2283 1119 septem
2324 1049 2596 1103 volumina
2622 1049 3009 1105 destinavimus
3040 1089 3057 1117 ,
3097 1050 3345 1120 quamvis
3375 1065 3440 1106 ea

1834 1159 1922 1198 res
1955 1141 2147 1197 inﬁniti
2171 1157 2309 1213 pene
2331 1142 2402 1197 sit
2422 1143 2605 1212 operis
2632 1154 2682 1197 et
2712 1143 2962 1199 immensi
3000 1161 3014 1197 :
3045 1142 3165 1199 utsi
3186 1144 3306 1214 quis
3324 1142 3440 1201 haec

1834 1235 2061 1290 dilatare
2106 1245 2264 1304 atque
2289 1234 2485 1306 exequi
2529 1236 2841 1306 plenissime
2870 1236 3024 1301 velit,
3060 1246 3208 1291 tanta
3250 1236 3326 1291 illi
3352 1251 3441 1292 re-

1834 1344 1954 1384 rum
1982 1329 2134 1399 copia
2166 1328 2466 1395 exuberet,
2500 1337 2557 1381 ut
2603 1342 2702 1383 nec
2738 1327 2860 1383 libri
2893 1326 3111 1382 modum
3144 1342 3243 1382 nec
3276 1329 3439 1383 linem

1834 1422 2067 1491 reperiat
2098 1420 2292 1473 oratio.
2320 1418 2427 1474 Sed
2457 1434 2556 1473 nos
2579 1418 2786 1473 idcirco
2816 1418 3055 1474 breviter
3080 1420 3262 1474 omnia
3282 1418 3441 1475 colli-

1834 1527 2052 1583 gctntts;
2086 1514 2227 1580 qttod
2258 1526 2320 1565 ea
2349 1527 2469 1581 quin
2497 1510 2715 1565 allatttri
2745 1526 2932 1565 sumus
2951 1551 2966 1578 ,
3002 1520 3110 1566 tam
3142 1510 3285 1565 clara
3310 1519 3440 1567 sunt

1833 1615 1887 1659 et
1931 1604 2143 1667 lucida,
2180 1615 2237 1657 ut
2276 1604 2448 1673 magis
2484 1604 2678 1657 mirum
2729 1617 2850 1658 esse
2885 1604 3133 1658 videatur
3183 1615 3287 1659 tam
3342 1607 3443 1661 ob-

1835 1709 2046 1751 scuram
2078 1694 2248 1750 videri
2278 1694 2588 1749 hominibus
2611 1695 2913 1763 veritatem,
2940 1704 2995 1751 et
3024 1696 3089 1750 iis
3120 1696 3393 1768 praecipue
3418 1738 3434 1766 ,

1834 1789 1924 1858 qui
1953 1788 2227 1858 sapientes
2261 1787 2419 1857 vulgo
2451 1795 2704 1857 putantur
2725 1828 2739 1853 ,
2775 1789 2858 1843 vel
2883 1786 3024 1859 quod
3059 1788 3439 1843 tantummodo

110 1885 363 1943 tissimus
390 1889 578 1958 iudex.
604 1886 770 1960 Cujus
796 1888 1115 1961 religionem
1145 1890 1458 1959 cultumque
1480 1886 1725 1946 divinum
1757 1889 1805 1950 Β
1836 1880 2155 1936 instituendi
2184 1882 2341 1936 nobis
2370 1880 2616 1936 homines
2653 1890 2812 1938 erunt
2831 1923 2846 1948 ,
2873 1879 2977 1937 hoc
2999 1890 3080 1938 est
3100 1921 3117 1949 ,
3156 1879 3227 1938 ab
3251 1896 3442 1938 errore

110 1982 343 2052 cupiens
372 1982 692 2048 defendere,
719 1999 878 2054 quem
913 1984 1097 2055 petitis
1126 1983 1415 2054 appellem,
1445 1996 1605 2053 quem
1641 1981 1723 2036 al-

112 2072 305 2142 laquar
329 2118 344 2140 ,
375 2075 481 2130 nisi
512 2090 634 2130 eum
688 2091 783 2145 per
816 2091 979 2147 quem
1023 2075 1188 2132 rebus
1229 2074 1478 2130 humanis
1513 2074 1723 2144 iustitia

113 2176 164 2222 et
191 2165 465 2237 sapientia
497 2166 746 2222 restituta
778 2167 896 2222 est?

184 2258 422 2315 Omissis
451 2272 580 2329 ergo
604 2257 827 2327 hujusce
856 2267 1089 2315 terrena:
1136 2258 1495 2332 philosophia:
1534 2267 1723 2317 aucto-

122 2348 271 2405 ribus
301 2348 446 2403 nihil
480 2350 613 2404 certi
644 2348 1016 2419 alferentibus,
1048 2353 1423 2423 aggrediamur
1444 2353 1583 2407 viam
1609 2368 1727 2409 rec-

118 2452 219 2496 tam
249 2460 263 2497 :
289 2456 431 2511 quos
455 2441 707 2514 equidem
730 2487 743 2511 ,
766 2444 811 2499 si
837 2455 1079 2515 putarem
1099 2445 1231 2501 satis
1248 2447 1474 2502 idoneos
1498 2447 1565 2502 ad
1586 2447 1728 2505 bene

116 2533 403 2590 vivendum
442 2534 610 2591 duces
640 2550 791 2603 esse,
819 2546 874 2593 et
906 2537 1022 2608 ipse
1060 2551 1341 2608 sequerer,
1370 2548 1426 2594 et
1454 2538 1592 2593 alios
1618 2580 1633 2605 ,
1666 2544 1730 2594 ut

123 2634 520 2695 sequerentur,
549 2625 819 2683 hortarer.
851 2627 957 2684 Sed
983 2644 1104 2683 cum
1128 2628 1268 2684 inter
1288 2643 1347 2685 se
1373 2644 1567 2701 magna
1592 2646 1727 2685 con-

116 2717 412 2774 certatione
443 2718 778 2785 dissideant,
809 2734 1101 2792 secumque
1139 2722 1238 2791 ipsi
1273 2722 1590 2793 plerumque
1614 2723 1725 2778 dis-

117 2811 367 2879 cordent,
401 2822 636 2884 apparet
663 2828 850 2870 eorum
882 2815 984 2871 iter
1010 2830 1351 2887 nequaquam
1385 2830 1509 2871 esse
1548 2814 1725 2871 direc-

121 2915 227 2961 tum
257 2923 272 2960 :
316 2905 593 2978 siquidem
632 2907 736 2963 sibi
765 2908 984 2979 quique,
1017 2917 1076 2963 ut
1099 2916 1184 2965 est
1210 2907 1448 2974 libitum,
1480 2908 1728 2978 proprias

119 2998 228 3054 vias
260 2998 663 3069 impresserunt
688 3039 702 3066 ,
735 3000 1217 3070 confusionemque
1261 3015 1511 3072 magnam
1551 3000 1725 3071 inqui-

1831 1993 1937 2049 quo
1965 1988 2092 2032 sunt
2115 1976 2392 2045 implicati,
2420 1978 2486 2032 ad
2518 1979 2807 2033 rectiorem
2838 1974 2981 2037 viam
3011 1975 3325 2034 revocandi.

1904 2069 2057 2139 Quod
2076 2070 2122 2124 si
2151 2068 2432 2134 fuerimus,
2462 2079 2518 2124 ιιι
2538 2084 2721 2140 spero,
2753 2072 3010 2138 assecuti,
3031 2072 3314 2127 mittemus
3339 2084 3437 2127 eos

1832 2162 1900 2220 ad
1932 2166 2105 2235 ipsum
2145 2164 2405 2220 doctrina:
2447 2163 2774 2220 uberrimum
2803 2180 2867 2220 ac
2909 2165 3280 2236 plenissimum
3317 2162 3439 2218 fon-

1835 2264 1964 2324 tem,
2012 2259 2166 2328 cujus
2200 2258 2392 2311 haustu
2435 2266 2600 2326 atque
2630 2263 2757 2327 potu
2794 2267 3112 2326 conceptam
3143 2254 3442 2315 visceribus

1833 2352 1976 2407 sitim
2002 2351 2217 2415 sedent,
2245 2352 2606 2420 ardoremque
2636 2351 2991 2421 restiuguant.
3023 2349 3307 2420 Eruntque
3335 2348 3443 2404 illis

1833 2446 2014 2499 omnia
2039 2442 2245 2510 facilia,
2278 2456 2471 2514 prona,
2501 2443 2783 2496 manifesta
2810 2457 2823 2494 :
2853 2442 3015 2496 modo
3048 2456 3116 2497 ne
3150 2442 3326 2512 pigeat
3369 2438 3441 2497 ad

1835 2536 2237 2606 percipiendam
2293 2534 2574 2604 sapientiae
2620 2533 3001 2604 disciplinam,
3042 2532 3300 2603 legendi,
3350 2530 3440 2587 vel

1831 2628 2081 2683 audiendi
2113 2628 2421 2697 patientiam
2448 2627 2821 2682 commodare.
2853 2625 3006 2681 Multi
3037 2625 3180 2680 enim
3232 2639 3431 2695 super-

1830 2721 2139 2777 stitionibus
2167 2722 2317 2774 vanis
2338 2720 2687 2790 pertinaciter
2706 2720 3053 2788 inhaerentes,
3079 2719 3351 2776 obdurattt
3369 2734 3434 2779 so

1832 2824 2017 2870 contra
2043 2812 2385 2870 manifestam
2415 2818 2701 2871 veritatem
2726 2857 2741 2882 ,
2775 2832 2881 2870 non
2913 2827 3020 2872 tam
3053 2816 3124 2873 de
3152 2816 3265 2871 suis
3303 2813 3436 2873 reli-

1829 2908 2111 2979 gionibus,
2142 2923 2274 2978 qttas
2315 2924 2477 2979 prave
2512 2917 2794 2977 asserunt,
2829 2908 2968 2964 bene
3011 2908 3225 2975 meriti,
3272 2922 3437 2979 quam

1830 3001 1898 3056 de
1928 3016 1986 3056 se
2014 3001 2152 3056 male
2177 3019 2192 3057 :
2220 3002 2312 3072 qui
2340 3017 2462 3057 cum
2497 3001 2731 3057 habeant
2752 3003 2855 3058 iter
2876 3010 3104 3067 rectum,
3129 3001 3318 3059 devios
3342 3016 3431 3058 se-

121 3091 356 3149 rentibus
380 3094 678 3150 veritatem
707 3094 1064 3166 reliquerttnt.
1092 3094 1258 3152 Nobis
1279 3104 1484 3163 autem,
1514 3096 1605 3168 qui
1632 3111 1722 3153 sa-
1751 3087 1797 3151 C
1831 3105 2069 3167 quuntur
2093 3094 2368 3153 anfractus
2392 3114 2407 3165 ;
2448 3096 2666 3169 planum
2717 3095 2995 3165 deserunt,
3026 3105 3084 3152 ut
3110 3110 3205 3169 per
3234 3095 3434 3169 praeci-

1442 3229 1807 3290 VARIORUM
1838 3230 2069 3289 NOTAE.

126 3380 377 3437 ratorum,
404 3377 549 3425 tom.
574 3383 649 3433 tv,
683 3382 803 3440 cap.
836 3368 927 3433 25,
960 3382 1080 3440 pag.
1111 3367 1238 3431 ηδ,
1271 3378 1433 3440 atque
1463 3369 1719 3425 disserta-

127 3442 316 3497 tionem
354 3440 567 3497 Nicolai
593 3439 662 3495 de
696 3439 960 3510 Lestucq,
1013 3439 1138 3495 huic
1174 3439 1394 3494 editioni
1421 3456 1715 3496 annexam.

194 3513 419 3568 Aliorum
465 3512 688 3580 facinus.
721 3510 890 3565 Taxat
920 3511 1008 3566 hic
1036 3511 1347 3567 Lactantius
1376 3511 1624 3567 Maxentii
1664 3520 1718 3568 et

128 3584 311 3639 Licinii
340 3587 390 3638 in
419 3583 751 3639 christianos
778 3583 1154 3638 crudelitatem
1177 3625 1192 3650 ,
1225 3594 1280 3638 et
1305 3583 1441 3638 alios
1467 3583 1718 3638 christia-

133 3671 318 3725 norum
359 3665 756 3725 persecutores.

208 3724 371 3779 Dabit
402 3725 488 3779 tibi
551 3724 692 3779 Deus
745 3725 1061 3797 felicitatem.
1103 3724 1194 3781 Sic
1231 3725 1290 3780 S.
1335 3725 1710 3795 Augustinus:

135 3796 517 3851 Constantinum
542 3839 558 3860 ,
605 3796 798 3864 inquit,
831 3799 1191 3863 imperatorem
1220 3812 1321 3848 non
1348 3797 1721 3865 supplicantem

133 3867 455 3933 dtemonibus,
504 3869 594 3921 sed
622 3869 791 3935 ipsum
820 3884 991 3922 verum
1026 3867 1185 3921 Deum
1216 3866 1461 3920 colentem
1488 3907 1503 3928 ,
1568 3868 1723 3921 tantis

134 3940 336 3994 terrenis
384 3940 611 4009 implevit
638 3939 966 4005 muneribus,
998 3950 1191 4009 quanta
1221 3949 1399 4003 optare
1428 3937 1602 3991 nullus
1629 3952 1723 3991 att-

134 4012 283 4075 deret,
302 4019 432 4077 elc.,
462 4011 533 4066 de
554 4009 712 4065 Civit.
746 4010 858 4071 Dei,
893 4011 987 4064 lib.
1014 4025 1068 4069 v.
1103 4024 1224 4079 Cap.
1248 4010 1341 4064 25.

135 4151 183 4207 bl
199 4080 369 4136 Etiam
398 4096 558 4137 senex
583 4092 772 4137 teneas.
805 4081 929 4136 Htcc
974 4083 1135 4137 verba
1164 4077 1360 4136 desunt
1382 4078 1434 4134 in
1457 4079 1581 4133 edit.
1618 4077 1722 4133 Sne

186 4169 264 4207 ac.

170 4153 264 4209 lac.

202 4224 394 4281 Justus.
430 4224 489 4279 Id
521 4232 607 4279 est
631 4223 976 4280 christianos.

208 4295 404 4364 Quanto
432 4297 598 4353 serius
630 4337 645 4361 ,
677 4305 818 4349 tanto
841 4295 1200 4349 veltementius.
1233 4293 1353 4348 Val.
1383 4293 1523 4350 Max.
1552 4296 1649 4359 lib,
1684 4312 1723 4363 ι,

140 4381 250 4435 cap.
284 4371 333 4434 l,
369 4381 480 4424 ext.
515 4368 553 4423 '5
582 4386 595 4420 :
628 4365 787 4420 Lento
818 4367 983 4437 gradu
1023 4367 1093 4419 ad
1119 4366 1394 4420 vindictam
1439 4370 1516 4419 sui
1550 4368 1727 4422 divina

140 4440 354 4508 procedit
392 4442 495 4506 ira,
532 4439 922 4508 tarditatemque
944 4438 1184 4507 supplicii
1210 4439 1458 4509 gravitate
1481 4454 1723 4509 compen-

140 4520 227 4562 sat.
260 4510 389 4566 BUN.

204 4579 562 4648 Aﬂ'erentibus.
593 4580 664 4638 Ut
692 4580 851 4650 paulo
881 4589 1021 4648 post,
1048 4580 1386 4651 quw'allaturi
1413 4597 1633 4647 sumus.,
1667 4588 1722 4637 at

142 4666 262 4706 mss.
294 4653 328 4708 9
355 4653 688 4709 recentiores
709 4668 828 4706 cum
855 4653 1126 4705 nonnullis
1155 4652 1334 4710 editis.
1359 4651 1715 4706 asserentibus.

139 4721 231 4777 Hic
255 4739 358 4777 non
389 4724 745 4780 Academicos
772 4724 931 4777 modo
960 4723 1224 4792 intelligit,
1254 4722 1348 4777 sed
1376 4723 1722 4792 philosophos

140 4807 337 4866 omnes,
367 4799 455 4866 qui
491 4799 652 4866 variis
675 4794 1020 4866 opinionibus
1057 4794 1335 4866 sapientia;
1363 4796 1597 4849 studium
1640 4795 1722 4849 di-

142 4864 425 4924 lauiarunt.
465 4897 540 4908 —
570 4865 721 4920 Nihil
766 4868 889 4921 certi
917 4865 1267 4932 a/fcrentibus.
1316 4864 1379 4919 L.
1413 4880 1488 4932 ttt,
1522 4880 1641 4935 Cap.
1666 4867 1722 4934 7,

144 4936 270 4989 lin.:
304 4936 412 4993 Nec
464 4949 634 4992 tamen
683 4936 865 5003 afferat
913 4938 1051 5007 ipse.
1105 4940 1240 5005 quod
1278 4953 1569 5005 sequamur.
1594 4934 1717 4992 Cic.

141 5019 188 5061 C.
219 5008 280 5062 lli
305 5024 323 5063 :
359 5008 506 5065 Nihil
535 5008 653 5063 boni
681 5010 749 5062 ad
777 5012 927 5061 vitam
949 5007 1247 5071 alTerebant.
1284 5008 1356 5061 De
1382 5008 1548 5075 Opil.,
1574 5022 1622 5062 c.
1651 5010 1672 5061 1
1706 5024 1724 5063 :

146 5078 233 5150 Sic
259 5081 543 5149 disputant.
575 5092 627 5133 ut
659 5097 738 5145 ea,
771 5096 883 5144 qua:
927 5077 1169 5146 aferunt,
1207 5077 1420 5149 probata
1442 5089 1491 5132 et
1521 5080 1726 5150 cognita

144 5149 292 5231 rideri
318 5152 495 5206 velint.
527 5152 762 5224 Singulis
790 5153 1022 5206 hisloms
1050 5167 1263 5223 quitque
1292 5151 1359 5205 de
1387 5149 1726 5222 philosophis

144 5231 328 5290 agitur.

214 5289 607 5362 Inquirealibtts.
636 5296 729 5353 Sic
765 5309 896 5349 mss.
940 5294 998 5349 S.
1039 5293 1289 5350 Germani
1322 5301 1376 5348 et
1424 5292 1728 5365 Lipsienses

148 5357 277 5438 duo;
291 5357 392 5420 'alii
414 5382 541 5421 vero
569 5366 925 5438 qnterentibus.

218 5431 600 5506 Requirentibui
641 5447 921 5493 veritatem.
978 5435 1165 5490 Merito
1201 5450 1268 5491 ex
1302 5435 1450 5503 Lips.
1495 5435 1732 5506 praetulit

151 5502 418 5559 Cellarius.
452 5512 606 5563 Amat
634 5508 948 5565 Lactantius
968 5523 1154 5562 vocem
1186 5507 1343 5563 hanc.
1376 5502 1539 5571 infra,
1572 5508 1611 5561 l.
1633 5522 1728 5571 vn,

153 5587 265 5645 cap.
286 5576 317 5629 7
344 5594 358 5631 :
390 5576 664 5635 Veritatem
695 5583 805 5636 sine
824 5582 952 5635 duce
976 5582 1306 5643 requirerent.
1340 5580 1413 5634 De
1442 5578 1545 5645 Ira,
1578 5594 1630 5634 c.
1662 5579 1726 5634 ὃς

163 5642 420 5723 Veritatem
441 5649 562 5704 alibi
586 5655 927 5723 requiramus.
960 5650 1089 5723 BDN.

224 5717 620 5793 Sacr-amentum.
654 5717 770 5779 'Hic
810 5722 1074 5793 significat
1110 5736 1220 5776 rem
1276 5735 1526 5793 arcanam
1554 5763 1575 5793 ,ν
1611 5736 1731 5788 quas

159 5791 461 5864 naturaliter
490 5794 683 5849 rationi
719 5791 964 5850 humatur
1005 5793 1184 5864 ignota
1219 5803 1322 5857 est,
1352 5794 1444 5847 sed
1473 5792 1730 5864 divinitus

161 5859 409 5926 patefacta
436 5899 451 5931 ,
474 5876 759 5937 quoscnsu
779 5876 937 5922 verus
956 5859 1220 5933 interpres
1251 5876 1436 5922 vocem
1454 5863 1731 5941 μυστήριον

1830 3368 2085 3426 reddidit.
2123 3369 2386 3446 ngynx
2433 3386 2837 3446 nonnumquam
2861 3374 3130 3446 significat
3163 3373 3437 3443 iuramen-

1832 3452 1967 3507 tum,
1993 3442 2144 3516 quod
2174 3442 2375 3495 milites
2399 3442 2527 3497 olim
2553 3442 2864 3513 imperatori
2888 3442 3234 3516 prmstabant,
3261 3460 3439 3515 eoque

1829 3514 2165 3587 se__t_idc|iter
2204 3523 2531 3587 pugnaturos
2572 3525 2626 3587 et
2671 3514 2924 3587 prompte
2967 3514 3434 3587 obtemperaturos

1830 3584 2226 3661 pollicebantur
2254 3603 2266 3638 :
2316 3584 2431 3661 haec
2472 3584 2793 3661 signiﬁcatio
2818 3584 2956 3661 huic
2988 3590 3108 3661 loco
3137 3584 3296 3643 etiam
3339 3604 3434 3661 ap-

1829 3654 1929 3729 tari
1959 3664 2157 3729 potest,
2195 3665 2361 3729 atque
2386 3657 2454 3708 ita
2482 3654 2690 3729 accepit
2720 3658 2783 3729 li.
2817 3658 2984 3729 Thys.
3022 3658 3155 3713 Nam
3179 3672 3231 3713 et
3260 3654 3434 3715 chris-

1830 3726 1955 3798 tiani
1982 3728 2333 3798 qnaudoper
2354 3728 2679 3798 baptismum
2714 3726 2972 3783 Ecclesia!
3010 3731 3388 3784 inse-rebantur
3414 3774 3430 3798 ,

1823 3795 2387 3873 jllrttnlqanHCII‘l'lle
2426 3795 2492 3873 se
2532 3796 2872 3865 obligabaut;
2905 3801 3034 3873 hinc
3070 3799 3125 3873 S.
3152 3795 3433 3873 pllierony;

1827 3881 1949 3941 ntus
1973 3867 2037 3920 ad
2070 3866 2345 3941 Heliodor.
2375 3883 2391 3921 :
2428 3867 2719 3941 Recordare
2749 3870 2990 3940 tyrocinii
3021 3870 3094 3923 tui
3126 3870 3260 3924 diem
3284 3914 3299 3938 ,
3335 3866 3433 3941 quo

1829 3935 2031 3991 Christo
2061 3937 2414 4008 consepultus,
2448 3939 2501 3992 in
2532 3935 2839 3995 sacramenti
2870 3942 3021 3996 verba
3037 3941 3253 4012 jurasti.
3285 3935 3434 3998 Clit.-

1829 4023 1998 4063 ιευε.

1900 4078 1995 4135 Cui
2032 4081 2339 4135 asserenda.
2374 4080 2463 4136 Sic
2492 4080 2564 4135 22
2596 4096 2724 4135 mss.
2774 4081 2915 4137 inter
2956 4097 3090 4150 quos
3120 4092 3246 4140 sunt
3293 4085 3433 4142 anti-

1829 4150 2048 4227 quiores
2070 4152 2227 4227 Rog.,
2260 4152 2468 4227 Borion.
2523 4162 2578 4207 et
2607 4153 2818 4227 Rohan.
2867 4169 2931 4227 ac
2968 4155 3255 4227 Sangertn.
3284 4157 3432 4226 quod

1829 4221 2225 4345 przgferendum
2262 4225 2383 4278 aliis
2424 4238 2554 4279 mss.
2608 4226 2998 4284 recentioribus
3044 4221 3106 4284 ei
3125 4221 3314 4296 editis,
3341 4229 3434 4299 qui

1848 4309 1894 4345 ta
1936 4304 2028 4345 ent.
2052 4310 2220 4345 cuius.

1848 4293 2028 4348 tabent
2052 4297 2220 4361 cuius.

1902 4364 2105 4431 Iri/initi
2137 4383 2266 4434 pene
2290 4362 2355 4421 sit
2385 4367 2554 4437 operis
2584 4377 2632 4424 et
2657 4369 2909 4423 immensi.
2938 4368 3085 4424 Inest
3125 4368 3177 4425 in
3207 4368 3291 4424 his
3317 4368 3432 4425 ele-

1829 4436 2040 4510 gantia._
2062 4437 2171 4492 Cic.
2207 4453 2245 4499 ι,
2278 4437 2346 4492 de
2374 4436 2551 4503 0rat.,
2586 4439 2619 4495 6
2650 4460 2663 4495 :
2690 4440 2801 4494 Nec
2825 4439 3020 4497 dubito.
3045 4444 3168 4510 quin
3199 4443 3295 4493 Itoc
3316 4440 3431 4508 ple-

1756 4514 1812 4575 ])
1836 4510 2005 4576 risque
2029 4507 2350 4563 immensum
2385 4510 2758 4573 infinitumque
2790 4507 3206 4565 videaturﬁBuu.

1908 4579 2068 4647 Capia
2099 4580 2353 4635 exuberet.
2414 4580 2549 4637 ch.
2596 4583 2757 4646 1471,
2790 4592 3017 4650 utraque
3053 4580 3216 4641 M78.
3245 4579 3430 4648 Rost.,

1826 4645 1961 4720 Ven.
1985 4645 2167 4714 1497,
2201 4653 2366 4720 Pier.,
2397 4651 2591 4708 Parrh.
2632 4663 2686 4707 et
2726 4645 2968 4719 qtttedatit
3018 4653 3136 4705 alite
3166 4645 3427 4719 eauperef.

1826 4719 1968 4775 Nihil
2002 4736 2170 4788 tttttto,
2210 4723 2300 4778 lib.
2333 4739 2415 4787 tv,
2441 4739 2557 4793 eap.
2597 4725 2660 4778 l7
2683 4764 2697 4790 ,
2729 4723 2877 4790 copia
2918 4724 3064 4776 lactis
3108 4721 3433 4790 exuberant;

1826 4806 1946 4859 cap.
1974 4792 2369 4867 29.;ea'uberans
2396 4799 2515 4867 [mis
2530 4810 2549 4856 ;
2575 4794 2669 4867 lib.
2694 4806 2785 4861 vti,
2811 4808 2928 4867 cap.
2964 4793 3049 4858 15,
3078 4811 3211 4867 ager
3241 4795 3432 4867 exube-

1826 4874 1944 4928 rat;
1969 4864 2038 4938 dt:
2065 4865 2165 4938 Ira.
2199 4881 2318 4933 cap.
2351 4864 2763 4938 15,7Utarbusta
2785 4865 2948 4938 pomis
2968 4864 3256 4920 exuberent.
3283 4865 3430 4938 Epit.

1828 4948 1947 5005 cap.
1981 4935 2051 4990 72
2080 4954 2092 4989 :
2129 4936 2323 4994 Laetis.
2355 4937 2457 4989 vini
2482 4942 2648 5005 fontes
2676 4934 3047 4991 exuberabunt.
3081 4938 3210 4993 litus.

1865 5005 2015 5075 ,Nec
2037 5008 2153 5061 libri
2207 5008 2434 5070 modum,
2482 5024 2572 5060 nec
2604 5009 2757 5076 ﬁnem
2801 5009 3022 5076 reperiat
3066 5010 3249 5063 oratio.
3280 5005 3431 5064 Heu-

1830 5094 2060 5134 malllllls
2090 5079 2337 5138 miratur,
2372 5089 2478 5132 tam
2508 5079 2595 5132 ditt
2627 5082 2679 5133 itt
2711 5080 2906 5133 mendo
2935 5080 3187 5133 cubuisse
3219 5079 3273 5134 h.
3311 5080 3345 5133 Ι.
3376 5088 3434 5136 et

1830 5150 2098 5211 rescribit,
2130 5148 2275 5205 liber.
2305 5149 2419 5203 Non
2450 5164 2586 5219 opus
2608 5152 2687 5217 si,
2742 5165 2835 5204 nec
2861 5147 2978 5203 libri
3008 5150 3246 5219 modum,
3272 5164 3432 5221 repe-

1830 5222 1971 5275 riant
2001 5221 2311 5275 subaudias.
2346 5221 2508 5276 Certe
2537 5236 2727 5275 omnes
2751 5220 2869 5277 libri
2898 5221 3085 5291 scripti
3113 5234 3166 5277 et
3191 5223 3321 5278 editi
3340 5220 3345 5221 ν
3366 5220 3430 5275 li-

1832 5294 1908 5346 bri
1937 5291 2135 5347 habent
2170 5311 2182 5347 :
2220 5294 2289 5346 ita
2319 5303 2375 5345 ut
2405 5294 2568 5358 priori
2598 5293 2715 5348 loco
2744 5293 2850 5353 hic.
2884 5295 3162 5361 reperiant.

1918 5361 2091 5417 Vanis.
2117 5361 2172 5416 In
2202 5364 2289 5417 ed.
2321 5363 2537 5419 Sublac.
2567 5365 2758 5433 legttur
2784 5365 2959 5418 rariis.

1908 5433 2175 5489 Obdurunt
2202 5451 2255 5488 se
2275 5448 2473 5489 contra.
2506 5434 2670 5492 Goth.
2712 5435 3029 5491 obdurantur
3055 5443 3232 5489 contra
3258 5435 3430 5491 manl-

1832 5509 2014 5578 festnm
2041 5507 2323 5560 veritatem.
2367 5507 2558 5561 Cicero
2597 5510 2717 5561 sine
2762 5510 3060 5574 reciproco,
3112 5506 3204 5562 lib.
3240 5521 3299 5560 ιιι
3342 5504 3430 5578 Fi-

1836 5576 1976 5643 ttih.,
1993 5578 2050 5631 Η
2081 5590 2096 5630 2
2122 5579 2247 5642 Quis
2269 5588 2449 5633 contra
2470 5578 2642 5632 studia
2658 5587 2979 5647 naturtejam
3000 5578 3315 5632 vehementer
3341 5576 3436 5631 ob-

1834 5650 2052 5703 duravit.
2087 5648 2218 5703 Bux.

1909 5719 2075 5774 Prove
2100 5728 2352 5775 asserturi.
2384 5718 2459 5774 Ita
2492 5734 2611 5775 cum
2642 5719 2802 5775 editis
2839 5718 3025 5786 optimi
3071 5715 3267 5787 quique
3296 5731 3432 5777 mss.

1833 5789 1892 5845 In
1925 5792 2094 5845 tribus
2122 5806 2236 5863 rec.
2257 5860 2267 5863 Α
2287 5800 2369 5863 est
2398 5795 2699 5863 proferunt;
2728 5790 2991 5863 indecem
3020 5787 3436 5859 recentissimis,

1837 5808 1892 5845 ιη
1925 5808 2094 5845 ll‘lDIIS
2122 5808 2236 5847 rec.
2287 5808 2369 5846 θδι
2435 5808 2699 5863 νοιεναηι;
2728 5808 2778 5843 ιη
2803 5808 2991 5842 “CCCI”

1837 5864 2140 5933 prosternat.
2171 5860 2304 5918 Vide
2332 5808 2466 5917 inii-ti
2489 5873 2646 5933 prave
2669 5858 3013 5915 sentientium.
