3838 6278
390 368 490 428 H9

382 583 513 637 caeci
539 596 603 637 ac
632 581 837 637 debiles
860 580 1096 649 jaceant.
1123 578 1218 634 liis
1233 576 1623 634 consulendum
1650 585 1731 632 est
1758 589 1827 630 ne
1843 588 1974 630 con-

380 683 466 729 tra
516 688 576 728 se
613 679 867 743 pugnent,
904 670 1180 741 velintque
1218 684 1279 725 se
1323 668 1542 724 tandem
1569 668 1636 723 ab
1661 665 1980 723 inveteratis

382 763 660 820 erroribus
714 762 931 817 liberari
963 781 977 817 :
1007 762 1151 831 quod
1202 761 1386 833 utique
1418 762 1647 829 facient,
1703 761 1784 826 si,
1815 773 1982 831 quare

382 856 494 913 sint
522 855 651 921 nati,
684 854 972 924 aliquando
995 854 1345 926 perviderint.
1380 855 1507 910 Hzcc
1531 854 1673 909 enim
1703 852 1982 924 pravitatis

384 956 468 1003 est
496 961 680 1014 causa,
716 947 979 1017 ignoratio
1005 947 1087 1002 sui
1119 963 1133 1013 ;
1165 963 1325 1018 quam
1354 948 1398 1002 si
1435 947 1574 1017 quis,
1607 946 1819 1016 cognita
1846 943 1982 999 veri-

378 1046 512 1103 tate,
541 1038 857 1093 discusserit
877 1079 893 1104 ,
927 1038 1065 1094 sciet
1089 1056 1195 1110 quo
1216 1038 1521 1106 referenda,
1551 1047 1606 1093 et
1627 1036 1980 1108 quemadmo-

377 1130 507 1187 dum
530 1132 631 1187 sibi
662 1132 767 1186 vita
816 1132 1062 1201 degenda
1104 1132 1192 1188 sit.
1223 1130 1389 1203 Cujus
1421 1131 1665 1187 scientiae
1712 1146 1981 1185 summam

379 1225 619 1281 breviter
652 1226 1042 1283 circumscribe
1068 1244 1080 1280 :
1115 1236 1173 1283 ut
1204 1242 1379 1298 neque
1404 1226 1595 1297 religio
1624 1225 1729 1280 ulla
1752 1226 1871 1280 sine
1898 1239 1985 1279 sa-

380 1319 582 1389 pientia
607 1320 948 1391 suscipienda
990 1321 1098 1389 sit,
1132 1336 1231 1378 nec
1279 1321 1383 1377 ulla
1414 1321 1531 1377 sine
1561 1320 1822 1393 religione
1861 1334 1987 1393 pro-

379 1408 556 1468 banda
586 1411 872 1488 sapientia.

1470 366 1655 424 FIBM.
1697 360 2318 435 ιΑρτΑΝτιιλιιινιΝ.
2356 358 2600 418 INS'I'IT.

381 490 574 561 pitium
607 489 897 554 labantur;
944 487 1117 541 lucem
1174 486 1518 557 relinquunt,
1551 492 1607 538 ut
1646 484 1699 538 in
1738 479 1977 538 tenebris
2004 484 2058 543 Α

3595 352 3717 411 1-20

2713 473 2940 534 CAPUT
2978 474 3041 532 ll.

2325 571 2475 638 Quod
2496 570 2816 642 providentia
2834 569 2900 624 sit
2920 570 2977 623 in
2995 568 3144 624 rebus
3169 568 3425 624 humanis.

2104 646 2115 657 ’
2161 666 2426 733 Suscepto
2469 664 2632 736 igitur
2661 661 2992 718 illustraudm
3029 660 3274 716 veritatis
3314 660 3502 717 cilicio
3526 702 3543 728 ,
3590 674 3712 715 non

2088 759 2269 830 putavi
2316 757 2453 813 adeo
2500 756 2863 813 necessarium
2904 756 2974 811 ab
3013 754 3103 810 illa
3147 755 3448 825 quaestione
3498 753 3719 826 princi-

2094 852 2239 923 pium
2267 866 2505 918 sumere,
2533 867 2653 923 quae
2675 851 2895 906 videtur
2922 850 3093 920 prima
3138 864 3261 905 esse
3287 859 3478 905 natura
3504 867 3519 903 :
3554 850 3716 903 sitne

2093 944 2451 1016 providentia,
2471 960 2593 1015 qua:
2616 943 2779 1001 rebus
2801 943 3053 999 omnibus
3069 943 3347 1008 consulat;
3373 958 3441 997 an
3471 941 3719 998 fortuitu

2085 1039 2168 1095 vel
2198 1038 2333 1095 facta
2381 1037 2491 1093 sint
2519 1038 2698 1093 omnia
2741 1038 2825 1094 vel
2878 1047 3152 1109 regantur.
3194 1035 3364 1107 Cujus
3405 1037 3714 1093 sententia:

2086 1142 2278 1187 auctor
2300 1141 2385 1187 est
2413 1132 2774 1197 Democritus,
2814 1130 3166 1187 conﬁrmator
3193 1130 3481 1200 Epicurus.
3506 1128 3628 1187 Sed
3655 1138 3716 1185 et

2087 1232 2246 1280 antea
2277 1223 2631 1296 Protagoras,
2678 1224 2768 1295 qui
2814 1223 2947 1280 deos
2986 1224 3043 1279 in
3083 1224 3309 1281 dubium
3349 1222 3611 1288 vocavit;
3659 1231 3722 1277 et

2090 1325 2277 1386 postea
2325 1316 2617 1387 Diagoras,
2643 1316 2736 1386 qui
2790 1316 3155 1385 exclusit;‘et
3194 1315 3283 1371 alii
3318 1314 3566 1370 nonnulli
3619 1313 3719 1384 qui

2093 1422 2201 1462 non
2256 1415 2581 1478 putaverunt
2626 1406 2760 1463 deos
2810 1421 2963 1474 esse;
3014 1406 3141 1478 quid
3182 1405 3329 1461 aliud
3379 1404 3716 1471 eﬂ’ecerunt,

2093 1501 2197 1558 nisi
2226 1512 2284 1557 ut
2312 1502 2458 1558 nulla
2487 1516 2610 1558 esse
2640 1499 2975 1571 providentia
3007 1498 3322 1571 putaretur?
3352 1514 3489 1571 quos
3520 1507 3719 1554 tamen

2087 1602 2144 1650 et
2177 1595 2361 1652 caeteri
2387 1592 2730 1666 philosophi,
2762 1607 2826 1650 ac
2849 1592 3083 1649 maxime
3120 1589 3288 1649 Stoici
3318 1589 3594 1647 acerrime
3621 1604 3718 1646 rec

1707 1705 2072 1764 VARIORUM
2109 1706 2343 1765 ΝΟΤΔΕ.

465 1822 652 1895 υείηςτ
672 1821 1016 1895 praecipitium
1037 1822 1295 1895 labantur.
1323 1821 1389 1876 Et
1414 1821 1504 1895 sic
1518 1821 1770 1877 labantur
1790 1822 1884 1879 lib.
1909 1839 1986 1887 vn,
2020 1826 2068 1885 B
2095 1824 2542 1894 perspicacissimi
2559 1822 3001 1895 ingenii,clariss.
3021 1822 3247 1878 Vossius
3261 1821 3717 1895 existimateum-

389 1909 507 1962 cap.
541 1892 631 1958 57;
666 1893 927 1961 Epitom.,
954 1908 1073 1961 cap.
1101 1893 1190 1950 69.
1224 1895 1291 1947 At
1321 1908 1450 1946 mss.
1474 1892 1582 1948 duo
1612 1894 1764 1948 Coll).
1798 1909 1911 1949 rec.
1936 1905 1992 1950 et

387 1964 627 2020 Boban..
662 1975 718 2018 ut
739 1965 795 2019 in
825 1965 1165 2020 nracinitium
1192 1982 1206 2020 :
1236 1965 1288 2020 1.
1317 1963 1450 2020 Rea.
1472 1976 1530 2018 ut
1554 1965 1609 2018 in
1637 1982 1881 2020 miscens.

466 1980 627 2025 man..
662 1980 718 2018 ut
739 1982 795 2019 in
824 1980 1165 2035 praemittam
1192 1982 1206 2025 ;
1236 1980 1288 2027 ι,
1318 1980 1450 2034 neg.
1472 1980 1530 2018 ut
1554 1981 1609 2018 in
1637 1982 1881 2034 praeceps.

466 2034 805 2102 Relinquunt.
865 2036 1122 2100 Reimm.,
1163 2035 1313 2106 Lips.
1368 2035 1404 2089 2
1434 2046 1490 2091 et
1513 2036 1568 2101 5,
1609 2038 1989 2104 derelinquunt.

390 2108 552 2163 Certe
594 2107 903 2163 Lactantius
946 2117 1092 2162 amat
1135 2106 1236 2163 hoc
1280 2107 1747 2175 decompositum;
1807 2108 1897 2164 lib.
1932 2126 1991 2175 ι,

390 2193 512 2247 cap.
545 2179 632 2245 18,
676 2179 771 2235 lib.
799 2195 852 2245 v,
907 2193 1025 2250 cap.
1075 2180 1129 2247 8,
1158 2194 1278 2249 cap.
1306 2178 1396 2247 l8,
1424 2187 1478 2233 et
1503 2179 1721 2250 quidam
1753 2180 1846 2235 lib.
1891 2196 1949 2235 ut
1975 2223 1990 2249 ,

392 2264 512 2307 can.
548 2250 633 2307 15.
666 2250 798 2306 Bux.

392 2264 512 2306 ραι).
548 2264 633 2306 15.
670 2264 798 2306 υυκ.

462 2266 1056 2390 ILilissi-inii.”xlirancius,
1092 2321 1228 2377 forte
1259 2323 1494 2377 liberare.
1538 2320 1644 2378 Sed
1692 2322 1887 2378 melius
1916 2323 1995 2379 le-

394 2392 537 2461 gitur
565 2394 617 2448 in
644 2392 951 2449 Coloniensi
979 2394 1107 2448 anni
1134 2393 1274 2449 15M
1306 2392 1565 2460 editione,
1594 2393 1851 2465 velintque
1879 2405 1995 2449 tan-

396 2465 513 2518 dem
534 2466 596 2518 ab
624 2465 913 2520 inveteratis
943 2466 1197 2521 erroribus
1223 2466 1448 2520 liberari.

471 2536 531 2608 Si
560 2554 720 2608 quare
741 2539 842 2593 sint
891 2539 1019 2591 nati.
1056 2538 1130 2592 Ex
1172 2552 1306 2591 mss.
1354 2546 1411 2591 et
1437 2536 1596 2608 editis
1641 2537 1819 2592 addidi
1851 2539 1993 2603 sint,

395 2607 538 2672 (ιιιοά
571 2608 760 2663 det-rat
801 2608 958 2665 editis
981 2608 1149 2680 Thys.
1197 2617 1252 2662 et
1279 2608 1441 2680 etiam
1489 2607 1699 2663 Servati
1746 2608 1884 2666 Gall.
1925 2637 1998 2649 —-

404 2680 579 2749 Quare
620 2681 722 2735 sint
766 2681 895 2735 nati.
936 2679 1205 2735 llludsint
1246 2680 1297 2733 in
1351 2679 1584 2734 Reimm.
1610 2688 1664 2733 et
1691 2680 1744 2735 in
1780 2680 1997 2749 triginta

397 2752 633 2821 amplius
650 2752 776 2806 edd.
794 2753 1238 2821 deprehenditur,
1264 2752 1315 2805 in
1336 2750 1789 2813 Snblac.,duabus
1813 2751 1995 2816 Rom.,

396 2822 588 2877 decem
644 2824 883 2888 Venetis,
928 2838 1017 2877 an.
1053 2821 1439 2886 1471—1510,
1489 2823 1661 2876 tribus
1706 2823 1996 2891 Antuerp.,

399 2893 573 2948 tribus
606 2894 791 2959 Basilq
824 2896 1058 2963 quinque
1088 2894 1360 2952 Termes"
1390 2894 1565 2956 Junt.,
1619 2893 1811 2948 Parrh.
1839 2935 1853 2956 ,
1900 2894 2001 2949 Bc-

399 2966 791 3039 rut.,_Grypb.,
819 2966 1027 3039 duabus
1058 2965 1195 3021 1εωί.
1222 2965 1589 3037 Neglexerunt
1608 2963 1801 3037 Tltys.,
1827 2964 1997 3031 Gall.,

406 3036 911 3106 Spark.,'Cantabr.

480 3107 547 3163 Ut
579 3124 830 3180 aequm...
864 3110 1128 3177 probanda
1153 3108 1426 3180 sapientia.
1454 3106 1792 3180 l-lypothesisi
1806 3117 1891 3163 est
1922 3117 2002 3162 to-

406 3179 1222 3275 prolgssi'onis‘christiarpg
1247 3198 1260 3236 :
1284 3180 1353 3235 de
1373 3179 1477 3235 hoc
1497 3179 1673 3251 agitur
1697 3179 1749 3233 in
1772 3179 2003 3235 Lactan—
2032 3212 2077 3275 Ο

404 3250 464 3305 tii
496 3250 632 3321 libro
654 3251 721 3305 de
752 3252 831 3305 lra
867 3251 980 3314 Dei,
1001 3267 1119 3321 cap.
1154 3252 1239 3306 12.

480 3320 603 3374 Non
627 3324 800 3388 putavi
821 3323 950 3376 adeo
972 3320 1330 3378 necessarium.
1354 3322 1570 3378 Plenius
1592 3321 1697 3378 boc
1719 3338 2005 3393 argumen-

407 3403 520 3447 tum
544 3401 844 3447 tractatura
867 3393 1144 3448 Lactantio
1172 3396 1310 3449 libro
1333 3394 1401 3449 de
1433 3394 1512 3447 Ira
1547 3393 1795 3461 Dei,cap.
1824 3394 1876 3459 9,
1914 3395 2011 3459 l0,

408 3466 498 3522 11.
520 3475 569 3518 et
590 3465 641 3517 in
658 3464 841 3519 libello
860 3465 926 3521 de
946 3465 1173 3532 Opilicin
1194 3466 1307 3529 Dei,
1328 3466 1414 3519 ubi
1434 3465 1728 3529 Epicureos
1743 3469 2001 3522 contulat.

482 3533 858 3606 Naturaisitne
871 3538 1205 3606 providentia.
1230 3536 1364 3591 Hinc
1378 3536 1526 3590 Lact.
1550 3535 1781 3603 Epitom.
1803 3552 1920 3595 cap.
1944 3536 2001 3601 2,

409 3610 629 3662 ineunte
658 3624 669 3657 :
698 3605 880 3661 Prima
908 3609 1085 3661 incidit
1098 3609 1331 3672 quaestio,
1358 3609 1491 3661 sitne
1519 3607 2000 3673 providentia.Bt:N.

481 3677 765 3746 chantur.
801 3681 890 3733 Sic
912 3695 1035 3734 cum
1065 3680 1284 3749 optimis
1314 3678 1641 3733 editionibus
1669 3686 1723 3731 et
1748 3694 1878 3732 mss.
1910 3696 2007 3731 an-

412 3750 776 3820 tiquioribus;
829 3752 971 3818 quod
1018 3751 1245 3818 capite!
1296 3749 1578 3819 Epitomes
1617 3750 2004 3814 conﬁrmatur;

409 3822 500 3875 ubi
520 3820 700 3889 legere
718 3832 795 3876 cst
819 3840 829 3875 :
853 3821 1000 3878 Sitne
1024 3823 1196 3887 aliqua
1226 3821 1562 3889 providentia,
1587 3836 1701 3886 quae
1717 3830 1805 3873 aut
1834 3822 2008 3889 fecerit

412 3902 502 3946 aut
527 3901 667 3961 regat
693 3894 957 3946 mundum.
995 3894 1047 3948 lu
1079 3892 1397 3961 quibusdam
1433 3901 1611 3946 tamen
1656 3905 1787 3945 mss.
1815 3891 2010 3961 legitur

411 3973 675 4034 gerantur,
710 3965 869 4034 etiam
904 3965 1198 4018 Roltauneo
1224 3973 1279 4019 ct
1306 3963 1777 4033 Sangcrmanensi,
1810 3963 1863 4017 in
1889 3964 2007 4017 aliis

411 4034 596 4104 etiam,
627 4033 719 4087 scd
755 4036 911 4100 male,
942 4047 1200 4104 gerantur.

486 4102 831 4159 Democritus.
863 4102 963 4175 Qui
990 4107 1211 4161 fortuito
1242 4105 1420 4159 omnia
1444 4120 1511 4159 ex
1538 4104 1731 4160 atomis
1760 4104 1890 4159 facta
1916 4120 2007 4160 as-

413 4191 598 4246 serere
623 4188 867 4232 cnnatnr.
908 4178 1042 4233 Vide
1073 4177 1370 4232 Laertium.
1397 4178 1610 4246 Optime
1639 4175 1959 4230 Plutarchus
1992 4194 2005 4229 :

418 4245 573 4301 Nihil
614 4248 815 4316 pulchri
845 4260 1047 4312 temere,
1078 4259 1121 4302 et
1148 4251 1362 4317 fortuito
1404 4245 1650 4312 nascitur,
1683 4248 1770 4301 sed
1797 4248 1859 4299 ab
1900 4258 2009 4301 arte

415 4318 588 4387 aliqua
615 4319 841 4389 eﬁicitur.
870 4320 1112 4375 Vossms.
1130 4350 1203 4359 —
1232 4321 1306 4373 De
1328 4319 1445 4387 ipso
1471 4319 1770 4373 Dcnincrito
1791 4318 2009 4388 copiose

415 4399 590 4460 agttur
607 4390 695 4445 inf:
714 4408 741 4444 a
761 4391 899 4445 libro
920 4393 1220 4460 ut.rap.17.
1243 4391 1548 4444 Democrito
1570 4401 1747 4445 autem
1770 4390 2009 4457 adjnngit

418 4459 738 4527 Epicurum,
769 4465 890 4531 quia
922 4462 1007 4517 hic
1036 4459 1101 4516 ex
1127 4462 1220 4516 illo
1249 4462 1503 4531 pleraque
1528 4460 1723 4523 hausit,
1759 4470 1891 4515 teste
1922 4461 2009 4515 Ci-

414 4547 635 4597 cerone,
670 4534 761 4589 lib.
781 4533 895 4588 vde
922 4532 1122 4596 Finib.;
1155 4544 1209 4587 et
1238 4532 1327 4586 lib.
1364 4533 1481 4587 nde
1503 4532 1953 4587 Natur.deorum.

2094 1892 2363 1951 demesse
2386 1892 2669 1963 Diagoram
2699 1895 3108 1959 Atheniensem,
3138 1910 3227 1956 qm
3254 1892 3467 1963 reliquit
3496 1907 3717 1947 sermo-

2096 1982 2195 2040 nes
2244 1965 2532 2038 Phrygios.
2564 1968 3076 2040 Ialianusgcoutra
3122 1964 3344 2040 Gnaeos
3392 1983 3406 2019 :
3458 1966 3717 2040 atoyépa:

2095 2034 2374 2109 ΪΔθηναῖοςξ
2398 2034 2515 2093 ἐξω.
2561 2036 2624 2093 lli
2669 2038 2878 2109 phrygii
2906 2051 3210 2109 sermones
3245 2034 3413 2090 fuisse
3451 2034 3717 2109 ridentur

2099 2107 2325 2164 historia
2368 2124 2555 2165 eorum
2583 2106 2702 2178 qua:
2728 2106 2793 2163 ad
2821 2108 3061 2180 Cybelen
3086 2149 3098 2172 ,
3131 2108 3256 2180 sive
3277 2117 3506 2162 matrem
3532 2106 3713 2175 Pliry-

2097 2181 2263 2251 giam,
2297 2187 2354 2235 et
2403 2180 2524 2250 ejus
2549 2196 2700 2236 sacra
2731 2178 3083 2250 pertinerent.
3120 2178 3364 2251 Altuipso
3405 2189 3592 2233 autem
3638 2194 3714 2251 go

2097 2247 2206 2307 line
2232 2247 2549 2318 conscripti,
2580 2263 2634 2306 ut
2661 2247 2905 2307 homines
2927 2266 2957 2305 a
2981 2250 3150 2304 sacris
3176 2249 3281 2304 illis
3300 2258 3596 2304 averteret.
3625 2247 3712 2303 Ex

2096 2320 2306 2379 Vossxo.
2336 2351 2407 2364 -ο
2436 2324 2510 2379 De
2550 2323 2654 2378 hoc
2685 2323 2907 2393 Diagora
2935 2322 3132 2393 iterum
3152 2319 3326 2388 agitur
3346 2334 3375 2373 a
3392 2319 3705 2393 Lactantio,

2099 2393 2195 2466 lib.
2220 2394 2289 2466 de
2311 2394 2392 2449 Ira
2422 2394 2538 2461 Dei,
2568 2410 2688 2466 cap.
2714 2394 2768 2456 9.
2785 2390 2856 2449 ἐι
2878 2408 2908 2448 a
2933 2391 3278 2448 Theodoreto
3306 2394 3362 2445 in
3388 2390 3711 2462 Thcrapeu-

2098 2465 2199 2520 lica
2230 2464 2565 2528 Graecorum,
2599 2464 2653 2520 in
2686 2474 2866 2521 sexto.
3519 2496 3522 2500 ι

2170 2535 2240 2590 Et
2268 2546 2441 2607 postea
2466 2535 2742 2609 Diagoras.
2785 2536 2915 2591 Post
2942 2535 3315 2609 Protagoram,
3344 2534 3708 2609 ante_Epicu-

2097 2623 2237 2674 rum,
2269 2605 2321 2663 et
2350 2609 2465 2677 ipse
2491 2605 2786 2677 discipulus
2808 2608 3119 2662 Democriti.
3143 2606 3295 2661 Suid.
3325 2605 3415 2660 ed.
3444 2605 3697 2669 Kuster.,

2101 2687 2141 2732 t.
2191 2695 2230 2743 ι,
2271 2678 2309 2733 l'.
2344 2680 2471 2736 .550.
2532 2680 2587 2735 Si
2621 2690 2765 2734 recte
2822 2679 3044 2748 capias,
3103 2678 3414 2733 Laclantius
3472 2678 3707 2732 credidit

2100 2748 2267 2805 fuisse
2299 2767 2420 2805 eum
2453 2762 2573 2820 post
2612 2751 2924 2819 Epicurum,
2969 2749 3038 2805 de
3079 2748 3161 2805 Ira
3191 2790 3206 2811 .
3239 2750 3416 2816 capite
3444 2749 3501 2805 9.
3537 2748 3703 2804 Male.

2103 2821 2359 2894 Diagoras
2400 2824 2611 2894 Olyinp.
2665 2837 2836 2877 Lutv
2878 2822 3094 2894 ﬂoruit;
3144 2821 3411 2894 Epicurus
3479 2820 3705 2894 demum

2100 2892 2315 2962 Olymp.
2339 2910 2446 2959 cut,
2470 2891 2620 2948 anno
2655 2897 2813 2946 tertio
2843 2902 3030 2956 natus;
3068 2893 3248 2948 Laert.
3282 2891 3319 2946 Ι.
3350 2908 3403 2952 x.
3435 2900 3573 2948 sect.
3614 2892 3703 2956 14,

2102 2964 2264 3032 15,ει
2284 2965 2491 3035 Menag.
2524 2982 2575 3029 p.
2599 2965 2728 3021 455.
2757 2964 2982 3019 Vossius
3004 2979 3134 3035 ergo
3163 2972 3471 3035 corruptam
3502 2962 3705 3018 Laertii

2102 3037 2393 3090 editionem
2445 3034 2661 3091 secutus
2707 3045 2816 3101 est,
2845 3051 2966 3090 cum
3007 3034 3085 3091 de
3130 3034 3268 3091 Hist.
3298 3034 3474 3090 Grzec.
3503 3036 3544 3089 Ι.
3578 3050 3626 3099 ι,
3654 3050 3704 3088 c.

2100 3106 2193 3173 21,
2222 3107 2509 3178 Epicurum
2533 3107 2746 3179 Olymp.
2775 3122 2880 3162 cvu
2919 3116 3190 3163 mortuum
3231 3106 3477 3179 tradidit;
3510 3121 3708 3179 concec

2107 3178 2187 3250 dit
2212 3176 2354 3250 enim
2400 3176 2615 3250 Olympi
2654 3194 2740 3234 cur
2779 3189 2962 3233 natum
3001 3178 3186 3250 fuisse.
3212 3178 3267 3250 _l.
3296 3194 3368 3250 tv,
3398 3193 3450 3232 c.
3478 3178 3580 3242 10,
3613 3176 3701 3250 e_d.

2109 3248 2277 3320 Lugd.
2306 3249 2363 3304 Β.
2400 3242 2573 3304 iit—TI
2598 3251 2676 3304 .‘td
2717 3265 2830 3304 rem
2873 3250 3015 3305 conf.
3046 3248 3163 3304 Cic.
3193 3248 3261 3320 de
3292 3242 3414 3302 Nat.
3454 3250 3611 3304 deor.
3642 3248 3702 3303 L.

2109 3336 2148 3385 ι,
2181 3319 2231 3374 c.
2277 3322 2303 3376 1
2346 3332 2399 3375 et
2428 3336 2477 3373 c.
2502 3320 2604 3385 23;
2636 3323 2673 3377 Ι.
2703 3338 2781 3386 ιιι,
2808 3336 2858 3375 c.
2892 3322 2997 3385 57;
3031 3320 3212 3375 Valcr.
3241 3319 3385 3374 Max.
3422 3320 3458 3374 1.
3492 3336 3532 3384 ι,
3562 3334 3617 3375 c.
3651 3322 3702 3385 l,

2108 3402 2218 3445 ext.
2240 3408 2291 3445 n.
2314 3394 2367 3453 7;
2392 3391 2617 3457 Etiam,
2640 3393 2677 3448 Ι.
2703 3392 2889 3447 ullist.
2921 3392 3066 3455 Var.,
3096 3407 3145 3446 c.
3178 3392 3269 3447 51.
3294 3392 3423 3446 Dum.
3447 3421 3519 3431 —
3539 3391 3707 3447 Antea

2109 3461 2497 3535 Protagoras...
2527 3474 2701 3532 postea
2739 3463 3012 3535 Diagoras.
3053 3462 3169 3535 Cic.
3203 3462 3341 3517 libro
3385 3478 3401 3517 ι
3455 3462 3525 3518 de
3578 3462 3704 3516 Nat.

2108 3532 2339 3589 deorfc.
2372 3536 2398 3589 1
2426 3553 2439 3589 :
2472 3534 2607 3588 Deos
2637 3552 2763 3599 esse,
2791 3532 3027 3589 dubitare
3054 3551 3107 3588 se
3136 3532 3452 3603 Protagoras
3480 3575 3495 3593 ,
3530 3535 3706 3589 nullos

2107 3622 2215 3659 esse
2244 3608 2471 3667 omnino.
2505 3605 2757 3672 Diagoras
2781 3604 2968 3660 Melius
2994 3617 3040 3660 et
3067 3604 3365 3659 Theodorus
3391 3603 3708 3672 Cyrenaicus

2110 3688 2432 3747 putaverunt.
2458 3677 2604 3731 Idem
2631 3677 2777 3732 dicm
2806 3678 2961 3740 libro,
2994 3692 3042 3731 c.
3066 3676 3137 3732 25
3162 3695 3173 3728 :
3208 3675 3344 3741 Quid
3365 3676 3389 3729 ?
3418 3675 3703 3747 Diagoras.

2108 3744 2275 3811 ’Δθεος
2327 3750 2413 3819 qui
2460 3749 2627 3801 dictus
2656 3759 2762 3812 est,
2822 3759 3090 3819 posteaque
3156 3747 3455 3819 Theodorus
3476 3788 3503 3819 ,ί
3524 3744 3709 3819 ἠοηιιε

2111 3833 2287 3889 aperte
2331 3818 2541 3873 deorum
2584 3831 2823 3874 naturam
2864 3818 3219 3873 sustulerunt?
3265 3818 3401 3872 Nam
3441 3818 3708 3873 Abderites

2109 3890 2315 3956 quidem
2370 3889 2684 3960 Protagoras
2716 3936 2730 3957 ,
2785 3891 3037 3952 sophistes
3093 3891 3403 3960 temporibus
3461 3890 3567 3943 illis
3631 3891 3708 3943 vel

2108 3963 2384 4027 struximus,
2409 3979 2523 4015 cum
2548 3964 2601 4016 in
2633 3963 2885 4033 principio
2911 3961 3027 4015 libri
3069 3962 3142 4015 sic
3162 3963 3432 4033 posuisset.
3457 3961 3529 4033 de
3567 3961 3706 4016 diris

2109 4048 2287 4097 neque
2331 4041 2391 4087 ut
2440 4035 2568 4096 sint,
2623 4031 2797 4099 neque
2850 4044 2909 4087 ut
2952 4049 3056 4087 non
3100 4031 3227 4094 sint,
3276 4031 3454 4087 habeo
3500 4031 3704 4095 dicere,

2110 4104 2494 4158 Atheniensium
2518 4106 2662 4172 iussu
2686 4103 2809 4158 urbe
2847 4114 2998 4172 atque
3036 4120 3162 4172 agro
3198 4115 3270 4159 est
3322 4104 3701 4170 exterminatus,

2112 4175 2328 4237 librique
2356 4176 2465 4245 ejus
2489 4176 2541 4227 in
2564 4177 2807 4228 concione
2831 4176 3097 4230 combusti.
3129 4176 3295 4230 CELL.

2186 4245 2254 4301 Et
2279 4245 2373 4317 alii
2396 4245 2651 4300 nonnulli.
2686 4248 2745 4300 Ε.
2768 4262 2821 4317 g.
2854 4246 3191 4301 Theodorus.
3214 4247 3494 4317 Epit.cap.
3526 4245 3614 4311 68;
3640 4246 3707 4301 de

2110 4316 2215 4383 Ira,
2249 4332 2297 4371 c.
2328 4316 2383 4371 9.
2417 4318 2557 4372 Loca
2616 4316 2938 4386 scriptorum
2994 4316 3295 4373 indicarunt
3336 4318 3703 4372 Elmenhorst.

2111 4387 2413 4460 ad_.\littttc.
2446 4404 2494 4443 c.
2529 4390 2583 4442 8.
2610 4388 2861 4460 Dlanner.
2887 4390 2938 4443 in
2966 4389 3110 4460 Syst.
3136 4389 3396 4460 Theolog.
3425 4388 3625 4445 Gentil.
3655 4406 3703 4444 c.

2109 4457 2166 4521 2,
2190 4458 2217 4529 §
2243 4459 2298 4512 2.
2336 4460 2466 4514 Bua.
2510 4487 2580 4498 -—
2632 4458 2762 4512 Bion
2812 4459 2973 4514 etiam
3008 4457 3393 4515 'exclusitdeus
3425 4480 3437 4515 :
3468 4462 3703 4516 Carmina

2113 4544 2234 4599 qua:
2276 4530 2344 4585 de
2376 4531 2466 4585 illo
2512 4539 2696 4584 extant
2736 4534 2993 4601 reperies,
3024 4533 3162 4597 apud
3212 4532 3510 4587 Meursiunt
3549 4549 3702 4601 quem

493 4594 829 4683 Protagoras.
868 4594 1158 4683 υςιιιιιςνξιί
1184 4604 1428 4683 auditor;
1459 4604 1640 4683 dehillo
1663 4602 1739 4657 sic
1762 4601 2007 4683 Lactant.
2035 4594 2089 4659 D
2114 4594 2265 4683 adire
2285 4617 2352 4658 ne
2372 4604 2565 4683 pigeat,
2589 4602 2642 4683 in
2660 4594 2921 4683 opusculis
2948 4594 3205 4683 Hesgcliii,
3227 4602 3395 4683 p.12;
3420 4594 3701 4683 Caua-:05:

420 4674 489 4728 de
506 4674 587 4727 lra
617 4676 728 4739 llei,
752 4690 871 4743 cap.
897 4676 952 4733 9.
975 4694 988 4730 :
1011 4675 1218 4728 Primus
1239 4675 1463 4729 omnium
1511 4674 1826 4743 Protagoras
1849 4675 2013 4727 extitit

420 4747 728 4811 temporibus
760 4744 1012 4810 Socratis,
1045 4748 1132 4817 qui
1153 4746 1249 4800 sibi
1269 4746 1458 4801 diceret
1484 4764 1583 4801 non
1607 4746 1819 4815 liquere.
1841 4754 2013 4817 utrum

419 4825 547 4893 asset
575 4818 747 4893 aliqua
767 4817 1004 4893 divinitas
1025 4816 1199 4893 necne,
1224 4818 1554 4893 etc._Suidas,
1583 4816 2011 4893 ittﬂporat'ybpotc;

420 4885 1151 4959 Theophilus,adAutolyc.
1186 4889 1304 4945 lib..
1337 4890 1397 4955 '5;
1433 4888 1572 4952 Cic.,
1605 4885 1707 4942 lib:
1749 4885 2011 4959 Laena.

421 4956 601 5021 deor.;
639 4957 989 5026 Epiphanius,
1024 4956 1115 5014 lib.
1143 4976 1199 5014 ιιι
1238 4971 1419 5015 contra
1451 4960 1726 5021 llicreses;
1758 4957 2014 5013 Theodo-

418 5029 549 5085 ηιξ
575 5041 713 5083 orat.
740 5046 774 5083 ιι
806 5043 988 5084 contra
1004 5031 1239 5086 Gnaeos.
1262 5030 2016 5097 Eunaeum—Protagoras

419 5109 643 5170 propter
672 5102 894 5172 impium
921 5102 1111 5171 dogma
1142 5103 1367 5157 Athenis
1388 5104 1592 5172 ejectus
1615 5110 1716 5155 cst.
1746 5101 1875 5170 Ejus
1899 5100 2015 5154 Vita

420 5180 505 5241 est
547 5171 689 5238 apud
734 5172 1001 5227 Laertium
1033 5174 1171 5228 libro
1212 5190 1284 5228 Ix.
1315 5171 1426 5230 Sub
1470 5174 1777 5241 Protagora:
1799 5172 2016 5228 nomine

421 5240 665 5314 dialogus
707 5252 789 5297 est
816 5244 955 5314 inter
986 5245 1222 5299 Platonis
1250 5245 1513 5314 llialogos.

498 5310 768 5383 Diagoras.
798 5312 911 5370 Cic.
939 5316 1007 5371 de
1035 5316 1156 5371 Nat.
1186 5316 1364 5383 deor.,
1395 5310 1430 5369 Γ.
1458 5332 1497 5377 ι,
1522 5331 1571 5369 c.
1599 5314 1694 5380 2'5,
1728 5321 1785 5368 et
1813 5313 1848 5367 l.
1880 5328 1936 5380 ιι,
1966 5329 2013 5369 c.

420 5383 522 5443 57;
558 5383 844 5458 δρεριιιιιις,
879 5402 920 5458 tt
942 5398 1130 5442 contra
1164 5389 1419 5458 Appinu.;
1444 5386 1683 5458 Tanain;
1716 5385 2009 5458 Allienag.,

421 5458 552 5530 Πρὸς
590 5452 857 5533 "gillo-rm;
889 5456 1144 5533 Clemens
1167 5452 1264 5533 ,λῖιι
1296 5458 1567 5533 Protrept.
1596 5455 1689 5511 Ὧν
1732 5454 1793 5533 δή
1839 5452 2018 5533 laps,

420 5526 571 5591 eic.;
603 5526 852 5600 Diagoras
883 5530 1092 5595 Melius,
1125 5530 1207 5582 cui
1226 5528 1747 5600 Atheoucognomen
1772 5526 2011 5598 imposuit

424 5598 720 5669 antiquitas,
752 5601 888 5655 dixit
931 5600 1191 5655 Minucius
1221 5599 1391 5654 Felix.
1430 5598 1626 5656 Contra
1655 5616 1813 5669 quem
1854 5614 2009 5652 suum

424 5667 493 5723 dc
537 5668 877 5726 Providentia
921 5672 1112 5725 librum
1143 5669 1360 5737 scripsit
1408 5667 1798 5727 Theodoretus.
1846 5669 2013 5723 Athe-

423 5740 640 5797 nienses
673 5743 854 5798 talenti
887 5745 1114 5809 pretium
1147 5743 1510 5812 proscripsere
1541 5743 1613 5796 illi
1651 5742 1742 5812 qui
1773 5743 2012 5809 Diagora:

416 5817 577 5879 Caput
607 5812 1143 5890 a_ll‘erre£($n_idasni_n
1170 5811 1459 5890 Διαγόρας).
1490 5814 1634 5871 Vixit
1654 5811 1858 5890 gantcm
1881 5813 2011 5890 Dia-

409 5900 591 5956 goras,
620 5884 772 5955 quta
799 5880 1018 5954 Euseb,
1049 5880 1281 5956 Olympi
1309 5880 1496 5954 ixxiv,
1546 5895 1600 5945 et
1635 5884 1897 5956 deinceps
1928 5882 2010 5938 vir

2188 4674 2262 4728 Ac
2286 4674 2506 4727 maxime
2533 4674 2699 4727 stoici.
2754 4675 2966 4729 Stoicos
3008 4674 3270 4738 imprimis
3315 4674 3586 4740 celebrat;
3612 4675 3705 4728 sed

2117 4759 2224 4798 non
2286 4746 2546 4799 minorem
2604 4744 2818 4799 laudem
2870 4746 3194 4813 promeritus
3240 4753 3326 4799 est
3379 4745 3570 4809 Plato,
3617 4746 3704 4813 qui

2120 4815 2517 4893 Deum_passim
2541 4826 2699 4893 vocat
2726 4816 3025 4893 δημιουργὸν
3041 4816 3293 4893 ἁπάντων,
3322 4817 3559 4893 api/irent
3591 4819 3707 4893 uni-

2118 4890 2267 4940 versi.
2299 4887 2541 4942 Vossius.
2569 4918 2641 4928 —
2667 4887 2970 4944 Stoicorum
2996 4889 3229 4956 insignes
3257 4887 3326 4943 de
3359 4887 3708 4956 providentia

2120 4956 2300 5012 divina
2323 4959 2601 5013 sententia:
2630 4959 2993 5028 reperiuntur.
3020 4957 3329 5013 Lactantius
3352 4959 3535 5013 laudat
3565 4958 3704 5013 Stoic

2120 5044 2236 5091 cos,
2266 5040 2600 5101 caeterosquc
2648 5028 2998 5099 philosophos
3031 5049 3043 5082 :
3078 5029 3309 5098 Epictet.
3343 5029 3485 5101 apud
3525 5032 3707 5085 Arria-

2121 5115 2247 5154 ttum
2280 5118 2295 5157 :
2330 5099 2638 5153 Discendum
2663 5112 2782 5154 ante
2798 5102 2988 5167 omnia,
3016 5117 3172 5153 unum
3202 5117 3308 5155 esse
3332 5099 3517 5164 Deum,
3542 5104 3709 5155 otnnia

2120 5183 2313 5242 regere,
2343 5173 2575 5225 omnibus
2596 5172 2858 5243 providere
2876 5191 2891 5234 ;
2912 5171 3160 5241 quidquid
3189 5187 3303 5225 vero
3333 5174 3606 5243 faciamus,
3633 5172 3712 5225 di-

2121 5241 2295 5297 camus
2319 5285 2334 5309 ,
2366 5241 2640 5313 cogitemus
2662 5284 2675 5305 ,
2708 5243 2836 5296 nihil
2857 5260 2973 5298 eum
2998 5244 3152 5296 latere
3181 5241 3345 5312 posse.
3378 5242 3514 5297 Vide
3540 5241 3708 5299 Sene-

2122 5328 2239 5369 cam
2266 5316 2317 5368 iu
2335 5314 2537 5381 Quaest.
2563 5324 2618 5368 et
2641 5313 2693 5368 in
2720 5314 2812 5367 lib.
2837 5313 2905 5369 de
2929 5314 3229 5373 Beneﬁciis.
3259 5324 3313 5367 et
3341 5314 3481 5368 libro
3507 5316 3576 5369 de
3590 5313 3711 5369 Ριιοο

2122 5385 2378 5441 videntia.
2413 5384 2664 5439 Eumdem
2699 5382 2952 5447 Hetrusci,
2981 5401 3127 5455 quem
3156 5401 3246 5438 nos
3274 5383 3488 5452 Jovem,
3520 5386 3709 5440 intelli-

2125 5468 2272 5527 gunt,
2299 5458 2557 5511 custodem
2587 5466 2930 5527 rectoremque
2952 5457 3189 5520 universi,
3216 5456 3446 5510 animum
3473 5474 3535 5511 ac
3561 5458 3712 5526 spiri-

2121 5539 2251 5591 tum,
2272 5529 2452 5593 muudi
2480 5528 2633 5594 hujus
2661 5529 2828 5593 operis
2853 5530 3110 5581 dominum
3137 5537 3181 5580 et
3213 5528 3488 5595 artiﬁcem,
3512 5531 3596 5583 cui
3620 5545 3712 5582 nu-

2120 5615 2233 5652 men
2262 5616 2407 5652 omne
2434 5602 2685 5652 convenit.
2705 5597 2788 5651 Vis
2814 5599 2958 5652 illum
2990 5601 3154 5668 fatum
3183 5613 3366 5653 uocare
3384 5601 3410 5653 3’
3434 5616 3536 5654 non
3568 5617 3714 5654 erra-

2122 5668 2215 5723 bis.
2250 5668 2346 5723 Ilic
2374 5680 2445 5723 est
2473 5686 2537 5724 ea:
2560 5687 2657 5741 quo
2685 5687 2929 5741 suspensa
2968 5679 3085 5723 sunt
3122 5671 3313 5734 omnia,
3344 5688 3407 5724 ea:
3450 5688 3552 5741 quo
3599 5681 3716 5724 sunt

2122 5757 2293 5794 omnes
2321 5757 2486 5793 causa:
2516 5739 2806 5795 causarum.
2827 5739 2911 5794 Vis
2934 5742 3077 5794 illum
3107 5739 3477 5809 providentiam
3506 5742 3717 5796 dicere?

2121 5822 2253 5883 recte
2274 5812 2418 5883 dicis.
2448 5810 2539 5865 Est
2567 5814 2698 5866 enim
2720 5813 2868 5880 cujus
2896 5812 3107 5867 consilio
3147 5813 3266 5866 huic
3300 5813 3494 5867 mundo
3535 5815 3715 5883 provi-

2122 5881 2286 5951 detur,
2320 5882 2722 5939 utinconcussus
2742 5898 2919 5953 exeat,
2951 5894 2997 5938 et
3022 5893 3166 5938 actus
3202 5898 3319 5939 suos
3349 5881 3589 5955 explicet.
3622 5885 3715 5943 Sic
