3838 6278
103 338 205 402 iii

1200 345 1408 403 LIBER
1446 347 1491 403 l.
1521 346 1614 403 DE
1658 345 1876 404 FALSA
1908 345 2300 407 RELIGIONE.

3301 350 3408 408 122

98 459 382 527 tuderunt,
414 457 695 530 docentes,
748 474 850 518 nec
892 459 1008 518 ﬁeri
1053 464 1315 519 mundum
1359 464 1476 520 sine
1522 463 1704 519 divina
1729 467 1782 528 A
1806 468 1950 538 gutis
1974 478 2029 525 et
2057 467 2457 541 eloquentibus,
2485 475 2540 526 et
2559 468 2629 526 de
2656 468 2877 526 solertia
2900 467 3098 525 divina:
3121 468 3412 541 providen-

99 554 317 610 ratione
345 554 585 624 potuisse
604 596 620 623 ,
654 569 755 612 nec
782 566 1072 625 constare,
1101 557 1204 613 nisi
1246 573 1458 613 summa
1497 559 1708 615 ratione

99 657 406 716 regeretur.
453 646 560 702 Sed
592 657 644 702 et
689 646 760 702 M.
801 648 1033 715 Tullius,
1085 650 1331 720 quamvis
1370 649 1709 706 Acadenticze

100 738 406 808 disciplinae
449 738 702 795 defensor
729 750 909 809 esset,
948 743 1015 798 de
1053 743 1394 814 providentia
1432 745 1708 814 guberna-

109 833 245 889 trice
294 849 479 889 rerum
513 843 568 891 et
599 835 767 890 multa
802 844 856 890 et
907 852 1051 907 saepe
1092 837 1369 903 disseruit,
1402 839 1707 895 Stoicorum

101 939 425 999 argumenta
452 928 783 984 conﬁrmans
803 970 819 997 ,
850 939 908 985 et
941 946 1080 986 nova
1120 932 1235 1002 ipse
1274 931 1506 988 efferens
1536 932 1708 1002 pluri-

101 1036 231 1076 ma:
265 1020 413 1091 quod
444 1022 567 1077 facit
591 1031 702 1077 tum
730 1022 782 1077 in
816 1023 1068 1079 omnibus
1107 1023 1463 1093 philosophia:
1499 1039 1612 1080 suae
1642 1025 1710 1079 li-

100 1110 235 1174 bris,
272 1122 388 1166 tum
423 1112 655 1169 maxime
682 1115 734 1168 in
785 1114 850 1169 iis
875 1114 968 1186 qui
990 1123 1115 1169 sunt
1135 1115 1204 1171 de
1229 1115 1428 1171 Natura
1457 1116 1703 1171 deorum.

170 1203 286 1259 Nec
315 1204 538 1261 difﬁcile
573 1220 705 1260 sane
750 1206 853 1261 fuit
895 1221 1188 1277 paucorum
1220 1206 1499 1263 hominum
1544 1222 1711 1279 prave

95 1298 461 1354 sentientium
491 1297 817 1370 redarguere
848 1300 1128 1355 mendacia
1146 1301 1459 1357 testimonio
1480 1301 1709 1370 populo-

99 1408 225 1449 rum
255 1403 427 1465 atque
456 1390 700 1465 gentium
728 1394 782 1449 in
817 1394 920 1451 hac
945 1409 1050 1449 una
1084 1410 1145 1450 re
1175 1410 1282 1450 non
1312 1394 1708 1450 dissidentium.

94 1485 276 1543 Nemo
314 1497 402 1543 est
438 1488 581 1543 enim
623 1495 730 1542 tam
779 1486 965 1556 rudis,
998 1496 1109 1543 tam
1152 1486 1284 1544 feris
1318 1488 1586 1555 moribus,
1621 1489 1711 1558 qui

97 1582 297 1638 oculos
331 1596 465 1638 suos
491 1581 545 1637 in
576 1581 772 1638 celum
801 1582 1035 1647 tollens.
1069 1585 1281 1639 tametsi
1315 1583 1519 1638 nesciat
1559 1583 1714 1652 cujus

97 1671 201 1729 Dei
232 1672 574 1743 providentia
592 1680 809 1742 regatur
835 1672 939 1727 hoc
964 1687 1126 1728 omne
1146 1673 1290 1744 quod
1313 1674 1574 1739 cernitur,
1605 1688 1713 1728 non

96 1764 352 1835 aliquam
388 1773 565 1820 tamen
591 1780 714 1820 esse
741 1765 1007 1836 intelligat
1039 1779 1105 1820 ex
1135 1766 1246 1835 ipsa
1286 1782 1465 1821 rerum
1508 1765 1713 1836 magni-

1813 563 1900 618 tiae
1927 579 2025 636 per
2054 573 2224 620 totum
2262 564 2366 621 hoc
2392 579 2550 635 Opus,
2578 563 2722 636 quod
2767 564 3127 634 suscepimus.
3175 562 3407 633 sparsim

1811 657 1993 713 dicere
2006 673 2230 715 necesse
2252 668 2356 719 est;
2372 659 2685 714 omittamus
2706 657 2758 712 in
2785 658 3039 728 praesenti
3069 657 3208 713 hanc
3227 671 3409 729 QUIES-

1813 752 2032 819 tionem,
2059 769 2178 823 qum
2203 770 2325 809 cum
2354 754 2567 809 caeteris
2584 754 2661 808 sic
2682 751 2942 819 cohaeret,
2961 760 3021 808 ut
3045 753 3180 808 nihil
3204 769 3232 807 a
3256 752 3411 809 nobis

1811 842 2005 900 disseri
2037 860 2200 915 posse
2233 846 2516 915 videatur,
2547 857 2608 902 ut
2632 860 2741 902 non
2772 844 2935 902 simul
2965 846 3033 902 de
3075 845 3409 918 providentia

1813 936 2135 994 disseratur.

2448 1056 2678 1116 CAPUT
2718 1058 2804 1114 lll.

1818 1169 2049 1227 Uniusne
2085 1179 2331 1242 potestate
2361 1170 2454 1226 Dei
2476 1173 2695 1229 mundus
2715 1181 2940 1246 regatur,
2972 1191 3041 1231 an
3084 1175 3411 1232 multorum?

1884 1305 1964 1362 Sit
2000 1319 2132 1376 ergo
2164 1305 2334 1360 nostri
2373 1306 2554 1375 operis
2590 1305 2872 1363 exordium
2901 1308 3132 1381 quaestio
3160 1309 3248 1364 illa
3275 1324 3412 1367 cou-

1815 1413 2048 1469 sequens
2092 1413 2156 1453 ac
2207 1397 2444 1453 secunda
2507 1415 2520 1451 :
2572 1408 2750 1454 utrum
2796 1409 3065 1470 potestate
3112 1402 3273 1457 unius
3316 1401 3414 1458 Dei

1814 1489 2048 1546 mundus
2075 1498 2311 1561 regatur,
2341 1506 2482 1546 anne
2506 1490 2798 1547 multorum
2823 1492 3041 1550 ?Nemo
3068 1502 3153 1550 est
3179 1495 3269 1566 qui
3293 1495 3415 1566 qui-

1815 1580 1937 1636 dem
1991 1581 2203 1651 sapiat,
2258 1584 2635 1651 rationemque
2672 1597 2858 1637 secum
2902 1591 3087 1654 putet.
3111 1599 3220 1640 non
3247 1600 3413 1641 unum

1816 1689 1939 1732 esse
1966 1675 2267 1746 intelligat,
2305 1675 2395 1745 qui
2426 1685 2480 1731 et
2508 1675 2814 1732 condiderit
2838 1678 3019 1733 omnia
3040 1720 3057 1746 ,
3089 1688 3145 1734 et
3172 1678 3362 1736 eadem
3392 1720 3412 1747 ,

1817 1784 1920 1840 qua
1950 1768 2227 1836 c0ndidit,
2255 1769 2452 1824 virtute
2502 1768 2831 1824 moderetur.
2886 1770 3024 1839 Quid
3056 1772 3199 1826 enim
3227 1771 3414 1827 multis

97 1856 319 1920 tudine.
354 1866 523 1923 motu,
553 1856 933 1927 dispositioue,
952 1858 1276 1922 Constantia.
1298 1857 1548 1920 utilitate.
1586 1858 1707 1927 pul-
1737 1871 1786 1931 Β
1814 1878 1949 1936 opus
1978 1873 2058 1919 est
2091 1863 2158 1919 ad
2186 1862 2368 1918 mundi
2402 1864 2642 1934 regimen
2680 1864 3060 1918 sustinendum
3088 1864 3112 1919 ?
3143 1865 3246 1920 nisi
3273 1863 3416 1920 forte

103 1947 444 2017 chritudine,
474 1950 861 2018 temperatione
908 1968 921 2003 :
968 1966 1067 2005 nec
1111 1965 1271 2020 posse
1313 1950 1427 2005 ﬁeri
1479 1951 1606 2021 quin
1630 1950 1704 2017 id,

102 2042 251 2114 quod
285 2042 519 2097 mirabili
544 2043 753 2098 ratione
792 2051 1026 2107 constat,
1051 2043 1280 2098 consilio
1305 2044 1496 2113 majori
1527 2044 1706 2114 aliquo

103 2136 540 2191 sitinstructum.
574 2135 638 2190 Et
671 2135 831 2190 nobis
860 2137 1043 2207 utique
1066 2137 1379 2192 facillimum
1403 2147 1484 2192 est
1509 2137 1705 2206 exequi

104 2226 242 2282 hanc
291 2235 502 2297 partem
533 2227 830 2298 quamlibet
870 2230 1113 2299 copiose.
1160 2227 1267 2284 Sed
1309 2230 1430 2300 quia
1478 2229 1702 2284 multum

106 2320 246 2378 inter
288 2318 648 2392 philosophos
690 2321 887 2393 agitata
930 2338 1019 2378 res
1045 2332 1166 2390 est,
1211 2332 1265 2378 et
1313 2323 1704 2393 providentiam

107 2413 416 2471 tollentibus
440 2414 574 2469 satis
605 2429 924 2485 responsum
958 2414 1168 2472 videtur
1189 2416 1256 2472 ab
1281 2415 1592 2473 hominibus
1617 2433 1708 2473 ar—

1810 1957 2174 2024 arbitremur,
2216 1957 2260 2011 si
2312 1957 2489 2026 plures
2533 1957 2671 2023 sint,
2704 1956 2882 2011 minus
2918 1956 3120 2012 habere
3171 1957 3416 2027 singulos

1809 2064 2106 2104 nervorum
2135 2058 2299 2120 atque
2324 2048 2538 2103 virium.
2570 2048 2724 2116 Quod
2753 2047 2969 2117 quidem
2998 2047 3203 2104 faciunt
3229 2049 3300 2117 ii,
3324 2049 3413 2120 qui

1809 2142 2008 2198 multos
2037 2157 2160 2198 esse
2189 2142 2405 2209 volunt;
2432 2143 2558 2213 quia
2582 2157 2808 2198 necesse
2828 2153 2911 2198 est
2930 2142 3227 2199 imbecilles
3258 2158 3411 2200 esse:

1809 2233 2075 2305 siquidem
2128 2235 2359 2307 singuli,
2411 2234 2531 2291 sine
2567 2236 2767 2292 auxilio
2807 2236 3148 2304 reliquorum
3177 2276 3191 2301 ,
3251 2244 3415 2291 tantae

1812 2329 1971 2384 molis
2016 2330 2436 2401 gubernaculum
2491 2329 2760 2386 sustinere
2810 2345 2917 2385 non
2973 2336 3215 2400 possent.
3271 2328 3415 2385 Deus

1813 2430 1993 2478 autem
2016 2464 2030 2487 ,
2075 2423 2166 2494 qui
2209 2434 2292 2480 est
2322 2432 2522 2480 aeterna
2551 2437 2705 2478 mens
2728 2464 2743 2490 ,
2766 2437 2835 2477 ex
2860 2422 3009 2478 omni
3037 2422 3224 2492 utique
3259 2428 3415 2492 parte

1446 2531 1816 2592 VARIORUM
1856 2536 2090 2593 ΝΟΤΑΞ.

109 2637 161 2684 et
178 2626 467 2684 Cleanthes
497 2629 637 2699 apud
668 2628 1000 2699 Simplicium
1026 2646 1040 2682 :
1074 2627 1120 2681 0
1159 2627 1330 2694 Deus,
1368 2628 1563 2695 inquit,
1587 2645 1705 2698 rege

111 2717 189 2755 me
215 2717 304 2768 per
323 2718 433 2754 eam
465 2717 694 2760 causam.
723 2714 822 2770 qua
847 2701 1019 2754 omnia
1046 2702 1324 2770 moderatis
1352 2709 1398 2770 et
1429 2710 1700 2766 temperas.

183 2773 435 2826 Acerrinte
481 2769 795 2825 retudcrunt.
839 2771 900 2826 L.
936 2786 1031 2836 tu,
1065 2785 1114 2825 c.
1158 2769 1230 2825 28
1265 2789 1277 2822 :
1329 2769 1455 2825 Cum
1504 2771 1707 2838 fortiter

115 2843 427 2897 inimicorum
447 2845 667 2913 impetus
683 2844 948 2897 retudisset
968 2859 984 2907 ;
1001 2844 1035 2895 l.
1060 2858 1133 2905 tv,
1152 2857 1203 2913 7c.
1223 2841 1316 2903 27,
1336 2843 1433 2894 vim
1456 2840 1702 2913 retundit.

188 2914 447 2968 Docentes.
483 2911 553 2967 Ita
584 2913 765 2969 ferunt
794 2929 927 2968 mss.
961 2912 1237 2969 veterrimi
1271 2921 1325 2965 ct
1351 2914 1559 2981 Optimi.
1597 2911 1705 2965 Ro-

121 2986 350 3040 hannens
395 3000 530 3041 vero
572 2996 626 3040 ct
678 2984 1166 3056 Saugermaneusis
1217 2982 1415 3037 habent
1463 2984 1703 3048 dicentes,

122 3057 254 3127 quod
278 3057 413 3112 idem
448 3057 563 3113 fere
589 3066 690 3111 est.

1811 2632 2069 2702 afﬁrmat,
2097 2636 2240 2702 quod
2272 2636 2360 2691 hic
2388 2634 2562 2693 Lact..
2595 2634 2690 2689 lib.
2728 2650 2764 2688 ll
2790 2632 2859 2687 de
2891 2631 3126 2687 Divinat.
3161 2630 3243 2685 Ob
3269 2629 3411 2687 hanc

1812 2707 2267 2775 pulchritudinem
2291 2706 2520 2761 mundus
2549 2704 2753 2761 Grmcis
2773 2714 2855 2759 est
2878 2702 3228 2776 gignat-.Vide
3249 2703 3412 2776 etiam

1812 2774 2161 2834 Aristotelem
2184 2778 2254 2833 de
2283 2777 2503 2843 mundo,
2528 2785 2584 2831 et
2615 2776 2869 2840 Plinium,
2902 2774 3040 2829 libro
3059 2789 3116 2833 ιι,
3151 2774 3330 2842 capite
3353 2774 3410 2828 4.

1813 2846 1920 2902 Pro
1958 2864 2090 2905 voce
2121 2850 2502 2920 temperatione,
2532 2864 2652 2918 quia
2677 2846 2942 2917 sequitur,
2974 2845 3061 2901 ed.
3096 2844 3247 2901 Subl.
3285 2843 3415 2915 legit

1814 2933 2004 2989 prave,
2032 2923 2437 2984 comparatione.

1893 2991 2044 3058 Quod
2096 2994 2320 3048 mirabili
2367 2992 2580 3045 ratione.
2623 2989 2884 3045 Francius
2915 2988 3076 3059 legit,
3123 2986 3260 3057 quod
3309 2996 3413 3041 tam

1809 3063 2029 3117 mirabili
2051 3067 2250 3118 ratione
2273 3073 2491 3118 constat.

193 3127 265 3214 δέ·
294 3127 522 3214 Tullius.
545 3128 736 3214 βὶεετο
762 3126 925 3214 ωλοάυ
948 3126 1270 3214 Ρξθίοηίοοε,
1296 3123 1705 3192 ωοάοδιοίοοε,
1736 3149 1783 3214 C
1862 3132 2116 3214 ‘Dtiqyes
2141 3135 2255 3214 Sie_
2278 3136 2619 3214 reposuimus
2648 3149 2717 3188 ex
2752 3146 2884 3189 mss.
2914 3141 2971 3188 et
3008 3130 3263 3186 omnibus
3298 3128 3413 3185 fere

124 3198 274 3254 modo
302 3201 646 3254 Aristotelem
677 3210 895 3255 secutus
925 3208 1028 3252 est.

195 3270 352 3324 Nemo
379 3278 454 3324 est
480 3272 611 3324 enim
638 3281 741 3325 tant
764 3271 929 3329 rudis,
958 3276 1061 3323 etc.
1098 3268 1263 3323 Recte
1285 3267 1537 3322 observat
1576 3267 1707 3321 doc-

129 3342 235 3397 tiss.
260 3342 586 3407 Wowerius,
610 3342 727 3397 haec
752 3341 987 3409 vulgaria
1011 3354 1133 3394 esse
1155 3349 1490 3408 argumenta.
1516 3338 1710 3407 quibus

128 3427 304 3468 omnes
351 3414 458 3469 lere
517 3415 607 3483 qui
665 3414 925 3468 adversus
976 3409 1176 3483 Gentes
1227 3410 1709 3483 scripseruntpin

129 3485 400 3539 astrueuda
438 3480 724 3539 divinitate
767 3485 846 3538 usi
888 3491 1032 3537 sunt.
1054 3482 1321 3536 Minucius
1362 3482 1502 3535 idem
1550 3480 1711 3535 habet

131 3565 514 3624 argumentum,
536 3556 681 3625 quod
710 3571 739 3610 a
767 3557 1031 3609 Cicerone
1064 3564 1338 3607 mutuatur
1362 3595 1374 3615 ,
1409 3552 1477 3607 de
1506 3550 1708 3606 Natura

133 3625 341 3680 deorum
379 3642 432 3687 tt.
484 3626 703 3682 dicente
737 3645 750 3679 :
787 3626 924 3693 Quid
971 3633 1132 3696 potest
1176 3640 1283 3678 esse
1323 3633 1426 3675 tam
1478 3633 1711 3692 apertum

134 3704 320 3767 tamque
345 3698 683 3767 perspicuum,
708 3714 822 3750 cum
844 3696 1027 3751 coelum
1055 3698 1400 3761 suspeximus,
1434 3711 1584 3764 quant
1607 3710 1713 3747 esse

135 3767 330 3839 aliquod
347 3786 529 3823 numen
559 3769 994 3839 prwstantissimte
1015 3768 1217 3839 mentis,
1242 3782 1339 3835 quo
1377 3767 1483 3818 haec
1525 3781 1709 3834 regan-

135 3847 227 3893 tur.
256 3838 412 3907 Idem,
436 3841 507 3895 de
537 3855 721 3909 arttsp.
750 3839 915 3909 Resp.
951 3857 964 3893 :
1001 3838 1207 3891 Etenim
1230 3839 1343 3906 quis
1379 3846 1453 3889 est
1494 3847 1598 3888 tam
1624 3852 1710 3889 ve-

132 3925 256 3974 cors,
276 3914 359 3982 qui
381 3929 497 3966 cunt
524 3913 706 3966 caelum
733 3910 1055 3979 suspexerit,
1089 3909 1210 3963 deos
1239 3924 1347 3982 esse
1375 3924 1475 3959 non
1506 3910 1710 3982 sentiat,

133 3990 175 4034 et
199 3998 252 4036 ea
277 3976 385 4051 qua:
408 3992 553 4036 tanta
580 3994 744 4036 mente
776 3976 930 4049 fiunt.
963 3990 1016 4034 ut
1057 3981 1142 4035 ria:
1167 3980 1433 4048 quisquam
1475 3990 1584 4051 arte
1606 3976 1715 4031 ulla

135 4050 347 4108 ordinent
377 4070 547 4108 rerum
579 4070 639 4107 ac
663 4053 1060 4106 vicissitudinem
1091 4051 1322 4120 persequi
1354 4050 1545 4119 possit,
1591 4065 1715 4102 casu

138 4122 254 4190 ﬁerit
277 4136 409 4195 putet
428 4127 452 4179 ?
473 4136 565 4179 aut
605 4142 719 4179 cum
749 4125 870 4178 deos
897 4140 1006 4177 esse
1034 4123 1358 4195 intellexerit.
1391 4137 1492 4174 non
1519 4121 1713 4173 intelli-

138 4204 237 4263 gat,
266 4194 432 4250 eornm
474 4200 685 4250 numine
731 4198 825 4248 ltoc
872 4205 1069 4247 tantum
1105 4194 1377 4255 imperium
1406 4202 1628 4263 natum,
1668 4200 1716 4244 et

140 4262 325 4319 auctum
341 4278 382 4322 et
411 4278 679 4333 retentum,
703 4279 809 4322 etc.
857 4266 1233 4321 Ecusuuousr.
1284 4291 1355 4303 —
1386 4262 1715 4318 Prudentius

139 4347 254 4392 vero
276 4340 322 4392 in
352 4339 651 4410 Apotheosi
678 4356 692 4394 :

252 4433 468 4497 Attamen
496 4439 544 4485 in
568 4435 746 4487 cadum
763 4435 995 4497 quotiens
1015 4433 1332 4497 suspexit,in
1351 4443 1451 4481 uno

254 4496 506 4561 Gonstituit
524 4501 607 4561 jus
625 4496 918 4561 omne'lieo,
946 4497 1029 4544 cui
1054 4496 1241 4561 serviat.
1264 4496 1443 4561 ingens

254 4558 489 4610 Virtutum
515 4557 658 4618 ratio,
681 4560 831 4611 variis
849 4561 1083 4609 instructa
1107 4557 1361 4607 ministris.

145 4663 268 4722 Vide
295 4668 477 4725 Isidor.
509 4670 686 4725 Peius.
717 4668 809 4723 lih.
842 4685 918 4722 tv.
951 4668 1066 4723 Hoc
1093 4672 1468 4734 argumentum
1502 4677 1529 4714 a
1562 4675 1714 4716 crea-

146 4737 269 4808 turis
291 4743 503 4808 petitutn
521 4757 711 4795 tnnnes
728 4741 1021 4803 convincit,
1045 4747 1097 4792 et
1123 4735 1582 4808 omnibusuotum
1606 4741 1711 4798 est,

149 4807 270 4863 adeo
292 4805 347 4864 ut
376 4812 764 4867 validissimum
796 4814 867 4866 sit
894 4811 959 4864 ad
977 4806 1327 4864 asscrendam
1347 4805 1710 4869 divinitatem;

150 4877 242 4933 hoc
262 4883 398 4955 enim
428 4894 743 4955 argumento
778 4884 835 4938 Β.
869 4879 1302 4955 Paulns_,__Rom.,
1332 4893 1369 4955 i_,
1393 4875 1575 4955 ,εκ-20,
1606 4875 1713 4955 uti-

152 4957 248 5015 tur,
283 4962 337 5007 ttt
357 4947 552 5010 Centies
578 4955 769 5011 reddat
801 4951 1214 5009 inexcusabiles.
1246 4947 1537 5003 lnvisibilia
1567 4949 1711 5000 enim

155 5018 307 5094 ipsius
333 5039 360 5077 a
386 5037 628 5082 creatura
659 5026 843 5080 mundi
880 5040 972 5094 per
1003 5038 1062 5076 ea
1094 5037 1215 5091 qua:
1242 5019 1379 5074 facta
1403 5027 1527 5094 sunt
1557 5017 1714 5094 intel-

154 5087 289 5169 lecta
310 5100 706 5169 conspiciuntur
734 5116 745 5149 :
778 5087 1364 5169 sempiterna—qttoque
1396 5093 1514 5156 ejus
1545 5088 1715 5141 virtus

157 5169 207 5213 et
245 5160 500 5232 (Ιίνίιιίιεῐε,
546 5169 616 5223 ita
648 5177 709 5224 ut
739 5169 846 5222 sint
876 5160 1290 5221 inexcusabiles.
1325 5160 1620 5232 Caeneus;
1642 5187 1714 5198 -—

157 5229 501 5300 argumentuni
529 5241 722 5296 iterum
751 5256 779 5294 a
805 5237 1065 5294 Cicerone
1091 5242 1350 5289 tractatur
1375 5232 1552 5287 librat
1578 5229 1714 5285 Tus-

160 5305 449 5385 culuuarurn
474 5310 858 5385 Qumstionunt.
1287 5375 1331 5385 ,,
1389 5375 1401 5385 ,
1468 5373 1480 5385 ,
1597 5373 1608 5385 .

229 5372 316 5441 Qui
335 5372 518 5435 oculos:
541 5384 612 5437 Ita
634 5398 763 5436 mss.
788 5391 842 5436 et
868 5379 993 5435 editi
1020 5385 1249 5433 veteres.
1287 5375 1438 5431 Unde
1466 5373 1715 5427 homines

164 5447 490 5513 gngnitionem
518 5454 736 5509 deorum
768 5450 1092 5511 habuerint,
1122 5449 1283 5502 docet
1313 5445 1628 5500 Plutarchus
1659 5445 1712 5498 in

163 5510 810 5594 PlacitisphiloSOphornm
835 5523 970 5576 libro
998 5538 1035 5587 ι,
1065 5510 1114 5575 c.
1139 5519 1191 5575 6.
1223 5517 1358 5573 Vide
1380 5516 1540 5571 etiam
1562 5513 1714 5571 Cice-

166 5598 333 5639 ronem
359 5590 409 5644 in
436 5594 563 5649 libro
587 5590 659 5650 de
686 5594 1070 5650 Universitate.

236 5655 625 5729 Pulchrimdine.
657 5665 797 5720 Nihil
821 5672 970 5719 certe
993 5662 1206 5716 illorum
1236 5674 1355 5729 qua:
1385 5671 1545 5712 sensu
1568 5670 1715 5712 com-

169 5728 563 5800 prelictulnntur,
594 5737 791 5791 mundo
812 5734 1052 5790 ornatius
1073 5776 1085 5793 ,
1116 5728 1386 5798 pulchrius
1412 5738 1461 5781 et
1502 5729 1717 5784 absolu-

171 5794 281 5880 tius,
305 5812 364 5880 ut_
382 5803 524 5880 P|_ti_lu
547 5794 693 5880 notat
721 5809 770 5862 itt
796 5808 1029 5880 “intrepi
1047 5794 1588 5880 ‘Apﬁapsiagnno'opou,
1604 5801 1712 5880 Gic.

169 5862 253 5922 lib.
282 5883 314 5924 tt
335 5871 398 5930 de
430 5874 543 5933 Ndli
587 5878 829 5937 deorum.
864 5862 1529 5935 Et.n'ssntiasi‘.--Cice'ro
1576 5871 1714 5931 idem

1813 3204 1989 3260 editis.
2013 3206 2123 3261 luti
2154 3207 2278 3262 edd.
2310 3222 2447 3272 rec.,
2473 3208 2663 3273 itaque.

1887 3276 2110 3332 Necesse
2138 3289 2236 3333 est.
2266 3278 2322 3333 In
2358 3278 2444 3334 ed.
2476 3277 2693 3334 Sublac.
2727 3275 2941 3331 additur
2961 3291 3081 3339 non,
3111 3273 3338 3341 optime.

1886 3348 2053 3404 Nemo
2103 3360 2178 3405 est
2216 3351 2305 3420 qui
2347 3351 2548 3420 quidem
2578 3350 2766 3420 sapiat.
2798 3347 3011 3417 Optime
3032 3361 3152 3400 cum
3186 3345 3411 3420 doctiss.

1812 3419 2085 3476 Gronovio
2110 3423 2178 3475 ita
2212 3415 2425 3476 restitui
2463 3436 2527 3476 ex
2572 3415 2672 3474 ms.
2710 3415 2945 3485 unum...
2977 3420 3103 3473 item
3131 3432 3195 3471 ex
3220 3415 3256 3469 Ξ
3293 3416 3415 3470 aliis

1812 3491 1946 3562 Reg.
1978 3493 2132 3547 home
2164 3501 2304 3546 nota:
2328 3534 2342 3556 ,
2372 3508 2582 3548 necnon
2609 3490 2843 3547 Gronov.
2865 3531 2879 3552 ,
2908 3493 2929 3544 l
2967 3489 3119 3545 Colh.
3145 3486 3219 3562 ,2
3245 3487 3407 3562 Brun.

1811 3572 1866 3617 et
1897 3557 2051 3618 'edit.
2110 3564 2307 3620 Cellar.
2357 3562 2418 3617 1n
2469 3564 2717 3627 caeteris,
2772 3562 2936 3617 Nemo
2985 3570 3055 3615 est
3097 3557 3414 3629 quidemqui

1813 3635 2050 3704 sapiat...
2074 3636 2180 3703 qui.

1888 3704 2011 3759 Non
2062 3698 2221 3781 unum
2269 3722 2375 3759 esse
2409 3706 2684 3781 intelligat.
2717 3703 2859 3758 Etliti
2881 3701 3115 3781 quinque
3151 3700 3204 3754 in
3236 3698 3414 3781 medie

1814 3776 2058 3848 inserunt
2085 3775 2253 3848 De_um
2279 3791 2298 3830 :
2328 3772 2769 3848 sedperperam;
2810 3788 2933 3828 mox
2965 3772 3108 3848 enim
3140 3772 3416 3848 praecessit

1813 3848 1963 3902 unius
1995 3846 2112 3901 Dei.
2144 3845 2409 3901 (Ia-terum
2435 3840 2488 3900 in
2519 3840 2765 3899 eamdem
2789 3859 2904 3898 rem
2929 3841 3051 3896 vide
3074 3840 3412 3895 Lactantium

1814 3916 1910 3993 lib.
1946 3935 2022 3993 ttl
2056 3917 2235 3993 cap.__2
2271 3935 2285 3972 :
2314 3916 2441 3993 Cum
2458 3919 2674 3993 jurant,
2704 3926 2751 3968 et
2773 3930 2888 3993 cum
2928 3922 3123 3993 optant,
3163 3918 3302 3993 etc,
3333 3909 3416 3963 in-

1816 3989 1929 4057 quit
1982 3984 2344 4043 Tertullianus
2386 3990 2435 4042 in
2458 3984 2767 4057 'Apologet.
2799 3986 2867 4040 de
2891 3984 3122 4039 ethnicis
3148 3984 3230 4035 sui
3279 3989 3413 4034 tem—

1817 4060 1964 4129 poris
1990 4080 2002 4113 :
2035 4061 2219 4114 Anima
2248 4061 2365 4114 licet
2393 4061 2540 4131 [uisis
2567 4060 2667 4112 diis
2693 4057 3006 4131 exancillata
3028 4095 3042 4120 ,
3079 4070 3211 4131 cutn_
3247 4062 3416 4106 tamen

1815 4124 2103 4204 resipiscit,
2131 4141 2275 4204 utea:
2294 4124 2505 4204 crapula
2541 4140 2589 4204 et
2636 4145 2814 4183 sontno
2857 4126 3023 4204 Deum
3052 4124 3335 4204 __nominat,
3370 4133 3415 4176 et

1817 4202 1953 4268 quod
1983 4203 2118 4256 Deus
2166 4198 2393 4267 dederit,
2425 4203 2651 4256 omnium
2690 4216 2789 4254 vox
2809 4209 2882 4254 est
2903 4241 2917 4261 ,
2963 4198 3191 4266 judicent
3217 4210 3416 4268 quoque

1819 4265 2129 4346 contestatur
2164 4274 2311 4346 illum
2336 4265 2373 4328 ε’
2409 4272 2546 4346 Deus
2592 4273 2760 4346 videt,
2802 4281 2848 4325 et
2880 4265 2989 4346 Deo
3014 4265 3340 4346 commendo2
3367 4273 3417 4317 et

1823 4343 1958 4397 Deus
1987 4346 2113 4398 milii
2162 4345 2355 4397 reddet.
2394 4343 2440 4398 0
2491 4343 2834 4399 testimonium
2886 4340 3072 4393 anima:
3112 4336 3417 4391 naturaliter

1819 4413 2129 4489 Christiana:
2156 4416 2175 4469 .'
2202 4415 2431 4489 Denique
2458 4415 2800 4489 pronuntians
2826 4413 2956 4489 lucc,
2983 4426 3084 4489 non
3114 4409 3188 4489 ad.
3208 4406 3419 4489 Capito:

1820 4487 1968 4553 liuin,
2014 4489 2104 4540 sed
2152 4487 2221 4540 ad
2275 4475 2470 4542 cretum.
2494 4487 2701 4553 respicit
2734 4485 2759 4537 ?
2784 4484 2900 4537 novi
2925 4475 3079 4553 enint_
3101 4475 3290 4553 sedem
3322 4475 3417 4530 Dei

1742 4538 1795 4597 Ῑ)
2002 4538 2975 4628 Det—mnuntitnmpnétziiagnoverunt
3014 4548 3304 4628 fESCltil'ttS-
3326 4586 3340 4610 ,
3353 4554 3419 4628 et

1815 4627 2118 4699 Sophocles
2139 4672 2153 4691 .
2178 4617 2481 4697 Philemon,
2512 4617 2789 4699 Orphéus,
2822 4617 3329 4694 Pythagoras.‘Vid.
3352 4617 3412 4673 S.

1815 4698 2084 4755 Justinunt
2116 4701 2186 4755 de
2213 4701 2538 4756 Monarchia.

1891 4772 1993 4838 Qui
2020 4783 2068 4827 ct
2093 4774 2377 4828 condiderit
2402 4773 2596 4832 omnia,
2628 4778 2732 4842 etc.
2768 4764 3045 4842 Hierocles
3072 4770 3205 4823 Ζῆνα
3235 4768 3290 4816 ct
3319 4762 3415 4842 Aio:

1820 4844 1986 4899 Deum
2017 4846 2341 4913 appellatum
2373 4859 2494 4898 esse
2522 4841 2748 4904 scribit,
2790 4839 2916 4913 quia
2949 4850 3042 4905 per
3063 4849 3185 4888 eum
3234 4839 3417 4886 omnia

1815 4924 1943 4969 sunt
1997 4924 2052 4970 et
2099 4915 2304 4970 vivunt.
2358 4915 2490 4969 Hinc
2517 4913 2776 4981 Apuleius
2833 4912 3001 4964 Deum
3033 4913 3192 4960 vocat
3245 4917 3418 4981 rerum

1815 4987 2042 5039 omnium
2072 4998 2369 5041 exertorem.
2403 4976 2626 5041 Proeliis
2656 4991 2813 5038 vocat
2841 4981 3006 5036 Deum
3030 4982 3203 5051 πηγήν
3242 4976 3418 5035 πάσης

1816 5062 1971 5122 ζωῆς,
1994 5058 2188 5123 fontem
2219 5058 2385 5111 omnis
2414 5058 2547 5111 vitm.
2583 5055 2674 5111 Sic
2697 5052 2833 5110 Cato
2862 5051 3003 5123 apud
3029 5050 3305 5105 LuCanum
3337 5064 3350 5101 :

1939 5150 2202 5215 Haeremus
2217 5154 2376 5203 cuncti
2401 5153 2617 5215 superis,
2636 5148 2922 5214 temploque
2945 5154 3165 5207 tacente,

1940 5214 2021 5263 Nil
2044 5217 2236 5277 agimus
2252 5217 2340 5265 nisi
2360 5213 2536 5279 sponte
2551 5213 2666 5265 Dei.

1817 5297 1979 5354 Sacra
2005 5302 2164 5354 etiam
2200 5302 2386 5370 pagina
2410 5302 2475 5354 ad
2513 5293 3300 5372 providentiamasserendan),
3333 5303 3419 5372 ar-

1817 5380 2130 5443 gumentum
2173 5365 2362 5443 (ηιῖυιί
2390 5365 2933 5443 οηιιιὶθενοοηνὶιιείι)
2976 5366 3046 5418 ab
3089 5365 3417 5432 experientia

1818 5443 1947 5517 petit
1975 5441 1993 5515 (
2022 5442 2110 5497 Ps.
2139 5441 2255 5509 ctu,
2285 5460 2336 5497 v.
2368 5444 2440 5499 28
2466 5452 2520 5499 et
2547 5442 2619 5517 29
2650 5444 2692 5514 ).
2772 5512 2784 5517 _
3066 5507 3076 5517 ,
3358 5500 3390 5517 ..

1892 5511 1945 5566 Ν
1949 5500 2179 5568 ei'vorum
2200 5500 2347 5584 atque
2364 5517 2565 5569 virium.
2579 5500 2852 5584 Po'~terior
2875 5523 2981 5584 vos
3001 5507 3231 5584 priorem
3252 5500 3419 5583 expli-

1817 5593 1923 5640 cat.
1955 5584 2089 5640 Vide
2120 5578 2293 5642 Davis.
2326 5588 2391 5641 ad
2421 5586 2558 5641 Czes.
2586 5602 2602 5641 ι
2632 5584 2773 5650 Gal.,
2804 5582 2911 5636 20:
2941 5578 3134 5650 Opibus
3155 5592 3213 5628 ac
3234 5578 3417 5650 nervis.

1819 5655 1917 5711 Hic
1945 5657 2099 5710 video
2128 5673 2437 5726 expressum
2472 5643 2788 5712 Ciceronem
2815 5652 2909 5707 0r.
2937 5667 2971 5704 v
2993 5643 3195 5712 Philip.
3221 5660 3270 5698 c.
3302 5643 3369 5724 l2
3402 5658 3415 5696 :

1822 5726 2129 5797 Experietur
2189 5729 2543 5783 consentientis
2589 5736 2795 5781 senatus
2836 5736 3014 5797 nervos
3054 5726 3218 5797 fitque
3269 5730 3418 5769 vires.

1818 5789 1973 5854 Conl‘.
1997 5797 2149 5855 Lact.
2184 5799 2297 5864 Liv,
2331 5814 2375 5854 c.
2413 5798 2500 5863 18,
2528 5799 2694 5852 nervis
2719 5789 3330 5866 τιςγιξὶνὶιηιε,ΑΒυΜςιιλθεἔ
3372 5856 3383 5866 _

1893 5854 2118 5925 Ᾰὲιθνηα
2160 5854 2317 5926 niani.
2373 5854 2575 5926 Seneca
2621 5867 2715 5924 libo
2746 5880 2761 5919 I
2793 5864 2979 5921 Natttt‘.
3010 5859 3215 5927 Quaest.
3247 5854 3420 5923 thiti
