3838 6278
358 299 464 358 ΙΩὸ

1456 294 1640 352 ΕΙΒΜ.
1669 291 2034 352 LACTANTII
2065 293 2269 350 DIVIN.
2309 293 2556 354 INSTIT.

3595 279 3754 342 194

357 417 616 489 perfecta
666 421 1160 484 consummatacque
1233 411 1440 469 virtutis
1505 419 1610 467 est.
1676 411 1833 480 Quod
1900 411 1948 468 si
1975 413 2138 474 Αιιιι
2193 411 2354 483 igitur
2393 411 2504 484 jam
2538 427 2646 468 non
2691 411 2986 483 erit,qul,
3037 409 3384 468 cessantibus
3415 405 3751 468 caeteris,

359 525 550 565 verum
579 517 696 572 est,
725 520 862 562 unus
880 505 948 560 sit
975 519 1200 562 necesse
1228 514 1334 561 est.
1382 504 1629 560 Potestas
1656 503 1800 560 enim
1826 545 1842 572 ,
1871 503 1954 560 vel
2055 522 2161 562 non
2193 515 2368 576 potest
2393 507 2574 560 omnia
2606 506 2930 576 gubernare.
2960 504 3036 560 lta
3068 505 3127 559 llt
3175 512 3235 560 ut
3257 503 3322 558 ad
3369 498 3752 573 regendum

359 601 530 658 virtus
559 599 802 656 absoluta
825 638 841 666 ,
884 598 1082 654 retinet
1110 613 1263 654 suam
1311 599 1584 670 propriam
1621 599 1954 654 lirmitatem.

367 694 423 750 ld
443 702 621 749 autem
648 691 880 748 solidum
903 689 1320 746 existimandum
1349 700 1471 757 est,
1515 691 1600 747 cui
1632 691 1764 747 nihil
1793 691 1956 749 dece-

362 785 530 851 dere;
555 783 604 839 id
634 783 952 854 perfectum,
981 783 1065 838 cui
1098 783 1230 838 nihil
1257 783 1426 852 potsit
1453 784 1734 841 accedere.

2057 600 2316 656 mundum
2350 600 2508 656 unius
2530 599 2768 670 perfecta
2793 598 2990 654 virtute
3016 596 3188 668 magis
3208 611 3343 666 opus
3370 595 3482 660 sit,
3507 604 3742 665 quam

2059 692 2754 749 imbecillitatemultorum.
2788 691 2888 759 Qui
2914 699 3092 745 autem
3121 699 3270 758 putat
3297 687 3438 743 hanc
3471 693 3746 741 tutam

2063 786 2484 857 magnitudinem
2531 802 2637 841 non
2696 799 2858 856 posse
2883 785 2950 837 ah
2986 797 3093 837 uno
3136 783 3283 853 regi,
3318 783 3550 838 fallitur.
3585 776 3744 834 Nec

432 875 564 944 Quis
593 875 804 930 dubitet
837 875 1268 944 potentissimum
1302 892 1424 933 esse
1448 893 1654 946 regem,
1678 878 1766 948 qui
1799 877 1961 933 totius
2060 881 2204 938 etaim
2253 892 2448 952 quanta
2495 879 2566 934 sit
2608 880 2690 934 vis
2743 885 3090 949 potestasque
3141 875 3339 931 divina:
3369 872 3741 946 majestalis

360 969 508 1025 orbis
540 967 734 1022 haheat
759 966 1040 1036 imperium
1074 967 1293 1038 fineque
1319 969 1591 1023 immerito
1623 986 1636 1022 :
1669 985 1790 1024 cum
1820 968 1962 1024 illius

362 1062 508 1122 sint,
557 1075 678 1130 qua:
735 1058 934 1129 ubique
975 1068 1099 1113 snnt
1125 1059 1340 1126 omnia;
1384 1076 1506 1115 cum
1539 1061 1604 1114 ad
1636 1076 1758 1116 eum
1787 1060 1962 1116 solum

363 1167 555 1210 omnes
577 1135 823 1220 undique
851 1151 1022 1221 copia:
1049 1161 1432 1222 congerantur.
1463 1151 1532 1208 At
1560 1156 1605 1209 si
1639 1151 1822 1222 plures
1843 1167 1966 1223 par-

365 1248 566 1302 tiantur
608 1241 796 1296 orbem
825 1282 840 1308 ,
895 1242 1072 1298 minus
1123 1254 1274 1300 certe
1312 1259 1515 1314 apum,
1549 1245 1726 1308 minus
1770 1245 1963 1298 virium

363 1337 557 1409 singuli
587 1335 896 1401 habebunt,
926 1349 1049 1392 eum
1079 1337 1216 1392 intra
1246 1340 1614 1408 prtnscriptam
1663 1340 1965 1408 portionem

363 1445 424 1486 se
475 1432 706 1504 quisque
754 1433 1052 1488 contineat.
1107 1429 1312 1486 Eodem
1359 1429 1524 1485 etiam
1579 1430 1740 1486 modo
1781 1431 1890 1494 dii.
1919 1429 1967 1486 si

363 1523 552 1596 plures
580 1525 724 1593 sint,
758 1525 940 1580 minus
969 1521 1258 1589 valebunt,
1303 1523 1424 1578 aliis
1460 1521 1789 1578 tantumdem
1823 1521 1875 1576 in
1907 1535 1969 1578 se

366 1613 711 1671 habentibus.
754 1615 984 1671 Virtutis
1022 1623 1203 1670 autem
1251 1614 1540 1686 perfectior
1567 1625 1758 1670 natura
1787 1621 1968 1684 potest

365 1722 490 1764 esse
544 1709 600 1764 in
657 1724 757 1778 eo,
801 1709 855 1765 in
897 1725 1005 1779 quo
1033 1717 1202 1765 totum
1231 1718 1312 1763 est
1333 1751 1350 1777 ,
1382 1723 1542 1779 quam
1573 1709 1622 1762 in
1651 1724 1750 1775 eo,
1780 1709 1832 1762 in
1859 1721 1968 1777 quo

2064 972 2350 1043 intelligit,
2389 972 2434 1026 si
2461 965 2738 1026 existimat
2763 970 3090 1040 singularem
3117 969 3282 1022 Deum
3304 1005 3321 1033 ,
3356 969 3446 1037 qui
3485 965 3732 1021 facere

2063 1065 2320 1121 mundum
2369 1064 2579 1135 potuit,
2627 1065 2877 1120 eumdem
2918 1077 3104 1134 regere
3149 1076 3256 1115 non
3288 1075 3453 1130 posse
3504 1071 3728 1131 quem

2064 1157 2210 1212 fecit.
2237 1160 2304 1211 At
2327 1157 2372 1211 si
2393 1156 2662 1226 concipiat
2686 1155 2901 1220 animo,
2934 1162 3131 1222 quanta
3179 1153 3250 1207 sit
3285 1151 3457 1207 divini
3509 1150 3726 1220 hujus

2065 1251 2245 1318 operis
2274 1248 2612 1304 immensitas
2641 1264 2764 1302 cum
2794 1257 2950 1302 antea
2979 1245 3108 1301 nihil
3140 1255 3315 1313 esset,
3347 1255 3541 1300 tamen
3579 1244 3742 1298 vir-

2069 1351 2179 1396 tute
2221 1349 2382 1406 atque
2437 1340 2668 1396 consilio
2721 1340 2812 1395 Dei
2865 1354 2934 1394 ex
2974 1336 3146 1392 nihilo
3186 1351 3306 1392 esse
3336 1336 3670 1391 conﬂatam
3699 1349 3725 1400 ;

2067 1431 2210 1505 quod
2254 1448 2390 1504 opus
2437 1434 2539 1488 nisi
2579 1433 2648 1487 ab
2679 1447 2784 1488 uno
2833 1431 3074 1487 inchoari
3108 1431 3400 1502 perficique
3428 1447 3544 1485 non
3585 1444 3722 1500 po-

2069 1529 2168 1582 tuit
2199 1529 2345 1596 :jam
2377 1527 2672 1596 intelliget,
2706 1527 2876 1582 multo
2905 1525 3113 1582 facilius
3140 1539 3264 1582 esse
3294 1525 3364 1580 ab
3393 1539 3512 1580 uno
3533 1525 3682 1595 regi
3701 1565 3724 1592 ,

2068 1619 2209 1691 quod
2233 1630 2316 1675 est
2337 1621 2403 1674 ab
2431 1636 2539 1676 uno
2559 1621 2934 1676 constitutum.

2143 1713 2295 1767 Dicat
2322 1711 2550 1768 fortasse
2573 1713 2789 1784 aliquis,
2849 1725 2919 1766 ne
2974 1709 3225 1766 fabricari
3281 1708 3510 1781 quidem
3571 1718 3714 1765 tam

366 1817 494 1876 pars
535 1804 724 1875 exigua
769 1803 836 1860 de
878 1811 995 1859 toto
1032 1812 1136 1860 est.
1174 1803 1315 1860 Deus
1342 1820 1498 1870 vero,
1523 1805 1567 1859 si
1597 1803 1866 1876 perfectus
1884 1811 1969 1859 est
1998 1802 2047 1863 Β
2075 1805 2396 1861 immensum
2425 1821 2561 1877 opus
2613 1805 2815 1870 mundi,
2867 1804 2973 1859 nisi
3029 1818 3060 1858 a
3115 1803 3362 1872 pluribus
3403 1805 3724 1874 potuisse:

370 1894 536 1966 (quia
587 1895 854 1966 perfectus
883 1895 1004 1969 est)
1029 1903 1085 1953 ut
1122 1912 1242 1954 esse
1275 1897 1470 1962 debet,
1495 1913 1600 1952 non
1634 1907 1812 1968 potest
1841 1910 1962 1952 esse

369 1987 476 2044 nisi
499 2001 657 2056 unus,
690 1997 748 2044 ut
778 1989 833 2044 in
855 2004 922 2044 eo
945 1989 1052 2044 sint
1077 1989 1280 2045 omnia.
1308 1989 1536 2044 Deorum
1561 1990 1720 2061 igitur
1746 1990 1970 2045 virtutes

368 2096 434 2137 ac
492 2091 788 2152 potestates
838 2081 1164 2138 inﬁrmiores
1219 2081 1327 2138 sint
1371 2097 1593 2138 necesse
1645 2093 1730 2139 est
1781 2101 1794 2136 :
1846 2083 1970 2152 quia

371 2181 578 2230 tantum
628 2175 854 2246 singulis
899 2175 1066 2232 deerit
1108 2185 1369 2246 quantum
1413 2176 1464 2231 in
1521 2176 1736 2232 caeteris
1767 2175 1968 2242 fuerit;

371 2267 445 2322 ita
473 2275 676 2339 quanto
707 2269 920 2338 plures,
953 2277 1102 2325 tanto
1131 2269 1371 2326 minores
1399 2279 1578 2326 erant.
1623 2269 1796 2339 Quid,
1829 2268 1972 2337 quod

373 2376 582 2418 summa
635 2363 722 2418 illa
771 2379 952 2419 rerum
1001 2374 1242 2436 potestas
1286 2380 1350 2420 ac
1381 2365 1561 2420 divina
1598 2367 1679 2420 vis
1705 2381 1773 2420 ne
1801 2365 1972 2420 semel

373 2452 588 2522 quidem
615 2453 778 2509 dividi
796 2455 998 2525 potest?
1017 2455 1288 2527 Quidquid
1310 2456 1453 2511 enim
1471 2457 1611 2526 capit
1627 2457 1970 2525 divisionem,

373 2554 430 2600 et
477 2545 748 2602 interitum
789 2548 964 2619 capiat
1018 2563 1241 2604 necesse
1283 2559 1386 2604 est.
1423 2548 1478 2604 Si
1519 2559 1698 2604 autem
1725 2549 1974 2606 interitus

375 2635 564 2709 procul
591 2648 675 2694 est
703 2655 731 2692 a
760 2637 887 2706 Deo,
919 2641 1042 2712 quia
1068 2639 1494 2712 incorruptibilis
1521 2650 1605 2697 est
1629 2652 1684 2697 et
1713 2652 1969 2712 mternus,

373 2745 718 2803 censeqttetts
749 2742 832 2788 est
869 2743 924 2789 ιιι
959 2733 1126 2790 dividi
1159 2744 1396 2805 potestas
1425 2735 1609 2791 divina
1642 2750 1749 2792 non
1779 2738 1972 2808 possit.

378 2823 520 2879 Deus
550 2839 682 2896 ergo
707 2842 844 2883 unus
871 2837 952 2883 est
971 2870 986 2894 ,
1016 2829 1058 2882 si
1089 2827 1223 2884 nihil
1251 2843 1373 2885 esse
1399 2829 1545 2885 aliud
1575 2839 1778 2900 potest,
1830 2829 1976 2904 quod

377 2918 706 2974 tantumdem
729 2921 906 2989 capiat
937 2920 1255 2991 potestatis;
1302 2929 1358 2977 et
1383 2921 1419 2977 ii
1445 2932 1644 2987 tamen,
1670 2923 1760 2992 qui
1781 2923 1978 2978 inultos

374 3026 500 3068 esse
539 3013 890 3080 arbitrantur,
921 3013 1098 3070 officia
1128 3015 1268 3070 inter
1293 3029 1354 3070 se
1375 3015 1564 3071 dicunt
1589 3031 1712 3071 esse
1730 3017 1975 3086 partitos:

373 3103 444 3160 de
497 3106 695 3174 quibus
757 3107 1008 3162 omnibus
1053 3122 1150 3161 suo
1205 3107 1327 3162 loco
1375 3107 1792 3180 disputabimus.
1846 3107 1978 3165 lllud

377 3198 594 3254 interim
616 3240 631 3265 ,
662 3198 806 3270 quod
833 3199 897 3253 ad
929 3207 1250 3269 prtesentem
1296 3199 1474 3255 locum
1505 3199 1768 3272 pertinet,
1796 3211 1974 3258 teneo.

379 3289 439 3346 Si
469 3292 647 3359 partiti
670 3301 797 3347 sunt
828 3294 968 3348 inter
998 3308 1057 3348 se
1084 3292 1293 3358 officia,
1324 3293 1514 3350 eodem
1549 3295 1841 3350 revolvitur
1868 3311 1978 3358 res,

381 3390 440 3438 ut
465 3397 530 3438 ex
559 3383 624 3438 iis
645 3383 874 3455 quilibet
912 3385 1162 3441 suificere
1197 3386 1451 3441 omnibus
1479 3396 1730 3458 nequeat.
1765 3387 1983 3442 Perfec-

2074 1902 2603 1974 quamlibetmnltos,
2631 1900 2930 1973 quamlibet
2957 1913 3182 1970 magnus
3206 1897 3388 1964 faciat,
3419 1896 3722 1969 quidquid
3811 1895 3813 1968 ξ

2079 1995 2132 2051 in
2159 1995 2343 2050 multis
2368 1994 2773 2064 magnitudinis,
2807 1991 3114 2064 potestatis,
3147 1991 3384 2054 virtutis,
3419 1994 3718 2060 majesta-
3811 1997 3813 2028 έ

2077 2087 2251 2159 tisquc
2280 2087 2539 2158 posuerit,
2567 2087 2619 2142 id
2651 2096 2821 2143 totum
2850 2086 2904 2140 in
2924 2100 3090 2140 unum
3122 2083 3372 2150 confero,
3403 2092 3463 2140 et
3485 2083 3550 2139 in
3578 2097 3707 2138 uno

2082 2193 2205 2235 esse
2229 2179 2350 2235 dico
2375 2197 2390 2246 ;
2420 2189 2478 2234 ut
2505 2189 2708 2234 tantum
2737 2179 2790 2233 in
2824 2193 2893 2234 eo
2917 2179 2991 2234 sit
3015 2179 3242 2234 istarum
3268 2193 3476 2245 rerum,
3513 2191 3716 2247 quan-

2080 2280 2192 2326 tum
2223 2286 2323 2326 nec
2347 2271 2570 2342 cogitari
2603 2285 2702 2326 nec
2730 2271 2832 2326 dici
2863 2280 3060 2341 potest.
3091 2271 3206 2338 Qua
3253 2271 3305 2324 in
3333 2284 3394 2324 re
3423 2269 3716 2340 quoniam
3751 2293 3762 2345 ἶ
3811 2285 3813 2292 ·

2077 2373 2132 2419 et
2160 2378 2322 2418 sensu
2357 2363 2638 2419 deficimus
2663 2373 2717 2418 et
2761 2363 2943 2418 verbis
2973 2377 2988 2428 ;
3023 2363 3150 2433 quia
3177 2377 3354 2432 neque
3400 2371 3578 2416 tanta:
3609 2362 3707 2418 iu—
3741 2354 3755 2427 ζ

2077 2455 2384 2526 telligentim
2422 2455 2597 2510 lucem
2633 2463 2820 2525 pectus
2849 2453 3166 2521 humanum,
3222 2455 3714 2524 nequezexplana-

2081 2548 2278 2605 tionem
2308 2559 2576 2604 tantarum
2609 2565 2790 2604 rerum
2817 2549 2962 2619 capit
2990 2549 3170 2620 lingua
3221 2549 3508 2604 mortalis:
3551 2550 3712 2621 idip-

2078 2659 2196 2700 sum
2227 2642 2529 2715 intelligere
2559 2658 2656 2698 nos
2685 2651 2900 2713 oportet
2928 2657 2992 2697 ac
3021 2642 3223 2698 dicere.
3285 2641 3456 2697 Video
3489 2658 3708 2699 rursus

2079 2735 2203 2806 quid
2233 2734 2558 2790 econtrario
2581 2733 2684 2788 dici
2738 2734 2946 2804 possit:
2981 2733 3114 2788 tales
3143 2746 3266 2788 esse
3302 2733 3424 2788 illos
3477 2733 3706 2804 plures,

2081 2827 2294 2900 qualem
2325 2843 2423 2884 nos
2449 2827 2696 2883 volumus
2715 2843 2902 2882 unum.
2931 2823 3003 2882 At
3030 2825 3133 2881 hoc
3176 2825 3292 2881 fieri
3337 2825 3488 2882 nullo
3529 2838 3710 2898 pacto

2083 2931 2277 2992 petest,
2307 2920 2450 2991 quod
2492 2919 2828 2991 singulorum
2875 2929 3113 2990 potestas
3171 2920 3420 2991 progredi
3470 2921 3708 2994 longius

2082 3029 2189 3069 non
2221 3013 2440 3078 valebit,
2469 3013 2878 3068 occurrentibus
2917 3013 3017 3068 sibi
3049 3014 3435 3082 postestatibus
3458 3027 3710 3073 caetero-

2085 3121 2224 3162 rnm.
2250 3105 2482 3162 Necesse
2524 3114 2608 3161 est
2633 3105 2775 3161 enim
2808 3115 2866 3161 ut
2904 3119 3034 3162 suos
3060 3106 3286 3178 quisque
3334 3106 3538 3164 limites
3599 3119 3707 3167 aut

2090 3201 2387 3272 transgredi
2421 3209 2671 3272 nequeat,
2705 3211 2796 3254 aut
2827 3200 2871 3254 si
2901 3208 3274 3270 transgressus
3329 3199 3514 3270 fuerit,
3573 3203 3704 3258 suis

2085 3296 2308 3350 alterum
2335 3295 2532 3349 finibus
2564 3294 2746 3364 pellat.
2775 3291 2893 3348 Non
2942 3293 3146 3357 vident,
3177 3293 3270 3363 qui
3297 3292 3432 3348 deos
3481 3295 3705 3349 multos

2085 3403 2205 3442 esse
2223 3387 2468 3453 credunt,
2505 3387 2618 3443 fieri
2665 3399 2828 3457 posse
2856 3393 2912 3441 ut
2942 3383 3105 3456 aliqui
3155 3385 3430 3441 diversum
3471 3385 3700 3454 velint;

1732 3481 2093 3539 VAIthllUM
2131 3481 2366 3538 NOTAE.

381 3602 456 3647 est
485 3593 672 3667 Deus?
698 3593 844 3667 Mens
863 3595 1100 3652 universi.
1147 3596 1494 3667 Anaxagoras
1543 3597 1708 3652 Deum
1764 3598 1978 3654 vocavit

381 3673 534 3730 νοῦν;
566 3666 676 3719 Cic.
704 3666 758 3719 in
803 3669 960 3736 prim.
1009 3669 1225 3724 Tuscul.
1257 3666 1460 3736 Quinst.
1488 3687 1502 3722 :
1531 3667 1670 3724 Deus
1721 3680 1794 3725 est
1836 3685 1977 3724 mens

383 3737 551 3812 saluta
575 3736 834 3812 et_libtfra,
856 3750 1118 3812 segregata
1148 3740 1212 3794 ab
1237 3741 1378 3795 omni
1407 3741 1721 3795 concretione
1750 3741 1975 3795 mortali.

385 3805 704 3880 Eoss.—lta
735 3805 1022 3880 loquuntur
1049 3811 1327 3868 Platonici.
1354 3812 1682 3880 Augustinus
1702 3824 1878 3867 tamen
1910 3812 1977 3867 de

383 3877 649 3935 Trinitate
699 3877 822 3937 libr;
869 3897 960 3948 xv,
1002 3883 1190 3938 scribit
1232 3885 1396 3938 Deum
1429 3877 1659 3950 amplius
1684 3883 1975 3954 quiddam,

384 3964 550 4024 quam
573 3962 808 4006 mentem
835 3965 988 4017 esse,
1020 3963 1258 4020 tantum,
1289 3964 1547 4024 quantum
1595 3955 1757 4008 homo
1798 3963 1979 4010 mente

386 4021 676 4090 praeditus,
726 4033 944 4084 superat
987 4025 1138 4078 bruta
1187 4021 1367 4080 mente
1423 4027 1681 4080 carentia.
1751 4026 1825 4080 De
1880 4025 1975 4080 Dei

389 4102 580 4218 {natura
622 4093 742 4219 vid;
789 4095 1130 4150 Plutarchum
1177 4096 1244 4150 de
1284 4096 1502 4152 Placitis
1533 4097 1975 4168 philosophorum

411 4181 422 4217 Ι
466 4179 596 4219 1⁸01.
629 4179 676 4218 c.
749 4201 762 4215 .

411 4179 526 4218 iuro
547 4180 596 4228 ι,
629 4179 676 4218 c.
711 4179 762 4219 7.

465 4233 623 4310 ixi/iit
662 4235 1275 4310 decedere.'ilta‘?etiam
1304 4237 1363 4293 S.
1390 4237 1722 4310 Augustinus
1766 4239 1903 4295 libro
1947 4253 1983 4294 ν

390 4304 459 4361 de
478 4305 670 4361 'l‘rinit.
733 4307 892 4362 docet
939 4308 1082 4362 nulla
1131 4308 1426 4364 accidentia
1475 4304 1526 4364 in
1577 4311 1740 4365 Deum
1788 4311 1982 4367 cadere

391 4392 550 4448 posse
575 4395 590 4444 ;
633 4387 687 4434 et
740 4379 957 4448 quiquid
989 4379 1056 4434 de
1085 4379 1194 4435 Deo
1217 4380 1426 4436 dicatur
1451 4383 1810 4438 essentialiter
1835 4425 1849 4449 ,
1876 4397 1981 4437 non

389 4449 796 4505 accidt-ntaliter
829 4449 956 4505 dici.

388 4539 434 4596 ξε
463 4519 656 4592 Capite.
670 4520 738 4596 ld
755 4523 1212 4596 est,abnndatttia,
1232 4523 1527 4596 bona,oper.
1545 4525 1685 4579 Infra
1703 4525 1740 4578 l.
1761 4540 1871 4592 v,c.
1895 4525 1916 4578 l

395 4591 584 4648 Omnes
609 4595 676 4646 ad
694 4609 820 4666 eum
851 4595 1069 4650 [tonores
1088 4637 1102 4658 ,
1133 4597 1306 4648 omnia
1328 4591 1543 4666 imperia
1566 4639 1580 4660 ,
1627 4613 1799 4652 omnes
1840 4612 1983 4663 apes,

393 4669 564 4718 btnnes
584 4665 800 4734 denique
815 4667 976 4734 capite
994 4669 1339 4736 conferantur.
1369 4665 1429 4722 L.
1460 4683 1550 4734 vn,
1575 4683 1626 4723 c.
1655 4667 1754 4723 ‘25:
1788 4667 1990 4722 Fruen-

393 4745 467 4788 tes
487 4736 812 4806 jucunditate
839 4737 1283 4792 innumerabilium
1307 4739 1589 4801 copiarum.
1623 4741 1696 4793 De
1728 4741 1832 4802 Ira,
1865 4754 1986 4804 cap.

395 4805 500 4862 l5:
554 4805 742 4878 [iurum
780 4815 826 4860 et
877 4810 1136 4878 cupiarum
1181 4809 1562 4866 abundantia...
1609 4811 1892 4871 instruere;
1934 4817 1990 4863 et

394 4894 516 4948 cap.
563 4876 634 4932 9.3
665 4877 840 4950 :Deus
883 4876 976 4934 nos
1028 4881 1480 4937 innumerabilibus
1525 4883 1686 4950 copiis
1711 4883 1824 4936 alit.
1853 4881 1990 4935 Hinc

397 4951 534 5023 |._Vl_,
557 4965 606 5002 c.
637 4949 722 5016 ll,
752 4951 966 5019 copiosi,
999 4964 1122 5007 sunt
1157 4954 1349 5023 apibus
1379 4949 1683 5010 alllucntes.
1733 4951 1986 5008 Freinsh.

395 5021 462 5076 ad
487 5021 618 5076 Tac.
644 5023 787 5076 Ann.
818 5037 907 5088 nt,
938 5038 988 5077 e.
1021 5023 1109 5080 54.
1139 5021 1418 5080 Bonnam.

479 5091 689 5166 Virtutis
731 5104 900 5166 autem
923 5165 926 5166 ν
945 5096 1234 5166 perfectior,
1266 5108 1372 5152 etc.
1396 5095 1470 5152 [ta
1495 5110 1627 5151 mss.
1663 5094 1992 5166 Rohanneus

396 5173 452 5218 et
481 5163 538 5220 S.
573 5163 846 5238 Germani,
881 5163 1044 5236 idque
1059 5169 1332 5238 eleganter
1349 5186 1369 5238 :7
1397 5168 1543 5235 prius
1575 5179 1754 5221 tamen
1781 5165 1992 5238 legeba-

397 5244 485 5291 tur
515 5236 888 5305 perlriplieem
912 5236 1245 5309 negationem
1279 5257 1292 5292 :
1334 5237 1544 5293 Virtutis
1562 5247 1731 5291 autem
1769 5237 1993 5309 perfecta

399 5319 586 5362 natura
611 5324 711 5361 non
743 5318 902 5376 potest
931 5308 1037 5364 esse
1062 5311 1161 5365 nisi
1203 5315 1256 5364 in
1284 5327 1342 5363 eo
1367 5324 1466 5379 quo
1489 5320 1646 5361 totum
1670 5319 1741 5361 est
1763 5324 1910 5379 ,ῃοη
1937 5308 1992 5361 in

397 5395 456 5434 eo
476 5380 529 5432 in
547 5394 645 5450 quo
675 5396 822 5446 pars,
848 5391 951 5435 etc.
981 5383 1232 5436 Atetlitio
1257 5376 1569 5450 chinanni
1588 5381 1746 5449 legit,
1785 5376 1994 5433 Virtutis

398 5448 567 5505 autem
613 5453 862 5524 perfecta"
889 5460 1075 5506 natura
1122 5453 1177 5506 in
1215 5468 1274 5506 eo
1300 5448 1592 5521 potiuqest',
1624 5448 1677 5504 in
1705 5467 1804 5521 quo
1835 5460 1994 5505 totum

398 5531 502 5594 est,
516 5539 668 5594 quam
697 5525 748 5576 in
771 5539 829 5576 eo
851 5528 1034 5592 inquo
1065 5538 1206 5594 pars,
1240 5532 1345 5575 etc.

473 5592 680 5648 Natura
697 5595 750 5648 in
767 5611 825 5648 eo
842 5591 1001 5663 potest
1023 5591 1150 5658 esse,
1166 5593 1218 5645 in
1234 5609 1331 5661 quo
1347 5601 1511 5646 totum
1545 5601 1640 5660 est;
1671 5607 1842 5660 quam.
1875 5591 1992 5646 Vir-

400 5665 522 5719 tutis
554 5675 721 5718 autem
754 5667 978 5736 perfecta
1008 5673 1189 5736 natura
1209 5663 1349 5736 ineo
1379 5671 1553 5730 potest
1574 5679 1692 5719 csse
1713 5667 1764 5718 in
1795 5681 1892 5735 quo
1919 5674 1996 5718 to-

403 5746 508 5789 tum
536 5745 627 5799 est,
647 5750 808 5804 quam
841 5732 894 5787 in
909 5732 1134 5804 eo.rll;ec
1163 5732 1418 5788 lectioest
1445 5732 1868 5799 rectissimapiac
1882 5744 1998 5792 erat

405 5823 435 5861 a
461 5803 694 5862 Cellario
725 5803 1074 5878 corrigenda;
1109 5819 1231 5876 nec,
1252 5815 1310 5864 ut
1325 5805 1588 5863 chman.
1620 5807 1856 5878 scripsit,
1879 5819 1996 5862 ma.

1927 4483 2066 4578 ξεί)

2081 3595 2304 3653 nifestus
2347 3611 2501 3652 error
2545 3596 2768 3652 librarii.
2798 3593 3272 3662 Subaudiendum,
3295 3590 3496 3667 potius.
3533 3597 3699 3667 Buri.

2153 3669 2286 3734 Quia
2310 3670 2560 3739 perfectus
2587 3678 2678 3722 est.
2705 3667 3100 3723 llaeeomittunt
3125 3683 3255 3739 mss.
3291 3665 3417 3736 Lips
3445 3676 3501 3723 et
3516 3665 3697 3724 Goth.

2081 3755 2286 3795 necnon
2322 3738 2484 3795 editio
2537 3739 2758 3794 Betttli-i.
2795 3739 2869 3794 Ex
2901 3754 3029 3793 mss.
3063 3738 3246 3808 prima:
3272 3751 3410 3792 none
3437 3751 3488 3792 et
3519 3755 3700 3807 prope

2080 3814 2349 3879 omnibus,
2372 3811 2750 3881 veteribusque
2781 3809 3107 3866 editionihus
3125 3808 3380 3864 Romanis
3398 3819 3452 3864 et
3467 3809 3696 3866 Cellarii

2080 3885 2374 3954 repositum
2403 3883 2543 3954 quia,
2586 3898 2680 3954 pro
2726 3899 2844 3936 nam
2887 3881 3028 3954 quod
3059 3892 3151 3954 est
3180 3882 3234 3954 in
3264 3883 3475 3954 cancris
3503 3881 3695 3938 editis.

2157 3951 2586 4024 Incorruptibilis.
2606 3953 2754 4024 [lane
2778 3967 2962 4024 vocem
2983 3952 3092 4024 [ere
3115 3951 3698 4024 Ecelesiast.jamante

2084 4036 2326 4080 nostrum
2355 4021 2500 4094 sirpe
2527 4023 2579 4095 in
2605 4023 2955 4095 Tertulliano.
2975 4021 3266 4095 Cypriane,
3287 4025 3524 4078 Arnobto
3560 4025 3694 4095 legi.

2154 4096 2366 4152 Divina.
2401 4093 2502 4150 Ed.
2547 4093 2767 4150 Sublac.
2798 4093 2961 4148 habet
2987 4093 3195 4148 (eterna.
3231 4094 3362 4149 BDN.

2162 4167 2356 4222 Eodem
2377 4167 2648 4220 revolvitur
2676 4181 2775 4219 res.
2813 4165 3076 4230 Exprimit
3111 4166 3282 4220 Cicer.
3317 4166 3354 4220 Ι.
3382 4181 3436 4220 tv
3491 4163 3690 4232 Acad.,

2088 4238 2160 4295 ϐε
2191 4236 2500 4308 Imprudens
2546 4253 2626 4296 eo.
2673 4236 3000 4308 quominime
3018 4236 3502 4308 uult,revnlvitur;
3539 4235 3565 4290 Ι.
3615 4251 3691 4308 ιι,

2093 4305 2345 4365 υἰνίιι.ὀ.
2373 4309 2430 4374 5,
2459 4308 2633 4363 eodem
2657 4305 2944 4362 revolveris.
2971 4307 3108 4363 Add.
3144 4307 3179 4362 I.
3222 4323 3239 4361 ι
3279 4306 3525 4374 Tuscul.,
3549 4322 3601 4362 c.
3631 4305 3690 4363 6.

3186 4377 3464 4432 Bessum.

3229 4393 3464 4434 UNEIAN.

2163 4450 2246 4506 Ea;
2274 4451 2434 4506 nihilo
2461 4466 2570 4504 esse
2596 4450 2890 4520 conﬂatam.
2935 4450 3152 4520 Paratus
3180 4448 3234 4503 in
3265 4449 3464 4505 Genes.
3494 4449 3694 4519 probat

2091 4539 2156 4578 ex
2204 4524 2371 4576 nihilo
2425 4519 3036 4576 mundumconﬂatum.
3078 4519 3330 4588 Idemque
3353 4520 3690 4576 dixit'l‘heo—

2090 4595 2360 4666 phrastus.
2393 4592 2648 4648 Mundum
2672 4607 2738 4647 ex
2766 4594 2989 4647 materia
3021 4592 3250 4666 quadam
3284 4593 3392 4666 Deo
3417 4603 3691 4666 cogitaras

2089 4662 2211 4720 esse
2261 4665 2458 4718 factum
2506 4674 2852 4734 assoruerunt
2896 4662 3456 4734 antiquiphilusophi,
3488 4662 3690 4734 Pytha-

2087 4738 2254 4808 gorici
2302 4745 2358 4792 et
2386 4734 2533 4790 Zeno
2572 4733 2912 4808 cumStuicis
2939 4734 3084 4808 suis,
3113 4733 3336 4808 ipseque
3379 4733 3690 4808 Platodios

2090 4803 2256 4862 secuti
2309 4817 2434 4862 sunt
2479 4806 2745 4871 haeretici,
2787 4821 2918 4876 quos
2955 4803 3690 4876 MateriariosappellatTer-

2093 4879 2380 4946 tullianus,
2423 4879 2558 4933 libro
2585 4877 2845 4931 adversus
2874 4875 3302 4946 Hermogenem,
3347 4892 3390 4932 c.
3427 4877 3518 4933 25.
3560 4875 3691 4934 Vide

2093 4949 2470 5016 Augustinum,
2502 4949 2692 5003 haeresi
2726 4948 2817 5002 59.

2163 5019 2396 5076 Facilius
2426 5036 2623 5075 esse...
2652 5023 2778 5089 regi.
2810 5017 2943 5089 lllntl
2971 5034 3078 5072 esse
3106 5019 3286 5074 minus
3316 5018 3688 5075 necessarium

2093 5107 2282 5147 exesse
2301 5093 2488 5160 jnbent
2516 5088 3040 5155 Rost.,Subl..Ven.
3070 5089 3228 5160 H71,
3257 5100 3486 5160 utraque
3519 5091 3687 5157 M78,

2092 5164 2185 5229 97,
2219 5158 2432 5234 Parrb.,
2455 5162 2625 5219 Pier..
2653 5158 3255 5234 Crat.,_Paris.,‘.Innt.,
3286 5158 3438 5234 Alit,
3465 5161 3687 5234 Gymn.,

2095 5234 2326 5305 Gt'yph.,
2371 5233 2556 5298 latens,
2583 5234 2779 5305 Betttl.,
2812 5230 3020 5305 Heum._
3055 5230 3687 5305 Ins‘et‘ttitﬂThotnasius,

2094 5301 2250 5377 quem
2274 5307 2442 5362 secuti
2475 5305 2612 5361 Gall.
2632 5345 2648 5370 ,
2673 5304 2912 5359 (latitabr
2941 5345 2956 5369 ,
2991 5301 3188 5372 Spark.
3216 5345 3231 5366 ,
3261 5301 3478 5358 Walrh.
3505 5347 3522 5372 ,
3553 5303 3685 5360 Coll.

3187 5374 3468 5428 Bessum.

3233 5390 3468 5430 UNEHAN.

2165 5447 2466 5516 Deﬁcimus.
2511 5447 2858 5502 l‘leumannus
2903 5443 3174 5501 existimat
3229 5447 3516 5515 lt-gentlum
3568 5461 3689 5506 esse

2097 5519 2382 5587 deﬁcimur.
2429 5519 2588 5573 Juxta
2638 5517 2788 5571 latini
2838 5517 3105 5588 sermonis
3131 5517 3465 5588 analogiam:
3494 5518 3555 5573 Si
3581 5519 3691 5588 quis

2099 5586 2368 5660 deiiciatur
2395 5590 2630 5660 pecunia,
2652 5591 2725 5660 ait
2744 5590 2946 5660 Seneca
2985 5587 3144 5660 epist.
3168 5588 3236 5641 76
3256 5586 3492 5660 ;Viribus
3508 5586 3692 5658 defice-

2097 5657 2264 5727 retur,
2289 5662 2362 5715 ait
2388 5657 2436 5717 J.
2462 5661 2644 5715 Caesar
2673 5659 2738 5714 dc
2764 5659 2876 5714 Bel.
2904 5657 3048 5713 civil.
3087 5657 3180 5712 lib.
3211 5674 3290 5726 ιιι,
3319 5674 3368 5714 c.
3396 5657 3688 5726 6i,eta|ii.

2174 5730 2376 5786 Tantm.
2409 5732 2484 5786 lla
2536 5747 2668 5786 mss.
2703 5731 2956 5802 preeipue
3007 5728 3368 5802 Rohanneus;
3401 5740 3456 5785 at
3497 5747 3628 5788 mss.
3657 5727 3692 5787 τ

2113 5818 2224 5860 rec.
2244 5804 2430 5874 legunt
2455 5808 2651 5857 tantam
2674 5797 2794 5858 cum
2824 5797 3294 5870 S’angermanensl.
