3838 6278
105 345 243 402 135

1252 357 1459 416 LIBER
1498 357 1537 417 Ι.
1581 361 1671 420 DE
1710 362 1936 425 FALSA
1974 367 2364 434 RELIGIONE.

3344 394 3445 449 126

108 476 191 518 ex
224 478 346 535 qua
378 479 439 521 re
465 465 783 540 disceptatio
815 470 956 529 inter
984 486 1079 531 eos
1108 481 1164 531 et
1184 484 1459 537 certamen
1506 481 1742 539 oriatur:
1771 494 1827 556 Α
1851 494 1957 551 est,
1985 488 2142 559 quale
2163 492 2206 547 si
2234 494 2354 564 quis
2376 496 2605 555 afilrmet
2634 498 2684 555 in
2709 514 2816 556 uno
2841 515 3068 574 corpore
3096 504 3297 563 multas
3318 522 3441 565 esse

114 556 291 613 sicut
329 557 593 617 Homerus
614 563 883 623 bellantes
908 566 1049 624 inter
1068 583 1130 625 se
1150 568 1282 625 deos
1302 571 1454 629 tinxit
1477 591 1493 641 ;
1514 590 1636 631 cum
1656 575 1748 632 alii

122 649 378 721 Troiam
411 654 529 723 capi
576 655 800 724 vellent,
851 658 943 715 alii
975 674 1358 732 repugnarent.
1389 664 1558 722 Unius
1588 666 1749 737 igitur

116 748 377 803 arbitrio
401 748 661 806 mundum
690 753 802 824 regi
843 770 1067 814 necesse
1093 772 1195 817 est.
1250 762 1360 818 Nisi
1392 762 1535 818 enim
1565 761 1747 834 singu-

120 837 321 893 larum
347 839 580 908 partium
612 852 847 911 potestas
867 848 934 901 ad
963 863 1122 905 unam
1174 852 1565 925 providentiam
1605 853 1746 909 refe-

122 944 324 999 ratur,
359 947 462 988 non
509 936 706 1005 poterit
733 952 939 994 summa
966 941 1078 1013 ipsa
1103 958 1389 1011 constare;
1420 961 1745 1018 unoquoque

118 1026 279 1081 nihil
308 1040 534 1082 curante
562 1030 813 1099 amplius,
843 1050 1002 1103 quam
1053 1039 1194 1108 quod
1239 1040 1305 1094 ad
1352 1054 1476 1096 eum
1526 1041 1743 1111 proprie

116 1123 584 1190 pertinetzsicut
629 1142 696 1181 ne
725 1142 814 1182 res
839 1129 1055 1198 quidem
1110 1134 1375 1201 militaris,
1427 1135 1527 1190 nisi
1576 1151 1741 1191 unum

116 1211 343 1269 habeat
368 1214 563 1271 ducem
594 1228 759 1290 atque
789 1232 1080 1278 rectorem.
1112 1225 1264 1294 Quod
1291 1228 1337 1283 si
1376 1228 1428 1283 in
1460 1244 1566 1284 uno
1585 1244 1744 1284 exer-

114 1304 247 1359 citu
282 1314 364 1361 tot
388 1306 587 1363 fuerint
616 1309 993 1381 imperatores,
1023 1330 1153 1387 quot
1178 1318 1419 1391 legiones
1441 1361 1457 1387 ,
1490 1330 1621 1392 quot
1646 1337 1742 1377 co-

118 1398 352 1463 hortes.
384 1411 512 1471 quot
548 1404 730 1472 cunei,
782 1416 910 1475 quot
962 1409 1085 1478 alae,
1139 1412 1373 1481 primum
1426 1428 1525 1469 nec
1553 1416 1742 1470 instrui

116 1494 344 1559 poterit
372 1495 541 1559 aries,
596 1510 922 1569 unoquoque
968 1503 1264 1570 periculum
1295 1517 1612 1573 recusante;
1644 1522 1742 1562 nec

116 1583 255 1653 regi
317 1584 501 1652 facile,
531 1600 621 1642 aut
656 1591 967 1660 temperari,
999 1595 1140 1663 quod
1171 1596 1283 1652 suis
1312 1599 1541 1669 propriis
1565 1598 1744 1656 cousi-

113 1673 224 1731 liis
262 1687 707 1750 utanturomnes,
732 1699 961 1755 quorum
985 1685 1305 1747 diversitate
1334 1692 1456 1763 plus
1483 1705 1737 1765 noceant,

108 1783 303 1840 quam
334 1773 577 1841 prosint:
607 1775 758 1832 sicin
789 1776 892 1834 hoc
922 1795 1103 1837 rerum
1134 1794 1341 1839 naturae
1365 1787 1612 1856 imperio,
1638 1788 1740 1844 nisi

110 1874 276 1915 unus
308 1860 492 1931 fuerit,
521 1864 588 1919 ad
617 1881 779 1936 quem
810 1871 973 1925 totius
1000 1885 1229 1930 summa:
1273 1890 1401 1932 cura
1447 1879 1730 1947 referatur,
1764 1894 1814 1956 Β
1838 1902 1997 1948 erunt
2026 1896 2121 1951 sed

113 1953 390 2010 universa
411 1957 691 2014 solventur
715 1969 771 2016 et
793 1975 1069 2020 corruent.

201 2046 397 2104 Dicere
416 2058 614 2118 autem,
637 2052 927 2111 multorum
947 2057 1172 2115 arbitrio
1188 2060 1301 2131 regi
1321 2062 1604 2131 mundum,
1625 2065 1731 2122 tale

1851 591 2089 638 mentes:
2140 588 2392 655 quoniam
2444 592 2613 650 multa
2668 603 2723 651 et
2776 597 2919 653 varia
2984 607 3106 656 sunt
3146 601 3440 659 ministeria

1830 680 2249 752 membrorum;
2292 694 2352 742 ut
2380 689 2623 760 singulos
2670 695 2916 766 corporis
2968 714 3163 756 sensus
3213 703 3442 775 singulm

1848 780 2058 832 mentes
2075 792 2264 850 regere
2289 783 2601 856 credantur,
2626 789 2753 846 item
2780 791 2933 847 multi
2971 793 3219 862 affectus,
3250 799 3444 870 quibus

1847 874 2177 926 commoveri
2208 875 2445 933 solemus
2475 881 2557 937 vel
2576 882 2641 938 ad
2668 882 2825 955 iram,
2859 889 2943 944 vel
2971 889 3037 943 ad
3066 892 3438 964 cupiditatem,

1847 961 1933 1016 vel
1962 962 2029 1016 ad
2056 964 2318 1030 laetitiam.
2337 972 2420 1025 vel
2450 973 2515 1027 ad
2542 985 2767 1041 metum,
2804 981 2885 1035 vel
2908 979 2972 1035 ad
3006 982 3441 1054 miserationem;

1847 1057 1906 1106 ttt
1928 1053 1982 1107 in
2007 1052 2092 1109 his
2114 1060 2364 1115 omnibus
2395 1065 2616 1122 totidem
2650 1079 2859 1126 mentes
2906 1083 3162 1141 putentur
3187 1078 3399 1145 aperari

1845 1147 1989 1216 quod
2028 1148 2075 1204 sl
2100 1151 2220 1222 quis
2269 1156 2511 1226 profecto
2541 1158 2706 1230 dicat,
2740 1180 2808 1220 ne
2856 1166 3025 1237 ipsam
3054 1169 3293 1238 quidem,
3322 1188 3442 1243 quae

1845 1252 1950 1294 una
1979 1248 2083 1307 est,
2119 1244 2317 1302 habere
2348 1250 2614 1308 videatur.
2663 1254 2815 1324 Quod
2865 1259 2910 1312 si
2972 1260 3022 1315 in
3056 1277 3163 1317 uno
3212 1279 3443 1336 corpore

1847 1339 2116 1391 tantarum
2137 1354 2314 1396 rerum
2343 1343 2791 1413 gubernationem
2825 1367 2974 1406 mens
2994 1370 3095 1409 una
3114 1357 3370 1425 possidet,
3390 1367 3445 1415 et

1846 1426 2112 1484 universis
2159 1431 2316 1488 simul
2369 1435 2573 1493 intenta
2624 1450 2743 1505 est;
2803 1458 2900 1501 cur
2928 1445 3123 1517 aliquis
3170 1449 3443 1508 existimet

1847 1518 2103 1574 mundum
2124 1536 2230 1577 non
2261 1538 2418 1593 posse
2445 1529 2512 1584 ah
2534 1544 2642 1586 uno
2695 1536 2827 1604 regi,
2877 1551 2907 1591 a
2954 1537 3191 1607 pluribus
3245 1543 3442 1613 posse?

1845 1607 1998 1677 Quod
2028 1613 2149 1683 quia
2196 1616 2502 1691 intelligunt
2533 1622 2620 1679 isti
2651 1638 2948 1685 assertores
2971 1632 3219 1700 deorum,
3247 1607 3319 1690 ita
3345 1653 3440 1696 eos

1846 1716 2080 1772 praeesse
2104 1708 2332 1781 singulis
2359 1714 2525 1772 rebus
2551 1731 2615 1773 ac
2648 1721 2889 1789 partibus
2932 1715 3138 1789 dicunt,
3171 1736 3227 1781 ut
3256 1734 3439 1785 tamen

1846 1811 1984 1851 unus
2013 1800 2084 1854 sit
2134 1813 2315 1859 rector
2341 1806 2593 1865 eximius.
2638 1811 2754 1867 lam
2801 1829 2930 1886 ergo
2977 1819 3157 1872 caeteri
3207 1818 3279 1875 dii
3331 1837 3437 1878 non

2152 1899 2412 1957 satellites
2437 1917 2500 1957 ac
2527 1906 2779 1974 ministri,
2812 1924 2949 1977 quos
2976 1910 3071 1965 ille
3098 1927 3235 1968 unus
3265 1914 3435 1970 maxi-

1837 2000 1955 2041 mus
1980 1995 2037 2042 et
2065 1999 2256 2058 potens
2284 1994 2526 2050 omnium
2543 1995 2627 2053 his
2645 1996 2842 2056 omciis
2869 2000 3205 2073 prmfecerit;
3232 2015 3289 2063 et
3335 2007 3437 2079 ipsi

1469 2178 1835 2240 VARIORUM
1872 2184 2102 2245 NOTE.

201 2305 360 2391 Sicut
380 2304 916 2391 Homerus_bellantes_
939 2316 1068 2391 inter
1121 2334 1176 2391 se
1200 2318 1321 2391 deos
1349 2320 1520 2389 ﬁnxit.
1554 2321 1728 2391 Quem

112 2388 433 2454 sequuntur
492 2380 769 2451 Virgilius,
819 2386 1065 2451 Ovidius,
1134 2380 1624 2454 Silius,'Lucanus
1673 2404 1730 2451 et

113 2449 244 2504 alii.
273 2449 665 2531 S_ic‘Ar-no_bit_ts,
692 2456 784 2509 lib.
816 2473 867 2513 tv
888 2449 1144 2514 adversus
1169 2449 1402 2517 Gentes:
1436 2449 1725 2531 Vulnerari,

113 2524 335 2600 r_ea:ari_,_
359 2522 650 2600 bellainter
679 2543 734 2600 se
761 2545 935 2598 gerere
963 2532 1230 2600 furialium
1259 2547 1610 2590 memorantur
1639 2522 1729 2592 ar;

119 2594 256 2673 dare
282 2595 655 2673 discriminum.
696 2594 839 2673 Cie,
882 2594 1097 2657 de'Nat.
1137 2604 1314 2669 deor.,
1348 2622 1422 2668 tt;
1455 2606 1628 2673 Plato,
1662 2609 1731 2666 de

120 2663 343 2750 liepub.
374 2669 714 2750 ll,‘am(‘.lljllS
764 2672 1033 2750 calumnia
1083 2663 1312 2750 Procles
1340 2663 1631 2732 Homerum
1659 2663 1728 2750 (si

120 2737 234 2789 diis
265 2737 463 2817 placet)
492 2737 702 2805 liberat,
736 2747 1009 2817 negotium
1038 2745 1104 2799 ad
1137 2747 1320 2800 nescio
1349 2763 1483 2817 quas
1529 2737 1733 2806 divisas

122 2811 567 2881 progressiones,
607 2823 766 2881 atque
796 2811 1221 2873 substantiarum
1250 2811 1561 2873 discrimina
1588 2820 1730 2877 refe-

124 2878 838 2963 [cnsglsegeéugustinum
871 2885 939 2940 de
965 2885 1079 2943 Civ.
1114 2889 1229 2956 Dei,
1263 2890 1359 2946 lib.
1392 2906 1467 2956 tv,
1495 2906 1614 2963 cap.
1642 2894 1732 2949 50.

127 2948 229 3005 Sic
255 2948 437 3016 Ovidi,
472 2948 635 3008 Trist.
668 2970 735 3009 tt:
1217 2948 1228 2956 ’
1274 2994 1277 2997 -

263 3107 580 3181 Mulciber-“in
604 3110 822 3181 Troiam,
849 3127 937 3181 pro
947 3114 1102 3181 j‘roja
1127 3116 1289 3168 stabat
1311 3117 1485 3181 Apollo

323 3170 480 3237 [Eque
498 3172 669 3225 Venus
690 3170 916 3239 Teucris,
946 3170 1110 3229 Pallas
1131 3182 1295 3243 iniqua
1314 3170 1423 3232 fu'it.

135 3317 241 3396 \jid
280 3315 392 3396 Cic.
439 3318 507 3374 de
555 3319 673 3376 Nat.
709 3321 857 3396 tleo_r.
890 3337 947 3387 tt,
979 3338 1029 3378 c.
1057 3323 1158 3388 28;
1185 3324 1409 3379 Tertull.
1436 3326 1592 3396 Apol.
1623 3328 1689 3382 14
1718 3348 1731 3382 :

138 3389 278 3471 Deos
325 3391 456 3446 inter
485 3409 543 3471 se
569 3404 776 3462 propter
796 3392 1051 3471 Trojanos
1103 3406 1151 3448 et
1202 3397 1418 3471 Achivos
1448 3439 1462 3463 ,
1486 3389 1566 3450 ἰιι
1619 3400 1734 3471 gla-

136 3462 395 3535 diatorum
428 3465 573 3535 paria
596 3462 905 3534 congressos
920 3466 1252 3535 depugnasse.
1283 3462 1557 3523 Bonnam.

216 3533 695 3608 Sutttm9.'l‘o_rnes.
717 3546 768 3590 et
799 3538 887 3593 alii
912 3533 1136 3601 addunt,
1168 3548 1407 3608 potestas.
1449 3540 1568 3595 Vid.
1597 3539 1735 3597 infra

140 3602 291 3675 Epit.
323 3619 372 3675 c.
397 3605 465 3658 Ξῖ
500 3604 610 3660 Nec
661 3618 822 3673 potest
869 3610 1019 3663 aliter
1064 3602 1231 3662 reruni
1271 3626 1468 3665 summa
1494 3613 1738 3666 consiste-

141 3673 224 3727 re.
252 3673 487 3749 ‘Reimm.
520 3689 571 3731 et
602 3687 732 3732 vett.
767 3679 915 3747 edd.,
946 3695 1144 3733 summa
1181 3680 1295 3749 ipsa
1317 3691 1567 3735 constare.
1603 3682 1733 3738 BUN.

221 3744 480 3823 Constare.
514 3749 664 3823 Adde
695 3744 936 3823 potestas,
969 3760 1024 3805 ut
1052 3744 1245 3822 legitur
1272 3754 1326 3806 in
1354 3756 1555 3823 optima
1572 3753 1728 3809 Colo-

144 3817 322 3870 niensi
348 3818 473 3872 edit.
503 3821 626 3874 anni
660 3817 821 3876 1514.

220 3885 462 3964 Pertinet.
498 3890 573 3944 Ita
625 3892 796 3964 codex
829 3892 1040 3947 Rohan.
1066 3903 1119 3948 et
1146 3892 1451 3964 Saugertn.;
1496 3903 1552 3949 at
1604 3910 1734 3951 mss.

142 3963 476 4033 recentiores
505 3976 627 4016 Cum
650 3963 828 4031 editis,
857 3967 1130 4033 pertineat.
1266 3963 1276 3964 ί
1572 3990 1578 4000 υ

219 4028 631 4087 Cunei.Cuneus
659 4045 774 4088 crat
801 4028 1088 4090 multitudo
1117 4035 1341 4091 militum
1372 4036 1444 4091 ita
1473 4037 1738 4093 collocata

144 4112 207 4176 ut
230 4104 379 4176 initio
406 4113 547 4176 esset
573 4115 818 4175 angusta,
847 4116 903 4162 et
957 4108 1206 4176 paulatim
1236 4108 1577 4163 dilataretur.
1615 4108 1735 4164 Vid.

145 4173 386 4229 Turneb.
416 4175 481 4229 ad
513 4173 736 4243 Quintil.
772 4193 785 4231 I
818 4173 966 4233 inst}
996 4178 1083 4234 15.
1132 4178 1295 4233 Plena
1326 4196 1486 4235 manu
1510 4180 1741 4236 Pitiscns

145 4252 394 4321 auctores
421 4247 550 4301 citat
577 4248 631 4303 in
672 4247 838 4304 Thes.
898 4252 1078 4321 Autiq.
1121 4252 1377 4319 Romam,
1409 4259 1541 4308 tum.
1574 4268 1612 4318 t,
1643 4251 1738 4308 fol.

146 4314 271 4371 607.
308 4316 582 4374 Beas-an.

226 4387 706 4463 Diuersitate._Mss.
738 4391 926 4448 decem
972 4401 1178 4449 recent.
1210 4393 1549 4463 diversitates,
1601 4395 1744 4452 inter

149 4473 287 4531 quos
306 4456 520 4517 Roltan.
545 4460 869 4517 Diuersimtea
893 4463 1052 4519 etiam
1084 4464 1247 4519 habet
1274 4465 1422 4518 Subl.
1447 4465 1535 4520 ed.

227 4528 271 4583 Τ
272 4543 401 4604 otius
415 4549 794 4604 sumnuecura.
816 4535 904 4590 Sic
928 4550 1056 4589 mss.
1079 4547 1130 4589 et
1161 4535 1338 4604 Subl.,
1367 4534 1552 4591 Venet.
1579 4537 1738 4602 1471,

152 4600 243 4655 97.
278 4599 410 4656 Vide
442 4604 598 4659 inira.
626 4602 689 4658 L.
716 4621 751 4669 t,
785 4621 814 4661 c
844 4605 896 4661 5.
931 4606 1096 4661 Deum
1125 4618 1278 4661 meat
1320 4599 1532 4662 summa?
1582 4599 1741 4664 totius

152 4674 441 4743 artiﬁcem;
482 4675 620 4746 Epit.
668 4692 717 4732 c.
760 4680 814 4745 4,
866 4678 1020 4732 totius
1070 4694 1284 4733 summa:
1313 4679 1737 4804 gubernatorem.

1359 4765 1597 4804 UNEIAN.

1359 4765 1597 4805 UNEIAN.

226 4812 357 4871 Tale
385 4826 481 4884 est,
519 4819 670 4888 quate
698 4818 762 4872 si.
795 4816 892 4874 llic
915 4818 1133 4890 elegans
1175 4822 1488 4875 vocularum
1515 4830 1737 4883 praeter-

155 4886 352 4960 missus
380 4886 549 4944 ususa
596 4891 945 4960 scriptoribus
973 4886 1041 4944 (lc
1084 4892 1377 4960 particulis,
1412 4892 1449 4947 l.
1483 4908 1556 4953 nt.
1584 4908 1631 4948 c.
1664 4894 1737 4950 δι

153 4957 881 5033 TuleAest.wpro]ecto{quale
925 4965 971 5016 si
1010 4957 1258 5016 disserere
1299 4964 1530 5018 velimus.
1563 4964 1623 5020 L.
1663 4979 1738 5033 vt,

158 5048 209 5085 c.
254 5031 532 5106 15:_Quod
556 5035 789 5106 tateest,
822 5033 973 5106 iluale
1009 5036 1055 5088 si
1084 5034 1276 5106 uelint;
1322 5050 1440 5106 cap.
1490 5036 1588 5091 i6:
1630 5031 1740 5092 Hoc

159 5118 276 5157 vero
298 5103 400 5155 tale
429 5115 523 5170 est,
550 5103 703 5173 quale
727 5104 773 5157 si
798 5105 1045 5158 dicerent.
1082 5104 1358 5161 Bunsnau.

237 5173 448 5240 Quibus.
479 5176 708 5245 Elegaus
738 5176 893 5249 lectio
933 5175 1188 5249 Grouovii
1238 5178 1518 5248 siquidem,
1548 5192 1738 5249 quam-

162 5246 242 5300 vis
262 5260 450 5299 omnes
472 5262 602 5300 mss.
628 5256 681 5301 et
707 5246 831 5300 edd.
863 5245 1043 5313 quibus
1080 5245 1332 5304 habeant.
1363 5245 1585 5305 Videtur
1612 5272 1739 5307 ταυ-

161 5318 328 5390 τότης,
365 5317 569 5384 quibus,
612 5317 662 5371 id
716 5327 800 5372 est.
836 5316 1125 5387 a/Tectibus,
1156 5322 1461 5377 commoveri
1482 5323 1549 5377 ad
1577 5322 1740 5390 affec-

161 5398 261 5443 tus.
279 5388 550 5442 Bessum.

233 5458 361 5513 Item
386 5460 537 5512 multi
589 5463 829 5531 affectus,
857 5461 1039 5528 quibus
1095 5465 1419 5527 commoveri,
1466 5472 1571 5520 etc.
1621 5465 1738 5523 Non

162 5542 313 5602 negat
338 5545 460 5583 cum
486 5531 683 5602 Stoicis
708 5531 1014 5588 Lactantius
1067 5534 1263 5588 multos
1290 5549 1412 5589 esse
1440 5536 1492 5589 in
1525 5538 1739 5594 homine

160 5601 410 5676 aﬂectus._
434 5601 631 5671 quibus
658 5618 1098 5659 commoveamur
1119 5623 1132 5659 :
1156 5606 1248 5660 sed
1269 5616 1426 5676 negat
1457 5607 1593 5661 bene
1624 5609 1735 5663 col-

165 5674 270 5745 ligi,
306 5672 502 5748 multas
530 5676 733 5748 essein
764 5676 981 5748 homine
1009 5685 1237 5741 utentes,
1262 5672 1381 5748 quia
1438 5679 1546 5732 sint
1574 5678 1624 5748 in
1650 5694 1736 5744 eo,

162 5756 217 5799 nt
238 5747 378 5798 varia
411 5746 708 5800 ministeria
736 5746 1124 5812 membrorum,
1158 5748 1226 5800 ita
1257 5746 1311 5803 et
1338 5750 1486 5803 tuttlti
1518 5747 1739 5807 aﬂ'ectus

161 5817 226 5889 ab
253 5829 352 5871 una
403 5816 705 5889 eademque
744 5817 951 5889 origine
1001 5823 1131 5889 sunt
1171 5819 1466 5889 repetendi.
1527 5818 1584 5874 In
1635 5834 1735 5875 ms.

163 5887 392 5945 Gronov.
421 5884 634 5956 legitur:
654 5884 784 5943 Item
799 5884 946 5943 niutti
966 5887 1203 5961 affectus,
1233 5884 1279 5944 'sl
1303 5888 1502 5963 quidem
1519 5903 1741 5948 contine-

1830 2328 1935 2383 veri
1956 2330 2174 2388 solemus
2201 2334 2282 2390 vel
2309 2336 2378 2389 ad
2407 2335 2559 2405 iram,
2589 2345 2693 2395 etc.
2724 2338 2830 2396 Sed
2863 2349 3051 2398 contra
3084 2340 3247 2399 tidem
3297 2344 3431 2401 alio-

1833 2414 1951 2454 rum
1981 2417 2137 2458 mss..
2160 2421 2300 2461 unus
2324 2422 2424 2462 ms.
2456 2406 2604 2479 Lips.
2660 2411 2821 2469 habet
2848 2415 2994 2469 multi
3047 2418 3284 2484 effectus,
3318 2426 3424 2474 etc.

1905 2490 2210 2566 Tantarum.
2242 2498 2404 2566 Quasi
2428 2500 2578 2555 dicas
2601 2503 2900 2557 multarunt.
2960 2505 3088 2560 Hinc
3131 2507 3297 2561 dictio
3330 2524 3436 2565 non

1836 2564 2829 2647 magnitudinem,sedin‘nltitttdincnt
2862 2574 2971 2647 hoc
2995 2577 3114 2647 loco
3143 2564 3430 2647 signilimt,

1835 2642 1887 2685 ttt
1921 2637 2013 2719 ttat
2038 2639 2322 2719 antithesis
2338 2642 2424 2719 “ad
2452 2642 2583 2697 illud
2632 2661 2774 2709 una;
2826 2647 2893 2698 ita
2943 2645 3145 2719 Graecis
3179 2637 3432 2719 ξοιοῦτοςξ

1836 2707 2143 2829 promiscue
2188 2711 2450 2779 significat
2488 2754 2503 2779 ,
2563 2724 2635 2767 tat
2666 2755 2679 2776 ,
2734 2707 2788 2768 et
2845 2726 3032 2770 tantus.
3070 2718 3148 2773 Ex
3176 2718 3333 2775 Isaae.
3361 2707 3435 2762 -ζῖ

1884 2788 2121 2829 antarum
2184 2796 2373 2829 rerum.
2450 2782 2506 2829 ltl
2576 2794 2691 2829 est-
2727 2792 2962 2829 tnt-tmn
3017 2789 3298 2829 nlttllnrnm
3377 2793 3430 2829 in

1884 2788 2121 2831 antarum
2184 2782 2507 2859 rerum.__ld
2576 2794 2694 2859 est,
2727 2792 2825 2853 tot,
2857 2797 2962 2842 tam
3016 2789 3323 2859 multarum,
3377 2793 3432 2848 in

1838 2862 2029 2927 appos.
2063 2865 2168 2903 una
2197 2867 2357 2927 utens.
2391 2855 2549 2927 gaepe
2586 2852 2895 2913 Lactantius
2928 2858 2962 2913 l.
3010 2874 3065 2922 v,
3094 2874 3143 2914 c.
3178 2861 3265 2927 13,
3289 2852 3433 2918 tanta

1840 2918 2122 3001 hominum
2143 2922 2328 2977 millia.
2385 2918 2495 2980 Sie'
2525 2927 2561 2980 Ι.
2595 2942 2685 3001 _ttt,
2720 2945 2766 2981 c.
2802 2929 2899 2993 i9,
2934 2918 3123 3001 quanta
3166 2918 3432 2989 hominum

1841 2989 2042 3074 autem.
2177 3004 2291 3059 est,
2319 3012 2472 3074 quam
2497 2989 2682 3074 multa.
2724 3039 2738 3053 .
2783 2989 3050 3074 ._'l‘crt'nll.
3090 3002 3333 3074 rApolog.
3380 3022 3429 3061 c.

1841 3061 1913 3135 50
1943 3080 1954 3114 :
1992 3061 2147 3118 Multi
2189 3061 2340 3135 apud
2369 3084 2453 3122 vos
2474 3069 2542 3122 ad
2578 3071 2903 3126 tolerantiam
2928 3071 3125 3128 doloris
3159 3061 3212 3126 ἐι
3253 3061 3433 3132 ηἶονήε

1844 3132 2134 3188 hortantur.
2180 3176 2192 3188 .
2224 3132 2249 3189 ⁷.
2278 3154 2366 3192 nec
2395 3150 2562 3196 tamen
2599 3153 2767 3199 tantos
2815 3145 3078 3198 inueniunt
3130 3144 3277 3201 verba
3320 3146 3430 3201 dis-

2180 3181 2192 3188 .
2237 3181 2249 3189 .
2278 3181 2365 3192 ..η
2395 3181 2561 3196 ......ν..
2599 3181 2766 3199 .........
3132 3181 3277 3201 νην..
3320 3181 3350 3199 ι.

1764 3181 1810 3245 C
1842 3205 2061 3271 cipulos,
2094 3218 2308 3278 quantos
2336 3211 2608 3266 christiani
2628 3216 2781 3286 factis
2806 3215 3053 3271 docendo.
3080 3216 3356 3273 BUNEMAN.

1912 3294 2062 3373 Mens
2092 3316 2217 3355 una.
2245 3301 2335 3356 Sic
2359 3301 2580 3367 habent,
2613 3315 2668 3360 et
2695 3305 2907 3372 quidem
2939 3316 3105 3373 recte,
3138 3324 3260 3364 cum
3286 3318 3434 3364 vete-

1838 3366 1987 3450 ribus
2016 3370 2273 3425 Romanis
2303 3366 2628 3450 editiouibus
2656 3366 2721 3432 et'
2762 3377 2829 3434 Is.
2863 3366 3167 3449 Sp:trlt.,'ac
3215 3380 3250 3434 2
3282 3382 3429 3450 Lips.

1837 3439 2052 3494 codices
2085 3456 2215 3521 mss.
2245 3458 2432 3499 omnes
2458 3446 2720 3521 ;_dempto
2745 3464 2851 3503 ttuo
2896 3439 3199 3519 Regio-rec.
3233 3452 3285 3506 in
3326 3439 3434 3521 quo

1838 3520 1921 3563 est
1947 3527 2085 3565 mens
2118 3513 2363 3579 humana,
2398 3526 2454 3570 ιιι
2478 3519 2528 3571 iu
2557 3519 2717 3573 editis
2758 3535 2873 3576 sex.
2928 3513 3000 3576 Αῖ
3033 3537 3162 3576 mss.
3204 3538 3268 3576 ac
3319 3513 3427 3578 v'et.

1839 3581 2107 3662 editorum
2126 3584 2410 3662 lectionem
2430 3603 2628 3658 scopus
2648 3588 3192 3662 Lactantiipostulat;
3223 3610 3345 3647 nam
3375 3603 3434 3650 ut

1840 3652 2032 3721 probet
2048 3655 2127 3734 .ab
2151 3652 2543 3734 unouDeoIatn
2586 3663 2782 3734 multas
2809 3677 2896 3734 res
2931 3652 3271 3718 'Suttieieuter
3319 3666 3431 3734 regi

1840 3737 2021 3792 posse.
2048 3724 2188 3779 inter
2212 3728 2345 3781 alias
2371 3730 2752 3805 similitudines
2777 3741 2831 3785 et
2860 3731 3261 3805 hancadtlucit,
3285 3724 3429 3805 quovd

1839 3810 1944 3848 una
1970 3811 2110 3849 mens
2137 3812 2325 3853 omnes
2351 3809 2405 3854 et
2454 3810 2559 3853 tam
2588 3803 2765 3856 varias
2811 3802 3054 3873 corporis
3079 3802 3319 3860 aetioues
3349 3821 3434 3861 re-

1839 3877 1949 3935 gat.

1914 3960 2106 4016 Simul.
2139 3962 2267 4018 Mss.
2306 3966 2393 4030 i8,
2427 3968 2598 4032 semel,
2631 3969 2841 4024 vitiose.

1916 4032 2326 4113 _Singulis_rebus
2356 4054 2423 4113 ac
2452 4042 2710 4113 partibus.
2742 4041 2817 4097 ita
2865 4042 3047 4113 legunt
3076 4059 3264 4099 omnes
3297 4059 3427 4101 mss.

1843 4110 1897 4157 et
1918 4104 2191 4174 impressi,
2216 4124 2351 4176 quos
2380 4104 2562 4164 videre
2603 4114 2818 4180 quidem
2852 4104 3020 4169 lit-.itit.
3074 4115 3127 4170 ln
3162 4133 3264 4169 ms.
3297 4115 3434 4172 Gro-

1844 4189 1969 4256 nov.
1994 4185 2114 4231 erat
2137 4180 2357 4256 singulis
2383 4181 2532 4256 rebus
2568 4199 2629 4235 ac
2658 4185 2900 4253 partium,
2926 4201 3046 4239 cum
3077 4189 3443 4256 superscripta

1845 4246 2107 4319 I_ittera,ut
2124 4246 2348 4319 partiam
2364 4253 2631 4308 videretur
2646 4246 3433 4313 voluisse'scrihere'lihrarius.

1844 4315 2104 4399 S_u_spic_or
2124 4315 2308 4389 luisse,
2342 4325 2414 4377 ita
2431 4340 2515 4378 eos
2543 4340 2759 4393 prteesse
2808 4329 3023 4399 singulis
3056 4328 3202 4382 rebus
3228 4346 3288 4383 ac
3318 4346 3441 4395 par-

1845 4389 1999 4455 titim,
2030 4389 2132 4447 hoc
2169 4403 2275 4459 est,
2308 4410 2403 4465 per
2433 4389 2637 4467 partes,
2665 4389 2966 4455 distributis
3004 4402 3261 4471 partibus.
3294 4389 3439 4455 Cno-

1846 4474 2057 4518 κονιυδ.

1767 4570 1823 4632 D
1923 4554 1989 4632 l_J_t
2019 4566 2205 4632 tamen.
2239 4557 2329 4614 Sic
2356 4562 2697 4615 emendatum
2730 4577 2793 4617 ex
2827 4562 3077 4616 omnilms
3111 4577 3245 4617 mss.
3268 4570 3321 4616 et
3350 4578 3445 4617 ve-

1848 4626 2050 4703 teribus
2066 4629 2257 4703 editis;
2288 4640 2481 4703 prmter
2501 4648 2601 4687 ms.
2626 4632 2750 4687 Jun.
2776 4641 2828 4686 et
2846 4634 3132 4687 nonnullas
3151 4634 3441 4703 editiones,

1846 4697 1899 4751 in
1928 4698 2121 4768 quibus
2152 4697 2373 4771 legitur:
2410 4702 2478 4757 Ut
2504 4703 2853 4768 tantum;scd
2883 4705 3042 4759 male.

1918 4792 2109 4873 Potens
2126 4799 2373 4873 omnium.
2411 4799 2753 4855 lleumannus
2775 4800 2828 4854 in
2855 4801 2989 4873 App.
3019 4816 3054 4856 tl
3072 4800 3159 4855 "ad
3186 4800 3440 4873 Sympos.

1843 4877 1896 4944 et
1920 4867 2006 4922 hic
2033 4869 2303 4936 rescribit,
2361 4887 2545 4940 parens
2597 4875 2843 4925 omnium.
2897 4867 3176 4927 Lactantio
3221 4867 3443 4944 quidem

1848 4938 1989 5011 Deus
2017 4950 2256 5006 vocatur,
2309 4938 2493 5010 parens
2541 4945 2793 5009 ontnium,
2834 4959 2883 4999 c.
2935 4945 2990 5010 5,
3036 4945 3126 5000 lib.
3162 4938 3301 5011 ll,-c.
3349 4946 3440 5010 16,

1843 5010 1939 5065 lib.
1971 5027 2025 5087 _v,
2054 5026 2103 5065 c.
2133 5012 2185 5066 5.
2215 5012 2285 5067 At
2307 5013 2754 5087 quiaceustanter
2793 5030 2983 5069 omnes
3039 5015 3161 5071 lihri
3191 5010 3213 5084 ,7
3260 5028 3441 5087 potens

1843 5082 2092 5146 omnium,
2125 5093 2179 5158 et
2208 5088 2443 5158 maxime
2468 5085 2556 5140 itic
2582 5087 2671 5158 ide
2702 5087 2939 5156 polentia
2967 5087 3057 5158 Dei
3085 5082 3279 5158 agitur,
3307 5088 3442 5142 nihil

1843 5164 1925 5208 est
1952 5153 2285 5228 mutandum.
2316 5153 2470 5210 Patet
2498 5173 2563 5211 ex
2582 5153 2723 5227 Epit.
2752 5159 2803 5212 lt.
2839 5159 2872 5213 Ι.
2899 5174 2947 5213 c.
2972 5157 3034 5211 2:
3071 5153 3265 5214 Nullus
3286 5161 3443 5228 igitur

1844 5241 2018 5279 eorum
2048 5227 2228 5295 poterit
2256 5229 2575 5301 omnipotens
2621 5231 2934 5298 nuncupari,
2984 5230 3121 5301 quod
3166 5239 3238 5284 est
3265 5245 3438 5283 verum

1843 5307 2234 5365 cognomentum
2266 5297 2386 5362 Dei;
2409 5301 2501 5354 lilt.
2534 5316 2566 5353 v
2606 5297 2839 5364 Institut,
2871 5297 3262 5357 c.2{:Deus...
3288 5317 3437 5367 quem

1842 5384 2012 5421 rerum
2042 5379 2295 5439 potentem
2325 5372 2603 5440 confiteris.
2647 5372 2926 5428 BUNEMAN.

1914 5460 2232 5535 Prtefecerit.
2260 5463 2337 5519 Ita
2378 5465 2710 5521 restituimus
2734 5482 2798 5521 cx
2833 5466 3084 5521 omnibus
3113 5464 3281 5520 ferme
3302 5478 3434 5519 mss.

1842 5548 1905 5588 ac
1925 5534 2199 5608 veteribus
2223 5536 2497 5603 editistet
2543 5550 2708 5594 recte.
2741 5538 2798 5592 In
2828 5552 2959 5593 mss.
2986 5538 3023 5592 2
3052 5537 3182 5608 Reg.
3229 5551 3340 5590 rec.
3384 5545 3439 5592 et

1841 5606 2054 5678 excusis
2082 5622 2213 5670 rec..
2250 5610 2494 5678 praefecit.

1916 5674 1984 5729 Et
2006 5678 2230 5751 ipsi.ilta
2252 5674 2598 5751 reposuimus
2628 5696 2693 5735 ex
2724 5678 2940 5749 optimis
2967 5692 3101 5751 mss.
3136 5678 3181 5751 ἓ
3203 5676 3356 5743 Beg.,
3396 5676 3434 5730 ἓ

1841 5746 2077 5829 Bonum,
2107 5746 2338 5829 Taxaqz,
2364 5756 2396 5805 6
2423 5752 2600 5829 Cultu,
2630 5751 2666 5805 2
2689 5746 3110 5829 (ὶιὲτοιηρηιελᾌ
3137 5749 3315 5829 _Bt_'un.
3371 5761 3435 5829 ac

1844 5819 2071 5893 vetustis
2102 5820 2231 5877 edit.
2266 5819 2418 5890 Mss;
2450 5820 2483 5877 4
2516 5823 2647 5893 iteg.
2690 5837 2800 5879 ree.
2827 5828 2879 5875 et
2907 5818 2940 5874 9
2969 5818 3102 5875 editi
3136 5818 3359 5889 habent,
3382 5827 3437 5873 ut

1840 5886 1961 5961 ipsi.
