3838 6278
408 287 518 351 127

1539 304 1724 361 FIRM.
1765 304 2135 365 LACTANTII
2169 308 2373 367 DIVIN.
2416 310 2591 369 INST.

3669 308 3776 368 128

412 410 535 482 ejus
594 411 826 486 imperio
870 412 935 471 ae
976 416 1195 473 nutibus
1244 419 1501 476 servient.
1550 420 1607 478 Si
1660 423 1901 479 universi
1922 439 2019 494 pa-
2046 428 2101 489 Α
2125 426 2384 483 divinatio
2405 429 2565 486 docet
2594 444 2699 485 non
2734 429 2896 487 fuisse
2916 431 3170 488 furiosos.
3198 431 3329 501 Quis
3357 434 3520 489 enim
3541 433 3772 486 mentis

418 520 511 561 res
533 522 641 562 non
674 517 816 575 sunt,
845 521 953 563 non
984 508 1148 579 igitur
1184 509 1257 565 dii
1288 526 1479 567 omnes
1528 524 1675 568 sunt.
1713 514 1825 570 Nec
1872 516 2017 571 enim

417 607 597 669 potest
628 599 727 654 hoc
748 599 887 654 idem
905 614 1046 664 esse.
1070 603 1211 673 quod
1232 604 1419 671 servit,
1441 614 1496 661 ct
1519 606 1660 676 quod
1688 607 2014 663 dominatur.

417 690 553 746 Nam
575 690 622 745 si
664 691 802 746 Deus
853 701 937 747 est
981 709 1175 749 nomen
1226 709 1451 751 summa:
1498 701 1795 768 potestatis,
1844 700 2021 755 incor-

420 784 687 850 ruptibilis
705 800 826 841 esse
851 786 1029 852 debet,
1062 788 1349 858 perfectus,
1378 791 1742 862 impassibilis,
1777 796 1906 851 nulli
1939 797 2020 853 rei

416 875 718 944 subjectus.
745 877 886 949 Ergo
906 878 979 934 dii
1008 894 1113 935 non
1143 891 1288 947 sunt,
1305 899 1441 954 quos
1459 900 1648 955 parere
1670 888 1759 941 uni
1788 890 2020 945 maximo

418 969 533 1025 Deo
555 971 848 1028 necessitas
874 973 1036 1044 cogit.
1066 974 1171 1031 Sed
1198 976 1321 1046 quia
1349 993 1453 1033 non
1481 977 1676 1035 frustra
1704 980 1960 1037 falluntur
1985 983 2021 1038 ii

420 1065 511 1136 qui
536 1065 637 1121 hoc
658 1065 726 1120 ita
759 1075 966 1136 putant,
998 1083 1215 1124 causam
1250 1070 1409 1141 hujus
1460 1074 1662 1129 erroris
1712 1076 1872 1145 paulo
1902 1087 2027 1147 post

422 1158 746 1228 aperiemus.
775 1158 930 1216 Nunc
959 1161 1218 1218 unitatem
1248 1161 1449 1221 divinae
1477 1167 1758 1236 potcSIatis
1782 1167 2024 1223 testimo-

421 1249 526 1306 niis
553 1251 987 1325 comprobemus.
1882 1242 1915 1269 ’“

1042 1347 1270 1407 CAPUT
1308 1351 1399 1407 IV.

427 1434 582 1505 Quod
606 1453 738 1494 unus
760 1454 873 1495 vere
893 1440 959 1495 sit
995 1438 1138 1498 Deus
1166 1459 1198 1497 α
1220 1444 1484 1516 prophetis
1522 1445 1675 1500 etiam
1703 1450 2021 1519 praenuntia-

1186 1546 1287 1594 tus.

494 1647 798 1720 Prophetm,
815 1649 909 1721 qui
929 1650 1147 1707 fuerunt
1166 1651 1454 1710 admodum
1473 1654 1650 1723 multi,
1669 1671 1833 1711 unum
1850 1656 2023 1711 Deum

426 1740 745 1811 praedicant,
780 1758 943 1797 unum
971 1743 1297 1815 loquuntur:
1330 1746 1531 1819 quippe
1577 1752 1665 1819 qui
1722 1749 1881 1804 unius
1932 1749 2026 1805 Dei
2082 1810 2085 1815 ,

2122 530 2335 587 emotm,
2366 536 2470 577 non
2500 522 2661 578 modo
2682 522 2855 579 futura
2879 525 3197 594 praecinere.
3223 525 3318 581 sed
3346 527 3529 581 etiam
3564 522 3769 579 cohae-

2122 615 2294 670 rentia
2320 614 2466 684 loqui
2497 616 2709 685 possit?
2739 615 2876 671 Num
2902 632 3034 689 ergo
3064 617 3283 673 fallaces
3308 626 3500 683 erant,
3537 616 3659 687 qui
3694 627 3770 670 tae

2124 708 2194 762 lia
2236 709 2634 778 loquebantur?
2679 709 2808 781 quid
2850 710 2919 767 ab
2973 711 3057 766 his
3106 720 3215 766 tam
3275 711 3435 781 longe
3492 710 3763 765 alienum

2122 819 2282 874 quam
2316 806 2453 860 ratio
2477 804 2691 861 fallendi
2716 847 2730 871 ,
2753 821 2877 861 cum
2901 815 3128 861 caeteros
3152 806 3219 862 ab
3239 806 3387 861 omni
3419 803 3655 859 fraude
3682 819 3764 858 co-

2124 896 2416 953 hiberent?
2470 897 2673 954 Idcirco
2720 900 2863 955 enim
2917 914 2948 953 a
2999 899 3112 955 Deo
3161 900 3549 961 mittebantur,
3596 908 3675 954 ut
3718 911 3763 954 et

2126 1004 2407 1060 prtccones
2427 1000 2611 1048 essent
2631 991 2927 1064 majestatis
2956 992 3097 1064 ejus,
3127 1002 3184 1050 et
3202 1002 3566 1049 correctores
3626 1007 3759 1062 pra-

2125 1083 2306 1139 vitatis
2336 1085 2605 1140 humanae.

2198 1176 2464 1233 Praeterea
2512 1178 2760 1234 voluntas
2801 1179 3036 1251 ﬁngendi
3077 1195 3142 1237 ac
3184 1180 3488 1237 mentiendi
3546 1195 3755 1237 eorum

2126 1279 2209 1324 est
2239 1272 2328 1341 qui
2359 1287 2490 1344 opes
2513 1283 2802 1343 appetunt,
2832 1277 2921 1345 qui
2946 1275 3091 1330 lucra
3121 1275 3455 1343 desiderant;
3489 1291 3640 1347 qua:
3675 1292 3757 1331 res

2126 1365 2311 1435 procul
2335 1366 2404 1421 ab
2428 1367 2533 1421 illis
2560 1369 2760 1424 sanctis
2786 1369 2916 1424 viris
2955 1368 3146 1427 abfuit.
3178 1369 3254 1426 Ita
3293 1372 3440 1443 enim
3476 1370 3753 1441 delegato

2126 1458 2226 1514 sibi
2255 1458 2433 1514 officio
2460 1460 2625 1517 functi
2648 1470 2792 1528 sunt,
2821 1472 2898 1531 ut,
2927 1463 3198 1521 derelictis
3219 1465 3476 1522 omnibus
3491 1464 3575 1520 ad
3612 1476 3755 1521 tute-

2128 1551 2234 1607 lam
2267 1554 2391 1609 vitae
2419 1556 2762 1620 necessariis,
2796 1570 2902 1611 non
2932 1556 3092 1612 modo
3137 1556 3192 1612 in
3240 1558 3511 1625 futurum,
3552 1558 3661 1614 sed
3695 1576 3750 1613 ne

2128 1645 2181 1701 in
2222 1646 2364 1702 diem
2407 1647 2623 1719 quidem
2669 1649 3004 1718 laborarent,
3075 1651 3749 1730 cpntgttiaegeu’tporab

2130 1739 2251 1815 cibo
2276 1781 2290 1803 ,
2320 1755 2480 1810 quem
2523 1741 2663 1795 Deus
2699 1726 3749 1799 subministras-st;-:iztihfnoninodo

429 1833 622 1904 spiritu
647 1836 814 1905 pleni,
838 1852 959 1906 qua:
987 1836 1164 1893 futura
1182 1848 1384 1906 essent,
1406 1842 1518 1912 pari
1548 1851 1605 1898 ei
1628 1857 1866 1899 consona
1888 1858 2023 1900 voce
2053 1836 2103 1898 B
2128 1840 2390 1902 quaestum
2414 1832 2617 1887 nullum
2635 1833 2954 1899 habuerunt,
2979 1835 3075 1891 sed
3092 1836 3251 1890 etiam
3277 1837 3571 1891 cruciatus
3588 1844 3750 1907 atque

428 1925 820 1994 praedixerunt.
850 1928 921 1981 At
945 1929 1088 1983 enim
1119 1930 1367 1987 veritatis
1388 1942 1641 2005 expertes
1694 1950 1803 1989 non
1834 1944 2025 2005 putant

430 2015 518 2071 bis
548 2032 670 2074 esse
696 2018 1045 2079 credendum.
1082 2020 1205 2077 Illas
1232 2024 1377 2078 enim
1407 2038 1513 2080 non
1541 2025 1777 2091 divinas,
1808 2026 1903 2081 sed
1929 2028 2027 2082 bu-

429 2122 618 2164 manas
645 2125 804 2166 voces
831 2110 995 2168 fuisse
1023 2113 1192 2169 aiunt.
1231 2113 1492 2171 Videlicet
1517 2116 1641 2186 quia
1664 2116 1733 2173 de
1761 2132 1871 2173 uno
1917 2117 2027 2173 Deo

427 2202 757 2271 praeconium
788 2204 1008 2273 faciunt,
1039 2214 1134 2260 aut
1180 2205 1371 2272 insani,
1406 2218 1497 2264 aut
1539 2208 1759 2265 fallaces
1792 2212 2024 2265 fuerunt.

429 2292 502 2349 At
553 2295 679 2364 quin
736 2297 952 2369 impleta
982 2314 1102 2356 esse
1149 2300 1468 2373 implerique
1520 2303 1759 2374 quotidie
1807 2304 2025 2360 illorum

419 2388 673 2446 vaticinia
702 2390 953 2449 videmus
980 2402 1075 2461 ;et
1101 2393 1155 2450 in
1174 2409 1336 2450 unam
1362 2396 1684 2453 sententiam
1719 2412 2027 2469 congruens

2124 1934 2376 1982 mortem.
2406 1924 2605 1981 Amara
2636 1936 2762 1981 sunt
2804 1926 2947 1981 enim
2990 1927 3200 1982 vitiosis
3230 1942 3292 1983 ac
3322 1927 3467 1983 male
3500 1929 3747 1983 viventi.

2126 2021 2229 2077 bus
2244 2030 2507 2091 praecepta
2526 2019 2765 2089 justitiae.
2791 2021 2972 2092 Itaque
2996 2022 3051 2085 ii,
3071 2038 3298 2091 quorum
3325 2032 3557 2093 peccata
3583 2033 3645 2078 et
3665 2040 3747 2078 ar.

2127 2114 2428 2187 guebantur
2448 2123 2502 2169 et
2524 2114 2967 2184 prohibebantur,
3009 2116 3346 2172 excruciatos
3367 2131 3467 2172 eos
3492 2119 3746 2173 acerbis.

2131 2208 2269 2263 sitne
2299 2215 2647 2262 necaverunt.
2672 2206 2815 2277 Ergo
2836 2222 2866 2262 a
2897 2207 3090 2279 quibus
3117 2207 3286 2264 abfuit
3304 2208 3554 2263 studium
3591 2210 3745 2273 lucri.

2132 2302 2301 2358 abfuit
2328 2302 2488 2358 etiam
2527 2301 2777 2357 voluntas
2806 2310 2862 2357 et
2888 2316 3050 2357 causa
3100 2301 3338 2358 fallendi.
3387 2302 3532 2372 Quid
3554 2346 3571 2369 ,
3606 2305 3745 2375 quod

2129 2396 2292 2468 aliqui
2323 2411 2511 2452 eorum
2550 2396 2818 2468 principes
2860 2404 2954 2452 aut
2991 2395 3157 2453 etiam
3202 2412 3360 2468 reges
3396 2396 3656 2467 fuerunt,
3700 2399 3744 2453 iu

1768 2555 2133 2615 VARIORUM
2160 2557 2393 2615 NOTAE.

495 2689 750 2746 Servient.
780 2691 871 2748 Sic
905 2691 1241 2746 restituimns
1270 2704 1334 2745 ex
1388 2691 1607 2756 optimae
1635 2701 1775 2749 nota:
1804 2708 1934 2749 mss.
1986 2694 2023 2749 2

422 2757 581 2833 Reg.,
602 2761 638 2816 2
666 2762 1133 2833 Bonon.,'l‘axaq.,
1155 2763 1178 2817 1
1198 2759 1381 2828 Colb.,
1398 2762 1435 2815 2
1458 2763 1644 2829 Brun.,
1675 2774 1729 2819 et
1756 2766 2023 2833 antiquio-

418 2832 573 2888 ribus
601 2834 781 2889 editis.
808 2836 864 2889 ln
897 2848 1026 2890 mss.
1056 2832 1091 2889 4
1122 2850 1230 2889 rec.
1284 2844 1336 2888 et
1382 2834 1450 2889 I0
1479 2834 1640 2889 editis
1669 2845 1751 2890 est
1776 2832 2016 2891 serviant.

494 2902 558 2979 Si
585 2906 804 2961 universi
829 2921 977 2975 pares
1022 2923 1125 2960 non
1168 2914 1308 2961 sunt.
1339 2904 1443 2960 Ed.
1476 2905 1693 2962 Sublac.
1728 2908 1854 2979 legit
1894 2926 1907 2963 :
1959 2909 2023 2963 Si

418 2976 669 3046 universae
688 2988 859 3046 partes
876 2993 977 3030 non
1007 2988 1142 3032 sunt.

492 3045 857 3120 Impassibilis.
888 3047 949 3103 L.
981 3065 1038 3113 II,
1089 3065 1138 3103 c.
1171 3050 1225 3110 8,
1258 3048 1329 3103 do
1377 3050 1739 3120 antiquiorem
1793 3048 2018 3105 Tertull.

422 3117 493 3191 de
524 3108 748 3191 Resurr.
800 3120 961 3191 Cum.
986 3108 1036 3174 (ι.
1076 3121 1168 3184 57,
1198 3108 1330 3174 Caro
1355 3108 1687 3191 intpassibilis
1716 3139 1734 3186 ;
1765 3122 1886 3175 adv.
1921 3122 2021 3174 Va-
2048 3108 2094 3171 C

420 3188 613 3261 lentia.
642 3204 691 3244 c.
722 3190 814 3254 27,
844 3192 897 3245 in
922 3188 1124 3246 Christo
1148 3188 1498 3261 impassibilis.
1535 3202 1589 3245 et
1637 3194 1853 3261 sa-pius.
1890 3193 2018 3247 Bon.

501 3259 601 3333 Qui
642 3262 739 3316 hoc
778 3264 849 3315 ita
877 3279 987 3317 esse
1017 3259 1228 3333 putant.
1256 3262 1444 3318 Venet.
1490 3262 1651 3323 I495.
1687 3259 1775 3327 97,
1824 3264 2019 3328 Paris,

422 3332 513 3405 qui
538 3334 634 3386 hoc
665 3344 846 3407 putant
872 3349 891 3387 :
915 3347 1063 3407 certe
1080 3335 1285 3407 melius
1313 3350 1473 3407 quam
1507 3336 1684 3401 mttlti,
1708 3336 1796 3407 qui
1827 3336 1921 3390 Itoc
1951 3337 2023 3391 ita

424 3403 634 3475 putant,
662 3403 783 3459 cum
806 3403 969 3460 Goth.
999 3414 1053 3460 et
1080 3405 1311 3460 Reimm.
1341 3405 1623 3460 BUNEIAN.

500 3474 673 3546 ﬂuuio
695 3486 826 3543 post.
854 3476 1073 3532 Scilicet
1099 3476 1237 3531 infra
1264 3492 1384 3546 cap.
1420 3476 1474 3533 8.

500 3545 751 3601 Fuerunt.
779 3548 854 3602 Ita
876 3549 1220 3603 emendatum
1249 3564 1317 3603 ex
1335 3545 1587 3604 oinnibus
1601 3563 1733 3604 mss.
1757 3556 1812 3603 et
1838 3548 2016 3616 editis,

426 3629 625 3688 praeter
648 3620 702 3687 3,
727 3620 857 3675 edit.
891 3618 1086 3692 Tbys.,
1116 3618 1282 3688 Gall.,
1311 3619 1533 3691 Spark.,
1563 3621 1615 3675 in
1669 3621 1867 3692 quibus
1916 3634 2020 3687 εει,

453 3701 653 3745 uerunt.

453 3706 483 3742 u
518 3707 609 3742 ran
637 3728 653 3745 .

426 3692 458 3760 Ῑ
487 3701 673 3816 eUnulm
692 3762 997 3834 loquuntur.
1028 3762 1188 3818 Deut.
1213 3778 1267 3818 νι
1316 3771 1371 3817 et
1396 3778 1568 3825 xxvn,
1598 3762 1799 3817 Psalm.
1831 3779 1937 3817 xvu
1970 3772 2025 3819 et

425 3848 646 3901 Lxxxv;
680 3833 807 3903 Sap.
845 3850 953 3901 xu;
982 3834 1133 3889 Isaiie
1162 3850 1248 3889 LV.
1294 3834 1412 3890 Non
1440 3835 1661 3889 adducit
1710 3834 2024 3889 Lactantius

424 3904 755 3971 testimonia,
780 3908 903 3977 quia
933 3905 1319 3976 projibetarum
1365 3907 1562 3976 scripta
1585 3904 1689 3960 hoc
1725 3920 1891 3960 unum
1932 3921 2022 3961 so-

425 3985 576 4030 nam.

499 4044 759 4117 Fallaces.
784 4049 916 4103 Cum
935 4047 1191 4115 Cellario,
1217 4063 1285 4103 ex
1314 4048 1534 4117 optimis
1563 4062 1695 4101 mss.
1726 4046 1762 4099 2
1784 4047 2017 4113 Bonon.,

430 4116 652 4189 filicg.,
682 4118 716 4174 5
741 4118 920 4184 Colb.,
971 4119 1202 4189 Taxaq.,
1250 4119 1395 4184 PaL,
1427 4119 1601 4188 Lips.,
1630 4116 1779 4182 Jun.,
1816 4119 1958 4184 Em.,
1988 4119 2024 4173 2

430 4188 764 4243 Claromont.
798 4191 902 4244 et2
931 4191 1096 4246 Brun.
1122 4188 1486 4261 reposuimus,
1508 4190 1741 4260 fallaces.
1769 4190 1825 4245 In
1843 4190 2017 4247 5mss.

430 4273 544 4331 rec.
579 4268 633 4315 et
651 4260 812 4315 editis
836 4263 1049 4331 legitur,
1081 4260 1372 4316 mendaces.

501 4330 738 4402 Atquin,
768 4342 872 4388 etc.
894 4330 1003 4388 Sic
1053 4333 1183 4403 legit
1212 4332 1400 4399 lszeus,
1451 4340 1701 4397 ctrectc,
1754 4332 1908 4400 cujus
1952 4333 2019 4389 ad

429 4400 574 4477 hunc
590 4400 773 4477 locum
790 4400 1191 4477 annotationem
1214 4404 1358 4460 vide.
1390 4404 1492 4458 Alii
1507 4418 1632 4458 vero
1658 4405 1839 4475 legunt
1858 4407 2017 4477 atqui,

427 4474 529 4546 sed;
556 4474 731 4529 minus
761 4474 930 4539 bene;
959 4476 1315 4545 Sangerman.
1341 4476 1467 4546 legit
1486 4484 1656 4545 atque.

504 4544 836 4617 lmpterique.
871 4547 960 4602 Sic
987 4544 1296 4617 legendum,
1329 4544 1630 4619 volentibus
1654 4562 1783 4602 mss.
1820 4547 1856 4601 2
1885 4548 2015 4619 Reg.

429 4614 543 4689 909
566 4614 780 4685 mutor},
820 4620 841 4673 1
880 4619 951 4672 al.
984 4614 1118 4689 Reg.
1143 4620 1302 4673 bona:
1325 4630 1485 4685 nota),
1521 4616 1758 4673 Gronov.
1786 4634 1884 4674 nec
1914 4614 2019 4674 no'n

433 4684 907 4761 1_C_l_aromoutano
934 4706 962 4743 a
1007 4684 1178 4757 prima
1209 4706 1389 4744 martu.
1424 4684 1761 4758 Loquitnrdc
1791 4691 2021 4761 prophe-

430 4759 499 4812 tis
528 4758 745 4813 llieron.
783 4762 1015 4829 pr:efat.,
1041 4761 1096 4825 6,
1127 4760 1178 4814 in
1223 4762 1577 4815 Ilieremiam:
1612 4760 1723 4815 Nos
1749 4758 1915 4815 autem
1937 4778 2019 4817 se-

429 4842 638 4899 quentes
661 4832 1012 4885 auctoritatem
1036 4831 1406 4898 apostolorum,
1435 4844 1480 4886 et
1508 4832 1949 4901 evangelistarum,
1974 4843 2021 4887 et

428 4902 652 4974 maxime
678 4904 900 4972 apostoli
934 4902 1086 4957 Pauli
1113 4945 1125 4963 ,
1157 4904 1397 4973 quidquid
1426 4906 1614 4974 populo
1640 4903 1811 4958 Israel
1834 4920 2022 4957 carna-

430 4972 546 5027 lfter
574 4974 907 5040 promittitur,
941 4974 993 5029 in
1031 4977 1177 5029 nobis
1214 4972 1549 5043 spiritualiter
1578 4977 1885 5045 completum
1913 4992 2023 5030 esse

430 5055 773 5119 monstramus
803 5048 1050 5119 hodieque
1078 5048 1340 5119 contpleri.
1379 5046 1704 5103 GRONOVIUS.
1730 5076 1799 5086 ——
1825 5048 1913 5103 Sic
1945 5047 2021 5103 le-

428 5126 562 5187 gunt
588 5116 754 5174 Cauc.
789 5127 844 5173 et
870 5116 1009 5174 Ultr.

506 5187 708 5243 Futura
736 5190 1030 5258 prwcinere.
1063 5190 1213 5247 Valla
1258 5206 1306 5244 c.
1358 5191 1395 5245 1.
1450 5192 1501 5246 in
1533 5206 1634 5246 suo
1654 5189 1841 5247 codice
1868 5189 2016 5258 legit,

430 5261 1032 5334 futurahprtedicere....
1093 5264 1379 5334 Eleganter
1419 5279 1599 5317 cauere
1643 5274 1697 5318 et
1745 5264 2020 5331 prtvciuerc

432 5344 584 5389 vates
610 5332 880 5389 dicuntur.
915 5335 1065 5392 Lact.
1095 5335 1132 5389 1.
1166 5332 1217 5400 ν,
1249 5351 1298 5389 c.
1325 5338 1378 5403 5,
1414 5334 1724 5389 Zachariam
1748 5343 2015 5386 constat...

429 5407 711 5461 cecinisse.
734 5406 796 5461 L.
816 5421 889 5470 IV,
907 5424 956 5463 c.
975 5408 1063 5474 11,
1086 5406 1224 5462 Olim
1247 5407 1521 5474 Propheta:
1537 5404 1864 5459 cecinerunt.
1883 5404 2013 5459 Bun.

504 5475 692 5531 Mentis
710 5489 906 5533 enwtw.
943 5480 1105 5535 Plane
1126 5489 1277 5534 mota:
1307 5480 1448 5539 loco,
1473 5478 1678 5531 Seneca
1707 5490 1824 5546 cap.
1859 5476 1925 5530 18
1950 5477 2018 5531 de

427 5545 590 5620 Cons.
623 5549 688 5602 ad
714 5549 901 5620 Polyb.
933 5551 1020 5607 Sic
1044 5552 1205 5607 etiam
1230 5550 1476 5605 Lactant.
1525 5549 1562 5601 l.
1592 5563 1665 5620 tv,
1689 5564 1738 5602 c.
1768 5545 1857 5602 :27.
1886 5548 2013 5603 Mss.

430 5617 536 5671 duo
564 5620 721 5690 Reg.,
744 5620 780 5674 2
805 5617 1308 5690 Coib.,Gotb.,Jun.
1339 5632 1393 5675 et
1417 5620 1582 5674 Brun.
1614 5618 1812 5675 habent
1837 5622 2017 5674 mentis

425 5704 661 5763 semotae,
692 5693 835 5763 quod
888 5697 1051 5749 etiam
1096 5703 1242 5749 recte
1273 5691 1548 5763 exprimit,
1575 5692 1681 5745 imo
1721 5691 2013 5758 efficacius,

426 5759 478 5816 id
509 5765 650 5831 quod
692 5758 1004 5834 Lactantius
1056 5763 1314 5834 intendit;
1345 5758 1489 5821 'nam
1544 5763 1735 5819 volens
1785 5764 2017 5834 probare

422 5830 717 5902 prophetas
757 5850 866 5891 non
911 5830 1075 5893 fuisse
1123 5831 1378 5905 furiasos,
1419 5835 1544 5891 dicit
1587 5834 1690 5891 hoc
1735 5830 1851 5891 fleri
1905 5844 2013 5890 non

2128 2713 2289 2770 posse
2318 2708 2370 2751 ut
2391 2697 2599 2767 furiosi,
2621 2699 2814 2768 quibus
2846 2713 2998 2753 mens
3025 2708 3109 2754 est
3135 2708 3365 2763 semota,
3387 2708 3443 2756 et
3473 2701 3661 2758 futura
3688 2714 3735 2760 et

2125 2771 2454 2843 colu-rentia
2478 2771 2786 2839 loquantur.
2808 2770 3096 2826 GALLEUS.
3118 2771 3329 2827 —Vide
3351 2788 3577 2843 quoque
3594 2778 3732 2842 apud

2129 2841 2463 2968 Lactantéuzm
2492 2843 2756 2897 hominum
2799 2853 2991 2897 mentes
3020 2853 3233 2910 emotus,
3263 2841 3429 2899 Ιὶιι.ἰιι
3460 2841 3587 2903 Div.
3619 2841 3731 2903 Ins-

2129 2923 2236 2968 ttt..
2267 2930 2315 2968 c.
2425 2955 2437 2967 .

2197 2954 2236 2981 .,
2267 2930 2315 2968 c.
2346 2930 2437 2968 2t.

2202 3007 2307 3061 Sed
2332 3008 2482 3061 etiam
2504 3007 2830 3062 cohazrentia.
2858 3006 3268 3063 ltaferuntmss.
3292 3017 3346 3062 et
3359 3009 3490 3064 editi
3511 3026 3725 3066 omnes.

2130 3079 2238 3135 Sed
2267 3080 2449 3132 saltem
2471 3080 2801 3141 coluerentia,
2829 3080 2939 3145 vel,
2967 3082 3056 3133 sed
3075 3080 3559 3149 certecohtcreutia,
3592 3084 3726 3145 sive,

2127 3150 2216 3204 sed
2244 3152 2320 3203 vel
2348 3150 2675 3207 colttcrentia.
2697 3153 2880 3205 diCere
2905 3150 3155 3205 debuisse
3183 3150 3545 3215 Lactantium,
3579 3165 3726 3210 notat

2127 3221 2268 3295 Vall.
2286 3233 2341 3276 et
2365 3222 2617 3295 tutandum
2641 3238 2761 3295 esse
2784 3222 3128 3277 librarorium
3151 3230 3480 3295 suspicatur,
3534 3226 3641 3281 lib.
3672 3243 3723 3282 tu

2126 3292 2375 3363 Elegant.
2410 3308 2533 3362 cap.
2558 3292 2649 3347 27.
2674 3293 2863 3350 Ismus.

2203 3385 2350 3463 [Vaut
2392 3402 2529 3456 ergo.
2590 3386 2717 3463 Mss.
2760 3387 2794 3441 8
2824 3396 3093 3463 recentes,
3122 3386 3260 3463 _N_on
3311 3405 3449 3463 ergo.
3489 3387 3725 3463 Utraque

2128 3457 2289 3529 lectio
2339 3457 2496 3510 bona.
2538 3487 2608 3498 —
2642 3456 2783 3511 Num
2832 3475 2971 3529 ergo.
3015 3459 3088 3513 Ita
3122 3457 3324 3514 habent
3372 3460 3483 3516 fere
3509 3456 3722 3526 omnes,

2127 3528 2307 3593 Subl.,
2360 3529 2534 3591 Rost.,
2590 3528 2723 3583 Ven.
2756 3528 2914 3596 1471,
2943 3529 3034 3594 7‘2,
3070 3540 3296 3597 utraque
3342 3531 3432 3597 78,
3494 3534 3589 3594 93.
3637 3537 3720 3599 97,

2126 3600 2299 3676 lunt”
2328 3598 2479 3676 Aldl,
2512 3601 2725 3676 Parrh_.,
2751 3600 3155 3676 Crat.._P_aris.,
3213 3600 3464 3676 Gymn,
3485 3604 3676 3676 Gryph
3707 3598 3720 3669 ,

2127 3672 2323 3728 Thom.
2361 3713 2376 3739 ,
2423 3673 2628 3741 'l‘orn.,
2676 3673 2864 3742 Ismus,
2908 3672 3075 3740 Gall.,
3109 3672 3394 3799 Camilliana,
3439 3672 3720 3744 Spar'kius.

3342 3761 3579 3799 UNEIAN.

3342 3761 3579 3802 UNEIAN.

2199 3837 2451 3893 Alienum.
2487 3839 2835 3893 lleumanntts
2865 3845 3013 3908 putat
3032 3837 3335 3893 addendum
3364 3852 3487 3894 esse
3508 3842 3651 3911 fuit;
3676 3849 3723 3896 at

2127 3925 2405 3979 sequimur
2426 3926 2559 3965 mss.

2197 3981 2518 4038 Correctores

2127 4053 2279 4109 Subl.
2320 4054 2457 4110 1465
2484 4097 2497 4119 ,
2533 4064 2867 4123 correptores.
2904 4053 2974 4106 At
3017 4052 3249 4123 amplius
3290 4063 3343 4108 et
3372 4054 3550 4121 aptius
3578 4055 3719 4120 prius

2127 4125 2446 4181 vocabulum
2482 4125 2551 4178 ob
2581 4138 2835 4195 sequens.
2870 4123 3155 4195 prauitatis.
3179 4122 3319 4178 Nolo
3348 4123 3413 4178 ad
3466 4124 3715 4182 Lactant.

2124 4196 2195 4253 de
2221 4195 2326 4264 Ira,
2355 4196 2590 4267 cap.15;
2616 4194 2673 4252 et
2702 4212 2753 4252 c.
2788 4195 2877 4262 17,
2915 4194 2985 4248 ad
3028 4196 3298 4266 pravitatis
3340 4197 3713 4252 correctionem.

3300 4266 3580 4321 Bonnam.

3346 4282 3580 4322 UNEIAN.

2569 3981 2881 4053 pravitatis-
2933 3980 3032 4035 Ms.
3086 3981 3242 4053 cant.
3293 3990 3348 4036 et
3407 3983 3581 4050 prima
3636 3985 3719 4038 ed.

2199 4360 2393 4416 Procul
2414 4361 2499 4415 ab.
2530 4359 2748 4414 Rectius
2770 4359 2847 4413 sic
2867 4374 2987 4413 cum
3006 4372 3137 4413 mss.
3159 4373 3327 4429 quam
3342 4357 3518 4419 Subl..
3541 4358 3711 4427 Rost.,

2125 4433 2261 4489 Ven.
2316 4432 2478 4497 1471,
2532 4430 2634 4495 72,
2691 4429 2790 4497 97,
2844 4430 3253 4498 Pier.,Parrh.,
3297 4428 3481 4495 Crat.,
3525 4430 3710 4496 Paris,

2044 4503 2096 4563 D
2124 4505 2345 4576 Gymn,
2374 4501 2603 4576 Gryp_b.,
2635 4502 2782 4567 Ald.,
2815 4504 2992 4572 procul
3023 4502 3198 4556 dubio.
3253 4499 3508 4569 Reimm.,
3538 4500 3709 4573 procul

2129 4573 2193 4631 ab
2220 4576 2327 4630 illis
2354 4573 2471 4645 fuit.
2505 4573 2780 4628 Buususu.

2197 4666 2280 4722 Ad
2334 4667 2543 4720 tutelam
2590 4667 2724 4720 vitw.
2774 4665 2895 4720 Vid.
2938 4666 2975 4719 I.
3017 4681 3089 4720 vlt
3133 4665 3264 4721 Inst.
3312 4680 3362 4721 c.
3418 4667 3451 4720 4
3480 4682 3494 4721 :
3523 4662 3709 4721 Tutela:

2125 4741 2237 4810 ejus
2286 4736 2514 4810 (eoafer.
2558 4741 2745 4810 supra)
2794 4747 2943 4807 atque
2988 4737 3161 4791 usibus
3205 4737 3348 4810 data.
3397 4735 3599 4810 Seneca
3647 4736 3706 4791 ad

2127 4807 2368 4866 Helviam
2400 4823 2449 4863 c.
2481 4808 2515 4864 9
2548 4827 2562 4863 :
2605 4807 2765 4863 Terra
2804 4825 2862 4862 ea
2904 4809 2990 4862 uia:
3021 4810 3089 4861 ad
3141 4809 3348 4863 tutelant
3391 4807 3706 4863 incolentium

2127 4882 2381 4953 fertilis...
2409 4881 2712 4953 quantulum
2738 4889 2830 4943 est,
2858 4880 2993 4951 quod
3041 4880 3095 4934 in
3139 4880 3347 4935 tutelam
3378 4879 3572 4934 homini
3619 4897 3706 4935 ue-

2124 4952 2403 5009 ccssarium
2431 4954 2516 5006 sit.
2551 4952 2829 5007 Bassum.

2197 5044 2265 5098 In
2291 5045 2445 5099 diem.
2486 5044 2549 5100 L.
2584 5060 2661 5107 ιιι,
2692 5058 2741 5098 c.
2772 5042 2844 5097 9.5
2875 5060 2888 5097 :
2924 5042 3121 5110 Quibus
3164 5042 3219 5096 in
3263 5041 3395 5098 dicat
3443 5042 3601 5098 victus
3627 5044 3703 5097 la-

2126 5117 2244 5172 bore
2269 5127 2339 5170 est
2363 5116 2689 5186 quwrendus.
2722 5115 3003 5169 Bonnam.

2197 5185 2550 5252 lt'xtemporali
2600 5187 2733 5241 ciba.
2782 5187 3036 5246 Sublac.,
3087 5185 3273 5240 Venet.
3324 5185 3504 5249 M71,
3550 5186 3698 5253 M72,

2123 5269 2352 5325 utraque
2375 5258 2534 5316 M78.
2562 5259 2738 5321 Iiost.,
2769 5257 2937 5311 Paris.
2961 5298 2974 5320 ,
3004 5257 3271 5327 temporali
3296 5260 3428 5310 cibo.
3462 5257 3528 5312 At
3547 5259 3696 5313 etiam

2126 5331 2438 5386 lautissimus
2482 5331 2633 5386 cibus
2677 5328 2989 5398 temporalis
3033 5339 3135 5384 est.
3172 5328 3302 5384 Ven.
3354 5329 3515 5392 M95,
3550 5328 3695 5396 1479,

2124 5403 2339 5468 Parrb.,
2364 5401 2737 5471 extemporali,
2766 5401 2986 5455 vocibus
3013 5401 3245 5455 duabus.
3279 5399 3536 5455 'I‘antdem
3562 5400 3700 5467 Ald,

2122 5473 2344 5548 Gymn.,
2375 5472 2568 5548 Gryp.,
2600 5471 2927 5548 Thurinum
2959 5487 3092 5548 vo_ce
3116 5515 3130 5537 ,
3172 5473 3540 5548 extemporali.
3559 5482 3609 5526 et
3631 5473 3702 5526 sic

2123 5541 2253 5601 m'ss.
2288 5541 2534 5601 Gotbfet
2563 5544 2675 5598 alii.
2706 5542 2938 5613 Optime.
2998 5541 3152 5597 Cibus
3207 5541 3565 5612 extemporalis
3602 5553 3699 5610 est,

2122 5615 2313 5683 facilis,
2344 5617 2545 5681 subito,
2573 5632 2756 5683 parvo,
2784 5615 3056 5684 parabilis.
3086 5616 3367 5670 BUNEMAN.

2193 5688 2457 5743 Cruciatus
2504 5701 2651 5759 atque
2697 5695 2926 5741 mortem.
2965 5686 3037 5741 De
3081 5688 3274 5756 quibus
3317 5685 3478 5759 inira
3510 5685 3601 5759 lib.
3630 5702 3697 5753 tv,

2120 5776 2242 5830 cap.
2271 5761 2359 5814 11.
2394 5760 2541 5814 Vitas
2569 5756 2972 5841 prophetarum
3018 5759 3354 5830 scripserunt
3382 5756 3701 5830 Epiphanius

2120 5841 2174 5888 et
2193 5830 2564 5888 Tbeodorctus
2594 5828 2718 5899 Cyri
2738 5841 3041 5899 εριεοοριιςι

2119 5843 2174 5888 et
2193 5843 2564 5888 Ἠιθιυαοιόιυε
2594 5843 2718 5899 by“
2738 5843 3041 5900 εριεοοριιςι
