3838 6278
403 276 510 333 155
1483 271 1666 331 FIRM.
1710 270 2029 334 LACTANT

2157 274 2317 334 lVIN.
2351 272 2597 335 INSTIT.
3670 270 3771 327 156

401 388 673 447 interdum
699 387 935 446 divinam
952 387 1326 445 necessitatem
1351 387 1519 443 Deum
1542 397 1833 459 nuncupat.
1861 389 1994 446 ltem
2024 392 2074 453 Α
2102 390 2166 444 iis
2195 389 2368 457 libris,
2410 405 2547 461 quos
2592 388 2664 447 de
2704 386 2937 460 Legibus
2979 387 3228 460 scripsit;
3274 386 3346 445 ab
3374 400 3587 459 eoque
3645 386 3771 455 regi

403 484 551 540 Zeno
580 485 813 540 divinam
841 481 1246 552 naturalemque
1277 481 1468 552 legem.
2102 481 2358 537 mundum
2378 491 2805 552 argumentatur,
2834 496 2957 538 cum
2987 481 3226 553 disputat
3245 480 3315 537 de
3334 480 3568 536 Natura
3612 477 3770 533 deo-
3810 482 3811 485 ‘

475 576 676 632 lloruin
727 574 964 630 omnium
1014 573 1302 639 sententia,
1354 573 1601 643 quamvis
1653 573 1725 629 sit
1770 574 1992 641 incerta,
2102 590 2243 640 rum,
2280 574 2380 629 hoc
2406 574 2607 630 modo:
2639 574 2823 629 «Nihil
2854 583 2938 630 est
2983 574 3321 645 praestantius
3373 574 3538 641 Deo;
3588 570 3768 633 abeo

403 669 592 728 eodem
643 679 818 724 tamen
865 675 1112 737 spectat,
1160 675 1219 723 ut
1266 666 1659 738 providentiam
1690 684 1848 723 unam
1880 683 2001 725 esse
2103 668 2264 740 igitur
2288 669 2547 725 mundum
2577 670 2688 740 regi
2718 683 2944 725 necesse
2988 676 3090 724 est.
3144 667 3286 724 Nulli
3315 668 3485 740 igitur
3515 674 3639 723 est
3675 679 3769 720 na-
3810 656 3811 661 “

403 761 760 820 consentiant.
814 759 939 817 Sive
994 760 1137 816 enim
1187 767 1414 828 natura,
1472 759 1586 816 sive
1627 762 1833 828 :ether,
1886 763 2002 817 sive
2105 770 2239 817 turre
2264 760 2521 817 obediens
2545 769 2635 816 aut
2664 761 2938 831 subjectus
2969 760 3145 828 Deus;
3176 774 3393 816 omnem
3420 773 3586 830 ergo
3616 757 3769 828 regit

403 856 562 923 ratio,
585 853 703 909 sive
733 867 908 922 mens,
953 851 1067 909 sive
1093 851 1269 909 fatalis
1296 856 1614 923 necessitas,
1664 855 1778 911 sive
1822 855 2002 910 divina
2105 854 2222 924 ipse
2244 865 2510 910 naturam.
2545 874 2564 907 ι
2591 855 2727 924 Quid
2754 863 2931 911 autem
2955 854 3025 910 sit
3052 854 3216 920 Deus,
3245 853 3299 909 in
3329 851 3767 910 Consolatione

402 949 508 1012 lex,
557 947 674 1005 sive
719 946 845 1019 quid
882 946 1024 1003 aliud
1052 947 1289 1015 dixeris;
1323 948 1463 1005 idem
1490 958 1593 1016 est,
1623 947 1766 1020 quod
1791 963 1821 1003 a
1851 948 2004 1004 nobis
2106 945 2332 1002 deﬁnit:
2365 967 2384 999 ι
2412 946 2521 1003 Nec
2546 963 2678 1003 vero
2703 948 2847 1003 Deus
2873 948 3009 1018 ipse,
3032 949 3122 1019 qui
3144 947 3470 1019 intelligitur
3492 963 3527 1002 a
3560 945 3765 1012 nobis,

402 1041 598 1097 dicitur
635 1041 794 1097 Deus.
849 1039 959 1097 Nec
1006 1041 1187 1097 obstat
1230 1042 1649 1113 appellationum
1696 1042 2003 1109 diversitas,
2108 1037 2216 1092 alio
2241 1037 2402 1094 modo
2430 1038 2660 1110 intelligi
2688 1047 2887 1111 potest,
2916 1039 3018 1095 nisi
3046 1055 3201 1096 mens
3251 1041 3428 1097 soluta
3478 1038 3767 1112 quaedam

403 1148 524 1188 cum
559 1133 673 1203 ipsa
705 1131 1100 1204 signiﬁcatione
1125 1132 1193 1189 ad
1224 1150 1389 1190 unum
1438 1135 1617 1190 omnia
1638 1134 2003 1190 revolvantur.
2109 1136 2164 1185 et
2205 1129 2396 1197 libera,
2442 1142 2722 1203 segregata
2767 1132 2837 1188 ab
2876 1131 3028 1188 omni
3078 1134 3430 1191 concretione
3485 1132 3763 1196 mortali,

404 1225 743 1288 Aristoteles,
774 1226 1019 1297 quamvis
1049 1242 1233 1283 secum
1279 1229 1397 1297 ipse
1438 1227 1722 1294 dissideat,
1755 1242 1819 1283 ac
1844 1242 2007 1297 repu-
2109 1226 2288 1280 omnia
2315 1228 2554 1282 sentiens
2585 1242 2649 1283 ac
2676 1244 2920 1285 movens.
2961 1249 2982 1283 ι

334 1316 353 1334 '
403 1316 622 1388 gnantia
661 1316 763 1372 sibi
810 1325 866 1373 et
910 1316 1057 1373 dicat
1080 1328 1136 1373 et
1166 1318 1384 1386 sentiat,
1434 1319 1486 1373 in
1527 1334 1796 1373 summum
1831 1331 2008 1374 tamen
2181 1318 2420 1374 Annaeus
2446 1334 2661 1392 quoque
2690 1320 2897 1377 Seneca
2920 1363 2937 1388 ,
2963 1322 3053 1393 qui
3077 1338 3142 1380 ex
3171 1323 3433 1380 Romanis
3464 1324 3569 1381 vel
3605 1339 3768 1382 acer-

406 1424 565 1463 unam
597 1418 837 1467 mentem
869 1409 1072 1465 mundo
1102 1424 1338 1481 praeesse
1388 1419 1632 1467 testatur.
1681 1411 1869 1479 Plato,
1921 1411 2013 1483 qui
2112 1415 2286 1470 rimus
2314 1414 2533 1471 Stoicus
2563 1416 2685 1483 fuit,
2727 1432 2888 1487 quam
2921 1432 3067 1489 serpe
3094 1434 3365 1475 summum
3399 1421 3600 1477 Deum
3652 1436 3766 1476 me-

405 1505 644 1559 omnium
678 1504 1116 1574 sapientissimus
1138 1503 1431 1575 judicatur,
1462 1504 1832 1560 monarchiam
1854 1504 2014 1576 plane
2115 1508 2217 1563 rita
2245 1508 2403 1564 laude
2430 1510 2808 1580 prosequitur!
2838 1510 2972 1567 Nam
2995 1526 3118 1568 cum
3147 1514 3216 1570 de
3242 1516 3546 1573 immatura
3572 1525 3765 1573 morte

404 1607 699 1669 aperteque
726 1596 996 1663 defendit;
1048 1612 1150 1653 nec
1193 1596 1417 1665 ethera,
1447 1608 1541 1653 aut
1583 1598 1871 1664 rationem,
1922 1606 2018 1653 aut
2115 1602 2441 1659 dissereret:
2468 1603 2616 1659 «Non
2635 1605 2912 1678 intelligis,
2932 1606 3531 1678 inquit,auctoritatem
3550 1625 3634 1665 ac
3656 1627 3764 1663 ma-

405 1701 677 1757 naturam,
701 1691 818 1759 sed,
849 1700 906 1746 ut
934 1700 1040 1760 est,
1074 1690 1240 1748 Deum
1266 1692 1511 1747 nominat
1534 1707 1550 1759 ;
1574 1692 1642 1747 ab
1663 1707 1730 1748 eo
1759 1692 2013 1748 mundum
2112 1696 2367 1766 jestatem
2390 1696 2588 1768 jodicis
2620 1700 2717 1764 tui,
2760 1709 3026 1757 rectorem
3070 1701 3219 1758 orbis
3247 1709 3552 1771 terrarum,
3602 1702 3763 1759 caeli-

406 1784 551 1841 hunc
606 1786 903 1856 perlectum
951 1796 1113 1856 atque
1159 1786 1461 1841 mirabilem
1503 1802 1625 1843 esse
1670 1787 2012 1844 fabricatum.
2046 1806 2225 1869 Bque
2249 1800 2304 1847 et
2344 1791 2569 1847 deorum
2598 1792 2841 1849 omnium
2883 1793 3079 1860 Deum,
3126 1811 3157 1850 a
3182 1812 3288 1867 quo
3324 1797 3425 1852 ista
3474 1797 3754 1863 numina,

409 1878 581 1946 Quem
633 1876 823 1935 Cicero
875 1885 1094 1935 secutus
1139 1888 1299 1949 atque
1346 1878 1590 1935 imitatus
1640 1881 1694 1935 in
1746 1881 2016 1951 plurimis,

412 1971 582 2028 Deum
614 1968 925 2043 frequenter
952 1970 1261 2039 conﬁtetur,
1307 1986 1371 2027 ac
1410 1987 1722 2043 supremum
1774 1983 1931 2030 vocat
1963 1974 2016 2029 in

2123 1901 2244 1957 quae
2270 1886 2477 1957 singula
2510 1886 2820 1954 adoramus,
2852 1899 2905 1944 et
2932 1889 3195 1959 colimus,
3228 1905 3502 1962 suspensa
3536 1899 3708 1947 sunt.
3736 1909 3752 1942 ι

2124 1976 2258 2032 Item
2287 1978 2855 2037 iitExhortationibus
2882 1999 2896 2036 :
2927 2000 2945 2036 ι
2971 1981 3106 2050 Hic,
3146 1999 3268 2039 cum
3307 1984 3489 2056 prima
3552 1984 3759 2039 funda-

1741 2112 2105 2172 VARlORUM
2136 2115 2369 2173 ΝΟΤιλΕ.

412 2250 605 2292 rarum.
637 2232 713 2289 lla
743 2230 954 2292 Cicero.
998 2233 1034 2287 l.
1070 2249 1084 2287 ι
1139 2232 1210 2288 de
1236 2231 1356 2287 Nat.
1390 2231 1542 2287 deor.
1589 2229 1723 2286 Vide
1752 2229 2011 2297 Aristot.,

416 2319 546 2363 tom.
579 2322 647 2370 ll;
681 2305 833 2361 Stob.
865 2305 915 2357 in
940 2305 1124 2377 Eclog.
1156 2305 1348 2377 Phys.,
1375 2320 1426 2359 c.
1448 2303 1506 2368 2;
1526 2303 1821 2374 Diogenem
1853 2303 2017 2360 Laer-

412 2380 544 2435 tinm
565 2420 580 2440 ,
609 2379 645 2433 l.
676 2393 769 2431 vn.
801 2377 1048 2433 ELIIENH.

487 2449 648 2505 Zeno.
669 2449 803 2509 Εἰς..
839 2449 872 2501 l.
909 2465 922 2502 ι
952 2448 1021 2503 de
1048 2446 1172 2503 Nat.
1203 2448 1378 2513 deor.,
1403 2462 1457 2504 c.
1487 2446 1554 2501 Η
1588 2463 1601 2499 :
1634 2446 1777 2501 Zeno
1814 2455 2021 2501 natura-

414 2525 513 2578 lem
555 2522 717 2593 legem
761 2520 987 2573 divinant
1026 2536 1132 2593 esse
1173 2530 1374 2584 censet;
1404 2534 1614 2586 eamque
1642 2519 1753 2593 pint
1796 2517 2021 2593 obtinere

413 2605 553 2649 recta
576 2589 929 2661 imperantem,
955 2591 1401 2661 prohibentemque
1426 2589 1708 2654 contraria,
1736 2601 1886 2661 atque
1915 2590 2021 2644 alio

417 2668 528 2720 loco
571 2660 762 2719 (ethera
788 2660 963 2717 Deum
995 2678 1104 2716 esse
1148 2662 1272 2715 dicit
1290 2660 1323 2729 ;’
1342 2661 1663 2716 testantibus
1706 2660 1923 2716 Laertio
1967 2669 2023 2716 et

417 2737 741 2801 Plutarcho,
768 2749 928 2805 quem
973 2732 1169 2788 deinde
1213 2733 1505 2805 Cleanthes
1536 2732 1655 2805 ejus
1698 2731 1912 2805 auditor
1939 2741 2025 2805 est

417 2818 653 2863 secutus.
687 2801 836 2861 Zeno
865 2813 1044 2861 autem
1091 2805 1182 2860 ille
1224 2803 1501 2861 Cittiensis
1531 2803 1731 2858 Stoicae
1771 2801 2023 2858 factionis

419 2878 810 2951 princepslnit.

495 2943 824 3013 Nec'obstat,
874 2956 982 3003 etc.
1026 2946 1144 3002 Huc
1188 2946 1814 3018 apprimegconveninnt
1851 2943 2018 2999 verba

419 3023 479 3077 S.
513 3021 790 3094 Cypriani,
820 3019 888 3094 d_e
914 3019 1182 3074 [dolorum
1225 3016 1398 3094 cultu.
1434 3016 1567 3094 Nec,
1597 3019 2021 3094 inquit,__nomen

2122 2244 2257 2299 tare,
2289 2250 2357 2289 ne
2387 2242 2603 2307 postea,
2637 2233 2727 2307 ubi
2751 2232 2894 2307 idem
2938 2236 3203 2303 recurrit,
3248 2252 3517 2307 cogamur
3553 2239 3754 2296 eadem

2122 2308 2380 2362 oberrare
2400 2305 2624 2360 chorda.
2647 2306 2832 2375 Itaque
2849 2306 2904 2361 in
2920 2306 3251 2363 adorationis
3272 2305 3375 2364 ritu
3396 2326 3644 2366 manum
3676 2312 3753 2365 ori

2123 2377 2402 2449 admoveri
2449 2377 2666 2432 solitam
2715 2378 2969 2449 omnibus
3006 2378 3115 2449 jam
3148 2388 3357 2435 notum.
3390 2381 3666 2437 Brisson.
3698 2383 3755 2437 de

2124 2447 2306 2503 Form.
2359 2457 2512 2503 notat
2558 2449 2733 2503 locum
2783 2447 3075 2504 admodum
3122 2450 3460 2507 luculentum
3495 2455 3577 2508 ad
3612 2455 3752 2509 lianc

2125 2536 2239 2576 rem
2269 2518 2667 2593 explicandam,
2702 2535 2911 2593 nempe,
2930 2520 3177 2593 Luciani.
3204 2522 3346 2590 quod
3366 2538 3423 2579 et
3460 2525 3753 2593 Dempste-

2127 2607 2223 2647 rus
2249 2592 2317 2646 ad
2344 2592 2529 2645 Rosin.
2560 2591 2768 2645 notavit
2796 2606 2861 2646 ex
2885 2589 3117 2659 Apuleio
3150 2589 3401 2649 Milesiar.
3440 2596 3475 2660 4
3501 2611 3521 2654 ;
3565 2589 3642 2650 Et
3671 2599 3754 2649 ad-

2127 2672 2380 2737 monentes
2408 2661 2580 2737 oribus
2605 2663 2711 2717 suis
2732 2663 3016 2737 dexteram,
3051 2665 3212 2732 priori
3234 2665 3401 2737 digito
3416 2668 3480 2737 in
3514 2680 3752 2723 erectum

2130 2736 2363 2805 pollicem
2394 2734 2666 2796 residente,
2682 2743 2745 2805 ut
2777 2734 2944 2802 ipsum
2971 2752 3182 2801 prorsus
3209 2734 3355 2790 deum
3387 2735 3659 2794 Venerem
3684 2756 3755 2794 re

2130 2806 2326 2872 ligiosis
2358 2804 2761 2878 Aadorationibus
2807 2806 3201 2878 venerabantur.
3245 2806 3430 2874 Idem,
3476 2809 3751 2878 ΑρειιοξξἼ

2128 2876 2386 2931 adorandi
2415 2878 2586 2945 gratia
2620 2891 2830 2929 manum
2867 2876 3028 2931 labris
3067 2878 3358 2934 admovere.
3421 2876 3612 2936 Recte
3660 2876 3753 2935 ob-

2128 2950 2365 3003 servavit
2405 2948 2704 3003 S-ilmasius
2734 2948 2958 3002 exercit.
2993 2948 3159 3015 Plin.,
3203 2965 3255 3018 p.
3286 2950 3414 3011 956.
3446 2952 3753 3007 adorantes

2131 3020 2181 3073 in
2203 3020 2454 3074 dextrum
2485 3019 2624 3073 latus
2646 3033 2844 3089 corpus
2864 3019 3231 3089 circumagere
3253 3024 3469 3077 solitos.
3494 3023 3749 3078 Plinius:

421 3094 521 3150 Dei
558 3088 797 3161 obteras;
828 3088 969 3145 Deus
993 3106 1178 3163 nomen
1217 3100 1289 3144 est
1320 3090 1429 3163 illi.
1451 3089 1477 3143 l
1488 3089 1573 3163 llic
1596 3088 1857 3163 vocabulis
1877 3103 2024 3163 _optt_s
2052 3090 2095 3153 C
2130 3089 2198 3144 In
2229 3090 2518 3163 adoranda,
2551 3090 2813 3144 dexteram
2838 3088 3183 3163 adﬁosculum
3225 3095 3514 3163 referimus,
3554 3105 3749 3148 lotum-

422 3176 515 3229 est,
539 3157 626 3219 ubi
656 3163 879 3235 prapriis
900 3162 1305 3235 appellationum
1332 3162 1617 3235 insignibus
1642 3159 1917 3235 multitudo
1943 3157 2025 3210 di-

424 3230 775 3292 rimenda—est.
805 3230 945 3300 Deo,
970 3230 1060 3305 qui
1083 3232 1223 3288 solus
1249 3242 1346 3301 est,
1388 3230 1488 3287 Dei
1521 3230 1828 3285 vocabulum
1864 3239 2028 3284 totum

426 3318 500 3364 est
507 3351 520 3364 .

495 3378 813 3435 Aristoteles.
846 3376 983 3433 Vide
1022 3375 1282 3442 Aristot.,
1317 3374 1413 3429 lib.
1441 3390 1458 3429 ι
1491 3372 1791 3444 Metaphys.
1831 3386 1961 3444 cap.
1997 3371 2031 3426 '5

427 3460 482 3507 et
506 3452 561 3513 tl;
586 3449 784 3513 Cicer.,
828 3449 920 3504 lib.
948 3448 1053 3504 tde
1092 3446 1290 3503 Natura
1318 3445 1569 3509 deormn;
1603 3442 1794 3498 Minnt.
1828 3442 2027 3508 Felic.,

430 3524 644 3588 0ctav.,
669 3521 760 3576 ubi
785 3521 992 3577 videbis
1012 3528 1272 3590 quantum
1299 3517 1654 3589 philos0phus
1670 3516 1799 3571 illea
1824 3529 1885 3569 se
1914 3515 2031 3583 ipso

430 3593 710 3650 dissideat.

502 3665 569 3719 In
608 3680 863 3719 summum
915 3672 1083 3718 tamen
1111 3678 1271 3716 unam
1312 3669 1531 3715 mentem
1577 3658 1770 3713 mundo
1817 3671 2035 3724 prteesse

431 3747 663 3793 testatur.
699 3737 773 3790 De
804 3736 1094 3790 Aristotele
1118 3734 1381 3803 loquitur,
1413 3745 1572 3803 quem
1600 3747 1667 3803 ei;
1698 3746 1730 3783 ιι
1772 3728 1839 3783 de
1867 3728 2035 3783 Gene-

430 3818 535 3865 rat.
566 3824 632 3863 ex
649 3823 723 3862 xu
755 3806 1167 3872 Divinorum,ex
1193 3801 1249 3858 c.
1283 3805 1312 3857 7
1345 3803 1508 3857 libelli
1531 3801 1600 3856 de
1620 3801 1840 3861 Mundo,
1866 3814 2032 3853 unum

430 3880 598 3936 Deum
628 3878 863 3933 sensisse
887 3875 1273 3933 constat.Vide
1291 3874 1579 3943 Scaliger.,
1611 3873 1677 3927 de
1704 3872 2031 3939 Subtilitate,

432 3953 500 4007 ad
530 3952 762 4006 Cardan.
796 3948 1084 4005 exercitat.
1119 3947 1249 4001 565.
1288 3947 1469 3999 ISEUS.

504 4022 683 4078 Plato.
719 4021 985 4075 Minucius
1016 4017 1169 4072 Felix
1200 4034 1213 4069 :
1247 4015 1459 4069 Platoni
1486 4015 1540 4069 in
1574 4013 1772 4068 Timteo
1793 4012 1929 4069 Deus
1959 4023 2035 4071 est

434 4096 548 4164 ipso
575 4094 780 4148 nomine
810 4091 986 4145 nmndi
1017 4087 1644 4164 ρανεῃδ.-Ρ1ιιις),1ἰ1πο.ιν
1666 4085 1998 4164 de‘Li-gihus
2019 4104 2033 4140 :

433 4156 468 4222 δ’
481 4168 593 4228 θεὸς
611 4168 704 4239 μὲν
725 4156 1065 4239 Ῑτᾴνταηθιοξ,
1080 4168 1137 4239 et
1154 4158 1494 4239 ittsopltislu,
1509 4159 1715 4239 natura”
1729 4156 2036 4239 ᾇημιουριχᾷν

435 4230 695 4307 appellat.
726 4230 1321 4307 Platonis_tbeologiam
1344 4232 1619 4283 examinat
1638 4231 1694 4283 S.
1716 4230 2031 4299 August.“-

436 4302 536 4365 ωδ
561 4324 655 4363 vui
684 4307 754 4362 de
777 4305 939 4360 Civil.
973 4302 1087 4356 Dei.

513 4381 826 4447 Supremum
856 4383 1019 4447 pacat.
1051 4374 1200 4447 Plato
1222 4371 1316 4447 lib.
1352 4386 1370 4426 ι
1401 4369 1466 4427 de
1492 4369 1678 4447 Legib,
1718 4379 1773 4427 et
1794 4371 1887 4427 lib.
1922 4388 1981 4427 ιι.

436 4454 495 4536 i__
511 4442 827 4536 Dav-legibus.
842 4445 989 4536 Quos
1010 4445 1224 4536 scripsit
1245 4442 1435 4536 Cicero
1464 4444 1763 4536 permutante
1784 4452 2035 4536 mortem:
2065 4474 2119 4536 Β

438 4527 495 4584 Et?
516 4522 568 4579 N
575 4514 685 4577 iltil'
688 4531 760 4577 est
791 4517 1184 4589 praestantius...
1210 4525 1469 4589 naturam.
1507 4514 1635 4589 llaec
1668 4516 1887 4589 singula
1909 4524 2037 4589 situt

441 4599 556 4668 ipsa
584 4584 864 4649 Ciceronis
888 4587 1053 4644 verba
1073 4586 1196 4642 exl.
1230 4602 1267 4642 ιι
1288 4586 1354 4642 de
1382 4586 1502 4642 Nat.
1532 4586 1712 4652 deor.,
1744 4584 1794 4642 c.
1825 4584 2037 4642 50.Bu-

442 4680 647 4725 NEIAN.

520 4736 588 4790 In
612 4731 989 4789 Consolatione.
1017 4729 1163 4800 Opus
1189 4728 1566 4797 deperditum;
1604 4728 1701 4786 sed
1731 4728 1854 4785 vide
1878 4728 2034 4785 Cice-

445 4822 636 4866 r0nein
666 4805 720 4860 iu
751 4820 765 4858 ι
796 4802 1146 4858 Tusculanar.
1171 4817 1237 4856 ex
1256 4800 1499 4857 Platone.

523 4876 770 4945 Quumde
792 4875 1068 4929 immatura
1114 4884 1275 4945 morte
1323 4875 1607 4929 dissereret.
1664 4872 1786 4945 Non
1831 4881 1929 4945 est_
1948 4886 2041 4926 su-

449 4942 660 5025 perstes
683 4946 815 5025 liber
839 4945 996 5017 hujus
1021 4944 1253 5025 nominis
1277 4960 1308 4999 a
1336 4947 1540 5025 Seneca
1570 4942 1868 5025 conlectus.
1904 4943 2037 4998 Bon.

522 5015 990 5076 Auctoritatem'ac
1040 5020 1373 5086 majestatem.
1400 5018 1473 5072 Ita
1520 5015 1932 5071 emendavimus
1975 5030 2043 5069 ex

450 5091 704 5151 omnibus
734 5090 845 5144 fere
876 5104 1009 5146 mss.
1037 5088 1336 5152 codicibus,
1365 5099 1421 5144 et
1442 5088 1833 5142 vetustioribus
1859 5100 1922 5140 ac
1946 5100 2043 5155 po-

452 5164 682 5221 tioribus
720 5161 879 5217 editis
909 5179 921 5216 :
954 5162 1005 5216 in
1049 5160 1380 5233 posteriores
1414 5159 2045 5233 irrepsitnauctorenrac

452 5237 805 5308 majestatem;
836 5234 888 5289 in
919 5233 946 5289 1
980 5228 1112 5308 Reg.
1146 5247 1283 5297 rec.,
1313 5235 1346 5308 l_
1369 5232 1548 5308 Colb.,
1586 5230 1611 5283 l
1641 5228 1833 5293 Brun.,
1866 5228 2047 5281 uerita-

454 5302 553 5365 tem
581 5318 629 5363 et
654 5306 986 5377 majestatem.
1015 5302 1136 5362 Mox
1161 5305 1373 5360 rectoris
1398 5302 1616 5375 legitur,
1648 5315 1748 5371 pro
1778 5309 2045 5367 rectorem,

454 5383 507 5439 lll
532 5380 620 5436 ed.
643 5379 859 5433 Sllbluc.

529 5451 754 5506 Deorunt
783 5450 1004 5503 omnium
1036 5448 1222 5504 Deum.
1250 5448 1417 5503 Recte
1437 5486 1451 5509 ,
1484 5445 1559 5499 ita
1601 5456 1733 5496 mss.
1769 5442 1857 5497 l8.
1894 5441 2051 5497 Prius

456 5534 593 5589 erat,
616 5521 823 5576 rectoris
839 5522 971 5576 orbis
992 5532 1271 5586 terrarum,
1295 5518 1504 5586 rtelique
1528 5524 1573 5569 et
1595 5515 1807 5568 deorum
1826 5515 2052 5568 omnium

457 5596 594 5660 Dei;
621 5592 716 5649 sed
749 5595 924 5648 minus
954 5593 1112 5649 bene.

537 5659 666 5735 ante
691 5665 897 5738 singula
938 5663 1237 5738 adoramus.
1265 5659 1407 5738 Quia
1451 5663 1644 5738 auctor
1689 5665 1880 5738 noster
1905 5669 2055 5726 saepe

459 5730 794 5797 mentionem
820 5737 950 5793 facit
977 5733 1342 5797 adorationis,
1376 5730 1590 5784 animus
1619 5737 1696 5783 est
1733 5730 2054 5797 impraesen-

461 5812 654 5872 tiarum
683 5825 747 5870 ea
778 5825 898 5883 quae
925 5807 993 5865 ad
1022 5800 1359 5861 adorationis
1391 5800 1552 5855 ritum
1584 5800 1858 5870 pertinent
1885 5814 2058 5856 anno-

2131 3179 2228 3236 que
2252 3178 2438 3236 corpus
2459 3162 2873 3236 circutttagilnus.
2904 3161 3132 3236 Eidendi
3164 3161 3388 3236 Plautus
3416 3175 3475 3219 et
3511 3167 3751 3236 Proper-

2132 3235 2255 3288 tius.
2292 3231 2590 3288 Salinasius
2620 3231 2869 3287 in’Flav.
2904 3232 3151 3302 Vospisc.
3186 3234 3332 3290 hunc
3368 3231 3656 3292 adorandi
3688 3239 3752 3291 ri-

2131 3314 2243 3378 tum
2276 3304 2578 3378 explicans,
2628 3302 2812 3378 docet,
2853 3319 2959 3359 non
3008 3306 3183 3378 solum
3217 3316 3390 3362 totum
3431 3323 3655 3378 corpus
3685 3310 3746 3363 ab

2130 3376 2485 3431 adorautibus
2515 3374 2705 3429 dextra
2732 3376 3023 3446 circumagi
3052 3378 3293 3442 solitum,
3338 3374 3554 3434 vernnf
3587 3381 3750 3434 etiam

2132 3448 2438 3521 speciatim,
2457 3460 2683 3521 manum
2708 3446 2873 3521 labris
2896 3449 3196 3521 admoveri,
3224 3450 3386 3518 eique
3413 3452 3613 3505 oscula
3647 3454 3749 3521 ligi;

2135 3520 2366 3589 hincque
2395 3517 2647 3589 labratum
2687 3517 2918 3572 osculum
2947 3517 3088 3587 ejus,
3119 3523 3208 3589 qui
3234 3517 3608 3575 in’adorando
3637 3517 3750 3577 ma-

2137 3605 2238 3645 nus
2268 3588 2431 3644 labris
2453 3588 2778 3643 admovebat
2797 3599 2960 3656 atque
2981 3588 3343 3648 osculabatur.
3378 3594 3470 3646 Sic
3492 3594 3642 3648 olim
3668 3609 3750 3646 nu-

2135 3663 2279 3716 mina
2306 3676 2434 3736 sua,
2459 3661 2927 3736 sicimperatores
2957 3675 3084 3736 suos
3112 3661 3433 3736 adorabant,
3477 3674 3535 3719 et
3572 3666 3748 3736 impe-

2135 3746 2373 3787 ratorum
2407 3732 2670 3800 imagines
2690 3774 2706 3796 ,
2737 3731 2879 3786 haud
2910 3732 3087 3787 minus
3118 3749 3279 3796 quam
3311 3735 3540 3790 deorum
3581 3731 3749 3791 simu-

2135 3805 2300 3859 lacra.
2330 3804 2692 3874 Hieronymus
2722 3802 2985 3858 adversus
3005 3802 3279 3859 Rullinnm
3310 3823 3322 3858 :
3353 3806 3453 3871 Qui
3495 3808 3749 3869 adorant,

2135 3878 2298 3930 solent
2319 3875 2604 3929 deosculari
2626 3890 2852 3941 manum,
2883 3884 2928 3927 et
2951 3876 3127 3944 capita
3146 3877 3459 3931 submittere.
3488 3878 3667 3933 Plura
3692 3878 3751 3932 de

2139 3948 2242 4002 hoc
2267 3962 2418 4001 more
2441 3946 2651 4013 Lipsius
2675 3949 2726 3998 in
2758 3946 2974 4010 Electis,
3002 3947 3093 4017 lib.
3128 3963 3184 4014 ιι,
3213 3962 3332 4017 pag.
3357 3947 3450 4008 20;
3477 3949 3578 4004 sed
3615 3950 3752 4003 male

2138 4021 2205 4074 ab
2237 4020 2333 4074 illo
2361 4017 2559 4089 ibidem
2598 4017 2858 4089 scriptum
2887 4026 2990 4089 est,
3020 4016 3311 4073 adorantes
3343 4036 3564 4074 manuni
3603 4022 3750 4089 prius

2140 4087 2660 4161 porrigere,rdeinde
2686 4088 2869 4142 Statim
2896 4087 2963 4143 ad
2987 4103 3051 4161 os
3079 4091 3284 4144 referre
3310 4092 3504 4146 solitos
3539 4113 3553 4147 :
3584 4087 3754 4146 iinmo

2138 4159 2325 4217 contra
2355 4159 2649 4225 faciebant,
2676 4174 2892 4213 manuni
2928 4159 3072 4214 enim
3103 4160 3359 4225 osculari,
3393 4162 3602 4217 deinde
3635 4178 3752 4216 eam

2140 4246 2331 4288 versus
2361 4232 2508 4285 illum
2535 4245 2698 4301 quem
2730 4230 3051 4294 adorabunt,
3086 4233 3413 4301 protendere
3440 4249 3752 4289 consueve-

2140 4313 2283 4366 rant;
2315 4311 2368 4358 el
2400 4303 2501 4355 hoc
2511 4311 2643 4375 erat
2668 4301 3107 4375 qnoddicebant,
3141 4306 3320 4375 oscula
3338 4306 3542 4375 jacere,
3575 4317 3632 4360 et
3667 4307 3753 4359 beo

2143 4377 2221 4430 sia
2250 4372 2735 4447 jactarelTacitus,
2767 4371 2856 4426 lib.
2887 4389 2902 4427 ι
2937 4372 3122 4447 ili_st.).
3148 4371 3371 4447 ‘Jaclare
3404 4377 3553 4431 basia
3606 4376 3751 4447 apud

2142 4443 2418 4513 Juvenal.~,
2448 4446 2627 4516 Satyr.
2661 4443 2718 4512 ti,
2746 4454 2801 4500 et
2827 4444 2970 4513 apud
2997 4443 3309 4515 Pltiedrum,
3341 4447 3434 4514 87,
3468 4448 3562 4504 lib.
3599 4443 3682 4503 v':

2827 4557 2989 4608 lactat
3006 4557 3140 4608 basia

2326 4645 2552 4709 Tibicen,

2143 4757 2194 4811 id
2226 4764 2311 4811 est
2333 4755 2589 4825 populum
2617 4754 2830 4811 adorat.
2857 4752 3049 4811 lacere
3075 4762 3255 4810 autem
3279 4753 3525 4827 osculum
3555 4753 3604 4811 is
3630 4770 3749 4827 pro-

2145 4827 2262 4898 prie
2291 4827 2523 4893 dicetnr,
2548 4828 2637 4897 qui
2672 4842 2891 4898 manum
2920 4827 3221 4891 osrulatur,
3252 4826 3451 4882 deinde
3476 4842 3598 4881 eam
3632 4843 3750 4895 por-

2144 4896 2270 4966 rigit
2299 4898 2368 4953 ad
2410 4913 2525 4961 eos,
2558 4896 2785 4969 quorum
2827 4896 3019 4951 honori
3051 4912 3115 4953 ac
3153 4898 3495 4952 venerationi
3541 4898 3640 4953 dat
3688 4899 3747 4951 il-

2145 4970 2235 5025 lud
2284 4970 2526 5024 osculum
2558 4986 2572 5024 :
2607 4984 2727 5023 nam
2767 4969 3117 5038 protensione
3148 4985 3370 5035 manus,
3401 4985 3564 5038 quam
3600 4969 3747 5038 prius

2146 5049 2303 5097 erant
2334 5041 2595 5107 osculati,
2642 5039 3039 5110 quodammodo
3066 5041 3310 5095 osculum
3363 5044 3542 5106 ipsum
3574 5040 3747 5109 porri-

2146 5128 2295 5183 gere,
2332 5121 2389 5165 et
2410 5112 2628 5183 jactare
2665 5112 2733 5183 ad
2770 5127 2866 5167 eos
2893 5110 3216 5183 videbantur
3258 5111 3453 5180 quibus
3485 5112 3744 5166 honorem

2150 5181 2301 5237 illum
2328 5182 2662 5238 deferebant.
2695 5182 2913 5237 Tacitus
2944 5183 3010 5236 de
3037 5181 3255 5237 Nerone
3280 5192 3537 5237 cantante
3569 5199 3581 5235 :
3613 5182 3744 5237 Pos-

2151 5263 2310 5308 tremo
2337 5270 2469 5324 genu
2493 5256 2679 5324 ﬂexus.
2716 5264 2762 5308 et
2789 5263 2973 5308 cretum
2998 5253 3148 5307 illaut
3179 5270 3334 5307 manu
3358 5264 3631 5308 veneratus
3660 5265 3741 5308 est.

2153 5324 2475 5380 Hi~trionem
2508 5325 2601 5380 ille
2623 5340 2809 5379 verum
2839 5327 3067 5395 agebat:
3097 5334 3153 5378 at
3177 5324 3529 5390 histrionum,
3564 5336 3745 5395 panto-

2153 5397 2439 5451 mimorum
2461 5408 2515 5451 et
2534 5406 2817 5451 cantormn
2842 5410 2960 5449 mos
2983 5395 3069 5450 hic
3094 5406 3231 5460 erat,
3257 5408 3315 5449 ut
3345 5398 3606 5465 populum
3633 5414 3743 5451 sce-

2154 5484 2277 5523 nam
2297 5467 2524 5537 ingressi
2555 5467 2860 5539 adorarent.
2887 5466 3055 5539 Vetus
3083 5468 3437 5539 epigramma,
3468 5483 3498 5521 a
3524 5469 3745 5539 Pythteo

2154 5540 2378 5606 editum,
2409 5548 2470 5594 ut
2489 5538 2675 5594 videre
2702 5548 2788 5594 est
2815 5538 2933 5609 ejus
2956 5537 3049 5593 lib.
3074 5553 3124 5592 iv
3154 5538 3338 5609 Epigr.
3376 5554 3391 5592 :

2282 5672 2548 5735 Ingressus
2569 5683 2769 5723 scenam
2790 5669 3022 5735 populum
3046 5668 3248 5721 saltator
3270 5670 3461 5722 adorat.

2162 5802 2253 5860 Sic
2276 5802 2476 5875 aurigae
2500 5803 2714 5876 ﬂagello
2731 5803 2984 5876 populum
3004 5804 3399 5861 venerabantur
3428 5821 3442 5862 :
3465 5819 3598 5864 cum
3617 5809 3752 5867 enim
