3838 6278
149 326 257 383 155

1222 324 1425 383 LIBER
1465 328 1504 384 1.
1550 325 1639 383 DE
1679 326 1903 386 FALSA
1942 326 2332 387 RELIGIONB.

3343 332 3446 388 154

151 445 363 512 cimus,
388 445 496 512 cui,
524 443 668 516 quod
695 452 778 501 est
825 444 1089 516 optimum
1142 445 1195 501 in
1249 446 1406 501 nobis
1434 445 1745 503 debeamus.
1780 455 1836 512 Α
1860 446 2132 505 interdum
2159 449 2330 506 videri
2359 448 2538 505 solent
2568 457 2675 505 tam
2699 450 2828 506 caeci
2851 492 2865 516 ,
2896 459 3003 506 tam
3033 448 3408 523 incogitabiles
3429 493 3446 520 ,

154 537 312 594 Alius
338 551 437 594 nos
462 535 662 604 edidit;
693 537 833 593 alius
859 537 1115 594 instruxit
1139 538 1300 595 :Deus
1323 538 1439 610 ipse
1468 553 1529 595 se
1560 537 1703 595 fecit.
1727 557 1748 592 ι

748 652 978 711 CAPUT
1020 653 1152 711 VIII.

159 767 314 840 Quod
349 768 486 824 Deus
517 767 627 822 sine
656 783 869 840 corpore
894 770 990 837 sit,
1023 786 1115 825 nec
1148 786 1272 826 sexu
1298 769 1367 824 ad
1382 770 1756 841 procreandum

876 871 1035 935 egeat.

223 976 323 1033 llis
365 976 528 1049 igitur
554 984 633 1033 tot
668 986 723 1035 et
745 977 907 1034 tantis
936 978 1159 1035 testibus
1188 980 1570 1050 comprobatur
1595 983 1755 1035 unius

148 1069 248 1127 Dei
312 1081 583 1141 potestate
638 1087 700 1129 ac
745 1073 1083 1144 providentia
1124 1074 1382 1130 mundum
1426 1074 1750 1147 gubernari;

144 1164 310 1235 cujus
330 1166 441 1221 vim
467 1166 915 1238 majestatemque
945 1175 1146 1222 tantam
1168 1182 1290 1224 esse
1315 1168 1445 1223 dicit
1474 1168 1526 1223 in
1549 1167 1754 1224 Timaeo

146 1257 331 1325 Plato,
360 1268 419 1314 ut
449 1274 565 1315 eam
598 1275 775 1329 neque
809 1269 991 1317 mente
1020 1262 1340 1333 concipere,
1372 1277 1547 1333 neque
1572 1263 1754 1321 verbis

141 1364 415 1408 enarrare
455 1352 735 1424 quisquam
784 1354 988 1424 possit,
1022 1354 1092 1409 ob
1119 1354 1340 1409 nimiam
1364 1357 1484 1426 ejus
1514 1365 1569 1412 et
1593 1357 1755 1414 inaes-

141 1440 452 1523 timabilem
480 1452 821 1515 potestatem.
854 1445 1070 1501 Dnbitet
1097 1461 1229 1503 vero
1255 1447 1481 1519 aliquis,
1510 1465 1577 1504 an
1600 1450 1757 1522 quid-

137 1550 313 1607 quam
346 1536 570 1594 dil‘tlcile
597 1545 691 1593 aut
720 1538 1059 1610 impossibile
1079 1540 1152 1595 sit
1182 1540 1313 1606 Deo,
1344 1543 1434 1612 qui
1457 1552 1600 1599 tanta
1627 1552 1757 1599 tam-

135 1645 253 1700 que
284 1632 522 1689 mirilica
570 1647 734 1705 opera
783 1633 1129 1705 providentia
1165 1636 1524 1708 excogitavit,
1555 1638 1758 1695 virtute

133 1724 475 1792 constituit,
504 1725 714 1780 ratione
743 1724 971 1796 perfecit
996 1745 1011 1793 ;
1040 1742 1183 1783 nunc
1207 1738 1387 1784 autem
1413 1728 1604 1799 spiritu
1632 1744 1755 1785 sus-

136 1822 358 1913 tentet,
391 1825 659 1886 potestate
687 1817 1019 1887 moderetur,
1066 1821 1527 1892 inexcogitabilis,
1566 1824 1753 1879 inetl‘a-
1784 1854 1831 1913 Β

138 1904 270 1961 bilis
290 1947 307 1972 ,
341 1916 404 1963 et
422 1907 555 1963 nulli
587 1908 681 1963 alii
716 1909 852 1965 satis
879 1919 1039 1965 notus
1065 1926 1224 1981 quam
1251 1912 1393 1967 sibi?
1424 1912 1574 1968 Unde
1618 1915 1749 1970 mihi

135 1997 203 2053 de
229 2006 386 2054 tanta
417 1999 703 2071 majestate
723 2002 923 2071 saepius
952 2002 1231 2074 cogitanti,
1263 2003 1351 2073 qui
1380 2003 1512 2061 deos
1539 2005 1746 2073 colunt,

1184 2090 1225 2127 ο

1861 549 1967 597 tam
2012 540 2275 598 excordes
2296 585 2312 610 ,
2345 552 2452 598 tam
2483 556 2589 597 non
2619 540 2844 598 multum
2876 556 2906 597 a
2933 542 3098 598 mntis
3126 540 3449 597 animalibus

1858 633 2205 704 dilTerentes,
2268 637 2356 707 qui
2399 635 2623 692 credant
2663 650 2791 703 eos,
2820 635 2910 706 qui
2936 635 3101 706 geniti
3133 644 3259 690 sunt
3284 634 3450 690 maris

1857 744 1920 785 ac
1947 729 2185 785 tueminte
2232 734 2380 786 coitu
2400 772 2415 796 ,
2457 729 2658 802 aliquid
2688 728 2986 800 majestatis
3012 729 3313 798 divinaeque
3338 726 3450 782 vir-

1859 823 1986 879 tutis
2014 823 2218 881 habere
2245 824 2520 896 potuisse;
2553 839 2674 880 cum
2706 823 2912 896 Sibylla
2939 822 3225 896 Erythraea
3257 820 3401 878 dicat
3432 837 3448 877 :

2322 995 2377 1006 ..
2415 990 2522 1006 ο..
2558 962 2957 1017 ,ωδὺνατ’ἆνδρὸς

2043 1044 2094 1092 ιιι
2126 1058 2243 1103 μηρῶν
2275 1053 2413 1104 pages;
2445 1067 2487 1093 τ.
2519 1051 2599 1098 om
2630 1066 2716 1091 τιτυ
2751 1053 2913 1102 «at»;
2952 1045 3055 1090 ιιναι.

1856 1168 2011 1237 Quod
2059 1168 2103 1223 si
2155 1178 2239 1225 est
2283 1182 2466 1223 verum
2493 1209 2509 1233 ,
2548 1167 2702 1222 sicuti
2732 1175 2847 1233 est,
2880 1173 3109 1236 apparet
3143 1165 3454 1236 Herculem,

1857 1259 2162 1330 Apollinem
2191 1303 2205 1324 ,
2237 1260 2489 1316 Liberum
2512 1300 2527 1325 ,
2554 1259 2901 1326 Mercurium,
2935 1258 3235 1330 Iovemque
3281 1259 3455 1329 ipsum

1857 1368 1979 1409 cum
2008 1354 2217 1409 caneris
2246 1353 2492 1408 homines
2520 1351 2721 1418 fuisse;
2748 1352 2966 1422 quando
2994 1361 3121 1407 sunt
3147 1367 3212 1407 ex
3242 1351 3456 1410 duobus

1859 1446 2077 1503 senibus
2127 1446 2255 1501 nati.
2310 1446 2450 1515 Quid
2491 1455 2574 1501 est
2613 1456 2792 1501 autem
2825 1455 2931 1500 tam
2958 1454 3225 1501 remotum
3247 1461 3277 1500 a
3308 1446 3454 1515 Deo,

1858 1555 2019 1611 quam
2073 1539 2125 1593 id
2176 1554 2315 1611 opus
2357 1539 2498 1610 quod
2528 1540 2644 1609 ipse
2664 1537 2730 1594 ad
2764 1538 3164 1609 propagandam
3212 1537 3455 1595 sobolem

1860 1631 2177 1688 mortalibus
2226 1632 2442 1699 tribuit,
2471 1641 2525 1687 et
2554 1630 2695 1700 quod
2721 1631 2838 1687 sine
2861 1630 3163 1687 substantia
3188 1631 3458 1701 corporali

1862 1725 2065 1781 nullum
2097 1734 2275 1796 potest
2304 1724 2459 1781 esse?

1937 1820 2015 1875 Dii
2042 1835 2172 1891 ergo
2201 1820 2245 1875 si
2274 1830 2400 1875 sunt
2426 1821 2760 1876 immortales
2789 1827 2843 1875 et
2872 1821 3099 1887 aeterni,
3147 1818 3280 1889 quid
3317 1833 3457 1889 opus

1858 1921 1942 1968 est
1992 1914 2165 1967 altero
2214 1926 2385 1977 sexu;
2438 1927 2558 1965 cum
2606 1911 2949 1966 successione
2971 1926 3078 1966 non
3105 1918 3331 1981 egeant,
3361 1910 3454 1983 qui

1855 2022 2073 2077 semper
2117 2014 2244 2062 sunt
2291 2006 2498 2062 futuri?
2547 2004 2678 2060 Nam
2734 2005 2974 2077 profecto
3028 2006 3081 2061 in
3138 2004 3446 2062 hominibus

1451 2167 1816 2228 VARIOBUM
1855 2169 2091 2227 ΝΟΤΔΕ.

136 2332 346 2390 teribus
364 2331 529 2404 editis
554 2331 712 2388 Rom.
742 2340 932 2401 estque
967 2332 1109 2404 apud
1139 2333 1453 2404 Ciceronem
1497 2334 1635 2390 libro
1683 2350 1740 2391 ιιι

137 2404 326 2460 Natur.
360 2403 546 2468 deor.,
578 2418 698 2475 cap.
724 2404 812 2459 85.
850 2404 909 2459 In
935 2405 1145 2460 cunctis
1171 2403 1285 2460 fere
1313 2406 1471 2461 editis
1511 2415 1616 2469 est,
1665 2408 1743 2461 uir

137 2487 333 2531 acutus.
364 2506 437 2515 —
460 2475 627 2547 Homo
674 2486 873 2530 acutus.
924 2475 1175 2547 Przel'ero_
1204 2478 1521 2547 scripturam
1580 2478 1741 2545 Bon.,

142 2548 298 2611 Tax.,
328 2548 487 2614 Pen.,
526 2546 690 2615 Ultr.,
722 2547 859 2611 PaL,
883 2547 1114 2611 Juntar.,
1145 2545 1334 2613 Colb.,
1377 2548 1517 2617 Lips.
1546 2550 1739 2617 trium,

142 2618 342 2685 Reim.,
375 2618 624 2684 Sublac.,
658 2620 829 2683 ltost.,
864 2618 1000 2672 Ven.
1036 2618 1300 2681 1471.97,
1333 2619 1482 2674 homo
1529 2631 1743 2687 acutus;

146 2699 206 2746 ut
224 2690 291 2746 de
311 2690 456 2761 Opil.
485 2704 537 2745 c.
564 2690 590 2744 1
615 2729 631 2754 ,
662 2691 811 2744 homo
835 2690 1220 2744 disertissimus.
1248 2690 1380 2745 BUN.

219 2781 369 2850 Quod
384 2789 459 2836 est
488 2782 737 2850 Optimum
764 2781 823 2834 in
834 2780 978 2835 nobis
995 2780 1282 2835 debeamus.
1306 2782 1380 2836 Ita
1403 2797 1591 2838 omnes
1610 2782 1741 2838 editi

149 2862 199 2909 et
225 2852 630 2917 mss-codices,
665 2864 856 2920 printer
880 2868 1045 2907 unum
1075 2854 1280 2907 Bnnon.
1310 2862 1366 2907 et
1386 2855 1420 2907 4
1450 2854 1579 2908 edit.
1627 2869 1738 2909 rec.

151 2925 236 2996 qui
265 2940 328 2980 ex
354 2939 419 2979 eo
443 2934 573 2995 post
599 2925 653 2977 in
678 2922 821 2977 nobis
842 2923 1047 2978 addunt
1076 2925 1301 2978 animam
1324 2940 1342 2978 :
1364 2940 1523 2995 quam
1555 2940 1741 2982 vocem

154 3005 208 3051 ιιι
238 2997 512 3058 glossema
541 2996 919 3064 expunximus.

224 3067 648 3137 Majestatemque
676 3075 869 3119 tantam
919 3082 1025 3121 esse
1067 3067 1189 3119 dicit
1228 3067 1281 3119 in
1318 3065 1511 3121 Timtro
1562 3066 1738 3123 Plato.

157 3138 346 3193 Eadem
395 3138 631 3193 Hermes
656 3137 709 3191 in
738 3137 1015 3193 Ptnmand.
1040 3147 1097 3192 et
1120 3137 1175 3192 S.
1206 3137 1446 3193 Justinus
1471 3139 1738 3194 Parcenet.

156 3208 419 3264 Platonem
449 3210 550 3282 illa
580 3209 916 3282 hausisse‘ex
957 3208 1121 3263 Mosis
1146 3221 1198 3262 et
1229 3209 1603 3282 Egyptiorum
1635 3211 1747 3265 dis-

159 3282 343 3350 ciplina
374 3280 576 3336 scribit
600 3278 1108 3347 Clem.,Protrept.;
1138 3282 1277 3347 apud
1316 3278 1571 3335 llehrmos
1601 3282 1746 3336 enim

162 3368 359 3427 nomen
363 3422 381 3427 _
395 3353 493 3408 Dei
517 3354 870 3427 o'wsxqatiwn‘t'ov.
902 3350 1067 3405 Basil.
1099 3351 1166 3406 de
1185 3351 1241 3407 S.
1262 3352 1623 3422 Spiritu,cap.
1655 3352 1743 3408 18.

161 3422 290 3479 Vide
312 3422 653 3479 Wowerum'
668 3426 719 3476 iu
745 3423 939 3477 Minue.

230 3492 294 3548 In
316 3494 518 3551 Timaeo
551 3494 722 3548 Plato.
773 3494 924 3547 llunc
955 3493 1155 3563 locum,
1186 3509 1352 3563 quum
1382 3494 1571 3550 Celsus
1603 3494 1746 3563 apud

161 3564 301 3637 Orig.
333 3569 367 3620 l.
394 3583 490 3631 vn,
530 3581 581 3635 p.
606 3564 712 3620 560
731 3608 745 3632 ,
775 3564 1065 3637 attulisset,
1094 3562 1355 3637 Origenes
1379 3562 1747 3621 examinatum

200 3636 364 3692 lenius
388 3638 623 3706 explicat
667 3637 735 3691 de
766 3636 985 3690 Platone
1013 3652 1198 3706 unum
1222 3636 1387 3691 Deum
1429 3637 1743 3692 confitente.

202 3652 364 3692 tentus
388 3652 623 3706 explicat
667 3652 735 3691 ue
766 3652 985 3690 t'latone
1013 3652 1174 3689 unum
1224 3652 1387 3691 ueum
1429 3652 1743 3692 contuente.

163 3652 316 3762 Bonl.
346 3709 608 3778 Athenag.
642 3723 737 3775 pro
761 3708 1084 3778 Christianis
1107 3722 1159 3776 p.
1181 3705 1272 3772 26,
1293 3707 1394 3772 27ς
1422 3708 1562 3762 Just.
1589 3708 1745 3763 Mart.

165 3778 321 3849 Apol.
346 3795 415 3845 ιι,
434 3777 576 3835 sect.
598 3781 653 3834 ll
670 3820 683 3840 ,
703 3778 791 3832 ed.
814 3777 938 3838 Ος..
958 3794 1011 3847 p.
1037 3778 1139 3841 27;
1165 3778 1357 3832 Minue.
1391 3779 1559 3833 Felic.
1587 3795 1637 3833 c.
1662 3780 1744 3834 l9.

235 3849 308 3905 0b
348 3852 585 3907 nimiam.
636 3849 763 3905 Mss.
795 3850 922 3905 Jun.
954 3850 1121 3905 Cane.
1149 3857 1205 3903 et
1232 3849 1357 3904 editi
1409 3865 1501 3903 sex
1545 3850 1750 3906 addunt

164 3922 267 3993 ejus
289 3938 308 3977 :
330 3939 446 3993 quae
470 3937 580 3977 vox
604 3924 655 3976 in
689 3923 897 3977 cancris
926 3921 1101 3977 deest.
1136 3921 1260 3975 Ilaec
1292 3931 1467 3976 tamen
1498 3923 1634 3975 mire
1660 3922 1747 3977 hic

163 3994 419 4049 convenit.

234 4064 431 4119 Dnbitet
474 4080 618 4121 vero.
682 4065 850 4119 Recte
896 4081 1011 4118 vero
1051 4080 1080 4117 a
1130 4063 1284 4118 nobis
1313 4064 1649 4117 immutatum
1681 4079 1750 4119 ex

167 4137 403 4191 omnibus
432 4152 569 4192 mss.
598 4137 873 4192 codicibus
894 4147 949 4191 et
977 4134 1064 4191 ed.
1099 4133 1300 4190 Cellar.
1334 4149 1429 4206 pro
1458 4151 1575 4206 ergo
1606 4134 1748 4205 quod

170 4209 320 4279 estin
350 4209 599 4279 vulgatis.

237 4276 671 4351 lnexcog'itabilis.
703 4278 755 4332 ld
779 4287 860 4333 est
880 4320 894 4343 ,
918 4278 1068 4346 cujus
1090 4278 1324 4333 divinam
1350 4289 1596 4351 naturam
1628 4276 1749 4330 inli-

171 4350 813 4421 nitaSqne'pcrl‘ectiones
859 4352 1085 4403 humana
1139 4366 1293 4404 mens
1339 4350 1662 4419 cogitatione
1688 4363 1752 4403 ac

173 4421 507 4478 meditatione
538 4436 864 4490 cognoscere
896 4438 998 4473 non
1030 4429 1223 4490 potest.

240 4491 314 4546 De
356 4502 495 4547 tanta
547 4489 829 4564 majestate.
882 4491 1063 4547 Mss?
1093 4492 1300 4547 Bonou.
1323 4502 1376 4547 et
1402 4490 1490 4545 alii
1514 4506 1621 4545 rec.
1657 4489 1751 4544 ha-

174 4562 291 4634 bent
317 4574 578 4634 potestate.

242 4632 620 4705 lncogitabiles.
655 4633 709 4689 ld
753 4641 877 4701 est,
908 4634 1262 4704 incogitantes
1287 4677 1301 4704 ,
1347 4632 1751 4705 inconsiderati.

175 4704 266 4760 llic
289 4702 596 4762 Lactantius
618 4705 854 4761 imitattts
884 4716 966 4759 est
995 4702 1243 4759 Plautum
1271 4702 1405 4777 ,qui
1445 4704 1597 4759 Milit.
1629 4702 1758 4759 Glo-

176 4778 321 4845 rios.,
350 4788 453 4834 act.
486 4794 557 4843 ιι,
585 4792 663 4833 sc.
694 4778 728 4833 6
752 4820 767 4843 ,
800 4794 852 4833 v.
878 4777 980 4843 63,
1007 4778 1230 4832 scribit:

606 4878 633 4895 Ι

330 4955 342 4967 .
378 4956 391 4968 .
435 4958 447 4969 .
482 4953 497 4968 .
538 4957 549 4968 .
591 4954 603 4968 .
647 4954 707 4969 ..
743 4953 756 4967 .
797 4950 810 4963 .
850 4953 861 4965 .
900 4952 914 4967 .
949 4915 1426 4966 Nuucdemumscio

322 4979 399 5031 Me
420 4980 573 5031 fuisse.
600 4980 887 5042 excordem,
915 4992 1118 5043 caecum,
1152 4977 1540 5040 incogitabilem.

181 5102 301 5161 iure
337 5122 437 5162 vos
468 5120 551 5165 est
573 5108 844 5165 affectatio
871 5106 1113 5163 vocabuli
1156 5105 1276 5161 soni
1295 5104 1598 5174 grandioris
1618 5147 1632 5163 .
1667 5120 1762 5161 cu-

179 5175 399 5251 jusmodi
428 5191 555 5235 sunt
580 5181 697 5251 ejus
723 5179 910 5235 formae
941 5179 1122 5251 omnia
1146 5219 1161 5243 ,
1193 5177 1389 5245 quibus
1432 5176 1572 5251 solet
1614 5176 1761 5251 Maro

187 5248 507 5313 majestatem
552 5247 649 5305 suo
674 5251 899 5305 carmini
951 5250 1247 5304 conciliare
1279 5266 1291 5301 :
1324 5260 1403 5311 ut,
1432 5247 1763 5317 lacrymubile

186 5316 401 5390 bellum:
430 5322 750 5377 ineluctabile
774 5326 973 5390 fatum:
1003 5318 1262 5374 illaetabile
1308 5316 1558 5371 murmur.
1609 5320 1759 5390 Alio-

188 5387 308 5462 quin
330 5392 685 5462 religiosiores
716 5387 879 5447 l‘uisse
905 5402 1117 5446 veteres
1159 5390 1378 5444 Latinos
1410 5391 1463 5443 in
1493 5389 1759 5456 ejusmodi

188 5460 610 5532 vocilms,'dncet
634 5464 703 5519 Μ.
740 5463 966 5527 Tullius,
1013 5462 1103 5532 qui
1132 5463 1447 5521 καταληπτὸν
1485 5476 1605 5532 cum
1636 5475 1759 5515 ver-

190 5529 333 5603 t_i_sset
353 5535 825 5601 comprehensibile,
873 5529 1297 5603 quasi—magnum
1325 5531 1539 5601 aliquod
1571 5547 1755 5595 ausus,

190 5597 374 5656 Feretis
392 5597 497 5658 nec
514 5605 540 5658 .9
575 5607 779 5674 inquit;
829 5597 1109 5660 ct'Seneca
1141 5597 1303 5657 notat
1330 5597 1470 5663 apud
1495 5602 1761 5674 Maecena-

189 5673 731 5747 tctu‘irremediabile.
786 5691 887 5747 pro
942 5676 1196 5739 ἀνηκετὼ,
1239 5674 1447 5747 episl.-l
1465 5674 1544 5727 14.
1570 5673 1760 5729 Simile

188 5742 316 5809 apud
352 5747 648 5814 Lucilium,
682 5742 1138 5815 Monstriﬁcabile:
1164 5745 1303 5813 apud
1343 5745 1758 5799 disertissimum

184 5815 489 5885 sctjiptomu
519 5816 1299 5882 Lactantiutu,insustentabilis
1329 5814 1631 5885 dominatio,
1658 5816 1753 5869 lib.

185 5894 267 5947 tu.
298 5899 411 5955 cap.
449 5886 549 5957 lii,
593 5888 691 5961 pro
710 5906 776 5949 eo
804 5889 945 5960 quod
984 5888 1185 5944 Graccus
1208 5884 1561 5949 ἀνυπόστατος
1586 5884 1752 5959 ἀρχή,

1847 2347 1953 2392 etc.
1985 2336 2106 2393 Iste.
2136 2336 2437 2394 CASAUBON.

1923 2407 2083 2463 Mutis
2109 2410 2415 2464 animalibus
2435 2409 2749 2477 differentes.
2782 2408 3069 2477 Plermque
3094 2421 3286 2463 omnes
3316 2406 3443 2463 edd.

1848 2488 1903 2535 et
1920 2495 2022 2533 ms.
2045 2480 2232 2545 60th.,
2259 2498 2290 2533 a
2314 2482 2504 2545 mutis;
2534 2490 2588 2535 et
2608 2482 2687 2537 sic
2716 2481 2842 2547 legit
2876 2479 3243 2533 Heumannus.
3270 2478 3451 2532 Malim

1848 2566 1969 2605 cum
2020 2553 2291 2617 Cellario,
2337 2552 2593 2613 Reitnm..
2649 2552 2956 2621 Lipsienses
3005 2547 3175 2621 ('otld.
3208 2548 3451 2621 aliusque

1849 2621 2035 2692 sequi,
2068 2625 2155 2692 qui
2199 2622 2437 2678 dativum
2471 2622 2688 2686 habent,
2715 2619 2905 2677 vntutt's.
2938 2634 3085 2692 more
3114 2619 3342 2692 Horatii.
3370 2619 3454 2674 Ci-

1850 2690 2097 2764 cer—onis.
2121 2694 2240 2749 Vid.
2269 2694 2515 2764 exempla
2546 2696 2598 2748 in
2631 2694 2892 2748 Vechner.
2928 2690 3218 2764 llelleuol.,
3246 2691 3448 2764 p.440,

1855 2762 1943 2817 ubi
1970 2765 2330 2834 lleusingerus
2357 2759 2639 2820 nobiscum
2670 2765 2815 2819 facit.
2850 2764 2945 2816 llic
2979 2762 3218 2834 imitatur
3270 2759 3449 2834 Cicer.

1852 2848 1882 2885 v
1935 2834 2082 2897 Fiu..
2138 2831 2194 2890 cI
2241 2836 2351 2891 15:
2404 2835 2543 2901 Quid
2589 2834 2933 2890 animantibus
2980 2831 3302 2899 (li/feramus.
3357 2832 3449 2888 Sic

1850 2903 2025 2977 (ξι-ιιι,
2056 2906 2245 2970 Gron.,
2282 2906 2541 2977 Verburg.
2572 2907 2695 2962 edd.
2732 2906 2926 2962 Iterum
2951 2905 3104 2977 _Lact.
3138 2906 3174 2958 Ι.
3206 2920 3241 2959 ιι
3262 2946 3278 2973 ,
3306 2918 3356 2959 c.
3386 2905 3450 2960 5:

1852 2975 2014 3030 Sol...
2051 2978 2172 3031 luna
2199 2975 2839 3033 lttmiuibus'astrorum...
2874 2975 3139 3041 differunt.

1922 3051 1991 3102 Οὐ
2010 3048 2183 3105 δύνατ.
2215 3049 2332 3103 Lat.
2360 3049 2484 3104 Non
2510 3060 2673 3119 potest
2702 3066 2765 3104 ea:
2793 3050 2885 3103 viri
2920 3046 3193 3120 femoribus
3219 3056 3288 3120 et»
3307 3056 3450 3120 utero

1856 3117 1874 3188 (
1896 3121 2166 3191 mulieris)
2221 3121 2354 3174 Deus
2383 3117 2634 3191 formatus
2664 3138 2789 3176 esse.
2819 3117 2945 3174 [late
2980 3134 3153 3191 graeca
3182 3118 3341 3173 verba
3373 3119 3451 3191 lef

1852 3202 2049 3262 guutur
2078 3189 2216 3259 apud
2249 3189 2607 3262 Theophilum
2637 3193 2776 3248 libro
2804 3207 2841 3245 ιι
2870 3192 2935 3245 ad
2969 3190 3275 3244 Aulolicuut
3305 3232 3319 3255 ,
3352 3189 3447 3244 sed

1854 3260 1973 3315 loco
2001 3265 2349 3337 τεταπωμένος
2377 3260 2664 3334 legentium
2689 3262 2899 3318 videtur
2918 3264 3287 3334 τετυπωμένος.

1926 3352 2091 3425 Sicuti
2143 3366 2233 3409 est.
2282 3356 2411 3410 Mira
2468 3356 2623 3425 hujus
2674 3356 2918 3411 formulae
2975 3353 3259 3425 elegantia.
3320 3353 3439 3410 Cic.

1852 3421 2121 3478 Paradox.
2157 3442 2205 3487 v,
2250 3443 2295 3481 ρ.
2327 3428 2351 3481 1
2382 3444 2395 3479 :
2431 3426 2494 3481 Si
2516 3421 2727 3481 servitus
2757 3428 2851 3493 sit,
2871 3428 3001 3481 sicut
3027 3421 3131 3490 est,
3164 3426 3449 3480 obedientia

1850 3493 2003 3567 fracti
2024 3498 2203 3550 animi.
2240 3498 2303 3553 Et
2333 3514 2429 3567 pro
2460 3499 2515 3553 S.
2552 3498 2713 3553 Rosc.
2741 3514 2789 3552 c.
2827 3506 2855 3549 ὃ
2891 3516 2905 3553 :
2933 3498 3175 3565 Quamvis
3203 3498 3293 3550 ille
3323 3497 3450 3567 felix

1849 3566 1933 3629 sit,
1966 3567 2094 3619 sicut
2142 3579 2237 3623 est.
2282 3566 2462 3623 Livius
2512 3585 2584 3622 vu
2608 3612 2622 3633 ,
2671 3570 2745 3625 55
2778 3588 2789 3623 :
2821 3568 2883 3624 Si
2928 3585 3032 3622 no.1:
3057 3579 3348 3637 Opportuna
3376 3577 3451 3621 est

1852 3638 2143 3704 eruptioni,
2185 3641 2314 3693 sicut
2364 3651 2543 3694 est.—
2566 3639 2732 3695 Sicuti
2763 3649 2855 3693 est.
2889 3639 2978 3695 Sic
3007 3640 3082 3692 rei
3112 3638 3309 3692 veritas
3336 3638 3451 3692 ele-

1851 3717 2041 3775 ganter
2061 3709 2431 3765 confirmatur.
2458 3710 2637 3778 Nepos
2666 3712 2717 3765 iu
2747 3712 2984 3765 Eumene
3006 3726 3053 3761 c.
3086 3710 3108 3762 t
3145 3726 3156 3759 :
3183 3707 3337 3776 Apud
3356 3726 3449 3762 nos

1851 3794 2047 3844 revera,
2082 3782 2217 3835 sicut
2245 3791 2388 3842 sunt,
2420 3782 2598 3835 scriba:
2622 3781 2924 3836 mercenarii
2949 3779 3287 3833 testimantur.
3313 3778 3445 3831 BUN.

1929 3849 2147 3916 Quando
2178 3863 2310 3905 sunt.
2344 3853 2418 3907 Ita
2446 3853 2684 3922 potiores
2723 3866 2855 3907 mss.
2885 3861 2940 3905 et
2968 3848 3287 3922 vetustiores
3318 3850 3447 3902 editi

1855 3919 2011 3973 Rom.
2032 3963 2047 3986 ,
2075 3923 2193 3977 Ald.
2218 3966 2232 3985 ,
2261 3922 2407 3978 Crat.
2430 3919 2678 3991 ,Graph.
2698 3965 2713 3987 ,
2763 3922 3003 3987 Fasitel.,
3032 3919 3304 3990 Gymnic.,
3348 3934 3447 3974 nec

1855 4006 1959 4043 non
1994 3994 2300 4049 Lactantius
2347 4005 2529 4048 uoster
2574 3996 2735 4049 variis
2763 3995 2813 4047 iu
2846 3994 2977 4047 locis
3000 4007 3096 4060 pro
3120 3992 3447 4059 quandoqui-

1853 4061 1967 4115 dem
1992 4107 2004 4127 ,
2033 4065 2175 4133 quod
2199 4066 2588 4121 substitueruut
2620 4067 2647 4120 Δ
2676 4064 2914 4130 Colb.,‘z
2934 4063 3173 4119 Claront.
3206 4072 3258 4117 et
3279 4062 3312 4119 8
3336 4078 3445 4117 rec.

1853 4134 2028 4203 editi.,
2063 4139 2094 4189 5
2122 4135 2279 4205 Reg.,
2308 4139 2570 4207 quoniam.

1928 4227 2013 4280 Dii
2042 4245 2160 4299 ergo
2180 4231 2225 4284 si
2248 4241 2367 4285 sunt
2395 4232 2707 4285 immortales
2738 4240 2783 4284 et
2809 4228 3005 4284 aeterni.
3057 4225 3145 4282 Sic
3193 4227 3311 4296 lego
3334 4227 3451 4282 sine

1856 4296 2118 4355 incisione
2166 4318 2288 4357 cum
2343 4318 2472 4357 mss.
2500 4302 2536 4357 2
2591 4303 2824 4369 Bonum,
2858 4302 2883 4355 l
2920 4300 3053 4369 Reg.
3086 4300 3451 4353 vetustissimo

1853 4368 2081 4440 aliisque
2134 4374 2376 4440 duobus,
2427 4374 2586 4440 'l‘ax.,
2639 4368 2817 4439 Pcu.,
2848 4373 2881 4426 5
2924 4368 3097 4439 Lips.,
3140 4371 3172 4422 ti
3200 4370 3381 4433 Colb.,
3414 4372 3452 4422 2

1854 4439 2113 4508 Clarom.,
2161 4444 2195 4497 2
2225 4439 2425 4507 Brun.;
2479 4455 2530 4499 et
2572 4439 2821 4499 omnibus
2848 4444 2960 4496 fere
2982 4440 3160 4494 editis.
3209 4440 3265 4492 In
3314 4455 3444 4494 mss.

1858 4509 1892 4563 5
1933 4510 2084 4584 Reg.
2110 4513 2249 4569 Goth
2299 4525 2353 4570 et
2398 4516 2571 4571 Betui.
2600 4557 2613 4579 ,
2643 4530 2707 4569 ac
2735 4514 2771 4568 2
2795 4514 2882 4570 ed.
2911 4526 3044 4574 rec.,
3084 4509 3197 4562 Diis
3220 4526 3339 4584 ergo
3361 4550 3379 4584 ,_
3406 4511 3451 4563 si

1781 4568 1836 4627 D
1860 4568 2207 4655 suntfblagis
2236 4568 2744 4642 tamen—consonans
2773 4568 3046 4655 videretur
3068 4568 3335 4655 0i'atio,'si
3364 4568 3447 4655 lc:

1861 4666 2097 4722 geretur,
2132 4651 2244 4713 Diis
2271 4675 2411 4730 ergo,
2441 4659 2485 4712 si
2521 4667 2640 4712 sunt
2681 4654 2994 4712 immortales
3024 4661 3067 4705 et
3089 4651 3263 4708 aeterni
3281 4694 3297 4720 ,
3329 4651 3451 4723 quid

1862 4740 1990 4793 opus
2018 4737 2090 4781 est
2119 4732 2277 4785 altero
2302 4746 2446 4785 sexu.

1938 4817 2079 4882 Quid
2097 4836 2227 4889 opus
2242 4830 2314 4875 est
2332 4821 2494 4875 altero
2514 4836 2654 4881 sexu,
2672 4836 2785 4874 cum
2805 4820 3119 4875 successione
3135 4835 3235 4873 non
3254 4827 3448 4888 egeant.

1863 4885 1938 4959 Ita
1967 4905 2096 4944 mss.
2133 4885 2163 4947 1
2197 4892 2402 4946 Bonan.
2434 4893 2625 4959 antiq.,
2652 4891 2901 4959 Navarr.,
2929 4891 2965 4945 ‘2
2991 4892 3213 4955 Brunn.,
3243 4885 3297 4943 et
3322 4889 3447 4945 edd.

1864 4958 1956 5027 Is.,
1985 4961 2177 5032 Thys.,
2209 4960 2374 5030 Gall.,
2407 4958 2626 5031 Spark.,
2652 4972 2705 5017 et
2742 4964 2776 5016 2
2799 4958 2943 5032 Lips.
2970 4963 3093 5017 Post
3120 4964 3280 5015 altera
3306 4976 3450 5025 sexu,

1866 5048 1994 5088 mss.
2044 5034 2080 5087 4
2125 5032 2261 5101 Reg.
2306 5033 2499 5098 Vatic.,
2553 5035 2586 5087 4
2627 5032 2806 5099 Colb.,
2860 5035 3008 5096 ϐαι..
3060 5033 3276 5093 Marm.,
3306 5032 3450 5097 Etn.,

1864 5102 2090 5168 (ΖΜ-ἰείη
2144 5106 2279 5169 la|.,
2335 5104 2503 5173 Lips.,
2555 5104 2743 5169 Cauc.,
2775 5114 2831 5161 et
2862 5105 2950 5160 ed.
2983 5105 3201 5160 Fasitel.
3224 5146 3239 5166 ,
3270 5103 3447 5157 Betui.

1864 5191 1927 5229 ac
1977 5175 2202 5231 Torues.
2263 5175 2487 5242 addunt,
2545 5176 2783 5229 nimirum
2814 5186 2868 5229 ut
2897 5188 3151 5246 generem.
3186 5174 3243 5228 lu
3274 5175 3391 5227 aliis
3418 5174 3453 5246 4

1867 5247 2021 5315 lieg.,
2073 5246 2107 5299 2
2155 5246 2331 5313 Colb.,
2382 5247 2407 5301 1
2460 5247 2640 5310 Sorb.,
2698 5248 2714 5300 l
2769 5245 3028 5311 (ιω-ιω,
3075 5264 3136 5301 ac
3158 5246 3247 5299 ed.
3281 5253 3386 5298 vet.
3416 5245 3451 5296 2’.

1866 5314 2048 5383 Bonn,
2104 5317 2273 5371 Paris.
2326 5318 2495 5384 1525,
2541 5318 2691 5382 Ald.,
2721 5318 2892 5382 Crat...
2919 5318 3146 5384 Graplt.,
3175 5314 3448 5385 Gymnic.,

1864 5389 2102 5442 nimirum
2129 5399 2181 5441 ut
2209 5399 2528 5459 generentur,
2559 5390 2700 5458 quod
2732 5400 2787 5459 ut
2816 5392 3078 5459 glossema
3110 5384 3411 5459 respuimus
3432 5427 3446 5449 ,

1866 5459 2012 5513 velut
2034 5459 2193 5513 etiam
2211 5456 2499 5530 sequentia
2536 5456 2694 5514 verba
2719 5502 2733 5523 ,
2765 5456 2891 5527 Ipsa
2913 5459 3151 5531 progenie
3170 5456 3293 5531 quid
3321 5472 3449 5524 opus

1863 5542 1963 5595 est,
1995 5545 2114 5599 qua:
2133 5527 2326 5583 absunt
2349 5533 2416 5584 ab
2443 5531 2743 5599 antiquiore
2774 5527 3094 5585 Bononiensi
3120 5574 3130 5591 ,
3161 5544 3190 5582 a
3232 5527 3360 5580 Nav.
3396 5537 3451 5580 et

1862 5602 1931 5655 ab
1956 5602 2115 5655 editis
2138 5602 2336 5655 multis.
2365 5603 2425 5655 Et
2447 5603 2661 5669 quidem
2685 5602 2947 5657 sententia
2990 5611 3070 5658 cst
3110 5602 3305 5666 optima
3328 5640 3343 5663 ,
3396 5607 3453 5652 et

1864 5673 2036 5727 oratio
2081 5682 2163 5726 est
2212 5673 2519 5738 efﬁcacior,
2571 5675 2715 5728 brevi
2768 5676 2999 5743 quodam
3051 5675 3450 5743 enthymemate

1862 5744 2149 5808 conclusa;
2208 5753 2264 5798 ut
2322 5746 2463 5799 dicat
2536 5756 2762 5813 utroque
2822 5759 2952 5798 sexu
3022 5762 3124 5796 non
3182 5758 3317 5811 opus
3368 5750 3453 5796 est

1861 5817 2003 5880 diis,
2054 5815 2175 5885 quia
2229 5817 2570 5885 successione
2614 5831 2720 5885 non
2765 5826 2942 5877 egent.
2978 5816 3065 5885 qui
3088 5828 3301 5883 semper
3328 5821 3454 5869 sunt

1863 5880 2283 5942 futtiri.-'-Heirn.
2313 5880 2437 5943 Post
2462 5888 2575 5939 haec
2603 5882 2760 5940 verba
2791 5886 2982 5953 legitur
3010 5884 3060 5938 in
3099 5884 3184 5936 ad.
3206 5880 3447 5952 ’Stlltlttc;
