3838 6278
404 318 510 376 155

1546 319 1731 378 ιηιιιιε
1763 318 2130 379 LACTAM‘I!
2168 320 2376 382 DIVIN.
2417 322 2658 383 ΙΝΒΤΙΤ.

403 432 731 503 ceterisque
756 432 1120 491 animantibus
1163 432 1449 492 diversitas
1474 444 1641 491 serus
1660 468 1676 501 ,
1705 443 1763 490 et
1789 434 1987 502 coitio,
2017 439 2066 501 Α
2095 446 2408 508 nuncupant
2435 447 2491 495 et
2511 438 2758 506 adorant,
2791 453 2950 495 uerno
2979 448 3062 496 est
3096 447 3205 494 tam
3227 438 3702 503 ineonsidcratus,

405 535 461 583 et
511 526 788 594 generatio
832 525 1032 582 nullam
1075 525 1239 583 habet
1288 527 1447 582 aliam
1494 527 1781 592 rationem,
1814 527 2006 582 nisiut

408 621 588 677 omnia
640 633 839 691 genere
885 619 1203 692 viventium,
1256 620 1473 691 qundo
1523 630 1650 676 stmt
1698 620 2005 676 conditione

407 714 747 769 mortalitatis
779 712 1017 781 abitura,
1048 724 1231 769 mutus
1263 715 1472 785 possint
1500 714 1846 771 successione
1889 729 2006 771 ser-

406 807 542 862 vari.
592 805 702 862 Deo
745 815 925 862 autem
949 846 966 872 ,
1014 806 1105 876 qui
1133 815 1213 862 est
1239 807 1632 877 sempiternus,
1663 822 1841 877 neque
1865 806 2004 863 alter

406 914 593 964 sexus,
619 915 795 970 neque
842 900 1116 954 successio
1146 901 1451 955 necessaria
1478 908 1581 954 est.
1610 900 1761 955 Dicet
1781 899 2000 969 aliquis,

406 1004 464 1046 ut
486 990 683 1046 habeat
716 990 799 1045 vel
833 990 1110 1046 ministros
1132 1032 1148 1057 ,
1180 984 1266 1045 vel
1298 990 1352 1047 in
1377 1005 1514 1063 quos
1541 992 1655 1061 ipse
1695 991 1866 1065 possit
1907 990 2002 1044 do-

406 1084 623 1141 minari.
646 1083 784 1150 Quid
812 1082 975 1153 igitur
991 1099 1127 1154 opus
1144 1093 1226 1138 est
1250 1099 1379 1139 sexu
1403 1081 1680 1144 ftemineo.
1695 1086 1816 1138 citm
1839 1083 1997 1149 Deus,

407 1178 497 1251 qui
529 1186 612 1233 est
656 1177 1001 1248 omnipotens
1022 1218 1037 1243 ,
1070 1178 1189 1232 sine
1216 1190 1314 1231 usu
1348 1187 1402 1232 et
1427 1190 1592 1246 Opera
1624 1174 1856 1233 iamiam
1879 1188 2003 1245 pos-

405 1273 475 1328 sit
520 1271 657 1328 illius
694 1271 1024 1343 procreare?
1052 1270 1186 1326 Nam
1214 1271 1257 1326 sl
1288 1270 1610 1347 quibusdam
1640 1270 1859 1326 minutis
1881 1269 2001 1325 ani-

407 1360 637 1421 malibus
666 1364 717 1420 id
746 1365 1089 1436 praecutiunt
1119 1364 1222 1422 sibi

655 1472 698 1528 E
716 1476 848 1529 foliis
872 1482 1010 1529 natos
1034 1482 1086 1530 et
1102 1476 1332 1530 suavibus
1348 1477 1524 1529 herbis

655 1539 756 1591 Ore
779 1541 948 1605 legant
973 1554 986 1591 ε

404 1656 503 1709 cur
549 1648 822 1707 existimet
865 1648 1058 1721 aliquis
1086 1646 1263 1721 ipsum
1306 1649 1499 1717 Deum,
1530 1645 1633 1703 nisi
1663 1654 1733 1702 ex
1761 1644 2003 1717 permix-

408 1744 556 1799 tione
583 1757 749 1798 sexus
775 1742 1001 1797 alterius
1027 1757 1138 1797 non
1204 1756 1367 1812 posse
1395 1736 1699 1812 generare?
1743 1736 1876 1794 illos
1907 1736 2003 1808 igi-

2107 529 2197 598 qui
2225 544 2330 584 non
2364 530 2630 601 intelligat
2673 531 2841 587 fuisse
2872 531 3149 587 mortales.
3191 531 3479 600 Quomodo
3530 546 3670 600 ergo
3694 571 3710 591 .

2108 620 2314 690 inquiet
2350 622 2565 693 aliquis,
2597 623 2669 677 dii
2700 624 2889 679 crediti
2912 625 3073 679 sunt?
3098 622 3365 679 Nimirum
3398 624 3525 692 quia
3548 637 3709 693 reges

2107 717 2324 771 maximi
2350 731 2413 771 ac
2445 718 2805 787 potentissimi
2840 718 3043 773 fuerint
3075 736 3088 771 :
3119 719 3187 772 ob
3218 718 3406 772 merita
3437 717 3705 772 virtutum

2106 824 2323 864 suarum
2346 853 2360 875 ,
2384 822 2471 865 aut
2501 826 2805 875 munerum,
2837 820 2931 864 aut
2960 826 3007 864 at
3026 811 3155 865 tium
3185 820 3551 878 repertarum,
3580 825 3707 865 cum

2104 904 2214 958 cari
2243 904 2467 959 fuissent
2490 906 2553 958 iis
2569 905 2765 975 quibus
2801 905 3268 974 imperitaverant,
3293 905 3347 959 in
3374 904 3704 960 memoriam

2104 1003 2231 1050 sunt
2278 997 2599 1052 consecrati.
2646 996 2799 1065 Quod
2853 995 2898 1052 si
2953 998 3074 1070 quis
3114 996 3345 1063 dubitet,
3383 1012 3476 1053 res
3511 1012 3705 1051 eorum

2102 1096 2302 1160 gestas,
2337 1098 2392 1145 et
2429 1089 2567 1147 facta
2591 1090 2919 1154 consideret,
2949 1104 3071 1162 qua:
3103 1093 3354 1149 universa
3388 1101 3496 1149 tam
3517 1102 3702 1165 poclm

2105 1198 2265 1256 quam
2297 1183 2540 1242 historici
2570 1193 2783 1242 veteres
2816 1185 3194 1256 prodiderunt.

2714 1338 2944 1395 CAPUT
2974 1338 3068 1397 1X.

2411 1473 2492 1531 De
2525 1471 2746 1530 Hercule
2771 1482 2816 1530 et
2846 1475 2957 1546 ejus
2986 1476 3083 1530 vita
3112 1480 3161 1531 et
3197 1482 3375 1532 morte.

2177 1636 2458 1702 Hercules,
2509 1636 2596 1707 qui
2635 1636 2705 1693 ob
2752 1635 3008 1693 virtutem
3052 1636 3407 1705 clarissimus,
3456 1645 3509 1692 et
3551 1638 3707 1708 quasi

2104 1727 2392 1785 Africanus
2423 1729 2567 1784 inter
2606 1727 2744 1784 deos
2770 1728 3022 1795 habetur,
3077 1743 3261 1786 nonne
3297 1729 3488 1785 orbem
3521 1736 3707 1797 terra),

405 1843 512 1901 tur,
547 1848 684 1906 quos
711 1833 947 1905 imperiti
986 1843 1042 1890 et
1080 1831 1402 1905 insipientes
1447 1842 1701 1904 tanquam
1758 1830 1893 1886 deos
1946 1837 2001 1884 et
2031 1820 2080 1881 B
2106 1836 2265 1897 quem
2294 1835 2613 1893 peragrasse
2635 1836 2698 1878 ac
2713 1835 3044 1894 cspurgasse
3062 1831 3336 1893 narratur,
3368 1825 3620 1895 stupris,
3646 1824 3707 1879 li-

1725 1961 2087 2024 VARIORUM
2125 1955 2357 2016 NOTAE.

404 2113 644 2169 nimirum
660 2120 715 2164 ut
737 2110 1002 2181 generem?
1026 2108 1157 2179 Ipsa
1184 2106 1429 2179 progenie
1450 2106 1574 2181 quid
1596 2122 1724 2173 opus
1746 2102 1850 2158 est?
1871 2100 1999 2181 “(eo

403 2185 566 2240 verba
588 2172 786 2254 desunt
804 2253 810 2254 ί
829 2182 881 2236 in
925 2172 1111 2254 Gztlltiii
1140 2172 1376 2254 editione
1404 2194 1431 2254 ςΔ
1450 2172 1702 2254 leguntur
1729 2184 1923 2254 tamen.
1945 2172 1995 2254 in

404 2255 596 2313 eximia
625 2253 934 2309 Coloniensi
976 2251 1214 2306 editione
1254 2250 1378 2304 anni
1418 2244 1569 2313 15“,
1605 2256 1659 2303 et
1689 2248 1740 2301 in
1772 2244 1997 2300 Betuleii

402 2327 631 2395 aliisque
679 2323 901 2378 multis:
955 2322 1050 2395 sed
1101 2322 1296 2395 absunt
1341 2337 1371 2375 a
1424 2337 1556 2395 mss.
1603 2318 1802 2395 qutejn
1830 2316 1999 2395 altera

404 2387 560 2469 parte
602 2404 741 2450 notte
788 2394 1097 2469 superioris
1134 2392 1461 2469 referuntur.
1513 2387 1635 2447 llud
1669 2387 1854 2445 referri
1888 2402 2001 2458 pos-

403 2464 530 2525 sunt
556 2469 718 2523 verba
740 2511 756 2535 ,
786 2464 907 2537 quae
934 2476 1061 2522 sunt
1086 2466 1138 2521 in
1170 2464 1421 2534 Orpltiois
1445 2481 1458 2517 :

590 2617 676 2664 Zsite
697 2616 812 2668 ἁμήν
834 2618 971 2667 ﬁrm,
993 2612 1075 2662 ζὼς
1097 2609 1283 2665 ἄμϐροτος
1306 2611 1436 2653 [thro
1458 2612 1597 2664 vitm;

403 2731 484 2787 sic
511 2734 541 2784 a
568 2728 794 2787 Soraico
827 2726 1035 2784 reddita
1064 2746 1074 2781 :

497 2844 797 2907 Progenitor
814 2843 1134 2907 genitrisque
1156 2840 1336 2898 Deum,
1350 2836 1490 2891 Deus
1508 2851 1636 2890 unus
1656 2844 1710 2888 et
1729 2838 1904 2888 omnis.

403 2972 652 3027 Attamen
707 2970 955 3040 opinatur
1000 2962 1486 3040 Tliomasiusghaec
1529 2962 1799 3040 eradenda
1842 2976 1995 3027 esse,

402 3042 548 3098 velut
592 3033 889 3112 glosséma.
919 3040 1060 3110 quod
1090 3055 1155 3095 ex
1187 3036 1426 3112 margine
1448 3037 1499 3090 in
1529 3044 1730 3090 textum
1761 3033 1996 3112 irrepse-

402 3114 492 3169 rit.
545 3105 674 3168 Si'ne
718 3113 799 3167 his
848 3105 1027 3185 verbis
1071 3105 1338 3185 sententia
1393 3117 1477 3162 est
1509 3117 1709 3176 optima
1740 3117 1793 3160 et
1821 3105 1997 3160 oratio
2023 3121 2068 3185 ρ

402 3186 670 3241 el'lleacior
694 3202 707 3249 ;
739 3184 928 3238 eradas
956 3185 1115 3252 igitur
1140 3183 1183 3235 si
1212 3181 1367 3234 velis.

473 3256 655 3309 Coitio.
691 3247 795 3311 Pro
821 3247 1005 3318 coitus',
1019 3252 1339 3315 concubitus;
1362 3248 1668 3314 utSolinus,
1685 3247 1996 3303 desiderium

403 3327 657 3382 coitionis.
684 3326 961 3382 BUNEIAN.

477 3396 714 3466 Quando.
759 3397 847 3453 Sic
872 3397 1067 3466 passim
1098 3393 1410 3451 Laclantius
1431 3408 1528 3463 pro
1556 3389 1989 3462 quandoquidem.

402 3469 590 3525 Plures
619 3485 773 3536 tttss.,
805 3470 1064 3536 quoniam.

474 3538 600 3595 Cum
659 3532 832 3604 Deus,
865 3541 952 3609 qui
993 3548 1064 3594 est
1112 3538 1455 3606 omnipotens,
1488 3535 1597 3590 sine
1627 3550 1754 3592 usu.
1800 3543 1905 3590 etc.
1936 3532 1991 3609 in

400 3611 675 3669 nonnullis
724 3623 842 3681 post
875 3604 1205 3679 omnipotens
1237 3604 1476 3681 sequitur
1502 3612 1555 3659 ut
1585 3615 1815 3681 vocatur,
1850 3604 1991 3681 quod

401 3685 581 3754 inepte
609 3675 737 3754 addi
759 3694 941 3739 censet
968 3675 1295 3747 Tltontasius,
1317 3675 1485 3735 lretus
1511 3678 1830 3754 angoritate
1855 3675 1993 3754 anti-

400 3748 508 3826 qui'
534 3753 736 3810 codicis
791 3755 996 3810 Bonan.
1047 3753 1385 3819 aliorumque
1424 3764 1554 3804 mss.
1585 3748 1655 3804 Et
1689 3762 1820 3826 sane
1854 3748 1993 3803 Deus

402 3821 510 3880 non
564 3825 737 3881 solum
786 3836 1032 3891 vocatur,
1083 3840 1269 3879 verum
1300 3837 1485 3878 revera
1512 3831 1592 3875 est
1623 3821 1989 3888 otnnipotens,

402 3906 459 3950 ut
499 3908 554 3952 et
596 3898 829 3969 gentiles
873 3898 973 3969 ipsi
1017 3894 1145 3953 illud
1183 3896 1422 3951 divinum
1457 3892 1773 3947 attributum
1800 3904 1993 3961 agnos—

400 3977 549 4024 cunt.
577 3968 861 4026 Caucasus.

476 4036 691 4095 Minutis
742 4040 1068 4114 animalibus.
1125 4038 1329 4111 Apibus
1382 4049 1599 4114 nempe.
1652 4031 1788 4114 Vide
1843 4032 1988 4114 .Virg.

401 4108 598 4181 Georg.
636 4127 712 4178 tv,
763 4124 815 4166 et
870 4111 1138 4175 Plinium;
1173 4103 1321 4164 inter
1360 4103 1664 4181 neotericos
1710 4103 1989 4181 Clusium,

403 4175 574 4250 vulgo
593 4181 655 4236 de
686 4175 893 4238 Leeluse
914 4184 982 4237 de
1000 4182 1362 4238 Generatione
1380 4176 1579 4248 Apum.
1604 4175 1748 4250 Istud
1773 4191 1902 4250 vero
1924 4177 1991 4230 de

402 4248 576 4321 Apum
601 4256 949 4323 generatione
984 4256 1143 4307 habet
1170 4251 1566 4323 Quintilianus.
1598 4248 1990 4323 declamatione

404 4319 473 4378 15
504 4342 518 4378 :
550 4319 704 4380 Abest
728 4327 939 4380 inimica
984 4319 1227 4379 virtutum
1266 4320 1503 4391 voluptas
1541 4321 1695 4375 castis
1730 4321 1841 4373 sine
1878 4319 1991 4391 lube

400 4397 719 4465 corporibus.
764 4398 905 4451 Soltc
943 4399 1167 4450 onmiunt
1207 4412 1306 4448 non
1348 4390 1502 4448 edunt
1551 4398 1719 4465 fretus,
1772 4390 1865 4445 sed
1901 4390 1987 4461 fa-

400 4468 562 4533 ciunt,
592 4477 639 4521 et
668 4479 720 4522 ut
755 4478 949 4541 Oportet
990 4468 1181 4523 animal
1211 4466 1541 4533 laboriosum,
1579 4481 1640 4520 ea:
1674 4478 1824 4533 opere
1862 4479 1985 4517 nas-

400 4546 604 4597 cuntur.

472 4604 521 4661 E
564 4610 705 4681 [aliis
754 4620 921 4665 natos.
966 4609 1174 4681 Virgilii
1221 4608 1385 4666 verba
1438 4618 1560 4665 sunt
1619 4607 1686 4664 de
1746 4605 1938 4677 apibus
1966 4647 1980 4672 ν

401 4679 596 4750 Georg.
632 4682 721 4736 lib.
749 4692 822 4750 tv,
854 4698 995 4740 vers.
1019 4679 1146 4737 200.

476 4747 610 4819 Quia
636 4747 1041 4825 Reges’ntaximi
1089 4770 1149 4807 ac
1192 4752 1524 4825 potentissimi
1571 4753 1794 4825 fuerunt.
1848 4747 1978 4802 Mss.

400 4821 552 4897 Coll).
598 4836 651 4897 cut
694 4821 880 4891 Erum,
907 4826 1113 4897 fuerint.
1160 4821 1421 4879 Maximus
1442 4821 1660 4897 Tyrius,
1696 4822 1979 4897 Dissertat.

400 4895 491 4956 58.
514 4900 603 4950 xui
620 4890 872 4963 "siluisse,
891 4890 996 4952 etc.
1018 4896 1079 4950 Et
1102 4897 1268 4950 (irini
1291 4890 1502 4969 quidem
1518 4895 1663 4969 bonis
1684 4899 1837 4969 etiam
1861 4890 1981 4944 viris

398 4983 547 5021 sacra
577 4971 771 5037 faciunt
792 5009 807 5033 ,
835 4962 1048 5037 quorum
1075 4962 1315 5023 virtutum
1357 4968 1653 5021 memoriam
1694 4962 1976 5037 celebrant,

398 5033 713 5093 calamitates
740 5033 856 5093 vero
892 5040 1149 5095 omittunt.
1184 5040 1249 5094 Et
1279 5042 1448 5093 multo
1473 5046 1601 5091 ante
1629 5038 1698 5089 ita
1732 5033 1980 5087 Persa-us

397 5108 667 5176 Cittieus.,
721 5110 768 5164 is
832 5127 989 5181 quem
1044 5112 1245 5167 Aratus
1321 5109 1605 5181 Sicyonius
1657 5104 1980 5181 Acrocorin-

398 5182 493 5234 tlto
520 5166 712 5248 ejeci't;
766 5191 821 5236 et
849 5166 1051 5238 'Ciccro
1091 5166 1234 5240 lib.t
1279 5182 1347 5237 de
1383 5166 1506 5235 Nat.
1548 5179 1703 5232 deor.
1761 5166 1978 5248 Perseus

400 5246 881 5329 (scribePcrsgeus.
895 5265 963 5329 _ut
990 5248 1725 5329 Graecc,ttrpaato;)lcnonis
1748 5246 1975 5329 auditor,

396 5318 480 5377 eos
505 5325 627 5377 dicit
656 5324 853 5379 habitos
879 5324 1038 5391 Deos,
1063 5344 1095 5379 a
1121 5318 1302 5391 quibu's
1334 5318 1519 5392 magna
1548 5320 1742 5373 utilitas
1772 5318 1840 5371 ad
1864 5319 1979 5371 vitta

394 5394 589 5448 cultum
616 5407 743 5449 esset
771 5398 996 5460 inventa,
1024 5399 1265 5466 ipsasque
1300 5411 1380 5446 res
1409 5392 1559 5466 utiles
1582 5395 1799 5466 deorum
1823 5405 1976 5466 uoca.

394 5466 527 5520 bulis
554 5482 892 5536 nuncupatas,
925 5460 1203 5523 ctcCVide
1233 5466 1463 5536 Doctiss.
1494 5463 1655 5536 Voss.
1684 5460 1753 5515 de
1783 5460 1971 5536 Idolol.

393 5536 598 5618 §uidas_
618 5539 666 5592 in
690 5533 887 5618 Σερούχ
914 5552 967 5594 et
993 5535 1435 5618 Damasceuz‘lib.
1460 5538 1526 5618 de
1551 5533 1980 5618 Htercsminquit

390 5603 777 5676 Elmenltorsti,
817 5603 1067 5665 auctores
1116 5617 1264 5671 sunt,
1308 5606 1609 5663 Serucltum
1636 5645 1651 5669 ,
1692 5603 1977 5659 defunctos

386 5691 704 5750 prteStantes
734 5686 882 5736 viros
910 5680 1146 5743 adorari,
1175 5688 1229 5732 et
1256 5678 1544 5747 quotannis
1572 5692 1757 5750 eorum
1779 5690 1979 5729 memo-

384 5748 519 5805 i'iam
549 5752 817 5807 celebrari
844 5751 1093 5819 jussisse,
1121 5759 1177 5804 et
1207 5751 1420 5804 illorum
1447 5750 1664 5803 nomina
1710 5748 1760 5800 in
1789 5761 1977 5802 sacros

382 5826 806 5880 commentarios
838 5819 1053 5891 referri,
1080 5829 1243 5893 atque
1270 5821 1400 5879 deos
1424 5836 1519 5879 eos
1542 5819 1797 5891 judicari,
1839 5828 1977 5874 tam-

2136 2108 2261 2149 uam
2287 2090 2667 2149 benefactores
2684 2109 2699 2157 ;
2719 2092 2846 2147 hinc
2859 2092 3093 2163 primum
3114 2099 3288 2147 ortam
3306 2091 3678 2149 idololatriam
3692 2139 3706 2162 ,

2136 2110 2261 2149 nam
2288 2110 2699 2157 oenetacwres;
2722 2110 2846 2147 ntuc
2859 2110 3093 2163 prtmum
3114 2110 3288 2147 ortam
3306 2110 3678 2149 tuomtatrtam
3692 2139 3704 2162 ,

2099 2110 2436 2234 ﬂeorumqne
2460 2164 2842 2233 pluralitatem.
2873 2163 3009 2219 Vide
3042 2164 3202 2218 etiam
3234 2164 3327 2219 lib.
3366 2164 3670 2234 Sapientiae
3691 2210 3704 2233 ,

2101 2252 2151 2292 c.
2182 2253 2292 2303 xlv,
2317 2252 2368 2289 ν.
2403 2236 2510 2298 15ς
2545 2235 2922 2298 Athanasium,
2953 2235 3210 2289 adversus
3234 2246 3457 2304 gentes;
3497 2237 3705 2293 Euseb.

2103 2324 2142 2381 ι,
2174 2324 2293 2381 cap.
2346 2309 2410 2368 6;
2442 2306 2802 2381 Theodoret.,
2833 2323 2998 2361 sertn.
3028 2322 3083 2381 ut
3109 2322 3124 2371 ;
3167 2306 3443 2381 Nasianz,
3474 2308 3635 2381 Orat.
3668 2326 3702 2377 ι,

2106 2377 2159 2435 in
2177 2379 2472 2436 Julianum.
2515 2379 2686 2444 Quem
2742 2378 2940 2442 locum,
2975 2378 3098 2447 quia
3141 2377 3401 2446 prolixior
3445 2388 3558 2444 est,
3619 2378 3703 2437 hic

2105 2467 2212 2521 non
2243 2449 2565 2505 describam.
2590 2449 2679 2521 §ic
2708 2458 2760 2502 ct
2785 2450 3084 2521 Cyprianus
3112 2458 3341 2521 tractatu
3366 2449 3520 2518 Quod
3558 2451 3701 2507 idola

2106 2520 2180 2577 dii
2213 2538 2317 2576 non
2362 2530 2527 2590 sunt:
2582 2517 2719 2574 Deos
2752 2517 2851 2574 non
2869 2517 3008 2583 esse,
3041 2536 3167 2590 quos
3192 2520 3374 2590 vulgus
3395 2517 3558 2585 colit,
3593 2523 3704 2578 hinc

2108 2604 2286 2648 notum
2313 2603 2404 2646 est.
2438 2586 2599 2663 Reges
2625 2592 2747 2645 olim
2772 2594 3010 2663 fuerunt,
3047 2586 3133 2661 qui
3168 2589 3228 2644 ob
3258 2586 3481 2662 regalem
3511 2611 3702 2648 memo-

2106 2667 2239 2719 riam
2267 2664 2365 2717 coli
2388 2663 2526 2732 apud
2553 2679 2675 2717 suos
2697 2666 3017 2733 postmodum
3046 2663 3199 2716 etiam
3240 2664 3294 2715 in
3343 2672 3506 2733 morte
3534 2682 3702 2733 caspe-

2106 2746 2245 2790 runt.
2288 2734 2423 2789 Inde
2452 2733 2555 2787 illis
2586 2734 2817 2787 instituta
2848 2732 3070 2802 templa;
3108 2733 3225 2787 inde
3247 2734 3315 2787 ad
3338 2732 3701 2802 defunctorum

2106 2808 2275 2861 vultus
2317 2820 2405 2876 per
2442 2807 2714 2876 imaginem
2754 2804 3049 2858 detinendos
3087 2818 3325 2874 expressa
3362 2804 3653 2876 simulacra
3684 2826 3699 2862 :

2105 2894 2225 2932 nam
2257 2874 2667 2948 ct‘imntolabant
2696 2876 2907 2934 hostias.
2927 2884 2973 2929 et
2999 2875 3105 2929 dies
3125 2879 3279 2948 festos
3310 2875 3482 2929 dando
3504 2880 3703 2933 [tonare

2105 2948 2440 3004 celebrabant.
2466 2944 2596 3002 Inde
2625 2948 2838 3017 posteris
2870 2950 3006 3071 ἕκτα
3037 2944 3152 3000 sunt
3183 2962 3351 3011 sacra,
3374 2962 3492 3021 qua:
3518 2952 3700 3018 primis

2107 3022 2311 3071 fuerant
2336 3028 2601 3071 assumpta
2630 3019 2836 3071 solatia.
2922 3038 2947 3070 c
2991 3016 3075 3071 his
3102 3015 3227 3071 vide
3258 3017 3406 3071 nluru
3436 3019 3503 3071 ad
3536 3020 3699 3071 huius

2105 3022 2311 3091 fuerant
2336 3028 2601 3089 assumpta
2625 3015 2836 3091 solatia.
2871 3015 2947 3091 De
2991 3016 3075 3072 his
3102 3015 3227 3091 vide
3258 3015 3406 3091 plura
3436 3015 3699 3091 ad’hujus

2106 3087 2201 3145 lib.
2229 3107 2349 3159 cap.
2385 3092 2470 3146 t5.
2508 3087 2643 3145 llinc
2670 3087 2895 3143 Tzetzes
2929 3089 2977 3142 in
3001 3090 3147 3143 varia
3187 3088 3427 3153 historia,
3464 3090 3531 3145 de
3559 3087 3697 3147 Her-

2101 3162 2222 3218 cule
2245 3158 2507 3226 scribens,
2557 3162 2905 3217 Ptolenueum
2949 3168 3223 3215 auctorem
3252 3160 3402 3226 citat,
3428 3164 3577 3230 quod
3610 3180 3696 3219 re-

2098 3248 2193 3304 ges
2216 3248 2403 3289 omnes
2442 3234 2604 3300 θεοὺς,
2649 3233 2882 3302 licginas
2904 3247 3033 3286 vero
3064 3232 3173 3294 θεὰς
3218 3231 3483 3302 appellari
3528 3233 3697 3290 fuerit

2100 3305 2338 3363 solitum.

2172 3374 2439 3430 Hercules.
2474 3373 2745 3446 integrum
2774 3382 2933 3439 caput
2960 3374 3175 3431 abondc
3206 3375 3438 3431 Illustrat
3460 3376 3696 3433 Menke-

2099 3463 2190 3502 rtts
2236 3449 2301 3501 ad
2356 3448 2572 3518 Hygin.,
2625 3462 2673 3502 ο.
2705 3446 2796 3511 29,
2838 3446 2929 3512 50,
2985 3462 3143 3517 quem
3178 3454 3337 3505 toties
3374 3449 3695 3506 exscribere

2098 3530 2202 3573 non
2236 3524 2318 3573 cst
2349 3534 2548 3573 meum.

2171 3590 2332 3658 Quasi
2352 3591 2646 3659 Africanus.
2677 3587 2858 3659 Scipio
2881 3586 3129 3645 videlicet
3159 3588 3447 3646 Africanus
3481 3601 3561 3646 tot
3593 3592 3696 3645 vir-

2099 3663 2301 3716 tutibus
2332 3661 2660 3717 celebratus.
2690 3661 2848 3713 Deest
2881 3660 3029 3729 quasi
3084 3662 3134 3715 in
3167 3678 3269 3716 tos.
3300 3679 3316 3718 ι
3348 3663 3691 3718 Claromont.

2096 3731 2154 3786 In
2184 3748 2312 3807 mss.
2331 3748 2477 3807 rec.t
2505 3732 2661 3807 lieg.,
2686 3731 2945 3807 tGolli.et
2971 3730 3160 3807 Brtm._,
3181 3746 3353 3804 gentes
3373 3735 3516 3807 apud
3546 3732 3697 3807 Afri-

2094 3819 2275 3858 canas.
2298 3803 2351 3857 id
2371 3812 2475 3867 est,
2496 3803 2636 3858 sicut
2654 3819 2759 3856 non
2775 3802 3077 3857 celebratur
3093 3802 3229 3859 alios
3250 3807 3389 3859 intt-r
3410 3802 3694 3861 Romanos

2094 3876 2345 3943 Scipione
2378 3890 2536 3930 nemo
2569 3875 2766 3929 virtute
2796 3877 3138 3943 praestantior
3167 3894 3177 3929 :
3213 3879 3294 3931 sic
3315 3878 3456 3932 inter
3486 3876 3692 3932 heroas

2095 3892 2178 3929 DCI
2226 3892 2345 3929 tunc
2378 3892 2536 3930 nemo
2569 3892 2766 3929 VII‘IUle
2796 3892 2967 3943 praesit

2095 3892 2272 4001 uulfus
2302 3946 2535 4001 Hercule
2555 3945 2821 4000 celebrior
2850 3943 2967 3999 fuit.

2166 4020 2239 4071 Ac
2259 4034 2589 4088 expurgasse.
2625 4016 2699 4088 lla
2740 4031 2869 4071 mss.
2899 4028 2950 4071 et
2978 4016 3107 4088 e_iliti
3136 4019 3287 4072 multi
3314 4060 3328 4084 ,
3380 4018 3691 4077 faventibus

2095 4104 2225 4144 mss.
2253 4090 2287 4142 2
2316 4086 2556 4154 Dorium,
2588 4088 2613 4141 1
2647 4087 2780 4159 Reg.
2815 4097 2948 4159 vet.,
2982 4086 3143 4155 Tax.,
3175 4091 3196 4142 1
3235 4088 3409 4159 Lips.,
3440 4092 3474 4145 5
3501 4090 3689 4157 Colb.,

2094 4162 2120 4216 1
2181 4161 2441 4223 Clarom.,
2476 4159 2639 4213 Bl‘llll.
2690 4157 2751 4212 et
2774 4157 2860 4214 ed.
2895 4159 3051 4213 Rom.
3101 4161 3263 4228 M70,
3301 4157 3353 4215 in
3399 4157 3605 4230 quibus
3635 4179 3693 4216 ac

2092 4248 2354 4302 purgasse.
2378 4230 2432 4284 In
2457 4233 2474 4285 l
2502 4230 2899 4302 licg.,5llolli.,
2918 4231 3072 4298 Juu.,
3102 4231 3510 4297 Ultr.,C|trist.,
3533 4232 3688 4298 Em..

2090 4301 2151 4356 ac
2171 4301 2491 4374 expugnasse
2513 4318 2531 4355 :
2558 4314 2677 4372 quin
2706 4301 3005 4374 lectio‘pra:
3032 4305 3244 4357 caeteris
3296 4305 3503 4359 arridet
3542 4321 3688 4360 tton-

2092 4372 2276 4428 nullis.
2312 4372 2414 4428 Ηω
2458 4372 2579 4427 dua:
2625 4387 2785 4427 voces
2830 4372 3075 4428 Walcltio
3116 4374 3405 4441 superﬂua:
3458 4388 3586 4431 esse
3638 4385 3692 4430 et

2090 4446 2359 4518 glossema
2410 4459 2600 4518 sapere
2649 4445 2921 4518 videntur.
2957 4446 3049 4498 Est
3077 4455 3255 4500 autem
3306 4463 3567 4518 purgare,
3608 4449 3690 4502 in-

2012 4511 2067 4571 D
2092 4511 2206 4588 quit
2245 4513 2527 4588 Cellarius,
2550 4531 2587 4588 _a
2629 4517 2890 4588 monstris
2920 4525 2975 4570 et
3005 4518 3247 4588 tyrannis
3296 4511 3560 4573 liberare;
3604 4519 3679 4573 De

2090 4585 2318 4642 Hercule
2348 4586 2503 4657 vide
2543 4586 2601 4642 S.
2638 4585 2888 4641 Basiliam
2930 4585 3181 4657 magnum
3208 4630 3221 4651 ,
3265 4603 3429 4643 serm.
3489 4587 3589 4657 2|,
3634 4596 3685 4645 et

2088 4657 2146 4715 S.
2178 4656 2450 4713 Asterium
2479 4656 2805 4713 Amasenum
2832 4656 3039 4728 cpisc.,’
3060 4673 3224 4714 scrin.
3262 4660 3355 4715 10.

2159 4750 2386 4817 Stupris.
2430 4748 2542 4804 Hoc
2586 4761 2902 4820 argumento
2926 4752 3086 4822 etiam
3117 4751 3425 4822 Arnobius,
3476 4751 3572 4808 lib.
3603 4771 3678 4822 tv,

2084 4821 2201 4892 ejus
2270 4822 2607 4896 Divinitatcm
2656 4819 2966 4896 oppugnat;
3004 4819 3418 4896 Utrﬂfrcules,
3464 4819 3675 4896 inquit,

2081 4904 2287 4979 iunctus
2315 4894 2642 4979 deus,_ttatas
2671 4893 3045 4979 quinquaginta
3061 4895 3124 4947 de
3146 4893 3349 4977 Tltestio
3368 4893 3477 4979 (vel
3503 4893 3679 4979 potius

2086 4962 2343 5033 Thespia)
2372 4974 2515 5018 nocte
2543 4980 2647 5037 una
2674 4963 2956 5037 perdocuit,
2988 4975 3033 5018 et
3052 4980 3233 5019 nomen
3253 4962 3566 5037 virginitatis
3588 4986 3677 5023 ex—

2083 5051 2287 5103 ponere,
2345 5044 2393 5089 et
2437 5035 2738 5104 genitricutn
2780 5035 3007 5102 pondera
3057 5035 3343 5091 sustinereﬁ
3380 5039 3676 5093 Pausanias

2081 5107 2249 5183 Baeol.
2270 5106 2533 5183 :Hpaxits'ot
2558 5115 2677 5183 rati:
2702 5108 2986 5183 θνγατράςῃ
3004 5148 3020 5173 ,
3062 5117 3168 5183 etc.
3211 5107 3356 5183 Haec
3381 5111 3451 5163 ita
3479 5111 3555 5183 _la
3566 5113 3677 5165 tine

2081 5181 2241 5233 vertit
2270 5177 2532 5231 Romulus
2565 5177 2881 5232 Amaste’us':
2925 5178 3198 5233 Herculem
3239 5180 3450 5235 tradunt
3473 5178 3677 5235 Thestii

2080 5250 2218 5317 ﬁlias
2241 5250 2613 5319 quinquaginta
2644 5252 2753 5319 (tot
2783 5250 2917 5303 enim
2944 5254 3120 5320 erant)
3169 5251 3344 5305 cadent
3366 5260 3514 5305 nocte
3544 5268 3675 5306 eon-

2079 5332 2360 5390 stuprasse,
2415 5337 2521 5374 una
2548 5331 2757 5389 excepta
2787 5337 2805 5375 :
2841 5337 2976 5386 eant,
3001 5338 3113 5375 cum
3144 5321 3254 5376 sola
3286 5324 3489 5391 obsequi
3524 5340 3675 5376 recu-

2078 5402 2255 5458 sasset,
2305 5394 2617 5447 sacerdotem
2651 5392 2744 5445 sibi
2776 5405 3030 5464 perpetua:
3055 5393 3362 5463 virginitatis
3412 5396 3522 5464 lege
3549 5396 3675 5448 data

2079 5464 2276 5534 legisse.
2313 5464 2497 5516 Audivi
2543 5463 2903 5534 tamenﬁalios.
2953 5465 3041 5534 qui
3076 5479 3249 5518 omnes
3281 5465 3431 5534 plane
3464 5463 3674 5520 Thestii

2078 5533 2444 5605 quinquaginta
2461 5535 2596 5602 filias
2613 5535 2675 5587 ab
2702 5533 2928 5588 Hercule
2948 5533 3121 5591 eadem
3149 5552 3251 5589 una
3275 5533 3422 5589 nocte
3444 5537 3670 5601 uitiatas,

2079 5604 2125 5660 et
2165 5607 2210 5659 ei
2264 5604 2496 5675 singulas
2549 5620 2715 5660 mares
2770 5605 2905 5673 ﬁlios
2951 5607 3207 5677 peperisse
3252 5617 3570 5669 narrarent;
3629 5617 3675 5661 ct

2113 5678 2281 5731 uident
2353 5678 2581 5747 geminos
2619 5716 2634 5742 ,
2728 5687 2851 5731 natu
2922 5682 3198 5732 maximam
3262 5687 3311 5730 et
3383 5679 3671 5731 minimam.

2126 5750 2287 5803 stian.
2310 5757 2484 5802 contr.
2515 5748 2755 5819 Graecos,
2787 5748 3119 5804 Tlteodorin.
3152 5750 3220 5804 de
3248 5749 3676 5819 lliarlyr.contra

2078 5817 2254 5876 Graec.
2285 5835 2394 5877 ser.
2438 5819 2492 5887 8,
2524 5818 2778 5876 Clemens
2803 5820 3207 5877 Alexandrinus
3234 5820 3335 5875 hoc
3365 5817 3507 5875 idem
3541 5821 3677 5875 Iler-

3600 322 3710 382 186
3806 330 3807 382 1
