3838 6278
114 399 215 454 137
1210 399 1419 459 Lmen
1459 401 1498 457 l.
1546 400 1634 481 ne
1666 402 1670 456 ι

1846 404 1887 459 A
1927 396 2318 464 RELIGIONB.
3285 412 3391 470 158

101 517 366 575 bidinibus
389 557 406 586 ,
444 516 732 575 adulteriis
770 518 1111 590 inquinavit?
1140 536 1243 579 nec
1282 524 1479 579 mirum
1498 563 1515 591 ,
1566 537 1687 580 cum
1714 523 1769 586 Α
1794 524 2024 598 Orator)
2053 531 2199 583 tanta
2229 527 2333 593 vis,
2360 536 2482 598 quae
2505 538 2611 581 non
2638 524 2783 581 l‘erro
2803 539 2866 581 ac
2888 522 3090 581 viribus
3116 523 3388 583 debilitari

101 610 517 669 essetadultcrio
539 611 757 683 genitus
781 613 1080 671 Alcmena.
1106 616 1244 684 Quid
1270 616 1486 671 tandem
1515 616 1690 687 potuit
1790 618 2073 691 frangique
2118 620 2308 690 possit.
2358 621 2424 673 At
2469 619 2710 673 animum
2762 617 3003 684 vincere,
3048 616 3387 675 iracundiam

106 707 158 762 in
181 721 244 763 eo
271 719 391 761 esse
417 705 604 771 divini,
630 706 751 777 quis
772 706 885 765 suis
907 707 1025 779 ipse
1069 709 1218 765 vitiis
1243 710 1604 780 mancipatus,
1633 718 1689 766 et
1790 710 2067 780 cohibere,
2093 709 2374 785 fortissimi
2404 721 2488 765 est
2513 726 2527 763 ε
2555 724 2678 781 quae
2708 709 2800 765 ille
2830 724 2931 766 nec
2960 709 3085 767 fecit
3112 722 3350 785 unquam
3369 754 3385 777 ,

107 811 272 855 mares
299 805 355 852 et
380 796 631 853 immittas
661 807 854 855 contra
900 815 1092 858 omnes
1130 802 1279 875 leges
1310 803 1552 869 infamia,
1584 804 1685 859 de-

105 892 322 959 decore,
356 890 560 962 ﬂagitio
588 890 808 947 aﬁ‘eeit?
852 893 959 949 Sed
1011 909 1080 950 ne
1119 895 1211 951 illa
1264 896 1506 967 quidem,
1564 912 1685 967 quat

100 1000 280 1055 magna
322 994 378 1039 et
406 984 674 1040 mirabilia
705 986 893 1055 gessit,
925 987 1050 1042 talia
1085 988 1379 1057 judicanda
1419 1001 1583 1060 sunt;
1625 1000 1686 1048 ut

94 1076 379 1133 virtutibus
417 1076 616 1133 divinis
667 1078 955 1135 tribuenda
1002 1081 1309 1136 videantur.
1352 1082 1493 1151 Quid
1533 1085 1681 1139 enim

93 1181 195 1227 tam
231 1170 578 1242 magniﬁcum
602 1214 618 1238 ,
663 1173 710 1229 si
737 1173 949 1230 leonem
974 1190 1275 1246 aprumque
1303 1178 1603 1247 superavit,
1637 1176 1684 1234 sl

90 1280 213 1320 aves
241 1266 461 1337 sagittis
490 1265 714 1336 dejecit,
747 1267 792 1323 si
820 1269 1028 1340 regium
1055 1270 1327 1326 stabulum
1350 1273 1589 1344 egessit,
1635 1274 1679 1329 si

87 1358 383 1429 viraginem
438 1360 605 1425 vicit,
651 1360 1039 1432 cingulumque
1093 1362 1369 1431 detraxit,
1422 1365 1469 1420 si
1514 1381 1683 1438 equos

82 1449 294 1507 feroces
317 1466 443 1507 cum
471 1450 694 1506 domino
716 1452 1032 1508 interemit?
1052 1452 1231 1524 Opera
1253 1464 1382 1510 sunt
1400 1456 1500 1511 ista
1528 1455 1685 1514 fortis

79 1545 200 1611 viri,
262 1545 507 1601 hominis
563 1556 768 1605 tamen.
811 1547 906 1603 Illa
960 1550 1128 1619 enim,
1180 1567 1303 1620 qua:
1336 1552 1482 1621 vicit,
1520 1553 1683 1625 fragi-

1790 816 1890 860 nec
1919 802 2269 873 potuitMlaec
2291 803 2384 872 qui
2415 802 2596 869 faciat,
2617 814 2726 856 non
2744 815 2846 871 ego
2866 812 2989 856 eum
3019 816 3143 857 cum
3161 802 3389 859 summis

1785 897 1918 952 viris
1945 909 2235 965 comparo;
2260 896 2354 950 sed
2386 895 2720 951 simillimum
2740 895 2851 949 Deo
2870 894 3076 964 judico.

1861 985 2065 1045 Vellem
2089 986 2376 1059 adjecisset
2414 989 2481 1044 de
2519 988 2762 1055 libidine,
2795 988 3036 1053 lumria,
3066 986 3387 1058 cupiditate,

1786 1082 2103 1147 insolentia;
2138 1091 2197 1135 ut
2235 1081 2490 1137 virtutem
2520 1082 2640 1151 ejus
2666 1081 2933 1151 impleret,
2966 1095 3125 1152 quem
3156 1081 3386 1138 similem

1787 1175 1902 1230 Deo
1938 1173 2234 1244 judicabat.
2279 1173 2397 1228 Non
2443 1174 2588 1229 cultu
2633 1170 2827 1229 fortior
2857 1173 3124 1243 putandus
3148 1179 3267 1240 est,
3297 1176 3386 1247 qui

1787 1269 2021 1337 leonem,
2037 1280 2198 1340 quam
2224 1270 2315 1338 qui
2336 1267 2628 1323 violentam
2652 1268 2706 1322 in
2729 1268 2910 1338 seipso
2930 1267 3192 1323 inclusam
3216 1268 3387 1326 feram

1787 1371 2027 1434 superat,
2060 1362 2423 1429 iracundiam:
2473 1368 2564 1416 aut
2599 1363 2688 1432 qui
2732 1361 3113 1433 rapacissimas
3138 1363 3389 1420 volucres

1788 1456 2017 1529 dejecit,
2049 1470 2208 1528 quam
2255 1456 2346 1527 qui
2381 1455 2705 1526 cupiditates
2755 1455 3096 1513 avidisslmas
3137 1464 3385 1524 coercet;

1792 1558 1886 1607 ant
1912 1551 2005 1622 qui
2034 1553 2360 1605 Amazonem
2391 1542 2726 1604 bellatricem
2750 1589 2762 1612 ,
2791 1562 2952 1618 quam
2984 1547 3074 1620 qui
3105 1546 3386 1606 libidinem

76 1638 146 1695 lia
195 1648 255 1696 et
292 1640 544 1696 mortalia
584 1639 821 1697 fuerunt.
875 1639 1031 1698 Nulla
1075 1644 1221 1700 enim
1259 1654 1343 1701 est
1382 1646 1570 1718 (quod
1616 1647 1692 1703 ait
1720 1633 1768 1693 Β
1796 1645 1993 1711 vincit,
2038 1642 2258 1714 pudoris
2299 1654 2362 1697 ac
2405 1640 2563 1697 l‘amae
2600 1630 3038 1708 debellatricem;
3071 1648 3163 1697 aut
3203 1641 3293 1714 qui
3326 1642 3386 1698 li-

1416 1788 1774 1862 VAatonUM
1825 1800 2057 1860 NOTAE.

77 1943 177 1999 culi
218 1938 414 2014 objicit
472 1941 524 1994 in
578 1939 849 2014 Protrept.
895 1941 1089 1998 Suidas
1126 1943 1179 1998 in
1208 1943 1494 2007 θεσπιάδες.
1547 1945 1675 2014 Epi-

79 2014 238 2085 phan.
266 2011 606 2085 Anchorato,
636 2010 889 2085 Nazianz.
922 2022 1062 2067 erat.
1099 2028 1113 2067 l
1148 2016 1200 2068 in
1227 2015 1425 2070 Julian.
1458 2010 1674 2070 ELuéN-

82 2081 264 2141 nonor.
295 2111 373 2123 --
397 2081 468 2137 Et
496 2097 606 2158 non
633 2084 808 2138 solum
858 2084 955 2158 has
982 2087 1369 2156 quinquaginta
1397 2101 1673 2158 compres-

82 2159 167 2219 sit,
207 2169 396 2213 verum
437 2162 491 2209 et
530 2154 775 2210 Elienscs
814 2155 1077 2215 mulieres
1122 2154 1246 2212 cuni
1285 2154 1538 2214 exercitu
1572 2173 1671 2213 suo

84 2224 441 2307 concumbere
478 2225 742 2307 permisit.
963 2224 1286 2307 “lliodorum
1333 2226 1571 2307 Siculum
1607 2228 1671 2283 li~

84 2299 177 2353 bro
207 2313 276 2352 iv.
305 2295 664 2368 Chalciopen,
698 2295 939 2368 Eur'ypili
960 2295 1161 2365 tiliam,
1197 2300 1443 2354 vitiavit:
1479 2300 1666 2365 lolein,

87 2368 265 2439 Euryti
298 2365 463 2439 ﬁliam
486 2406 502 2432 ,
550 2367 601 2421 vi
641 2365 898 2422 abstulit:
931 2368 1047 2435 ejus
1075 2371 1392 2424 concubitus
1421 2385 1544 2425 cum
1575 2373 1668 2425 Al-

88 2438 400 2504 cimedontis
433 2439 575 2504 lilia,
614 2452 745 2504 etc.,
781 2438 1011 2496 diversis
1052 2440 1186 2497 locis
1227 2441 1523 2498 Pausanias
1554 2452 1665 2498 trao

90 2512 179 2567 dii.
208 2508 271 2566 ν.
309 2499 633 2564 Betuieiuni.

156 2582 421 2652 Alcm'emr.
461 2579 853 2651 Ampliilrionis
893 2582 1095 2636 uxoris.
1147 2580 1417 2638 Arnobius
1446 2582 1538 2639 llb.
1590 2599 1662 2652 ιν,

89 2654 267 2710 scribit
297 2672 309 2707 :
338 2649 524 2706 Jovem
567 2649 619 2705 in
665 2653 908 2705 Alcmena
936 2667 1111 2706 novent
1139 2655 1393 2709 continuis
1438 2649 1668 2711 noctibus

93 2726 435 2798 pervigilasse;
465 2734 617 2798 atque
643 2741 705 2779 ex
735 2723 826 2778 illo
863 2724 1131 2798 concubitu
1160 2734 1336 2798 natum
1368 2725 1665 2795 Herculem,

92 2795 167 2864 qui
196 2795 613 2867 patristransivit
649 2797 1067 2867 exsuperavitque
1096 2796 1149 2849 in
1180 2797 1478 2867 Itujusmodi
1517 2798 1670 2853 rebus

94 2864 301 2922 virtutes.
332 2866 445 2921 Hoc
479 2868 639 2920 etiam
674 2875 902 2937 testatur
930 2864 1185 2937 Clemens
1217 2864 1509 2937 l‘rotrept.,
1544 2869 1671 2925 Sero

98 2941 262 2995 viusiu
287 2936 941 2992 vn1£neid.ctLucian.
969 2936 1101 2990 Dial.
1134 2938 1288 2991 deor.
1307 2936 1552 2993 scrilmnt
1578 2940 1670 2995 Jo-

94 3026 202 3064 vem
230 3010 540 3064 trinoctium
563 3050 579 3075 ,
614 3009 786 3062 Plaut.
824 3008 1035 3078 Prolog.
1069 3008 1338 3076 Amphitr.
1369 3026 1527 3065 unam
1557 3010 1668 3065 sal-

98 3093 216 3148 tem,
247 3081 336 3135 sed
376 3080 716 3151 longiorem;
753 3079 972 3151 Hieron.
1019 3089 1151 3133 tom.
1184 3094 1239 3140 ti,
1275 3080 1489 3136 advers.
1528 3082 1670 3151 Vigi-

100 3148 861 3246 [ξξξιοιξπιξηιιῖρῐῐρζυξηξξιί·
891 3150 1306 3246 {Aeetaae-
1345 3154 1533 3246 ’ἔχει
1551 3148 1668 3246 fit:
1697 3182 1741 3246 ρ

95 3227 195 3292 gin.
222 3221 439 3285 l'abII’i‘J.
495 3222 629 3276 duas
660 3232 846 3276 noctes
889 3226 1335 3291 congemiuassu,
1388 3221 1514 3278 dum
1546 3221 1667 3280 cum

99 3296 332 3350 Alcmena
357 3295 544 3348 cubat.
581 3293 969 3351 Eauesnonsr.

164 3366 334 3421 Gessit.
365 3367 499 3420 Mss.
532 3365 725 3419 ιϐιιιι).
753 3376 808 3419 et
834 3360 998 3417 Brnn.
1026 3362 1250 3429 addunt,
1277 3372 1330 3418 ut
1357 3364 1527 3419 vultis.

163 3436 384 3492 Leonem.
419 3437 700 3493 Nenltlllllll
732 3433 1021 3505 discerpsit
1047 3452 1110 3491 ac
1141 3434 1475 3491 dilaceravit.
1509 3436 1666 3492 Ovid.

97 3507 425 3578 Metauiorplt.
458 3511 554 3562 lib.
582 3522 660 3573 Ix,
694 3506 801 3560 fab.
827 3505 880 3560 5.

164 3574 459 3649 Aprumque.
514 3577 822 3649 Menalium,
867 3577 997 3649 sive
1040 3574 1671 3649 Erymantliium,‘Arcav

97 3642 536 3706 dim'vastatorem
561 3650 707 3718 cepit
733 3648 932 3703 vivum.
968 3642 1131 3703 Ovid:
1152 3642 1535 3719 lictarmorph.
1568 3652 1660 3707 lib.

99 3736 169 3780 ix.
204 3722 303 3775 lab.
331 3720 546 3776 3.—Si
568 3721 763 3775 leonem
792 3736 1092 3789 aprumque.
1126 3719 1244 3789 Noti
1289 3722 1499 3777 labores
1542 3721 1673 3777 lier-

97 3792 244 3919 ειιιᾶε.
286 3791 541 3865 llygiuum
596 3793 716 3862 lege
767 3786 875 3845 fab.
920 3786 1021 3856 50';
1056 3786 1277 3845 Diodor.
1310 3791 1420 3847 Sic.
1469 3791 1563 3846 lib.
1596 3809 1669 3861 tv,

97 3878 141 3917 c.
210 3878 358 3919 .sea.

97 3878 141 3917 (Σ.
173 3878 221 3924 υ,
251 3878 358 3924 5811.

244 3879 358 3989 ἓξὲξ
377 3936 582 4006 sagittis
598 3932 820 4006 dejecit?
843 3929 1269 4006 Stymphalidas,
1285 3948 1323 4006 _a
1353 3931 1673 4006 Stymphalo

161 4004 388 4061 Arcadia:
415 4000 622 4075 oppido
649 4000 706 4059 et
734 4000 1110 4075 Stymphalide
1140 4001 1333 4075 palude
1359 4000 1552 4059 dictas.
1602 4035 1674 4046 —

164 4077 219 4133 Si
259 4093 368 4131 avet
414 4074 623 4147 deﬁcit.
678 4074 815 4147 inira
843 4116 858 4143 ,
888 4076 1134 4147 uolucres
1185 4074 1377 4147 dejicit.
1438 4075 1669 4147 Verbum

98 4157 390 4203 venatorum
422 4144 670 4217 dejicere.
704 4145 822 4202 Vill.
858 4146 1044 4217 Virgil.
1076 4144 1167 4201 lib.
1195 4144 1249 4199 v'
1276 4144 1431 4213 A3n.,
1460 4145 1587 4212 549,
1616 4158 1672 4203 et

98 4235 131 4275 li
152 4219 292 4284 ιΕη..
314 4220 434 4277 580.
466 4219 607 4275 Bmv.
1006 4282 1009 4283 ν

165 4291 440 4346 Stabulum.
488 4290 710 4347 Seilicct
749 4290 955 4359 Angize,
998 4284 1289 4360 Eliensium
1332 4287 1494 4359 regis,
1524 4290 1667 4360 quod

102 4364 325 4432 purgavit
376 4362 762 4431 superinducto
809 4358 859 4415 in
910 4361 1179 4432 stabulum
1230 4358 1413 4432 Alcaio
1478 4358 1660 4416 ﬂuvio.

102 4428 374 4559 Pantagias
413 4428 464 4490 in
508 4432 708 4488 Eliacis
748 4447 786 4498 ι,
817 4446 866 4486 c.
904 4432 958 4496 l;
990 4429 1212 4486 Diodor.
1256 4428 1424 4487 Sicui.
1454 4432 1544 4487 lib.
1589 4448 1662 4500 iv,

103 4518 207 4559 can.
312 4545 323 4559 .

103 4518 207 4559 can.
242 4508 323 4559 15.

174 4522 207 4557 ).
312 4545 323 4559 .

164 4522 546 4648 lSiigiraginem
596 4576 730 4630 vicit.
781 4570 991 4648 Vitiose
1045 4573 1095 4627 in
1137 4574 1403 4648 plerisque
1447 4590 1577 4648 mss.
1614 4580 1670 4630 et

102 4645 567 4730 lniolltn‘liiliilidills,
594 4648 858 4730 uirginem.
893 4645 1096 4729 μοεῡΐθ
1126 4645 1266 4730 {"1119
1293 4661 1414 4728 cui“
1446 4645 1479 4700 5
1509 4645 1665 4730 Rga--

104 4716 125 4769 l
158 4717 303 4773 Colb.
335 4718 524 4783 Brnn.,
549 4730 604 4773 et
635 4716 873 4788 pluribus
898 4716 1175 4789 impressis
1206 4717 1508 4789 viraginem,
1541 4716 1671 4789 Hipe

103 4790 565 4860 polytcuisciliccl,
600 4786 927 4844 Amazonum
960 4786 1228 4860 reginam.
1257 4786 1530 4860 Justinus,
1556 4786 1668 4860 qui

102 4856 197 4914 lib;
223 4875 278 4923 tl,
313 4859 555 4918 Herculis
584 4876 704 4915 cuin
733 4856 1098 4914 Aumzonilfus
1131 4858 1326 4913 bellum
1374 4856 1666 4927 describit,

104 4945 197 5007 non
224 4931 482 5007 bilicum,
510 4933 593 5007 vel
620 4934 888 5000 cingulum
917 4929 1194 5007 (ζωστῆρα
1207 4928 1250 5007 )_,
1279 4930 1369 5007 sed
1393 4945 1541 5007 arma
1570 4930 1668 4985 ha-

103 4999 201 5055 bet.
224 5001 401 5058 Varias
421 5003 488 5058 de
516 5001 617 5057 hac
635 5018 692 5057 re
716 4999 1013 5055 sententias
1038 4999 1420 5055 relert'lsacius
1447 5000 1670 5056 'l‘zetzes

105 5072 151 5123 in
175 5072 606 5144 LycophrOniano
633 5073 1039 5127 commentario.
1086 5069 1670 5142 BETUL.-Viragiuem

104 5143 228 5199 vicit.
256 5143 439 5199 Volunt
464 5145 733 5207 nonnulli,
768 5145 1047 5214 viraginem
1075 5148 1254 5197 valere
1289 5143 1532 5212 virginem
1556 5147 1668 5214 for-

105 5221 229 5279 tem;
256 5217 385 5270 unde
408 5215 538 5270 infra
566 5214 870 5270 Amazonem
896 5213 1205 5269 bellatricem
1236 5223 1410 5267 vocat.

172 5284 397 5358 licuitne.
426 5284 643 5341 Scilicet
679 5286 963 5358 Diomede,
994 5285 1140 5356 Rege
1170 5284 1435 5353 Thraciae,
1468 5283 1535 5341 de
1565 5301 1671 5358 quo

106 5351 307 5428 Ovidius
333 5357 677 5428 Metamorph.
707 5361 796 5411 lib.
830 5374 903 5420 ix,
936 5351 1041 5411 fab.
1070 5351 1124 5412 3.

174 5426 311 5490 Quod
342 5431 410 5481 ait
451 5425 655 5482 Orator.
691 5429 766 5484 ita
800 5429 1131 5483 restitnintns
1161 5442 1226 5482 ex
1259 5425 1508 5483 omnibus
1534 5441 1667 5481 mss.

109 5492 445 5571 Praeterquam
478 5499 504 5552 l
533 5499 863 5571 Claromont.
892 5500 944 5553 in
973 5515 1101 5571 quo,
1134 5499 1272 5554 sicut
1309 5510 1363 5553 et
1390 5502 1447 5571 iu_
1478 5499 1671 5571 pleris-

107 5580 202 5634 que
231 5568 413 5631 editis.
444 5580 526 5625 est
552 5583 603 5624 ut
644 5573 714 5625 ait
747 5570 967 5636 Orator,
990 5568 1049 5624 id
1081 5579 1163 5624 est
1198 5571 1387 5624 llieero
1415 5568 1673 5626 Oratione

106 5651 197 5710 pro
219 5637 475 5710 Marcello.
506 5672 573 5682 —
601 5641 750 5710 Quod
784 5643 876 5695 ait.
908 5644 1000 5697 lib.
1039 5655 1116 5703 tit,
1149 5656 1197 5696 c.
1244 5642 1330 5696 l9.
1362 5639 1484 5697 Non
1513 5641 1669 5694 dissi—

107 5707 216 5784 utile
235 5709 359 5763 illud
390 5707 739 5779 Platonis'est,
758 5714 893 5784 quod
924 5711 1110 5765 aiebat.
1139 5711 1257 5767 Lib.
1292 5729 1369 5778 v1,
1405 5728 1524 5781 cap.
1560 5712 1624 5766 11
1654 5730 1667 5764 :

120 5773 377 5854 Verumque
403 5791 474 5835 est
502 5784 631 5837 illud
656 5773 930 5847 Ciceronis,
959 5784 1096 5854 quod
1126 5786 1217 5849 ait,
1246 5773 1367 5839 etc.’
1385 5773 1514 5837 Buri.

173 5848 306 5924 Quae
333 5864 429 5905 non
474 5854 631 5924 ferro.
671 5856 760 5909 Sic
799 5848 994 5911 habent
1043 5870 1171 5908 mss.
1214 5864 1269 5910 et
1309 5855 1439 5910 editi
1478 5866 1668 5909 omnes

108 5931 228 5984 quos
254 5921 500 5978 hactenus
528 5926 710 5984 videre
740 5926 915 5991 licuit,
948 5934 1002 5981 et
1026 5925 1218 5983 Cicero
1249 5926 1382 5997 ipse,
1418 5926 1573 5995 cujus
1592 5933 1676 5983 est

1698 4501 1752 4562 D
1779 4501 1978 4557 habent
2005 4501 2029 4555 1
2060 4502 2189 4556 Bon.
2226 4520 2290 4555 an

1778 1945 1896 2000 huic
1939 1942 2229 2018 sententia.
2269 1936 2708 2018 Bonoii._latneu_
2733 1940 3006 2011 antiquior
3044 1936 3224 2018 habet,
3270 1961 3387 2018 qua:

1776 2019 1916 2086 ferro
1944 2024 2006 2086 at:
2034 2014 2224 2068 uiribus
2241 2013 2507 2086 debilitari
2537 2013 2806 2086 frangique
2830 2028 2929 2067 non
2954 2014 3143 2086 possit.

1847 2084 2111 2141 Canthare.
2138 2087 2209 2139 De
2240 2084 2340 2139 hac
2367 2083 2594 2139 victoria
2624 2083 2746 2139 vide
2773 2083 3120 2140 Ambrosium
3145 2085 3215 2142 dc
3240 2085 3379 2142 Olli-

1773 2157 1893 2221 eiis,
1926 2168 1978 2211 ct
2008 2156 2358 2211 Prudentium
2378 2197 2394 2218 ,
2429 2154 2517 2209 tibi
2543 2163 2625 2209 est
2654 2154 2910 2210 virtutum
2940 2170 3063 2211 cum
3094 2158 3237 2213 vitiis
3267 2174 3383 2214 mo-

1774 2226 2078 2282 nomachize
2104 2226 2419 2294 descriptio.

1858 2296 1984 2351 Hcce
2010 2298 2098 2368 qui
2123 2297 2300 2368 facint.
2329 2294 2493 2353 Goth.
2523 2296 2630 2352 Illuc
2658 2295 2747 2367 qui
2775 2296 2920 2366 nteit,
2950 2296 3106 2354 sicuti
3130 2296 3382 2358 ‘Graivius

1781 2379 1846 2427 ex
1882 2369 2083 2425 Erfurt.
2123 2369 2245 2424 cod.
2279 2370 2333 2423 in
2373 2370 2638 2426 Cicerone
2669 2370 2920 2424 restituit.
2956 2368 3090 2426 Buri.

1850 2438 1974 2513 Non
2002 2457 2093 2512 ego
2119 2456 2373 2513 cumcum
2398 2441 2611 2495 summis
2639 2442 2759 2513 viris
2784 2458 3047 2513 comparo.
3078 2442 3192 2513 Ego
3214 2459 3382 2499 excu-

1776 2510 2013 2567 dcnduin
2032 2508 2252 2584 ’κοιλίηςγί
2290 2522 2361 2584 ut_
2380 2522 2461 2584 est
2502 2514 2552 2565 in
2591 2526 2722 2566 mss.
2751 2512 2785 2567 5
2811 2508 2946 2584 cpt._,
2974 2508 3375 2584 licg.,fB:mon.

1776 2586 1987 2654 antiq.,
2037 2583 2062 2637 1
2105 2580 2285 2648 Colb.,
2334 2580 2371 2654 2
2403 2580 2593 2654 Brnn.,
2637 2592 2692 2637 et
2729 2580 2865 2650 apud
2918 2580 3090 2651 ipsum
3120 2580 3380 2640 'l‘nllinm.

1776 2655 1868 2709 llla
1898 2652 2040 2707 enim
2070 2661 2268 2706 tantum
2294 2652 2637 2715 solummodo,
2667 2654 2943 2724 eleganter
2970 2654 3034 2708 ad
3065 2654 3381 2711 Graecorum

1779 2724 2132 2797 imitationem
2162 2724 2478 2797 plerumque
2504 2727 2773 2794 negationi
2797 2725 3196 2797 subintelleela,
3220 2742 3380 2797 quam

1774 2780 1954 2850 addita
1989 2780 2193 2868 malunt
2225 2780 2422 2868 Latini,
2440 2780 2714 2868 sentiente
2743 2780 3109 2868 adversaliva,
3137 2780 3383 2868 quamvis

1774 2877 1821 2921 et
1870 2867 2154 2938 autetiam
2200 2880 2307 2938 non
2350 2866 2599 2938 addatur.
2646 2866 2842 2933 lsaaus,
2891 2870 2979 2936 qui
3023 2867 3090 2923 de
3133 2866 3199 2923 eo
3230 2870 3379 2938 plura

1774 2932 2021 3008 exempla
2036 2936 2415 3008 adducit.—-lu
2437 2937 2557 2990 aliis
2578 2947 2678 3001 est,
2708 2954 2809 2991 non
2828 2932 2977 2991 modo
2997 2956 3088 3008 ego
3108 2932 3243 2999 eum:
3269 2950 3376 2996 etc.

1848 3006 2179 3077 Simillimum
2212 3006 2318 3059 Deo
2340 3008 2540 3077 judico.
2573 3008 2830 3076 Apuleius
2864 3010 2957 3063 lill.
2983 3006 3051 3064 de
3081 3011 3187 3064 Deo
3212 3010 3369 3066 Socr.

1776 3078 1931 3134 Nihil
1955 3089 2027 3131 est
2059 3075 2177 3151 Deo
2196 3075 2413 3151 similius
2441 3088 2485 3151 et
2524 3075 2741 3149 gratius,
2781 3094 2932 3151 quam
2960 3083 3037 3151 uir
3064 3082 3236 3135 animo
3264 3090 3380 3150 per-

1775 3156 1900 3220 recte
1916 3150 2094 3205 bonus.
2124 3149 2327 3222 Plinius
2352 3150 2501 3203 initio
2522 3148 2816 3222 P.inegyr.‘:
2843 3148 2982 3219 Quid
3001 3154 3132 3205 enim
3151 3162 3221 3206 est
3248 3148 3381 3221 pra!-

1776 3218 2008 3276 stabilius
2038 3218 2421 3293 autpulcltrius
2458 3218 2929 3293 munere—deorum,
2962 3240 3114 3293 quant
3141 3218 3307 3277 castita
3333 3235 3380 3280 et

1777 3305 1979 3347 sanctus
2000 3296 2045 3346 et
2073 3288 2172 3345 diis
2197 3288 2489 3365 aiiiiillimus
2519 3294 2790 3365 princeps?
2820 3288 3281 3365 [dt-iii'llitsonius.
3309 3296 3377 3351 de

1778 3379 1837 3419 re
1861 3365 2047 3418 eadem
2076 3361 2215 3433 apud
2242 3363 2535 3427 Stobieum,
2567 3379 2671 3418 ser.
2693 3361 2789 3419 Ἀθ.
2820 3362 3043 3419 Aristol.
3087 3368 3245 3420 etiam
3272 3366 3376 3420 Po-

1775 3435 1853 3490 lit.
1887 3435 1979 3488 lib.
2015 3448 2093 3494 in,
2124 3447 2242 3507 Cap.
2283 3434 2336 3499 9,
2368 3433 2636 3489 hominem
2683 3435 2876 3490 virtute
2905 3446 3247 3507 pratstantcm
3274 3441 3380 3493 θεὸν

1779 3509 1826 3560 ἐν
1849 3505 2321 3584 _a’t~t69o'i1roc;_sivatt_,
2354 3522 2460 3584 esse
2500 3516 2769 3584 tulitquam
2798 3505 2961 3584 pertint
2991 3508 3124 3584 inter
3149 3505 3378 3584 homines

1776 3576 2065 3702 gsistu'uat.
2096 3578 2251 3631 Plura
2283 3578 2349 3631 de
2379 3577 2482 3632 hoc
2507 3578 2628 3632 vide
2655 3579 2748 3632 lib.
2787 3578 2855 3632 do
2878 3579 2957 3633 lra
2987 3578 3102 3645 Dei,
3130 3594 3249 3649 cap.
3282 3576 3370 3634 19.

1829 3663 2070 3702 ALLINUS.

1829 3663 2070 3702 ALLINUS.

1852 3718 2085 3774 Similem
2116 3718 2239 3772 Deo.
2260 3718 2459 3773 Juliutn
2489 3718 2694 3773 scilicet
2713 3716 2981 3773 Cmam-ein
3008 3730 3229 3791 promer
3256 3720 3369 3777 cle-

1778 3791 2057 3845 mentiam.

1852 3861 2121 3914 Pittaudus
2151 3870 2243 3914 est.
2288 3860 2379 3914 Sic
2411 3860 2589 3928 legere
2630 3858 2772 3911 maio
2797 3874 2922 3912 cum
2958 3859 3208 3914 omnibus
3239 3877 3378 3929 pene

1777 3947 1905 3987 mss.
1935 3934 2073 3986 inter
2094 3946 2229 4001 quos
2253 3942 2375 3985 sunt
2398 3932 2581 4001 optimi
2610 3940 2664 3984 et
2690 3932 3033 3985 vetustissimi
3057 3931 3092 3984 ἒ
3116 3931 3246 3995 Reg.
3273 3932 3379 3989 900

1775 4018 1967 4058 auuor.
1998 4013 2052 4057 et
2076 4000 2347 4057 Q’Bonon.
2379 4000 2537 4071 quam
2567 4014 2687 4055 cuin
2720 4005 2909 4063 lianc.,
2944 4002 3069 4057 .lun.
3103 4016 3168 4058 ac
3193 4004 3370 4071 editis,

1769 4076 2201 4201 ﬁdicaiidus‘gst.
2229 4071 2388 4128 Plura
2417 4073 2536 4126 vide
2556 4071 2694 4147 apud
2724 4072 3058 4129 Lactantium
3081 4076 3174 4130 lib.
3205 4076 3268 4129 de
3288 4076 3379 4130 Ira

1831 4163 1896 4201 ei.
1926 4159 2044 4201 can.
2155 4186 2167 4198 .

1831 4163 1896 4209 ei,
1926 4159 2044 4215 cap.
2080 4159 2167 4201 19.

1851 4214 2017 4283 Quam
2043 4219 2129 4286 qui
2158 4214 2429 4271 violentam
2457 4216 2511 4270 in
2539 4232 2612 4279 se,
2637 4223 2743 4287 etc.
2772 4216 3022 4287 Plerique
3050 4218 3297 4285 impressi
3324 4227 3380 4273 ct

1775 4304 1909 4343 mss.
1954 4289 2152 4344 habent
2181 4289 2506 4353 violentiam;
2538 4287 2631 4341 sed
2671 4286 2834 4343 [saeua
2881 4286 3001 4359 post
3030 4290 3375 4344 'l‘homasium

1775 4360 2026 4433 correxit,
2064 4361 2319 4433 legitque.
2347 4360 2432 4427 qui
2463 4361 2686 4423 leoneut,
2718 4375 2871 4429 quam
2902 4362 2988 4427 qui
3027 4361 3296 4433 violentam
3323 4363 3377 4415 in

1775 4446 1830 4484 se
1858 4432 1969 4500 ipso
2008 4431 2256 4485 inclusam
2298 4433 2461 4555 {erant
2491 4440 2695 4500 superat
2722 4432 3062 4483 iracundiam.
3100 4433 3189 4484 Sic
3215 4431 3375 4486 etiam

1779 4501 1978 4555 habent
2005 4501 2029 4555 l
2060 4502 2189 4555 Bon.
2226 4520 2290 4555 an
2322 4518 2415 4555 ια..
2443 4501 2478 4554 2
2506 4500 2634 4555 lica.
2656 4542 2670 4555 .
2707 4500 2733 4554 1
2768 4500 3004 4554 Claram.
3034 4512 3085 4555 ct
3126 4501 3161 4554 2
3188 4502 3370 4555 (iolla:

2322 4504 2415 4572 iq.,
2443 4501 2478 4554 2
2506 4500 2634 4571 Reg.
2656 4542 2670 4563 ,
2707 4500 2733 4554 1
2768 4500 3004 4554 Claram.
3034 4512 3085 4555 ct
3126 4501 3161 4554 2
3188 4502 3370 4569 (John;

1778 4577 1920 4646 quod
1947 4574 2076 4627 mihi
2105 4573 2258 4646 valde
2283 4575 2569 4646 probatur;
2600 4587 2721 4625 nam
2747 4573 3057 4646 or:_ttio_ipsa
3081 4572 3377 4646 elegantior

1779 4642 1863 4700 est
1888 4659 1951 4699 ac
1971 4647 2206 4715 gravior.
2230 4644 2380 4712 Quod
2408 4645 2453 4698 si
2474 4645 2714 4715 legamus
2732 4642 3043 4715 uiolentiam,
3073 4642 3373 4715 noni-ideo,

1776 4731 1895 4783 qua!
1928 4713 2064 4770 ratio
2090 4716 2238 4771 reddi
2284 4728 2483 4785 posset,
2515 4713 2614 4770 cur
2650 4713 2982 4767 iracundiam
3025 4714 3377 4782 appellaverit

1776 4786 1943 4842 l'eram
1977 4789 2027 4841 in
2063 4789 2243 4856 seipse
2271 4786 2551 4852 inclusam,
2590 4800 2714 4839 cum
2747 4785 2996 4840 violentia
3034 4786 3092 4838 lit
3130 4785 3378 4839 acerbior

1774 4858 2020 4928 quaedam
2064 4858 2367 4921 iracmidia;
2400 4859 2500 4923 ita,
2529 4871 2650 4911 cum
2680 4871 2840 4928 unum
2876 4858 2963 4910 uni
2995 4865 3199 4928 tantum
3229 4870 3377 4910 com-

1778 4927 2000 4998 parare,
2030 4940 2083 4983 et
2119 4931 2328 4983 leonem
2361 4939 2633 4994 assumat,
2686 4927 2836 4983 illum
2895 4931 3013 4983 sine
3037 4927 3216 4997 idubio
3253 4943 3377 4982 cum

1774 5001 2009 5054 violenta
2035 5000 2122 5053 illa
2152 4999 2264 5053 fera
2297 5000 2567 5053 iracundia
2596 5006 2889 5067 comparat.

1852 5071 2231 5143 Rapacissimas
2280 5072 2508 5143 volucres
2562 5071 2757 5143 dejicit.
2805 5069 3022 5141 Sagiltis
3067 5068 3373 5143 interfecit;

1777 5142 1972 5214 liygin.
2023 5141 2154 5198 Fab.
2188 5146 2287 5214 30,
2328 5142 2471 5212 quod
2518 5141 2677 5213 negat
2718 5143 3030 5214 Apollonius
3070 5142 3166 5197 lib.
3208 5152 3274 5206 tt,
3322 5157 3371 5193 ν.

1778 5212 1940 5273 1055,
1969 5229 2121 5269 teneo
2147 5213 2473 5282 crcpitaculo
2503 5212 2678 5282 potius
2710 5225 2763 5269 et
2790 5212 3003 5280 tinnitu,
3031 5229 3192 5284 qttam
3220 5224 3371 5278 arcu,

1774 5286 2021 5354 abegisse
2051 5286 2403 5340 contendi-ns.
2440 5285 2570 5340 Buu.

1851 5358 2155 5409 Amazonum
2187 5357 2514 5411 bellatricem.
2549 5360 2876 5411 Amazonum
2914 5366 3109 5409 nomen
3143 5360 3373 5408 tractum

1777 5437 1861 5482 est
1884 5429 1949 5481 ab
1971 5428 2191 5481 alterius
2215 5444 2460 5482 mamma:
2478 5432 2687 5497 jactura
2716 5447 2729 5482 :
2757 5428 2985 5482 dextrum
3008 5425 3196 5497 quippe
3217 5441 3377 5477 inum-

1776 5514 1913 5552 mum
1938 5497 2001 5551 ab
2030 5499 2249 5567 infantia
2271 5496 2557 5565 inurcbanl,
2588 5515 2650 5554 ne
2673 5500 2975 5570 sagittarum
2990 5496 3192 5570 jactum
3216 5497 3379 5564 impe-

1778 5570 1943 5631 diret;
1971 5570 2115 5638 quod
2146 5571 2446 5624 fabulosum
2479 5582 2583 5623 nun
2616 5567 2750 5624 esse
2766 5582 2986 5639 prorsus
3011 5567 3266 5639 colligere
3290 5576 3379 5639 est

1778 5656 1845 5695 ex
1876 5636 2121 5706 Platone,
2159 5641 2227 5694 de
2256 5640 2509 5710 Legibus,
2540 5639 2630 5694 lib.
2656 5636 2997 5706 vanliquid
3019 5636 3196 5710 simile
3220 5636 3380 5710 habet

1778 5711 2134 5780 Hippocrates
2182 5713 2233 5764 in
2288 5706 2357 5766 re
2395 5712 2537 5767 seria
2585 5712 2651 5767 de
2699 5710 2916 5781 Scythis
2963 5708 3045 5764 sui
3096 5706 3374 5776 temporis.

1777 5782 2126 5837 Bocuaa'rus.

1853 5854 2020 5920 Quam
2043 5854 2198 5923 qui...
2228 5858 2382 5927 [amre
2404 5851 2799 5908 debellatricem.
2830 5850 2955 5906 Haec
2983 5849 3179 5907 desunt
3203 5849 3257 5904 in
3285 5847 3377 5909 eti.

1785 5922 2121 5984 Sublaoensi.

1832 5927 2121 5983 ublaoensi.
