3838 6278
412 351 517 412 159

1512 366 1701 423 FIRM.
1746 366 2112 427 LACTANTH
2155 371 2359 429 DIVIN.
2403 375 2647 434 lNS'l‘l'l'.

3620 387 3721 442 160

405 489 555 532 mum
578 474 646 533 de
673 477 905 574 stabulo,
928 493 1089 550 quam
1114 482 1202 553 qui
1229 482 1357 539 vitia
1384 483 1452 541 de
1478 487 1644 543 corde
1672 502 1772 543 suo
1799 489 1997 560 egerit,
2027 491 2082 553 Α
2105 489 2244 546 rium
2272 510 2283 545 :
2314 493 2492 551 nullos
2521 495 2686 551 dabit.
2718 494 3017 553 Credamus
3044 499 3205 571 igitur
3235 501 3374 570 istis,
3397 502 3489 574 qui
3518 519 3635 559 non
3663 515 3719 559 ut

404 582 526 639 quae
553 570 722 641 magis
741 580 869 628 sunt
889 574 1214 642 perniciosa,
1240 578 1361 647 quia
1388 578 1684 636 domestica
1713 590 1770 638 et
1791 584 2001 654 pr0pria

404 666 547 719 mala
579 674 735 730 sunt,
765 681 924 737 quam
955 668 1078 735 illa,
1123 686 1241 741 qua:
1272 684 1328 728 et
1364 676 1523 729 vitari
1558 686 1807 746 poterant
1831 687 1885 733 et
1910 692 2002 733 ca—

404 756 540 812 veri.
572 755 652 811 Ex
682 772 787 828 quo
817 758 893 826 fit,
930 769 991 816 ut
1020 762 1109 818 ille
1145 764 1296 820 solus
1333 766 1418 821 vir
1455 767 1607 823 fortis
1641 768 1840 825 debeat
1859 769 2006 840 judi--

405 849 551 913 cari,
583 851 675 922 qui
706 860 1050 921 temperans,
1082 856 1395 914 moderatus
1418 867 1474 915 et
1498 860 1678 930 justus
1714 871 1816 917 est.
1850 861 2003 930 Quod

405 941 452 997 si
474 941 672 1013 cogitet
689 942 908 1014 aliquis,
926 961 1049 1017 quat
1070 948 1180 1004 sint
1201 950 1294 1005 Dei
1317 966 1479 1020 opera
1506 971 1518 1006 :
1538 952 1648 1018 jam
1668 953 1783 1008 haec
1800 954 2002 1021 omnia,

404 1049 528 1105 qua:
550 1037 818 1092 mirantur
841 1037 1091 1097 homines
1114 1041 1459 1112 ineptissimi,
1481 1043 1704 1100 ridicula
1723 1045 2003 1115 judicabit.

405 1127 499 1184 llla
532 1129 674 1185 enim
706 1144 812 1186 non
842 1130 1042 1188 divinis
1074 1134 1394 1203 virtutibus,
1437 1150 1572 1206 quas
1604 1136 1877 1207 ignorant,
1908 1137 2004 1194 sed

406 1219 722 1278 inﬁrmitate
749 1238 966 1280 suarum
995 1225 1190 1280 virium
1222 1228 1538 1283 metiuntur.
1570 1227 1706 1284 Nam
1737 1230 1867 1285 illud
1889 1231 2006 1300 qui.

406 1311 530 1369 dem
560 1329 723 1370 nemo
754 1316 988 1386 negabit,
1022 1316 1308 1373 Herculem
1330 1332 1439 1375 non
1464 1320 1770 1393 Eurystheo
1795 1331 2006 1377 tantum

407 1408 643 1467 servisse
668 1410 806 1480 regi,
833 1410 977 1480 quod
1006 1410 1345 1483 aliquatenus
1376 1413 1664 1471 honestum
1708 1415 1876 1473 videri
1916 1432 2010 1487 po-

408 1510 546 1568 test;
574 1502 669 1558 sed
695 1502 856 1558 etiam
889 1504 1174 1575 impudica:
1212 1506 1423 1564 mulieri
1450 1508 1761 1579 Ompltalre,
1791 1526 1912 1582 quae.
1943 1511 2009 1566 il-

409 1593 521 1649 lum
554 1595 798 1651 vestibus
824 1596 937 1651 suis
969 1596 1212 1653 indutum
1248 1599 1440 1656 sedere
1467 1601 1535 1656 ad
1567 1600 1734 1672 pedes
1764 1618 1892 1659 suos
1915 1603 2010 1673 ju-

408 1688 571 1745 bebat
614 1704 782 1760 pensa
826 1690 1110 1747 facientem
1144 1710 1158 1748 :
1190 1692 1528 1750 detestabilis
1571 1697 1879 1767 turpitudo!
1914 1697 2010 1755 sed

409 1781 544 1837 tattti
571 1790 689 1837 erat
715 1782 987 1854 voluptas.
1013 1784 1152 1853 Quid
1185 1794 1261 1850 tu,
1287 1785 1492 1856 inquiet
1517 1787 1735 1859 aliquis,
1762 1790 2012 1860 poetisne

409 1872 740 1928 credendum
768 1876 964 1944 putas?
989 1875 1185 1944 Quidni
1215 1880 1436 1948 putem?
1461 1878 1578 1935 Non
1606 1882 1750 1937 enim
1778 1882 1880 1937 ista
1900 1882 2010 1937 Lu-
2044 1891 2093 1950 Β

411 1967 565 2023 cilius
591 1976 797 2035 narrat,
827 1978 919 2025 aut
940 1969 1230 2038 Lucianus,
1253 1972 1343 2043 qui
1367 1972 1471 2027 diis
1498 1982 1554 2029 et
1577 1973 1884 2031 hominibus
1906 1991 2013 2032 non

412 2060 687 2133 pepercit;
718 2061 819 2118 sed
852 2061 904 2118 lti
936 2063 1299 2135 potissimum,
1331 2066 1422 2137 qui
1451 2066 1678 2125 deorum
1710 2068 1896 2126 laudes
1920 2085 2014 2126 ca-

413 2154 634 2211 nebant.

482 2247 689 2318 Quibus
717 2249 877 2321 igitur
901 2251 1219 2320 credemus,
1252 2254 1297 2309 si
1335 2253 1497 2310 fidem
1537 2254 1883 2312 laudantibus
1910 2272 2018 2312 non

412 2341 710 2399 habemus?
736 2343 837 2414 Qui
870 2343 970 2399 hos
999 2346 1216 2402 mentiri
1249 2355 1431 2417 putat,
1459 2347 1702 2419 proferat
1735 2350 1872 2404 alios
1901 2351 2020 2421 qui-

412 2437 514 2495 bus
539 2437 827 2495 credamus
853 2446 1121 2504 auctores,
1149 2440 1240 2509 qui
1276 2456 1376 2497 nos
1403 2440 1656 2508 doceant,
1681 2442 1771 2513 qui
1798 2443 1906 2497 sint
1928 2443 2017 2498 isti

413 2530 512 2598 dii,
541 2530 835 2603 quomodo.
863 2531 1005 2587 unde
1031 2531 1170 2598 orti;
1200 2547 1323 2602 quae
1352 2531 1422 2588 sit
1454 2535 1533 2589 vis
1560 2550 1771 2603 eorum,
1801 2536 1891 2606 qui
1920 2551 2020 2590 nu-

416 2641 599 2683 merus
620 2668 635 2691 ,
666 2642 787 2696 quae
816 2635 1089 2698 potestas,
1121 2625 1248 2697 quid
1294 2628 1347 2681 in
1388 2626 1474 2683 his
1503 2627 1852 2694 admirabile,
1892 2628 2020 2699 quid

417 2720 565 2776 cultu
586 2719 828 2793 dignum,
852 2718 995 2791 quod
1018 2718 1253 2790 denique
1276 2720 1482 2777 certius
1502 2722 1793 2794 veriusque
1818 2731 2021 2795 myste-

2107 583 2569 653 reprebcuderent
2592 599 2718 644 sunt
2748 588 2941 652 locuti;
2971 591 3067 647 sed
3101 604 3158 647 ut
3195 593 3578 664 praedicarent.
3606 595 3719 651 Na-

2109 678 2310 747 vigavit
2329 694 2457 751 ergo
2482 696 2603 736 cum
2632 685 2979 754 Argonautis,
3004 690 3442 761 expugnavitque
3462 690 3717 761 Trojam,

2112 771 2281 827 iratus
2317 772 2670 830 Laomedonti
2699 775 2770 831 ob
2811 788 3058 848 negatam
3091 779 3195 835 sibi
3225 796 3322 851 pro
3357 782 3481 838 lilia:
3541 784 3720 839 salute

2113 863 2416 920 mercedem
2442 883 2457 919 :
2485 866 2645 935 unde,
2676 883 2783 939 qtto
2809 878 3053 941 tempore
3078 872 3258 940 fuerit,
3289 885 3539 946 apparet.
3566 876 3717 931 ldem

2112 952 2294 1012 furore
2319 968 2482 1028 atque
2513 961 2715 1015 insania
2746 963 3005 1032 percitus,
3040 980 3265 1021 uxorem
3305 982 3458 1023 suam
3490 984 3625 1024 cum
3656 970 3718 1023 li-

2109 1047 2257 1103 beris
2301 1052 2593 1108 interemit.
2636 1053 2792 1109 Hunc
2836 1055 3084 1113 homines
3129 1057 3288 1115 deum
3340 1062 3573 1131 putant?
3626 1064 3717 1117 sed

2110 1139 2407 1198 Philocteta
2436 1143 2554 1215 ejus
2580 1143 2755 1201 haeres
2780 1162 2887 1203 non
2922 1149 3160 1218 putavit,
3191 1152 3281 1221 qui
3312 1151 3485 1208 facem
3511 1168 3719 1224 suppo-

2110 1234 2218 1288 suit
2243 1249 2464 1303 arsuro,
2496 1238 2586 1309 qui
2613 1248 2764 1294 artus
2802 1239 2920 1310 ejus
2957 1250 3012 1296 et
3036 1258 3233 1299 nervos
3256 1247 3485 1301 cremari
3514 1261 3585 1302 ac
3613 1246 3719 1301 dif-

2110 1325 2279 1381 ﬂuere
2306 1327 2471 1395 vidit,
2502 1330 2589 1397 qui
2623 1345 2744 1386 ossa
2773 1332 2889 1402 ejus
2924 1348 2989 1388 ac
3011 1336 3223 1391 cineres
3245 1335 3298 1391 in
3324 1336 3499 1393 (Eteo
3528 1348 3720 1394 monte

2112 1419 2377 1491 sepelivit,
2411 1434 2508 1492 pro
2534 1438 2641 1494 quo
2672 1440 2897 1482 munere
2920 1427 3144 1498 sagittas
3171 1430 3290 1499 ejus
3316 1430 3551 1502 accepit.

2737 1585 2966 1643 CAPUT
3005 1586 3073 1646 Χ.

2115 1718 2196 1775 De
2221 1718 2550 1791 .Esculapii,
2580 1721 2870 1791 Apollinis,
2915 1721 3177 1794 Neptuni,
3215 1723 3403 1779 Martis
3424 1766 3439 1790 ,
3492 1723 3723 1782 Castoris

2230 1824 2278 1870 et
2303 1813 2559 1881 Pollucis,
2595 1814 2841 1870 Mercurii
2866 1825 3017 1893 atque
3050 1815 3221 1872 Liberi
3243 1817 3414 1871 vitaet
3433 1819 3621 1889 gestis.

2195 1970 2542 2040 Esculapius
2589 1979 2643 2025 et
2696 1970 2811 2040 ipse
2865 1984 2972 2025 non
3030 1971 3147 2025 sine
3201 1969 3404 2041 ﬂagitio
3454 1971 3724 2042 Apollinis

2123 2073 2319 2131 natus,
2375 2062 2505 2133 quid
2553 2062 2680 2118 fecit
2727 2061 2871 2118 aliud
2912 2062 3108 2117 divinis
3137 2062 3432 2118 honoribus
3457 2063 3723 2134 dignum,

2123 2158 2227 2213 nisi
2280 2157 2425 2228 quod
2472 2160 2682 2212 sanavit
2705 2155 3100 2228 Hippolytum?
3130 2165 3357 2213 mortem
3388 2172 3523 2213 sane
3545 2157 3726 2212 habuit

2122 2250 2406 2306 clariorem
2426 2293 2442 2318 ,
2475 2250 2617 2321 quod
2649 2266 2676 2303 a
2710 2250 2820 2305 Deo
2847 2250 3046 2306 meruit
3081 2248 3375 2305 fulminari.
3419 2250 3581 2307 Hunc
3605 2252 3728 2307 Tar-

2122 2346 2322 2417 quitius
2360 2344 2429 2400 de
2475 2344 2775 2399 illustribus
2804 2343 2936 2399 viris
2964 2342 3258 2411 disserens,
3284 2344 3360 2399 ait
3384 2344 3618 2401 incertis
3646 2361 3727 2416 pa-

2124 2437 2373 2494 rentibus
2400 2447 2581 2491 uatum
2605 2479 2619 2502 ,
2650 2436 2951 2505 expositum
2971 2477 2984 2499 ,
3012 2445 3067 2491 et
3092 2451 3121 2490 a
3152 2436 3504 2492 venatoribus
3538 2440 3725 2492 inven-

2123 2543 2280 2598 tum,
2329 2532 2527 2587 canino
2583 2530 2723 2585 lacte
2782 2530 3075 2597 nutritum,
3135 2528 3357 2585 Chironi
3422 2530 3724 2595 traditum,

2127 2627 2380 2683 didicisse
2410 2626 2728 2681 medicinam
2759 2641 2775 2681 :
2805 2623 2972 2680 fuisse
2995 2633 3175 2679 autem
3220 2623 3555 2680 Messenium
3583 2667 3601 2691 ,
3645 2626 3725 2678 sed

2125 2721 2381 2792 Epidauri
2409 2729 2698 2777 moratum.
2722 2719 2931 2776 Tullius
2953 2718 3115 2775 etiam
3138 2718 3435 2793 Cynosuris
3457 2719 3537 2775 ait
3560 2719 3728 2792 sepul-

1684 2863 2052 2921 VARIORUM
2080 2862 2307 2919 NOTAE.

491 2981 800 3050 Temperans
821 2990 915 3046 est,
937 2990 985 3037 et
1006 2979 1321 3042 moderatus,
1349 2987 1429 3050 et.
1452 2977 1685 3050 Reimm.
1715 2980 1804 3042 qui
1828 2990 2017 3050 tempe-

418 3072 541 3111 rans
570 3049 624 3108 et
646 3054 938 3108 moderatus
967 3062 1061 3118 est,
1092 3060 1139 3104 et
1157 3054 1352 3119 justus.
1384 3049 1503 3104 Non
1534 3049 1694 3103 male.
1719 3050 1854 3105 BUN.

494 3126 799 3198 Eurystheo.
826 3125 956 3196 Regi
978 3121 1427 3195 Mycenarum.V.
1458 3119 1707 3189 Diodor.,
1727 3121 1762 3175 Ι.
1784 3138 1856 3186 tv,
1882 3137 1932 3178 c.
1960 3125 2016 3184 9.

419 3207 475 3256 et
500 3198 674 3253 Betui.

495 3268 783 3329 Omphale.
816 3268 1001 3338 Lydiae
1028 3267 1249 3338 reginae.
1278 3264 1416 3338 Vide
1453 3262 1737 3338 Fulgettt_._,
1768 3264 2019 3338 MythoL,

419 3321 523 3397 lib:
547 3321 1325 3407 {cfs{biodoii‘Stcut.,,
1349 3336 1447 3407 lib.
1484 3321 1640 3399 w,‘c.
1667 3321 1765 3403 si;
1803 3321 2020 3407 μιγείης

422 3413 553 3469 Fab.
582 3412 673 3475 32;
699 3411 1062 3468 Elmenhorst.
1091 3412 1142 3464 iu
1169 3406 1371 3465 Arnob.
1395 3406 1537 3462 libro
1564 3422 1637 3475 tv,
1666 3413 1807 3476 apud
1833 3407 2025 3465 Lucia-

423 3500 573 3547 num,
605 3483 977 3542 Esculanium
1027 3492 1082 3538 et
1107 3481 1358 3539 Statium.

492 3554 803 3623 Turpitudo.
831 3554 931 3609 Ms.
961 3553 1086 3609 Jun.
1116 3552 1247 3624 legit
1273 3548 1545 3623 fortitudo,
1570 3548 1667 3606 sed
1693 3549 1854 3606 male.
1889 3551 2024 3608 Vide

424 3627 671 3684 Ovidium
704 3626 756 3681 in
786 3625 1051 3681 Hernicis.

498 3697 619 3753 Non
639 3698 775 3753 enim
797 3700 895 3753 ista
912 3696 1161 3752 Lucilius.
1188 3694 1450 3749 Vitiorum
1470 3700 1687 3747 natator
1705 3694 2020 3751 acerrimus.

423 3770 653 3827 Videndi
683 3769 958 3825 Juvenalis
986 3768 1101 3825 Sat.
1147 3768 1198 3833 1,
1230 3765 1298 3821 de
1340 3766 1443 3819 hoc
1482 3761 1687 3821 Lucilio
1733 3774 1925 3835 poeta,
1972 3777 2027 3823 et

424 3842 646 3899 Persius
676 3840 789 3898 Sat.
826 3843 877 3895 1.

499 3913 652 3980 Quod
679 3913 893 3982 denique
922 3911 1107 3966 certius
1134 3911 1399 3982 veriusque
1428 3908 1745 3982 mysterium.
1775 3906 2024 3982 Sicucum

424 3979 648 4056 reliquis
668 3979 901 4039 Reimm.
930 3982 1048 4056 Non
1066 3980 1228 4056 credit
1249 3981 1621 4056 Heumattnus,
1648 3979 1900 4033 Lactantii
1919 3997 2026 4056 esse

426 4049 745 4121 hiec'uerba;
774 4066 827 4109 at
862 4054 992 4109 mihi
1034 4054 1285 4108 videntur
1326 4052 1408 4107 vel
1451 4049 1682 4105 maxime
1721 4053 2025 4108 necessaria

429 4138 648 4198 propter
674 4135 955 4193 suspectos
991 4124 1263 4198 mendacii
1291 4131 1496 4198 poetas,
1530 4121 1621 4198 qui
1648 4121 1736 4176 illa
1771 4123 2024 4198 mysteria

426 4193 824 4255 revelaverant.
865 4198 1001 4253 Hinc
1042 4211 1162 4264 cap.
1204 4194 1271 4250 12
1297 4237 1311 4260 ,
1362 4193 1691 4247 reuelavimus
1730 4195 2027 4262 mysterium

428 4280 714 4338 poetarum.
756 4270 950 4337 quibus
989 4266 1237 4338 rejectis,
1267 4265 1797 4338 certiusuveriusque
1826 4275 2030 4337 myste-

427 4336 566 4398 rium
594 4352 710 4396 erat
734 4336 1139 4410 requirendum.
1170 4336 1407 4410 Conf._c.
1436 4336 1529 4410 15,
1555 4351 1603 4391 c.
1621 4336 1720 4410 21.

503 4411 694 4468 Nullos
721 4407 884 4466 dabit.
918 4410 1048 4466 Mss.
1079 4425 1215 4474 rec.,
1258 4410 1291 4462 5
1329 4407 1484 4464 Cotb.
1523 4415 1580 4463 et
1610 4408 1635 4463 1
1669 4408 1873 4463 Bonon.
1903 4421 2026 4462 cum

427 4484 517 4540 ed.
549 4483 708 4539 Rom.
756 4483 927 4549 M70,
956 4481 1128 4537 Paris.
1168 4480 1335 4548 1525,
1362 4478 1587 4551 Graph.,
1619 4478 1893 4550 Gymttic.,
1925 4478 2024 4546 ls.,

427 4556 603 4609 nullus
625 4556 784 4609 dabit.

427 4558 603 4610 nullus
625 4558 784 4609 dabit.

499 4626 829 4696 Argonautis.
874 4626 1304 4696 Argonautarum
1348 4621 1775 4696 navigatiofacta
1817 4618 1916 4673 fuit
1958 4622 2029 4677 85

429 4692 602 4753 annos
631 4707 756 4752 ante
785 4698 1079 4763 Troianum
1122 4694 1410 4749 excidium.
1450 4694 1533 4748 vel
1574 4692 1644 4745 52
1674 4705 1845 4744 annos
1872 4701 2027 4763 ante-

428 4785 588 4838 quam
617 4777 870 4839 reguaret
896 4761 1189 4839 'Tbesmus.
1230 4765 1365 4839 Vide
1397 4763 1738 4832 Apollonium
1791 4770 1844 4815 et
1871 4761 2030 4818 Vale-

429 4837 569 4895 rium
600 4837 849 4896 Flaccum
884 4840 934 4893 in
967 4837 1359 4903 Argonauticis.

501 4910 734 4980 Troiam.
771 4912 894 4965 lianc
919 4909 1135 4981 quidem
1164 4908 1375 4981 obsidio
1398 4906 1469 4961 40
1484 4905 1640 4981 annis
1664 4912 1790 4959 ante
1810 4903 2027 4981 Trojatn

431 4998 461 5037 a
491 4976 697 5039 Gruieis
722 4976 1014 5049 direptam,
1045 4981 1095 5035 in
1136 4995 1241 5052 qua
1268 4978 1688 5035 Laomedontem
1718 4991 1883 5045 regno
1917 4976 2028 5045 pri-

431 5055 577 5107 vavit
607 5054 883 5108 Hercules.

466 5134 478 5144 '
508 5124 679 5179 Filiae.
710 5125 989 5191 Hesiones,
1030 5139 1188 5196 quam
1221 5137 1249 5176 a
1274 5128 1516 5176 monstro
1552 5118 1845 5173 vorandum
1873 5120 2029 5176 rede-

432 5197 531 5252 mit
553 5197 830 5253 Hercules.

506 5267 720 5323 Insania
764 5269 1004 5331 percitus.
1043 5266 1090 5322 Α
1132 5265 1377 5321 .lunone.
1411 5277 1532 5327 quae
1562 5259 1767 5315 scilicet
1799 5261 1896 5330 ipsi
1941 5263 2026 5317 in-

432 5338 567 5394 festa
591 5351 724 5395 erat.
756 5340 888 5397 Vide
920 5337 1206 5396 Herculem
1249 5334 1516 5389 furentem
1557 5332 1830 5397 Euripidis
1867 5346 2028 5405 atque

431 5412 592 5465 etiam
613 5412 850 5469 Seuecm.

509 5482 555 5537 U
557 5500 749 5539 xorem.
773 5483 871 5539 Cui
895 5497 1089 5537 nomen
1110 5487 1227 5534 erat
1248 5477 1479 5546 Megara,
1502 5475 1752 5531 Creontis
1774 5474 2028 5533 Menmeei

434 5553 528 5608 filii
559 5565 755 5611 natam.
784 5556 921 5611 Vide
971 5553 1253 5620 Epitomeu
1294 5548 1576 5615 Lactantii,
1619 5562 1738 5616 cap.
1770 5548 1824 5612 7,
1868 5557 2028 5619 atque

434 5625 839 5695 Apollodorum,
871 5626 965 5679 lib.
990 5640 1047 5678 ιι.

508 5689 835 5752 Ναξία-ταας
862 5696 935 5751 lta
981 5692 1315 5749 restituimus
1359 5706 1427 5746 ex
1470 5706 1627 5752 mss.;
1659 5689 1724 5745 ad
1752 5690 1855 5745 hoc
1880 5691 2025 5745 enim

430 5770 608 5823 cuncti
648 5767 979 5823 conveniunt
1042 5764 1101 5818 ltt
1138 5764 1297 5820 editis
1335 5773 1417 5818 est
1458 5762 1789 5818 Philoctetes.
1822 5764 1895 5816 De
1924 5762 2029 5817 hoc

434 5838 552 5907 lege
582 5839 830 5907 Serviunt
863 5836 927 5907 ad
957 5835 1171 5907 Eueid.
1207 5852 1284 5907 ut:
1315 5833 1686 5907 Caeterumde
1706 5832 2027 5907 Philocteta:

436 5897 654 5963 Inierito
692 5913 745 5964 et
773 5897 1069 5977 ἐπιθεάσαι,
1102 5899 1219 5980 lege
1246 5900 1401 5964 Ovid.
1434 5904 1525 5960 lib.
1557 5902 1610 5959 tit
1641 5901 2024 5975 Metamorplm

2124 2977 2232 3035 fab.
2262 2980 2314 3033 1.
2343 2978 2473 3048 Ejus
2504 2979 2730 3034 historia
2762 2985 2843 3032 est
2878 2975 3018 3046 apud
3059 2975 3444 3031 Philostratum
3477 2974 3530 3029 in
3558 2975 3729 3032 heroi-

2125 3053 2223 3118 cis,
2254 3066 2374 3120 cap.
2404 3053 2457 3105 ϐ.
2484 3051 2809 3106 Βετυιειυε.

2051 3176 2096 3238 C
2202 3144 2303 3210 Qui
2331 3162 2447 3200 ossa
2470 3146 2580 3214 ejus
2606 3161 2666 3198 ac
2694 3145 2885 3198 cineres
2906 3143 2959 3196 in
2984 3140 3146 3196 (Eleo
3170 3154 3341 3196 monte
3360 3140 3622 3209 sepelivit.
3652 3141 3730 3194 Vi-

2127 3215 2247 3271 bius
2275 3218 2566 3271 Seaucster
2589 3216 2658 3271 de
2684 3215 2950 3269 Montibus
2975 3231 2988 3266 :
3020 3211 3157 3266 (Eta
3184 3229 3327 3267 mons
3352 3212 3624 3271 Thraciae.
3658 3214 3729 3266 ubi

2146 3233 2199 3270 )ll

2205 3232 2247 3269 ts
2275 3211 2566 3278 Sequcster
2589 3216 2658 3271 de
2684 3215 2950 3269 Montibus
2975 3231 2988 3266 :
3020 3211 3157 3266 (Eta
3184 3229 3327 3267 mons
3352 3212 3624 3281 Thraciae,
3658 3214 3729 3266 ubi

2131 3286 2382 3342 Hercules
2402 3299 2476 3343 est
2496 3288 2807 3341 combustus.
2831 3285 3135 3357 Cyprianus
3159 3282 3228 3338 de
3254 3283 3410 3338 idolis
3437 3302 3450 3336 :
3486 3282 3728 3357 Hercules

2128 3368 2184 3411 ut
2206 3361 2460 3413 hominem
2487 3371 2661 3423 exuat,
2687 3358 2862 3413 (Eleis
2880 3354 3088 3427 ignibus
3117 3365 3489 3427 concrematur.
3523 3354 3728 3409 Videsis

2126 3430 2481 3502 Mythologos,
2520 3430 2807 3502 Hyginum,
2839 3425 3354 3502 fab._56;_Servitttn
3381 3427 3446 3480 ad
3477 3427 3598 3480 Ecl.
3630 3427 3664 3482 8
3687 3436 3729 3502 et

2126 3498 2222 3556 Vill
2251 3498 2491 3564 .Eueid;
2516 3498 2828 3571 Aitgttstiu.,
2849 3500 2915 3554 de
2939 3498 3055 3571 Civ.
3089 3498 3202 3563 llei,
3229 3499 3320 3571 l't_h.
3347 3514 3497 3571 xvut,
3527 3514 3657 3564 cap.
3682 3500 3724 3571 .l.

2131 3572 2213 3629 Ea:
2228 3569 2689 3629 ELusNuousrfu
2704 3572 2975 3627 Arnobius
2995 3569 3087 3622 lib.
3105 3585 3155 3622 tv
3178 3584 3240 3623 ex
3257 3569 3571 3632 Plutarcho,
3596 3572 3670 3623 ait
3687 3570 3726 3622 iul

2127 3644 2326 3699 factum
2369 3662 2490 3700 esse
2536 3654 2655 3713 post
2697 3641 2983 3713 comitialis
3028 3640 3201 3713 morbi
3250 3640 3467 3713 ruinas;
3499 3642 3653 3696 unde
3685 3653 3728 3695 et

2129 3716 2230 3770 iste
2256 3716 2478 3772 morbus
2513 3710 2580 3770 ab
2607 3716 2828 3771 Aristot.
2862 3714 2913 3768 in
2940 3710 3215 3767 Problem.
3250 3711 3553 3768 Herculeus
3578 3728 3728 3767 voca.

2130 3798 2235 3843 llll‘.

2198 3858 2381 3915 (Eleo.
2418 3859 2640 3915 Prmslat
2667 3873 2797 3913 mss.
2826 3871 2963 3926 pene
2990 3868 3177 3926 omnes
3207 3854 3378 3923 sequi,
3406 3869 3576 3925 quam
3606 3854 3728 3909 (Em

2129 3931 2504 4001 vulgaturum,
2553 3941 2608 3986 et
2648 3925 3001 4001 quorumdam
3051 3925 3451 4001 Vaticauorum.
3499 3928 3539 4001 i_
3588 3928 3726 4001 Lips.

2130 3996 2325 4069 habet,
2357 4004 2411 4056 in
2439 4001 2615 4057 ωιωο
2654 3996 2823 4054 monte
2860 3998 3159 4069 Thessalica.
3194 3996 3283 4050 Sic
3317 4005 3371 4051 et
3400 3997 3730 4069 apttd_Cicc-

2128 4067 2318 4128 ronem
2346 4074 2440 4128 lib.
2470 4091 2521 4126 ιιι
2551 4074 2618 4127 de
2640 4072 2835 4126 Natura
2859 4070 3036 4128 deor..
3061 4088 3109 4121 e.
3133 4067 3223 4129 40,
3253 4068 3305 4119 in
3333 4080 3503 4122 monte
3528 4067 3727 4123 mneo.

2207 4144 2452 4215 Flagitio.
2502 4144 2557 4199 Id
2611 4152 2694 4198 est
2732 4139 3303 4215 adullerio_Apollittis
3332 4143 3730 4215 cum-{\rsiu‘oe

2131 4216 2217 4271 vel
2265 4210 2554 4283 Coronide,
2602 4225 2657 4270 ut
2686 4212 2950 4269 Pindarus
2974 4211 3045 4266 ait
3071 4252 3084 4275 ,
3114 4219 3275 4281 atque
3315 4210 3601 4266 Arnobius
3630 4212 3730 4267 libt

2129 4296 2184 4343 et
2210 4304 2301 4341 vu.

2206 4358 2566 4429 Hippolytum.
2599 4356 2795 4412 Thesei
2827 4354 3015 4409 lilium.

2205 4449 2354 4516 Quod
2379 4466 2410 4502 a
2431 4449 2525 4503 deo
2553 4450 2733 4503 meruit
2759 4447 3041 4513 fulminari.
3066 4444 3264 4499 Arnob.
3288 4446 3380 4500 lib.
3405 4460 3487 4512 tv,
3506 4454 3732 4501 testatur

2132 4521 2285 4575 illttm
2313 4521 2545 4591 fulminis
2594 4522 2693 4575 telo
2732 4521 2890 4591 fuisse
2934 4517 3284 4591 trans/iuuat;
3325 4527 3380 4591 et
3411 4518 3728 4591 Tertulliatt.

2130 4587 2396 4648 rationem
2468 4591 2644 4647 reddit
2689 4587 2854 4660 quare
2901 4589 3161 4660 meruerit
3213 4587 3509 4660 fulminari.
3575 4589 3725 4660 Apol.

2132 4679 2254 4731 cap.
2292 4665 2358 4719 14
2392 4682 2404 4717 :
2436 4662 2533 4718 Est
2561 4663 2625 4718 de
2654 4657 2854 4735 Lyricis
2881 4661 2900 4735 (
2928 4659 3215 4735 Pindarum
3254 4657 3409 4735 dico)
3461 4660 3562 4735 qui
3607 4657 3731 4735 {Es-

2130 4729 2393 4801 culapium
2439 4736 2575 4790 cauit
2649 4729 2900 4789 auaritia!
2950 4734 3163 4795 merito,
3220 4729 3356 4797 quod
3423 4730 3729 4801 medicinam

2130 4800 2369 4860 nocenter
2394 4808 2675 4867 exercebat,
2697 4805 2912 4875 fulmine
2928 4802 3260 4875 vindicatum.
3283 4801 3460 4875 Locus
3482 4800 3548 4875 ad
3573 4818 3728 4871 quem

2131 4879 2370 4948 respexit
2396 4878 2622 4933 Tertull.
2649 4871 2732 4931 est
2764 4876 2928 4948 Pyth.
2951 4874 3053 4929 0d.
3072 4873 3126 4928 5.
3161 4874 3234 4948 l_)e
3258 4871 3582 4948 Esculapio
3615 4874 3729 4948 vide

2130 4943 2449 5003 Pausaniam
2497 4949 2548 5003 itt
2605 4943 3003 5007 Corinthiacis,
3050 4958 3113 4998 ac
3161 4944 3457 4999 Diodorum
3490 4943 3727 5000 Siculqu

2132 5019 2328 5090 lib.tv,
2358 5020 2548 5090 Virgil.
2577 5020 2668 5073 lib.
2697 5035 2766 5073 vtt
2800 5017 3016 5073 Ᾱζιιρῑά.

2208 5089 2359 5144 Hunc
2388 5086 2701 5160 Tarquitius.
2735 5091 3049 5160 Ammianus
3096 5086 3433 5160 Marcellinus
3463 5086 3558 5143 lib.
3595 5104 3726 5151 xxv,

2130 5176 2181 5216 c.
2211 5163 2244 5217 6
2269 5203 2284 5225 .
2311 5162 2379 5219 de
2411 5158 2515 5217 hoc
2537 5171 2756 5217 auctore
2789 5180 2800 5214 :
2840 5159 2920 5215 Ea:
2938 5158 3284 5229 Tarquitianis
3308 5158 3450 5212 libris
3474 5160 3529 5212 in
3552 5161 3725 5219 titulo.

2131 5232 2211 5287 De
2232 5234 2380 5287 rebus
2407 5235 2608 5302 divinis,
2633 5235 2849 5288 relatum
2873 5248 2999 5285 esse.
3033 5231 3297 5285 Memorat
3326 5231 3490 5284 etiam
3521 5232 3727 5287 Macro-

2130 5303 2249 5359 bius
2276 5306 2490 5359 Saturn.
2522 5321 2600 5370 ttt,
2625 5322 2674 5371 c,
2705 5306 2758 5359 '7.
2788 5304 3066 5358 Buusuau.

2201 5395 2431 5453 Cltiroui.
2465 5398 2538 5453 De
2568 5397 2720 5451 Μαι-ι.
2757 5397 2907 5450 Pers.
2935 5410 3052 5458 cap.
3088 5394 3157 5448 35
3203 5392 3303 5447 Vid
3334 5393 3658 5462 Apollodor.
3692 5397 3726 5450 ι.

2130 5486 2147 5524 t
2178 5484 2229 5539 p.
2261 5470 2329 5531 5.
2357 5478 2412 5524 et
2434 5469 2528 5524 lib.
2559 5484 2637 5525 tu.
2663 5467 2691 5539 ᾗ
2716 5468 2751 5522 5
2774 5510 2788 5531 ,
2824 5482 2942 5538 pag.
2976 5466 3096 5539 198.
3126 5466 3402 5539 Βυιιειιιιιι.

2208 5540 2457 5610 Epidauri
2500 5535 2768 5594 moratum.
2815 5535 2914 5594 lta'
2940 5537 3026 5593 ed.
3064 5546 3121 5610 et
3158 5551 3287 5610 tttss.
3318 5535 3489 5610 ferme
3512 5554 3725 5597 omnes:

2131 5614 2159 5667 1
2190 5607 2428 5667 Clarom.
2479 5623 2886 5674 commoratum;
2938 5624 3065 5663 mss.
3104 5609 3128 5662 1
3165 5607 3255 5670 8.,
3309 5608 3333 5662 1
3396 5609 3558 5666 Colb.
3605 5624 3666 5667 et
3706 5612 3724 5665 l

2131 5684 2322 5745 Bruu.,
2352 5695 2627 5739 mortuum.
2682 5683 2983 5753 Epidaurus
3034 5689 3115 5753 est
3180 5679 3308 5753 uilis
3358 5680 3411 5734 itt
3481 5683 3725 5753 Achaia,

2130 5748 2874 5839 Norouicoquasimarinore
2891 5751 3161 5834 redimita,
3189 5748 3479 5839 Esculapii
3503 5752 3728 5839 delubro

2130 5822 2458 5896 percelehris
2506 5843 2517 5880 :
2550 5827 2673 5896 hinc
2728 5824 3061 5896 Epidaurius
3086 5830 3306 5875 vocatur
3334 5822 3726 5896 _{ESCttlapius.

2201 5897 2500 5966 Cynosuris.
2533 5893 2644 5952 Cic.
2672 5892 2793 5952 Nat.
2824 5896 2977 5950 deor.
3010 5892 3103 5947 lib.
3130 5902 3211 5959 ut,
3242 5907 3292 5947 c.
3323 5892 3410 5947 ii.
3444 5892 3725 5964 Cynosura
