3838 6278
160 295 251 360 163

1204 292 1409 355 LIBER
1446 296 1489 355 l.
1529 297 1619 354 DE
1650 292 1868 354 FALSA
1912 292 2298 357 RELIGIONE.

3326 296 3431 357 166

156 418 376 471 lmmano
418 412 607 484 generi
653 413 975 485 principium
1028 414 1132 471 fuit
1174 418 1440 472 malorum
1483 417 1726 488 :quibus
1752 423 1803 486 Α
1830 417 1977 475 sulse
2005 418 2225 489 quidam
2274 426 2431 489 poeta
2472 418 2809 489 triumphum
2849 415 3132 488 Cupidinis
3174 415 3430 487 scripsit:

157 510 331 575 victis,
378 516 433 563 et
476 523 609 580 pace
639 508 692 564 in
725 520 1045 581 perpetuum
1075 523 1383 581 comparata
1404 554 1418 578 ,
1468 512 1746 582 reliquam

153 618 289 667 suam
337 602 499 658 vitam
555 602 609 659 in
662 604 866 676 Stupris
911 604 1304 676 adulteriisque
1371 605 1733 676 consumpsit.

153 694 338 755 Omitto
367 693 636 765 virgines,
667 710 806 765 quas
850 696 1142 757 imminuit.
1192 698 1249 753 Id
1276 697 1424 753 enim
1453 698 1737 753 tolerabile

150 785 363 859 iudicari
386 788 546 843 solet.
564 787 1016 860 Auipbitryonem
1050 804 1113 845 ac
1128 788 1437 862 Tyndarum
1458 790 1738 860 praeterire

157 894 255 939 non
328 892 586 948 possum,
656 895 888 949 quorum
965 881 1155 936 domos
1218 881 1489 937 dedecore
1573 890 1738 951 alque

148 971 360 1030 infamia
389 971 732 1042 plenissimas
758 972 1014 1029 reddidit.
1043 973 1178 1029 Illud
1210 989 1339 1030 vero
1359 989 1590 1029 summm
1638 975 1736 1035 im-

150 1067 359 1142 pietatis
386 1082 450 1123 ac
477 1068 703 1127 sceleris
724 1109 739 1133 .
775 1069 917 1140 quod
962 1070 1170 1141 regium
1204 1086 1430 1140 puerum
1463 1069 1642 1139 rapuit
1667 1067 1736 1123 ad

142 1169 405 1229 stuprum.
422 1158 616 1217 Parum
636 1160 778 1217 enim
799 1161 1101 1229 videbatur,
1121 1161 1169 1216 si
1184 1162 1233 1216 iu
1254 1162 1607 1234 expugnanda
1635 1162 1738 1219 fte-

142 1253 404 1309 miuarum
420 1252 673 1322 pudicitia
687 1253 1153 1326 maculosuspsset
1162 1269 1228 1309 ac
1241 1254 1434 1324 turpis,
1457 1256 1561 1310 nisi
1572 1257 1735 1313 etiam

137 1345 289 1401 sexui
320 1359 422 1400 suo
450 1344 700 1415 injuriam
730 1344 933 1403 faceret
966 1362 985 1400 :
1014 1345 1120 1402 hoc
1163 1355 1251 1403 est
1294 1362 1480 1423 verum
1529 1348 1737 1406 adulte-

134 1438 309 1505 rium,
332 1439 483 1510 quod
511 1438 572 1495 fit
615 1449 807 1497 contra
850 1449 1119 1497 naturam.
1152 1441 1279 1498 llaec
1310 1442 1403 1513 qui
1430 1444 1555 1500 fecit
1586 1446 1738 1503 vide-

127 1532 338 1598 rimus.
386 1547 460 1592 an
501 1533 800 1600 maximus;
824 1543 977 1593 certe
1013 1536 1254 1606 Optimus
1292 1552 1402 1592 non
1432 1548 1554 1594 est:
1593 1540 1738 1611 quod

124 1640 339 1683 nomen
394 1641 427 1682 a
476 1628 927 1698 corruptoribus,
975 1629 1046 1684 ab
1096 1629 1389 1696 adulteris,
1419 1631 1489 1687 ab
1518 1633 1739 1690 incestis

116 1717 322 1784 abest;
359 1718 464 1775 nisi
487 1717 628 1777 forte
656 1734 759 1776 nos
781 1736 1029 1777 erramus
1056 1720 1306 1779 homines
1327 1765 1342 1791 ,
1372 1726 1463 1796 qui
1495 1727 1625 1782 talia
1658 1727 1737 1783 ia-

1838 527 1946 582 qun
1979 513 2030 568 in
2060 512 2201 566 libro
2228 526 2333 566 non
2366 511 2527 567 modo
2558 511 2993 582 potentissimum
3018 508 3242 566 deorum
3271 509 3432 581 Cupi-

1836 602 2050 672 dinem,
2101 602 2197 658 sed
2237 603 2400 658 etiam
2445 603 2703 659 victorem
2733 602 2881 659 facit.
2914 602 3259 658 Enumeratis
3287 602 3433 658 enim

1835 696 2114 750 amoribus
2141 697 2499 767 singulorum,
2532 697 2728 767 quibus
2764 697 2817 751 in
2851 704 3172 766 potestatem
3204 692 3432 766 Cupidi-

1839 789 1923 844 nis
1951 789 2316 860 ditionemque
2353 792 2649 856 venissent,
2686 789 2903 845 instruit
2931 804 3206 860 pompam,
3237 790 3289 843 in
3328 804 3435 861 qua

1836 882 2046 952 Jupiter
2074 898 2195 938 cum
2234 885 2444 939 caeteris
2480 883 2586 939 diis
2615 891 2740 938 ante
2782 898 2999 939 currum
3044 883 3429 954 triumphantis

1837 964 2051 1030 ducitur
2071 983 2371 1030 catenatus.
2406 976 2695 1046 Eleganter
2733 974 2782 1029 id
2811 975 3023 1045 quidem
3051 992 3080 1029 a
3113 984 3269 1045 poeta
3299 974 3430 1044 ligu-

1837 1076 2055 1122 ratum:
2091 1067 2186 1122 sed
2234 1077 2411 1122 tamen
2458 1083 2564 1122 non
2606 1067 2832 1121 multum
2872 1065 3034 1122 distat
3076 1082 3107 1121 a
3136 1082 3287 1121 vero.
3326 1065 3427 1134 Qui

1836 1159 1979 1214 enim
2010 1159 2225 1213 virtutis
2252 1170 2335 1214 est
2359 1173 2575 1230 expers,
2609 1160 2754 1229 quia
2782 1158 3078 1229 cupiditate
3107 1173 3171 1213 ac
3200 1158 3439 1214 libidini-

1836 1252 1937 1308 bus
1980 1251 2138 1307 malis
2165 1252 2399 1307 vincitur
2418 1293 2432 1319 ,
2464 1267 2571 1307 non
2600 1250 2851 1322 Cupidini
2879 1253 2960 1322 (ut
2989 1251 3084 1307 ille
3112 1250 3313 1324 ﬁnxit),
3341 1250 3439 1307 sed

1836 1346 1999 1401 morti
2032 1346 2311 1415 subjectus
2349 1354 2436 1402 est
2470 1346 2841 1416 sempiternae.
2870 1344 2981 1402 Sed
3021 1345 3336 1402 omittamus
3368 1346 3439 1402 de

1838 1437 2080 1494 moribus
2124 1437 2309 1494 dicere
2351 1453 2510 1494 :rem
2554 1437 2987 1505 conlideremus;
3029 1446 3088 1493 ut
3135 1438 3438 1509 intelligant

1838 1529 2109 1599 homines,
2142 1530 2199 1586 in
2226 1531 2420 1599 quibus
2444 1530 2630 1587 miseri
2656 1540 2943 1587 versentur
2962 1531 3260 1587 erroribus.
3295 1531 3435 1603 Reg-

1839 1638 1972 1679 nare
2014 1626 2068 1679 iu
2109 1624 2251 1680 cado
2295 1623 2485 1680 Jovem
2512 1624 2705 1695 vulgus
2739 1625 3015 1680 existimat
3043 1642 3057 1679 :
3089 1626 3141 1681 id
3167 1635 3223 1682 et
3260 1625 3433 1682 doctis

1839 1718 2044 1789 pariter
2085 1727 2141 1773 et
2179 1717 2408 1773 indoctis
2438 1731 2753 1789 persuasum
2795 1726 2900 1773 est.
2932 1716 3085 1785 Quod
3130 1727 3186 1771 et
3224 1716 3435 1788 Religio

120 1808 339 1865 cientes
368 1811 673 1869 sceleratos
694 1826 972 1880 vocamus,
993 1829 1055 1871 ae
1073 1815 1335 1883 perditos,
1368 1817 1727 1890 orantibusque

1895 1823 1971 1875 sa,
1999 1818 2053 1863 et
2079 1808 2432 1880 precationes,
2456 1819 2512 1864 et
2541 1808 2744 1879 hymni,
2772 1818 2827 1863 et
2850 1808 3097 1874 delubra,
3129 1817 3185 1863 et
3211 1809 3434 1865 simula-

120 1903 304 1970 ptenis
333 1903 687 1973 dignissimos
711 1905 1039 1975 judicamus.
1073 1907 1280 1964 Stultus
1310 1919 1486 1963 autem
1517 1911 1729 1970 Marcus

118 1993 358 2061 Tullius,
397 1997 489 2065 qui
516 1995 580 2054 C.
610 1997 762 2055 Verri
789 1999 1057 2054 adulteria
1086 2001 1285 2070 obiecit
1316 2017 1330 2055 :
1363 2004 1551 2059 eadem
1579 2007 1726 2062 enim

114 2087 354 2159 Jupiter,
387 2104 550 2160 quem
580 2090 826 2155 colebat,
856 2091 1110 2157 admisit;
1144 2092 1237 2164 qui
1266 2091 1327 2147 P.
1359 2092 1549 2157 Clodio
1569 2112 1727 2159 soro-

114 2181 189 2237 ris
231 2180 511 2237 incestum
546 2199 559 2236 :
588 2192 644 2238 at
688 2184 765 2239 illi
797 2183 1016 2255 Optimo
1059 2184 1293 2242 Maximo
1322 2186 1512 2244 eadem
1550 2189 1651 2246 fuit
1677 2201 1726 2246 et

112 2290 262 2331 soror
280 2285 334 2330 et
352 2276 576 2347 eortjux.

741 2390 972 2449 CAPUT
1009 2391 1083 2447 XI

104 2506 184 2564 De
204 2506 356 2564 lovis
383 2517 533 2576 ortu,
572 2508 698 2578 vita,
730 2525 908 2579 regno,
938 2510 1143 2567 nomine
1170 2516 1218 2565 et
1246 2521 1425 2579 morte,
1452 2520 1501 2566 et
1524 2512 1592 2568 de
1619 2511 1724 2568 Sa-

697 2613 845 2665 turno
872 2613 919 2658 et
953 2602 1150 2663 Uratto.

170 2742 307 2811 Quis
334 2749 434 2798 est.
464 2740 627 2819 igitur
650 2750 758 2801 tam
787 2756 1012 2810 excors,
1052 2742 1141 2813 qui
1184 2741 1327 2803 hunc
1368 2743 1422 2803 in
1458 2743 1600 2801 caelo
1632 2758 1723 2799 re—

107 2849 273 2909 gnare
293 2842 483 2906 putet,
510 2832 603 2904 qui
633 2849 701 2893 ne
732 2834 787 2891 iu
817 2843 963 2892 terra
994 2834 1209 2904 quidem
1239 2834 1467 2892 debuit?
1496 2836 1613 2891 Non
1644 2835 1727 2891 iit—-

1836 1917 1927 1957 cra
1957 1903 2348 1957 demonstrant.
2382 1899 2644 1955 Eumdem
2676 1910 2855 1955 tamen
2896 1898 3135 1955 Saturno
3172 1909 3230 1957 et
3273 1900 3426 1957 Rhea

1832 1994 2075 2067 genitum
2115 1992 2462 2049 conﬁtentur.
2499 1992 2787 2061 Quomodo
2824 2000 3003 2064 potest
3036 1993 3181 2050 Deus
3218 1994 3431 2064 videri,

1831 2096 1924 2143 aut
1952 2084 2101 2147 credi
2121 2085 2203 2156 (ut
2226 2084 2300 2139 ait
2330 2082 2541 2156 poeta):

1990 2258 2000 2268 .
2044 2259 2054 2269 .
2092 2256 2105 2269 .
2147 2258 2161 2270 .
2199 2256 2213 2269 .
2254 2256 2267 2269 .
2307 2258 2319 2270 .
2356 2219 2624 2270 Hominum
2645 2234 2921 2289 rerumque
2943 2228 3195 2288 repertor,

1830 2377 1955 2425 ante
1984 2366 2135 2439 cujus
2167 2376 2344 2431 ortum
2392 2366 2597 2433 inﬁnita
2643 2369 2921 2433 hominum
2965 2370 3134 2429 millia
3180 2371 3433 2431 fuerunt?

1832 2475 2018 2515 eorum
2050 2460 2286 2527 scilicet,
2325 2460 2417 2530 qui
2446 2463 2683 2519 Saturno
2720 2470 2985 2531 regnante
3032 2464 3319 2529 vixerunt;
3366 2478 3431 2521 ac

1833 2552 2040 2624 priores
2073 2553 2226 2621 luce,
2254 2568 2412 2622 quam
2442 2552 2672 2623 Jupiter,
2700 2564 2826 2611 euut
2861 2556 3037 2625 potiti.
3068 2556 3237 2613 Video
3262 2557 3426 2614 alium

1834 2645 2000 2700 Deum
2028 2658 2212 2714 regem
2239 2642 2407 2698 fuisse
2438 2646 2626 2713 primis
2656 2646 3016 2717 temporibus,
3047 2647 3210 2703 alium
3239 2664 3435 2707 conse-

1832 2738 2142 2809 quentibus.
2177 2737 2362 2799 Potest
2387 2753 2519 2809 ergo
2550 2737 2686 2807 ﬁeri,
2712 2748 2772 2805 ut
2801 2741 2939 2799 alius
2967 2742 3038 2798 sit
3066 2752 3254 2817 postea
3288 2743 3434 2803 l'utu-

1834 2849 1947 2897 rus.
1980 2834 2035 2893 Si
2057 2832 2202 2891 enim
2235 2846 2459 2904 regnum
2486 2832 2640 2902 prius
2667 2842 2929 2897 mutatum
2961 2846 3047 2895 est
3076 2852 3213 2897 :cur
3234 2838 3435 2911 despe-

1445 2969 1811 3029 VARIORUM
1837 2969 2068 3035 ΝΟΤᾸΞ.

104 3124 270 3183 gon_.;
302 3107 579 3183 Ovidium
592 3150 617 3183 ,ί
642 3107 734 3165 lib.
771 3124 800 3164 v
828 3106 1182 3181 bletamorph.
1208 3127 1223 3177 ;
1254 3118 1308 3166 et
1334 3109 1712 3180 Claudianum,
1741 3110 1789 3174 ς
1821 3106 1984 3183 Odar.
2006 3151 2028 3183 ,Α
2057 3108 2126 3183 5;
2155 3108 2484 3169 Macrobium
2531 3119 2585 3175 et
2612 3111 2981 3172 Plutarchum.
3015 3115 3073 3175 Id
3100 3116 3154 3174 in
3186 3132 3285 3183 usu
3316 3130 3435 3181 erat

108 3178 161 3237 in
188 3178 674 3252 Gigantomacbia.

177 3252 247 3311 In
268 3251 494 3323 stupris
517 3252 903 3324 adulteriisque.
937 3251 1085 3311 Jovis
1135 3252 1401 3312 adulteria
1436 3264 1491 3314 et
1536 3263 1720 3324 stupra

105 3322 227 3449 ltilge
256 3326 402 3449 alpud
432 3324 739 3383 Arnobium
761 3322 855 3379 lib.
890 3339 943 3379 tv
969 3333 1025 3381 et
1053 3340 1085 3378 ν
1106 3364 1123 3392 ,
1150 3334 1210 3380 et
1236 3326 1501 3396 Epipban.
1530 3327 1586 3381 in
1613 3322 1724 3383 An—

106 3410 137 3449 c
178 3410 271 3449 ora
300 3413 356 3449 υ.

106 3406 356 3451 cuorato.

179 3466 414 3539 Omitto,
464 3474 561 3522 etc
606 3463 663 3521 In
715 3466 966 3539 omnibus
1008 3467 1270 3529 Lactantii
1329 3469 1482 3527 libris
1521 3469 1719 3539 passim

102 3539 343 3609 usitatus
376 3538 472 3595 bic
505 3538 764 3609 loquendi
793 3538 1007 3595 modus.

185 3608 434 3681 Virgines
477 3608 610 3679 quas
637 3610 915 3664 imminuit.
948 3610 1080 3666 Vide
1129 3612 1358 3666 similem
1392 3612 1719 3671 locutionem

101 3680 254 3738 libro
284 3683 356 3735 de
386 3680 553 3743 Mori.
584 3681 825 3749 Persem,
852 3696 905 3737 c.
931 3682 1022 3737 58.

163 3750 253 3834 _ld
283 3752 426 3807 enim
466 3750 753 3811 tolerabile.
920 3753 1139 3814 Sublac.
1174 3754 1335 3813 habet
1360 3755 1719 3823 intolerabile,

98 3839 288 3879 tmnus
314 3836 495 3879 recte.

170 3896 623 3968 Amphitryonem
651 3911 712 3951 at:
749 3893 1089 3968 Tyndarum.
1119 3895 1445 3968 Amphitryo
1470 3898 1725 3968 princeps

97 3964 201 4022 fuit
232 3964 553 4022 Thebanus
573 4008 595 4037 ,ί
624 3985 653 4020 e
679 3964 833 4037 cujus
865 3983 1043 4023 uxore
1067 3964 1325 4023 Alcmrna
1357 3964 1570 4037 Jupiter
1588 3964 1725 4025 lle—r-

95 4038 281 4110 cuiem
306 4040 533 4109 genuit.
566 4036 850 4110 Tyndarus
877 4054 1009 4097 vero
1030 4055 1127 4101 rex
1154 4039 1257 4097 fuit
1277 4036 1520 4097 (Ebalim
1539 4042 1594 4095 in
1624 4042 1726 4098 Pe-

96 4108 441 4179 loponneSO,
465 4110 562 4165 hic
586 4108 800 4164 Lmdam
826 4126 1048 4167 uxorem
1078 4112 1288 4169 habuit.
1323 4114 1401 4169 Et
1426 4128 1492 4169 ea
1514 4122 1571 4169 et
1590 4113 1725 4169 Jove

98 4182 212 4237 nati
243 4193 379 4237 sunt
413 4181 620 4236 Pollux
651 4192 705 4235 ct
732 4180 959 4237 Helena.

171 4252 412 4329 Regitur:
439 4268 667 4329 puerum
695 4255 865 4329 rapuit
893 4256 960 4308 ad
982 4263 1237 4329 stuprum.
1283 4254 1529 4329 Scilicet
1547 4254 1726 4329 Gany.

94 4322 319 4377 modem
367 4322 945 4395 'l'ro‘is'l‘rojanprum
977 4322 1119 4395 regis
1152 4328 1337 4380 lilium.
1372 4327 1446 4381 De
1478 4327 1570 4395 illo
1611 4322 1724 4384 tto-

89 4410 234 4449 mer.
268 4395 464 4451 Ili:td..
509 4393 721 4464 vagit,
756 4394 886 4451 Em.
914 4412 970 4462 η,
994 4393 1151 4451 Ovid.
1186 4399 1240 4450 in
1268 4396 1510 4460 Metam,
1536 4394 1727 4452 Lucia-

91 4481 197 4541 nus
222 4467 573 4541 in_dialogis
599 4465 1047 4541 aliquotLCu-sar
1076 4466 1431 4541 Germanicus
1460 4469 1516 4525 in
1547 4471 1727 4541 Aqua-

90 4536 208 4599 rio,
264 4537 590 4593 llerodiun.
623 4536 714 4593 lib.
747 4554 800 4604 ι,
829 4538 986 4595 Oros.
1017 4539 1053 4593 l.
1084 4554 1134 4604 ι,
1164 4556 1213 4594 c.
1244 4540 1331 4607 12.

165 4607 519 4663 Marulosus.
535 4608 804 4679 Pollutos.
825 4610 1240 4666 contaminatus.
1257 4610 1475 4669 Tacitus
1490 4611 1628 4669 Hist.
1647 4628 1726 4679 tu,

89 4694 215 4749 cap.
240 4680 325 4736 ‘58
347 4722 362 4742 .
414 4679 572 4734 omni
602 4678 847 4735 dedecore
878 4684 1188 4737 maculosus.
1221 4682 1351 4737 BUN.

164 4750 706 4821 Adulterium,‘quod
727 4753 786 4820 ﬁt
816 4762 994 4808 contra
1020 4766 1280 4811 naturam.
1312 4754 1728 4823 Turpissimum,

88 4822 461 4882 detestabile.
500 4831 561 4894 et
584 4838 794 4877 summe
819 4823 1105 4881 uelandum
1130 4822 1471 4880 Punderastite
1499 4828 1729 4894 crimen,

88 4895 241 4963 quod
270 4894 445 4949 Plato
478 4893 582 4947 lib.
610 4910 624 4947 l
653 4898 719 4951 de
744 4895 870 4966 [λεδ.
909 4907 963 4953 ιιι
983 4897 1311 4953 sceleratum
1344 4908 1399 4950 et
1422 4898 1730 4966 impttt‘issio

88 4980 247 5021 mum
279 4973 622 5037 execratur,
671 4968 1018 5037 appellatque
1060 4977 1119 5022 ιιι
1174 4968 1263 5021 hic
1312 4967 1626 5024 Lactantius
1667 4971 1735 5029 Τὸ

89 5179 454 5252 temeritati,
489 5188 553 5235 et
586 5180 834 5234 laudabili
864 5183 979 5251 lege
1006 5181 1134 5245 lata,
1156 5197 1259 5252 qua
1282 5182 1567 5237 infamibus
1591 5183 1737 5243 hisee

86 5251 540 5324 pmdiconibus,
577 5252 790 5306 infamia
820 5261 876 5309 et
896 5252 1148 5322 capitalia
1179 5251 1424 5324 irrogant
1450 5255 1736 5324 supplicia,

89 5324 311 5377 malum
366 5322 485 5377 hoc
544 5325 879 5378 sustulerunt
912 5323 979 5379 de
1008 5335 1171 5379 terra.
1205 5322 1340 5380 Vide
1371 5325 1465 5379 lib.
1500 5322 1567 5380 ut
1599 5322 1735 5383 Cod.

88 5392 393 5451 Tlteodos.
426 5394 503 5447 ad
542 5390 606 5446 L.
636 5392 833 5448 Joliam
857 5394 923 5449 de
941 5392 1210 5459 Adultera;
1239 5396 1328 5450 lib.
1356 5410 1414 5451 ut
1436 5395 1572 5455 Cod.
1596 5396 1736 5455 Just.

89 5465 162 5520 ad
184 5464 404 5535 Legem
430 5463 651 5519 Juliam
675 5467 741 5521 de
757 5463 1002 5521 Adulter.
1021 5482 1036 5532 ;
1062 5467 1335 5527 Novellam
1357 5483 1485 5522 uxr
1508 5478 1563 5523 et
1588 5483 1736 5527 οιιι.

88 5534 184 5592 Ex
213 5538 643 5594 ELIBNHORST.

181 5608 344 5664 Verri
369 5607 729 5661 adulteria...
772 5606 956 5664 Clodio
984 5610 1250 5667 incestum.
1302 5609 1435 5666 Vide
1487 5607 1738 5673 Ciceros.

89 5679 226 5736 Act.
263 5695 304 5735 rt
342 5680 404 5733 in
439 5677 719 5745 Verrem,
748 5688 803 5735 et
828 5679 980 5737 Orat.
1008 5694 1108 5745 pro
1130 5680 1200 5737 Μ.
1232 5681 1425 5738 Ctelio.

172 5748 544 5827 Etsoror__et
594 5751 798 5827 conjuge.
844 5750 978 5818 Vide
1008 5748 1322 5827 Virgilium,
1368 5750 1585 5827 Emeid.
1619 5754 1656 5810 l.
1692 5770 1741 5823 t;

92 5820 409 5891 Ovidium,
452 5819 568 5881 lib.
617 5818 1276 5899 "(Metamorprle
1306 5818 1373 5887 et
1414 5826 1605 5886 Horat.
1654 5818 1741 5899 in.

1825 3182 1966 3252 apud
1995 3180 2324 3239 Orientales.

1898 3252 2121 3308 Excors.
2162 3253 2291 3309 Sine
2320 3252 2508 3319 corde,
2542 3254 2625 3311 vel
2655 3254 2774 3313 sine
2793 3260 2999 3319 animo.

1902 3324 2135 3407 Quidam
2157 3336 2307 3407 poeta
2338 3324 2968 3407 tr'iumphunr_l3upitlinis
3003 3333 3228 3407 scripsit.
3277 3334 3434 3407 Igno-

1826 3404 1961 3461 tum,
1997 3396 2089 3467 qui
2115 3396 2783 3473 iuerit_poeta,necliber
2808 3400 2927 3473 ejus
2970 3401 3036 3463 ad
3066 3396 3250 3461 noStra
3295 3396 3434 3465 (iam-

1825 3483 1962 3541 pora,
1986 3468 2253 3541 pervenit.
2288 3467 2404 3541 Huc
2426 3472 2670 3541 respexit
2694 3467 2886 3527 auctor
2915 3474 3037 3531 libri
3073 3476 3141 3539 de
3166 3477 3430 3537 Pudicitia

1825 3537 2302 3621 apud'Qypr.mtt_bi
2346 3537 2566 3621 scripsit
2595 3539 2980 3621 :“lmpudicitia
3028 3537 3288 3621 hominem
3336 3551 3427 3605 sub

1826 3609 2139 3687 triumphum
2158 3609 2383 3687 libidinis
2396 3609 2573 3687 mittit.
2599 3609 2780 3687 Poeta:
2807 3630 3004 3687 nomen
3028 3617 3269 3687 ignotum
3293 3637 3431 3687 quo-

1825 3696 1930 3752 que
1955 3680 2242 3739 conﬁtetur
2275 3680 2393 3736 Nic.
2435 3680 2657 3739 Abram.
2700 3682 2769 3738 ad
2804 3682 3008 3810 Cic.Bin
3042 3680 3227 3744 PiSon.
3256 3680 3425 3748 c.'25.

2970 3771 3205 3810 UNEIAI.

2970 3771 3205 3813 UNEIAI.

1902 3821 2330 3899 Rotatatemﬁic
2354 3822 2493 3899 apud
2518 3822 2815 3899 Lucia_num
2832 3823 3045 3899 Jupit_er
3060 3828 3313 3899 Cupidini
3337 3846 3432 3887 cx-

1824 3895 2069 3968 probrat,
2093 3896 2235 3966 quod
2254 3894 2429 3968 ipsum
2447 3895 2638 3968 iecerit
2659 3894 2927 3967 Satyrum,
2960 3894 3212 3967 Taurum,
3242 3919 3434 3963 aurum

1827 3965 1880 4022 et
1905 3968 2032 4043 alia,
2061 3965 2183 4043 quae
2214 3967 2312 4043 ipsi
2349 3965 2469 4029 Jovi
2502 3968 2556 4023 iu
2586 3965 3153 4043 dedecus_verteruut.

1901 4036 2213 4115 Qupiditate.
2233 4036 2245 4043 Γ
2264 4039 2338 4094 Ita
2361 4053 2504 4115 mss.
2548 4040 2792 4115 codices.
2821 4040 2965 4099 Editi
2986 4081 3002 4109 ,
3036 4044 3429 4115 cupiditatibus.

1902 4109 2139 4180 Regnare
2180 4110 2233 4167 iu
2277 4109 2403 4180 creto
2431 4108 2632 4165 Jovem.
2677 4111 2832 4169 C(elo
2875 4108 3151 4173 tonantem
3205 4118 3434 4176 credidi-

1827 4197 1948 4258 mus
1979 4178 2186 4258 Jovem.
2220 4182 2296 4258 ait
2323 4178 2580 4258 Horatius
2609 4197 2679 4258 _t_tt_
2708 4182 2836 4258 Od,
2867 4184 2919 4240 5.
2946 4184 3195 4256 Fingitur
3222 4187 3434 4258 Jupiter

1827 4252 1951 4311 cteli
1980 4268 2103 4326 esse
2142 4253 2416 4326 dominus,
2450 4254 2681 4326 quiailli
2710 4252 3017 4326 obtigerunt
3046 4252 3260 4323 Excelsa
3284 4252 3429 4321 loca.

1829 4325 2101 4399 praecipue
2134 4341 2262 4399 vero
2283 4324 2488 4399 Africa,
2507 4325 2663 4399 cujus
2681 4324 2870 4399 magna
2899 4344 3025 4399 pars
3050 4345 3170 4384 cum
3197 4331 3270 4390 sit
3289 4332 3434 4387 inter

1829 4398 2087 4470 tropicos,
2121 4396 2290 4470 solem
2322 4396 2483 4453 habet
2511 4396 2829 4470 et'reliquOS
2844 4396 3090 4464 planetas
3115 4415 3278 4470 supra
3314 4418 3426 4456 ver-

1752 4464 1990 4566 Dticetu
2015 4511 2029 4535 ,
2086 4468 2353 4549 undccst
2390 4468 2530 4538 quod
2573 4464 2791 4541 putatur
2839 4484 2962 4527 esse
2992 4473 3132 4531 cutio
3160 4464 3429 4542 proxima.

1834 4537 1898 4594 ν.
1931 4538 2195 4592 Lucanum
2226 4538 2319 4593 ΙΙΙ).
2352 4555 2424 4594 lx.

1931 4538 2195 4592 Lucanum
2226 4538 2319 4593 lib.
2352 4555 2424 4594 lx.

1906 4608 2121 4682 gignant.
2144 4611 2384 4682 llynmos
2403 4609 2469 4665 ad
2495 4610 2682 4667 Jovem
2702 4610 2823 4667 vide
2851 4612 2991 4682 apud
3018 4604 3431 4679 Callimachum.

1909 4627 2121 4680 uyntm.
2144 4627 2384 4735 ιιῖιιιιιοε
2403 4627 2469 4665 aa
2495 4627 2682 4667 Jovem
2702 4627 2823 4667 Vlde
2851 4627 2991 4682 apud
3018 4627 3431 4679 .Ualttmacnum.

1909 4680 2153 4737 Delubra.
2214 4681 2478 4738 iclu‘brum
2513 4692 2597 4754 est
2636 4682 2782 4754 locus
2805 4724 2820 4750 ,
2863 4686 2914 4737 in
2942 4700 3050 4754 quo
3080 4685 3177 4741 Dei
3209 4688 3434 4742 simula-

1832 4767 1985 4827 crum
2019 4754 2323 4827 dedicatum
2353 4765 2455 4809 est.
2481 4753 2618 4809 Vide
2646 4752 2887 4827 Festum,
2921 4752 3076 4812 serv.
3111 4769 3166 4813 et
3191 4757 3432 4817 Macrob.

1833 4824 1889 4883 in
1909 4825 2304 4881 Saturnalibus.

1903 4896 2140 4952 Saturno
2165 4908 2211 4951 et
2230 4895 2396 4951 Rhea.
2432 4893 2508 4950 Ita
2535 4895 2849 4967 frequentes
2872 4914 3004 4954 mss.
3027 4908 3087 4955 et
3108 4915 3301 4957 omnes
3320 4902 3437 4957 iere

1836 4966 1989 5041 editi.
2012 4968 2139 5041 Mss.
2173 4969 2371 5041 decent
2391 4983 2530 5037 rec.,
2556 4968 2783 5041 dempto
2812 4986 2938 5036 uno,
2974 4971 3175 5027 habent
3206 4973 3436 5027 Saturno

1838 5048 1884 5111 e_t
1928 5038 2064 5105 Ope.
2118 5040 2227 5095 Res
2272 5038 2464 5094 eodem
2506 5038 2699 5106 ταῦθ’
2724 5040 2874 5099 Rhea
2898 5042 3047 5111 enim
3079 5044 3187 5100 alio
3217 5047 3438 5102 neruine

1843 5108 1950 5180 Ops
1980 5121 2219 5179 vocatur,
2251 5118 2309 5165 ut
2332 5112 2503 5166 cuivis
2533 5122 2740 5167 notauit.

1908 5180 2084 5256 Credi.
2112 5182 2222 5256 Hoc
2245 5182 2637 5256 verbum_qnod
2660 5194 2747 5240 est
2774 5183 2830 5239 in
2854 5187 3077 5256 antiquo
3102 5187 3436 5242 Bononiensi

1840 5253 2059 5329 codice,
2104 5261 2161 5308 et
2183 5252 2238 5329 in
2262 5254 2425 5329 editis
2456 5252 2739 5327 Thomam,
2770 5256 2967 5329 Thys.,
2990 5252 3134 5315 Gali.
3166 5270 3221 5313 et
3245 5257 3284 5312 Ξ
3309 5256 3437 5329 Lip-

1842 5324 2132 5390 siensibus,
2162 5325 2504 5381 desideratur
2539 5331 2598 5382 in
2628 5324 2861 5383 caeteris.

1916 5394 2100 5468 Poeta.
2127 5396 2342 5468 Virgil.,
2375 5412 2449 5453 xu
2472 5396 2713 5465 Eneid.,
2746 5399 2872 5456 820.

1917 5465 2088 5543 Mittin
2136 5465 2361 5543 fuerunt.
2417 5468 2614 5543 Iisdem
2650 5469 2770 5527 fere
2811 5473 3149 5543 argumentis
3201 5471 3442 5530 cmriutat

1846 5536 2216 5615 Tertulliauus
2244 5540 2467 5596 Saturni
2492 5541 2832 5599 divinitatem
2862 5536 2919 5600 iit
2945 5543 3316 5615 Apolegetico,
3347 5558 3441 5599 ca-

1844 5609 2155 5755 μιίζέ
2178 5682 2262 5738 sit.
2292 5682 2461 5739 Forte
2489 5684 2797 5755 legendum,
2829 5695 2886 5739 ut
2913 5694 2967 5739 et
2991 5684 3126 5740 otius
3152 5686 3235 5740 sit.

1925 5751 2185 5837 Matutam
2230 5764 2323 5837 est.
2366 5756 2466 5837 7‘s“:
2495 5751 2818 5837 aristoteles
2869 5755 3052 5811 libello
3095 5756 3165 5813 de
3210 5756 3410 5816 Mundo
3440 5799 3459 5837 ,

1851 5823 1992 5885 hanc
2020 5824 2090 5884 tle
2122 5825 2259 5885 Jove
2288 5826 2564 5886 ﬁctionem
2588 5829 2830 5903 aspersit.
