3838 6278
146 291 239 350 169

1228 286 1437 346 LIBER
1463 287 1504 346 l.
1546 287 1637 346 DE
1660 282 1888 350 FALSA
1924 289 2313 350 RELIGIONE.

3322 275 3425 349 tio

139 409 304 478 itaque
329 403 441 459 sola
458 403 557 459 fuit
580 401 963 472 continentior,
991 415 1115 459 cum
1134 418 1252 461 eam
1271 405 1572 477 deperiret;
1606 422 1712 463 non
1740 404 1796 467 Α
1821 407 1902 464 11ιί
1942 409 2084 465 enim
2111 409 2179 466 de
2214 407 2527 466 hominibus
2573 402 2954 478 loquebantur;
2985 405 3084 464 sed
3110 413 3171 463 ut
3199 420 3295 464 eos
3335 423 3426 464 or-

139 502 318 556 virtute
357 495 552 567 aliqua,
599 495 693 550 sed
733 504 879 551 metu
917 498 1269 554 successoris.
1311 498 1441 565 Qua:
1487 498 1719 556 formido

139 593 301 664 utique
327 590 442 660 ejus
469 597 572 653 est,
604 589 695 659 qui
735 588 806 644 sit
834 599 889 644 et
919 589 1182 658 mortalis,
1215 601 1271 646 et
1309 591 1634 658 imbecillus,
1664 601 1720 648 et

141 687 308 746 nihili:
337 684 535 756 quippe
575 684 667 755 qui
712 684 885 755 potuit
921 693 977 740 et
1015 693 1170 752 tunc,
1217 700 1338 741 cum
1382 697 1717 755 nasceretur,

139 776 380 850 extingui,
409 778 550 832 sicut
576 776 742 832 frater
767 776 887 848 ejus
910 785 1036 832 ante
1062 777 1294 849 genitus,
1317 780 1584 835 extinctus
1605 789 1717 835 est:

135 875 215 947 qui
241 872 282 928 si
306 871 488 926 vivere
516 869 803 940 potuisset,
828 885 1105 942 nunquam
1143 869 1341 925 minori
1362 873 1721 927 concessisset

132 963 421 1036 imperium.
454 961 574 1033 Ipse
601 972 782 1018 autem
817 960 960 1017 furto
1000 971 1265 1029 servatus,
1296 960 1590 1034 furtimque
1616 981 1719 1018 nu-

134 1058 296 1120 tritus,
336 1056 454 1120 ζεὺς
491 1053 605 1108 sive
631 1058 720 1118 ζῆν
753 1053 1052 1123 appellatus
1092 1064 1209 1119 est;
1253 1069 1381 1120 non,
1415 1065 1474 1110 ut
1507 1055 1592 1111 isti
1625 1072 1721 1126 pu-

131 1158 252 1215 tant,
280 1163 310 1202 a
331 1146 547 1204 fervore
573 1148 812 1203 caelestis
833 1147 991 1217 ignis,
1020 1147 1104 1202 vel
1130 1147 1274 1219 quod
1295 1149 1420 1204 vitae
1444 1149 1516 1204 sit
1543 1149 1718 1216 dator,

129 1243 208 1298 vel
236 1239 378 1312 quod
419 1239 783 1294 animantibus
828 1238 1056 1309 inspiret
1097 1239 1342 1308 animas,
1387 1256 1511 1311 qua).
1553 1242 1723 1297 virtus

123 1339 288 1395 solius
335 1335 428 1391 Dei
486 1343 570 1390 est
614 1332 634 1406 (
674 1349 836 1404 quam
879 1336 1024 1389 enim
1071 1334 1245 1404 possit
1293 1335 1559 1407 inspirare
1606 1337 1723 1390 ani-

124 1446 285 1497 mam,
312 1428 406 1500 qui
435 1428 549 1499 ipse
579 1428 789 1498 accepit
816 1426 1066 1482 aliunde?
1083 1428 1124 1500 ),
1148 1428 1243 1484 sed
1265 1429 1407 1500 quod
1436 1431 1639 1501 primus
1659 1447 1724 1487 ex

120 1525 307 1581 liberis
335 1522 554 1579 Saturni
583 1520 822 1576 maribus
847 1521 1061 1576 vixerit.

189 1619 492 1674 Potuerunt
520 1616 681 1688 igitur
708 1616 957 1672 homines
984 1615 1147 1672 alium
1179 1616 1338 1673 deum
1368 1617 1572 1676 habere
1612 1635 1730 1676 rec-

120 1721 320 1780 torem,
351 1709 401 1766 si
428 1708 690 1765 Saturnus
716 1723 822 1766 non
853 1708 1040 1765 fuisset
1068 1709 1138 1766 ab
1167 1725 1339 1768 uxore
1381 1711 1624 1768 delusus.
1654 1714 1728 1768 At

1826 512 2049 570 narent,
2098 518 2328 574 quorum
2382 501 2695 558 memoriam
2742 501 2988 557 laudibus
3031 501 3422 571 celebrabant,

1826 595 1958 652 deos
1982 610 2103 653 esse
2128 597 2398 652 dixerunt.
2428 596 2614 668 Itaque
2640 594 2733 650 illa
2761 595 2942 666 potius
2972 594 3088 650 ﬁcta
3120 604 3266 662 sunt,
3301 611 3424 667 qua:

1828 697 2096 760 tamquam
2127 689 2196 746 de
2221 691 2343 758 diis,
2391 706 2498 746 non
2537 689 2629 745 illa
2675 704 2794 760 quae
2831 699 3101 760 tamquam
3143 689 3208 745 de
3251 689 3430 746 homi-

1827 782 1984 837 nibus
2015 781 2178 838 locuti
2216 791 2379 838 sunt:
2408 781 2550 852 quod
2580 781 2786 837 clarum
2824 782 2917 837 fiet
2953 781 3232 852 exemplo,
3281 782 3428 852 quod

1826 873 2140 931 inlercmus.
2168 876 2384 932 Danaen
2411 875 2728 943 violaturus,
2761 889 2955 930 aureos
2985 889 3233 930 nummos
3269 875 3434 946 largi-

1830 978 1912 1026 ter
1939 970 1994 1025 in
2019 970 2198 1026 sinum
2227 974 2344 1041 ejus
2374 969 2585 1025 infudit.
2617 969 2745 1025 Haec
2771 969 2942 1038 stupri
2969 983 3180 1024 merces
3217 967 3335 1023 fuit.
3367 970 3439 1024 At

1832 1069 2026 1132 poeta},
2071 1061 2160 1132 qui
2192 1061 2346 1132 quasi
2376 1061 2444 1116 de
2485 1061 2597 1116 Deo
2627 1059 3006 1131 loquebantur,
3039 1074 3109 1115 ne
3150 1060 3439 1115 auctorita-

1829 1163 1937 1212 tem
1967 1154 2186 1211 credittc
2215 1154 2512 1226 majestatis
2555 1153 2928 1226 infringerent,
2958 1153 3227 1208 ﬁnxerunt
3259 1152 3437 1223 ipsum

1830 1251 1884 1304 in
1913 1264 2078 1305 aureo
2107 1248 2282 1305 imbre
2311 1248 2614 1318 delapsum,
2648 1245 2837 1302 eadem
2868 1246 3058 1317 ﬁgura,
3103 1259 3207 1315 qua
3239 1244 3440 1300 imbres

1830 1343 2040 1398 ferreos
2069 1341 2275 1408 dicunt,
2326 1355 2448 1396 cum
2495 1338 2896 1395 multitudinem
2939 1337 3171 1392 telorum
3224 1335 3443 1405 sagitta-

1831 1451 2062 1507 rumque
2085 1435 2416 1492 describunt.
2451 1433 2715 1503 Rapuisse
2745 1431 2939 1487 dicitur
2976 1429 3031 1484 in
3075 1429 3252 1500 aquila
3277 1426 3439 1483 Cata-

1834 1527 2023 1584 mitum
2049 1545 2060 1582 :
2088 1528 2331 1598 poeticus
2361 1526 2511 1582 color
2536 1534 2639 1581 est.
2671 1524 2777 1581 Sed
2805 1530 2896 1578 aut
2921 1538 3018 1594 per
3045 1523 3311 1594 legionem
3351 1536 3439 1577 ra-

1835 1619 1982 1691 puit,
2024 1618 2176 1690 cujus
2213 1618 2422 1689 insigne
2450 1616 2629 1686 aquila
2655 1625 2768 1683 est;
2802 1625 2894 1671 aut
2923 1616 3094 1682 navis,
3139 1615 3194 1669 in
3223 1603 3327 1686 qua
3357 1621 3442 1669 est

1837 1711 2142 1784 impositus,
2187 1710 2409 1767 tutelam
2435 1710 2620 1766 habuit
2649 1710 2702 1764 in
2735 1709 2910 1780 aquila
2956 1709 3271 1779 ﬁguratam,
3304 1708 3446 1763 sicut

116 1804 261 1862 enim
287 1810 462 1875 poetae
487 1798 591 1856 ista
617 1801 910 1860 tinxerunt.
941 1801 1101 1860 Errat
1128 1803 1373 1875 quisquis
1421 1802 1528 1861 hoc
1554 1812 1723 1874 putat.
1758 1804 1806 1864 B
1834 1814 2069 1874 taurum,
2102 1820 2227 1861 cum
2258 1803 2437 1876 rapuit
2480 1811 2534 1860 et
2561 1801 2860 1858 transvexit
2901 1800 3200 1872 Europam.
3233 1799 3443 1856 Eodem

1484 1944 1848 2006 VARIORUM
1885 1941 2114 2000 NOTAE.

161 2093 338 2154 ropter
365 2084 502 2142 hanc
529 2084 894 2143 inevitabilem
921 2089 1323 2152 necessitatem,
1347 2083 1719 2141 conditionem

156 2159 264 2213 ovis
299 2165 355 2214 et
395 2157 620 2214 aliorum
665 2157 892 2214 deorum
929 2159 1100 2216 nihilo
1136 2159 1417 2216 meliorem
1461 2171 1584 2212 esse
1623 2155 1724 2210 hu-

126 2245 274 2285 mana
308 2227 512 2286 indicat
534 2229 865 2287 conditione.

197 2319 392 2392 Itaque.
424 2321 516 2378 Sic
538 2322 878 2379 emendatum
910 2339 979 2381 ex
1002 2333 1108 2390 vet.
1141 2322 1274 2380 edit.
1316 2320 1475 2377 Rom.
1518 2328 1572 2377 et
1599 2335 1720 2376 om-

128 2393 276 2449 nibus
298 2406 435 2466 mss.
469 2403 665 2462 przeter
691 2395 718 2449 1
751 2396 942 2464 Brun.,
975 2397 1162 2466 inquo
1201 2398 1342 2452 sicut
1369 2405 1421 2450 et
1464 2393 1516 2448 in
1561 2393 1722 2449 editis

128 2465 442 2536 cstiutique;
475 2466 652 2520 minus
681 2475 827 2535 apte,
860 2483 981 2523 cum
1012 2465 1136 2523 mox
1166 2469 1342 2534 utique
1367 2471 1643 2536 sequatur.

195 2535 514 2591 Imbecillus.
543 2537 619 2592 Ita
647 2539 982 2594 restituimus
1011 2555 1078 2594 ex
1121 2535 1505 2594 vetustissimis
1535 2544 1587 2607 et
1625 2550 1724 2607 op-

131 2609 264 2663 timis
291 2621 420 2662 mss.
456 2608 519 2662 1n
548 2609 735 2664 decem
761 2625 868 2665 rec.
895 2621 952 2666 et
981 2612 1034 2665 in
1063 2611 1222 2665 editis
1250 2619 1333 2666 est
1358 2606 1648 2662 imbecillis.

197 2679 357 2752 Furta
382 2691 636 2734 servatus.
657 2680 806 2736 Rhea
832 2683 1014 2752 igitur,
1032 2682 1221 2738 Jovem
1249 2685 1429 2752 enixa,
1458 2688 1618 2752 metu
1637 2693 1729 2749 pa-

128 2751 502 2807 trisinfantetn
528 2753 580 2806 in
609 2753 767 2808 Creta
794 2749 1101 2814 occultavit.
1136 2751 1482 2807 nutriendum
1525 2765 1557 2805 a
1588 2749 1727 2803 dua-

131 2824 222 2894 bus
247 2824 522 2894 nymphis,
554 2823 817 2880 Adrastea
843 2835 896 2882 et
925 2825 1036 2892 lda,
1065 2824 1298 2881 Melissei
1327 2821 1562 2878 ﬁliabus.
1591 2819 1731 2876 Vide

129 2893 362 2950 Ovidium
393 2893 612 2950 Faster.
646 2911 701 2951 v.

195 2992 295 3059 ζῇν.
323 2984 449 3043 Mss.
478 2986 518 3041 2
541 2987 720 3054 Colb.,
747 2988 818 3044 82
845 2989 1011 3043 Brun.
1038 2990 1175 3054 Ζόεν,
1219 2987 1372 3059 quasi
1411 2989 1536 3042 vita;
1556 2986 1732 3059 dator.

196 3057 404 3152 Non)"
436 3076 472 3112 a
507 3062 704 3152 {crvore
732 3060 949 3152 caelestie
993 3061 1146 3143 ignis.
1193 3056 1362 3152 Immo
1402 3059 1620 3152 ‘videtur
1659 3056 1738 3152 sie
1763 3088 1810 3152 ρ

196 3062 404 3114 Νοη....
436 3076 472 3112 a
507 3062 704 3184 {crvore
732 3062 949 3114 caelestis
993 3062 1146 3131 ignis.
1193 3062 1362 3114 Immo
1407 3062 1620 3114 videtur
1659 3062 1729 3114 sic

131 3128 471 3185 derivandum
525 3147 608 3186 ioc
635 3147 858 3198 nomen;
891 3133 987 3197 ζέω
1012 3132 1156 3186 enim
1182 3147 1210 3185 a
1235 3134 1374 3197 ζεύς,
1401 3130 1583 3186 ferveo
1611 3147 1624 3183 :
1650 3130 1729 3185 sic

131 3203 280 3256 etiam
310 3213 508 3275 auctor
527 3203 880 3275 Etymologici
903 3203 1066 3258 refert
1096 3203 1162 3257 ad
1188 3205 1424 3275 calorem
1451 3201 1614 3275 aeris.
1655 3201 1729 3275 De

130 3287 228 3342 quo
266 3274 385 3329 vide
429 3272 720 3330 Platonem
767 3272 820 3330 in
863 3275 1107 3345 Cratylo,
1157 3283 1213 3330 et
1259 3273 1606 3330 Aristotelem
1661 3272 1728 3328 de

131 3346 322 3400 mundo
349 3347 499 3402 circa
532 3345 717 3402 linem.

198 3439 417 3512 Accepit.
450 3441 551 3498 Sic
582 3441 922 3511 reposuimus
961 3455 1026 3496 ex
1058 3440 1309 3497 omnibus
1340 3455 1470 3496 mss.
1513 3446 1568 3495 et
1595 3436 1724 3494 edit.

131 3510 282 3567 Rom.
313 3510 470 3570 1470.
503 3512 564 3566 1η
587 3510 797 3568 cunctis
823 3517 936 3568 t‘ere
962 3512 1143 3578 editis,
1172 3511 1378 3582 accipit.

202 3583 478 3641 Rectorem.
516 3583 589 3640 lla
618 3585 946 3639 restituimns
970 3599 1036 3638 ex
1059 3583 1450 3654 antiquioribus
1472 3590 1525 3637 ct
1552 3582 1730 3652 potio-

133 3654 277 3726 ribus
301 3671 430 3726 mss.
458 3659 496 3710 2
535 3656 766 3719 Bonon.,
809 3657 842 3711 5
872 3656 1071 3726 Regiis,
1113 3656 1146 3709 5
1176 3655 1352 3718 Colb.,
1384 3653 1647 3726 Gronov.,
1695 3654 1732 3706 2

133 3724 298 3793 Lips.,
318 3725 355 3780 2
379 3727 641 3790 Clarom.,
667 3726 828 3792 Tax.,
858 3724 1014 3792 Pen.,
1039 3735 1091 3781 et
1113 3727 1384 3781 veteribus
1410 3725 1539 3780 edit.
1568 3725 1725 3780 Rom.

135 3797 289 3868 1470,
338 3799 492 3864 1474,
546 3799 715 3854 Paris.
763 3798 934 3865 1525,
993 3799 1140 3860 Ald..
1173 3795 1625 3868 Graph.,itlrat.,
1678 3803 1733 3850 et

130 3867 317 3942 Qellar.
367 3869 425 3925 lu
465 3873 502 3927 5
547 3871 705 3942 Reg,
741 3871 766 3925 1
810 3870 990 3937 Colb.,
1040 3871 1066 3924 1
1120 3867 1299 3940 Lips.,
1341 3867 1484 3934 PaL,
1534 3867 1728 3935 Cauc.,

131 3940 312 4006 Brun.,
339 3951 393 3997 et
421 3940 705 3998 nonnullis
732 3942 913 4007 editis,
946 3957 1136 4014 regem.

199 4033 410 4092 Danaen
453 4037 764 4092 violaturns.
814 4035 890 4091 Ita
931 4053 1051 4092 cum
1092 4035 1124 4091 5
1153 4035 1314 4091 editis
1358 4050 1548 4090 omnes
1593 4048 1726 4088 mss.

131 4107 354 4174 demptis
396 4123 511 4164 rec.
545 4109 582 4162 2
616 4109 770 4177 Reg..
807 4107 995 4172 Cauc.,
1028 4118 1082 4163 et
1109 4107 1422 4177 Cantabrig.
1467 4121 1530 4161 ac
1572 4105 1732 4177 editis

132 4180 307 4234 multis
335 4182 424 4251 qui
447 4180 657 4236 addunt
675 4176 881 4251 Jupiter
905 4195 923 4233 :
945 4180 1086 4250 quod
1108 4176 1531 4251 glossema’viris
1555 4176 1730 4233 doctis

132 4265 246 4305 esse
271 4249 516 4320 videtur;
562 4262 619 4307 et
643 4249 858 4321 quidem
889 4252 1080 4306 abesse
1108 4249 1300 4321 potest,
1330 4249 1596 4321 siquidem
1641 4262 1732 4302 su-

132 4335 222 4388 pra
249 4321 312 4377 de
337 4323 475 4379 Jove
501 4332 591 4380 est
618 4338 819 4377 sermo.
858 4323 931 4378 De
963 4322 1062 4377 hac
1087 4322 1264 4377 fabula
1295 4321 1450 4378 lovis
1481 4323 1531 4374 in
1564 4335 1730 4375 aureo

132 4391 298 4466 imbre
347 4394 556 4466 delapsi
605 4395 730 4450 vide
771 4393 1081 4466 Terentium
1138 4392 1190 4448 in
1225 4393 1544 4466 Eunuche;
1594 4391 1728 4466 Ovi-

1831 2077 2343 2208 ielaeeommittere.
2377 2075 2468 2134 Sic
2497 2075 2636 2148 apud
2657 2075 2813 2133 Ovid.
2840 2075 2897 2132 in
2925 2090 3014 2147 ep.
3041 2075 3110 2133 ad
3137 2076 3258 2136 Hel.
3284 2077 3440 2136 Paris

1854 2168 1977 2208 οαυι
2009 2166 2070 2205 ιη’
2095 2169 2108 2203 2

1854 2166 2070 2223 oquuur
2095 2169 2108 2203 :

1954 2262 2192 2329 Addimus
2213 2266 2454 2329 antennas
2479 2266 2532 2312 et
2554 2262 2662 2329 vela
2687 2264 2952 2329 sequentia
2977 2264 3152 2329 malos,

2025 2325 2221 2390 Accipit
2243 2332 2295 2376 et
2313 2327 2470 2389 pictos
2489 2327 2665 2389 puppis
2688 2325 2872 2378 adunca
2894 2325 3050 2377 Deos.

1833 2431 1978 2506 Virg.
2010 2433 2105 2488 lib.
2135 2449 2170 2487 x
2199 2431 2420 2488 jEneid.

2017 2547 2207 2599 Aurato
2227 2546 2458 2610 fulgebat
2481 2545 2712 2610 Apolline
2731 2551 2927 2611 puppis.

1835 2674 1907 2730 Et
1932 2687 2040 2729 non
2066 2673 2242 2728 solum
2274 2671 2530 2736 deorum,
2563 2685 2751 2725 verum
2796 2671 2959 2726 etiam
2999 2670 3226 2728 dearum
3259 2675 3441 2733 tutela:

1837 2759 2001 2799 naves
2031 2743 2538 2808 committebantur;
2585 2741 2728 2796 unde
2757 2743 2918 2796 etiam
2963 2742 3116 2798 deam
3146 2744 3443 2802 Minervam

1840 2831 1937 2885 pro
1968 2813 2130 2869 tutela
2162 2813 2343 2885 habuit
2374 2813 2529 2885 navis
2556 2812 2667 2885 illa,
2692 2828 2813 2883 quae
2844 2811 3094 2869 Ovidium
3127 2816 3181 2870 iu
3211 2816 3444 2874 Pontum

1842 2881 2010 2943 vexit.
2041 2885 2204 2940 Trist.
2234 2883 2329 2938 lib.
2366 2900 2402 2951 ι,
2438 2884 2520 2937 ΕΙ.
2548 2881 2617 2938 9:

1966 2997 2056 3049 Est
2070 2997 2208 3054 mihi,
2234 2997 2396 3060 sitque
2414 3009 2608 3058 precor,
2637 2995 2775 3060 ﬂavae
2799 2996 2955 3047 tutela
2980 2997 3214 3052 Minervae

2033 3060 2199 3122 Navis,
2227 3065 2280 3110 et
2302 3059 2330 3107 a
2348 3059 2479 3123 picta
2499 3059 2690 3110 casside
2712 3072 2892 3110 nomen
2915 3060 3086 3113 habet.

1834 3185 1998 3243 [smus
2028 3202 2134 3241 non
2169 3187 2345 3242 solum
2380 3185 2515 3240 deos
2546 3185 2783 3256 deasque
2823 3203 2922 3257 pro
2948 3189 3129 3245 tutelis
3161 3193 3323 3249 fuisse
3351 3195 3445 3252 ha-

1834 3257 1994 3335 bitas,
2022 3273 2212 3314 verum
2241 3266 2421 3335 et__res
2447 3259 2581 3335 alias
2600 3300 2614 3324 ,
2661 3268 2798 3335 puta
2818 3260 3062 3335 aquilam
3079 3264 3291 3335 aliaque
3328 3271 3448 3322 ani-

1835 3329 1994 3402 malia
2014 3370 2030 3397 ,
2076 3328 2385 3394 contendit;
2415 3328 2527 3402 sed
2560 3343 2682 3384 meo
2711 3328 2926 3400 quidem
2968 3328 3218 3402 judiciof
3247 3349 3395 3395 errat
3425 3358 3440 3396 :

1832 3400 2104 3470 quodnam
2131 3401 2276 3456 enim
2305 3400 2583 3466 auxilium,
2619 3416 2848 3469 quamve
2878 3400 3096 3458 tutelam
3125 3400 3194 3460 ab
3222 3409 3444 3466 animali

1832 3471 1991 3526 bruto
2019 3487 2240 3550 sperare
2266 3480 2524 3550 poterant1
2545 3473 2912 3550 navigantes
2938 3484 3087 3530 certe
3107 3493 3318 3550 nomen
3355 3481 3441 3550 ip-

1833 3558 1952 3598 sum
1981 3545 2160 3598 tutelae
2190 3546 2321 3598 Satis
2349 3542 2634 3597 manifeste
2675 3543 2776 3596 hoc
2805 3543 3044 3601 indicare
3066 3547 3299 3613 videtur,
3334 3542 3441 3607 non

1835 3615 1903 3668 ab
1949 3614 2056 3668 alio
2101 3628 2373 3688 quoquam
2421 3613 2589 3688 navis
2615 3615 3083 3688 conservationem
3125 3629 3444 3688 expectasse

1834 3697 2068 3749 veteres,
2114 3683 2275 3754 quam
2317 3683 2384 3737 ab
2428 3684 2520 3737 illo
2558 3683 2661 3738 deo
2707 3683 2876 3755 deave
2921 3686 3074 3755 cujus
3102 3683 3282 3745 tutela:
3319 3707 3439 3747 eam

1833 3756 2242 3828 commiserant,
2268 3763 2362 3828 aut
2388 3754 2995 3828 cuiconsecravérant,
3014 3757 3276 3828 cujusque
3304 3761 3440 3815 ima—

1833 3827 2038 3898 ginem,
2090 3825 2312 3880 honoris
2360 3825 2548 3898 gratia,
2601 3825 2653 3898 in
2689 3826 2847 3894 puppi
2881 3825 3163 3894 figuratam
3189 3825 3442 3888 'habebat

1834 3895 2004 3952 navis.
2035 3898 2192 3951 Errat
2231 3911 2394 3966 porro
2436 3896 2578 3950 idem
2612 3895 2798 3961 lamus,
2846 3911 2970 3950 cum
3009 3899 3131 3953 aliis
3163 3903 3438 3959 nonnullis

1834 3971 1964 4023 viris
1987 3968 2180 4044 dectis,
2213 3966 2357 4044 quod
2398 3975 2544 4036 putet
2577 3967 2796 4044 tutelam
2839 3966 3003 4023 fuisse
3046 3973 3197 4044 navis
3225 3972 3437 4044 insigne

1833 4055 2011 4110 prorae
2038 4040 2367 4110 impositum,
2401 4048 2560 4108 atque
2585 4055 2614 4091 a
2643 4038 3034 4110 tutelainomen
3069 4038 3358 4108 habuisse:
3371 4061 3437 4102 ac

1835 4108 2038 4186 Graecis
2070 4108 2636 4186 tutelamqrapwnpev
2657 4108 3098 4186 vocari.__Erroris
3118 4113 3200 4186 illi
3228 4130 3290 4170 ac
3316 4116 3436 4171 aliis

1834 4183 2172 4262 occasionem
2203 4180 2451 4262 praebuit,
2477 4180 2615 4248 qubd
2638 4180 2802 4262 gioss.
2833 4180 2976 4236 dicat
3000 4185 3177 4249 tutela,
3201 4189 3439 4262 παράση-

1834 4275 1924 4325 μον
1943 4260 2031 4308 τοῦ
2059 4255 2256 4310 πλοίου.
2289 4251 2404 4326 l‘lon
2432 4267 2644 4326 semper
2671 4251 2774 4306 hoc
2796 4268 3016 4319 verum;
3049 4251 3435 4326 nonnunquam

1835 4323 1979 4379 enim
2010 4325 2228 4380 tutelam
2255 4323 2385 4396 nihil
2403 4338 2525 4378 cum
2551 4324 2837 4378 Parasemo
2851 4340 3138 4396 commune
3160 4323 3432 4396 habuiSse,

1835 4411 1956 4451 cum
1984 4396 2248 4468 Seliita§io
2293 4394 2507 4468 aflirmo
2549 4411 2561 4468 ς
2600 4405 2654 4448 et
2699 4403 2844 4468 patet
2889 4395 2939 4448 in
2986 4412 3122 4468 nave
3153 4398 3240 4451 illa
3267 4440 3281 4464 ,
3326 4394 3429 4468 qua

134 4463 271 4553 diem
321 4481 400 4549 vi,
422 4463 494 4522 de
540 4465 852 4553 Iristibus;
895 4465 1191 4553 Horatium,
1220 4465 1312 4553 iii).
1339 4463 1725 4553 ‘utnCarmin;
1753 4493 1807 4553 D
1839 4477 1993 4553 vecta
2018 4466 2118 4521 fuit
2149 4466 2394 4553 Eiuropa;
2423 4464 2649 4553 .Ju‘pit'er
2688 4465 2830 4519 enim
2869 4465 3045 4529 tutela,
3073 4463 3286 4553 'taurus
3315 4463 3434 4524 erat

135 4532 508 4593 Germanicum
536 4539 808 4594 Caesarem
839 4537 891 4591 in
926 4537 1147 4591 Aratum
1181 4537 1269 4592 ubi
1321 4537 1387 4590 de
1419 4535 1614 4589 Perseo
1645 4535 1726 4588 lo-

134 4608 342 4681 quitur;
373 4609 670 4681 Hyginum,
701 4609 752 4664 in
795 4624 913 4679 cap.
945 4607 1016 4664 63
1051 4607 1386 4676 fabularum;
1419 4607 1536 4677 lege
1565 4605 1727 4662 etiam

135 4674 488 4745 Epiphanimn
527 4683 579 4735 in
609 4674 935 4736 Anchorato.

200 4748 438 4821 Ij‘erreos.
470 4751 564 4809 Sic
592 4751 782 4821 Virgil.
809 4768 887 4807 xu
915 4751 1157 4816 IEneid.,
1199 4749 1355 4807 Ovid.
1401 4765 1418 4821 ι
1458 4748 1644 4821 Tri_st.,
1671 4747 1726 4821 9.

202 4819 268 4894 In
293 4825 490 4893 aquila.
520 4824 642 4879 Vid.
674 4819 894 4879 Lucian.
921 4825 988 4879 de
1014 4823 1202 4878 Sacrif.
1231 4838 1285 4894 p.
1314 4820 1457 4894 564;
1488 4819 1730 4894 Aihenaei

134 4889 382 4963 Deipnos.
420 4911 544 4959 xm,
568 4896 658 4950 l‘ol.
693 4895 830 4960 566;
861 4895 1016 4950 Alex.
1050 4895 1117 4949 ab
1146 4889 1300 4949 Alex.
1343 4893 1486 4946 Dier.
1520 4889 1728 4947 Genial.

138 4963 196 5036 ll.
223 4980 294 5032 tv,
328 4981 377 5022 c.
411 4966 470 5035 2,
504 4985 558 5036 p.
592 4967 715 5022 865.
750 4967 854 5023 Sex
877 4967 1149 5033 Vaticani,
1180 4967 1234 5019 in
1261 4964 1463 5034 aquila;
1497 4963 1733 5036 quinque

138 5034 416 5108 alii_Vatic.
446 5034 589 5093 Ben.
617 5038 846 5093 Rcimm.
875 5039 926 5092 in
955 5039 1179 5108 aquilam
1205 5037 1499 5108 ﬁguratam.
1526 5035 1658 5108 Bion.

208 5106 537 5181 Catamitum.
589 5108 838 5181 Catamiti
882 5104 1032 5181 pueri
1072 5104 1736 5181 sunt'meritoriiLinquit

140 5176 429 5251 Detuleius.
476 5181 687 5237 Glossm
719 5199 732 5236 :
764 5175 1058 5236 Catamitus
1083 5221 1095 5243 ,
1139 5175 1731 5251 Γανυμήδης-,Ἐξειιιεε

142 5247 447 5323 Ca‘tantitum
475 5269 572 5323 pro
601 5252 894 5323 Ganymede
924 5253 1179 5318 dixerunt,
1215 5247 1302 5322 qui
1329 5250 1428 5322 fuit
1450 5248 1596 5303 lovis
1617 5263 1737 5302 con-

142 5319 368 5378 cubinus.
387 5319 485 5378 'Ita'
503 5325 665 5379 etiam
696 5319 987 5380 Arnobius.

212 5393 416 5466 Aquila.
453 5395 527 5449 Ita
558 5397 719 5450 etiam
748 5395 1057 5466 Fulgentius
1079 5395 1146 5450 de
1170 5395 1274 5450 hoc
1298 5391 1450 5450 Jovis
1478 5391 1736 5447 facinore.

143 5460 278 5538 Vid_e
300 5464 623 5538 Platonem,
650 5467 744 5523 lib.
779 5484 795 5522 ι
825 5460 893 5522 de
921 5468 1164 5538 Legibus.

212 5533 449 5609 Ttttelttm
498 5537 679 5592 habuit
721 5540 774 5592 in
823 5533 1018 5606 aquilav
1043 5539 1337 5609 figuratam.
1393 5535 1636 5609 Delerem
1688 5533 1740 5588 in

145 5621 272 5678 mss.
304 5624 321 5662 1
356 5608 574 5662 Bonon.
617 5610 810 5678 antiq.,
844 5605 877 5664 5
909 5605 1102 5675 Valic.,
1133 5609 1168 5661 2
1203 5609 1379 5673 Colb.,
1409 5608 1463 5659 in
1492 5605 1738 5678 aquilam.

147 5676 344 5743 Tutela,
375 5679 514 5734 deus
545 5679 662 5735 sive
681 5676 778 5735 dea
804 5690 938 5746 erat,
964 5681 1118 5748 cujus
1135 5680 1480 5733 simulacrum
1504 5677 1555 5730 in
1581 5677 1744 5747 puppi

1831 4541 2152 4615 παράσημον.
2182 4537 2364 4615 Itaque
2393 4537 2470 4592 sic
2510 4535 2709 4615 habe,_
2731 4551 2889 4589 unam
2929 4537 3283 4615 eamdemque
3314 4555 3429 4595 rem

1833 4605 2220 4680 nonnunquam
2257 4608 2433 4683 fuisse
2474 4617 2529 4683 et
2579 4605 2803 4683 tutelam
2833 4615 2887 4683 et
2927 4605 3263 4683 πᾳράσημον,
3315 4620 3428 4666 tum

1835 4696 2049 4752 nempe,
2077 4677 2309 4751 quando
2352 4679 2436 4734 dei
2481 4677 2664 4752 deusve
2708 4678 2932 4752 effigies,
2985 4677 3039 4732 i'n
3082 4677 3235 4750 cujus
3265 4683 3432 4738 tutela

1834 4748 2147 4818 erat'navis,
2181 4753 2232 4804 in
2263 4765 2419 4820 prora
2447 4748 2821 4804 collocaretur.
2857 4748 2971 4804 Hoc
3003 4748 3168 4820 saepe,
3209 4769 3314 4807 non
3343 4769 3432 4809 or-

1834 4822 2040 4878 dinarie
2067 4819 2277 4877 factum
2294 4821 2413 4888 fuit,
2445 4829 2503 4874 ut
2529 4820 2680 4874 navis
2711 4820 2798 4873 illa
2827 4836 2931 4889 qua
2962 4819 3258 4878 vehebatur
3287 4825 3430 4880 Pau-

1835 4895 1938 4971 ius,
1963 4896 2082 4971 Aet.
2101 4893 2204 4971 A_p.
2219 4907 2337 4961 cap.
2355 4908 2542 4971 xxvm,
2564 4898 2672 4971 Τῷν
2691 4902 3005 4971 Διοσιςουρων
3019 4896 3319 4971 παράσημον
3336 4898 3431 4952 lla-

1835 4967 1972 5040 buit,
1989 4966 2254 5040 simulque
2273 4965 2514 5040 tutelam,
2535 4963 2674 5040 unde
2686 4970 2740 5017 et
2759 4963 3051 5040 Διόσῆουρορ
3080 4963 3427 5040 iocabantur,

1838 5046 1892 5093 ct
1919 5037 1971 5090 in
2002 5038 2092 5091 illo
2117 5050 2244 5090 casu
2273 5035 2421 5089 navis
2453 5049 2484 5089 a
2513 5035 2674 5087 tutela
2702 5049 2896 5089 nomen
2929 5035 3257 5105 accipiebat,
3296 5040 3432 5094 alio-

1838 5109 1964 5178 quin
1993 5122 2189 5163 nomen
2219 5106 2446 5161 habebat
2475 5121 2505 5160 a
2535 5106 2842 5178 Parasemo,
2873 5108 3013 5178 quod
3045 5118 3162 5162 erat
3185 5110 3433 5165 animalis

1839 5176 2085 5248 alicujus.
2122 5178 2411 5247 Diligenter
2459 5178 2636 5246 itaque
2666 5176 3103 5247 distinguendum
3140 5182 3279 5234 inter
3300 5190 3434 5234 tute-

1841 5249 1968 5325 leni,
1998 5266 2116 5319 qua:
2143 5249 2196 5325 i_n
2225 5248 2410 5318 puppi,
2433 5258 2487 5305 et
2510 5249 2832 5325 παράσημον,
2879 5248 3021 5319 quod
3049 5250 3100 5304 in
3130 5265 3286 5319 prora
3313 5250 3436 5305 efti-

1839 5321 2104 5392 giabatur.
2134 5319 2416 5392 GALLIEUS.

1915 5393 2062 5447 Sicut
2078 5401 2298 5446 taurum.
2322 5391 2422 5445 Ed.
2438 5391 2652 5447 Sublac.
2674 5389 2824 5445 addit
2840 5391 3135 5462 figuratum.
3157 5391 3329 5446 Nolim
3361 5393 3442 5446 in-

1845 5463 2052 5532 telligas
2068 5475 2274 5518 taurum
2290 5463 2453 5519 fuisse
2471 5465 2689 5517 tutelam
2705 5463 2854 5534 navis
2869 5463 3156 5534 illius,qu:e
3172 5465 3440 5534 Europam

1843 5534 2010 5610 vexit,
2025 5535 2119 5590 sed
2143 5536 2476 5610 παρᾲσημοη
2506 5535 2717 5610 ,[ιιιιίιβς
2740 5533 2882 5610 enim
2903 5533 3002 5610 fuit
3019 5536 3202 5610 tutela.
3231 5533 3291 5610 νὺ.
3315 5533 3445 5610 Fes-

1846 5616 1957 5661 tum
2000 5607 2051 5660 in
2078 5605 2472 5676 voce'ls‘uropa,
2508 5605 2798 5658 Eusebium
2837 5605 2887 5658 in
2917 5606 3205 5672 Chronico,
3255 5605 3447 5661 Selde-

1848 5693 1977 5732 num
2014 5678 2068 5732 iu
2115 5677 2299 5732 libello
2347 5677 2415 5732 de
2460 5677 2563 5732 diis
2608 5676 2760 5746 Syris
2806 5677 3026 5746 Syntag.
3080 5692 3138 5740 ιι,
3187 5691 3306 5745 cap.
3357 5677 3448 5732 16.

149 5749 426 5817 ﬁguratum
455 5744 1336 5819 conspiciebatur.Consueverant
1359 5748 1503 5804 enim
1535 5744 1746 5804 veteres
1847 5749 1976 5804 Mss.
2012 5750 2037 5802 1
2073 5749 2233 5817 Reg.,
2265 5751 2290 5803 -l
2327 5749 2481 5803 Colb.
2529 5757 2584 5803 et
2625 5744 2815 5806 Brun..
2849 5744 3098 5819 Taurus.
3139 5744 3270 5802 Vide
3317 5749 3456 5806 inira

148 5819 251 5876 dtis
275 5817 616 5892 quibusdam
634 5835 799 5876 naves
820 5837 943 5877 suas
967 5835 1307 5892 consecrare,
1339 5834 1634 5891 eorumque
1662 5827 1742 5877 tu-
1851 5820 2122 5892 Epitom.,
2149 5835 2270 5892 cap.
2307 5820 2394 5890 11,
2429 5819 2520 5876 ubi
2549 5819 2664 5874 haec
2687 5819 2845 5888 paulo
2869 5817 3044 5873 aliter.
3088 5817 3356 5878 Eusebius
3383 5831 3464 5880 ta-

686 5915 960 5979 PATBOL.
1006 5916 1114 5979 VI.
2767 5909 2806 5980 6

3461 506 3494 528 ν

3484 1505 3507 1540 /
