3790 6274
103 304 203 362 181

1195 306 1397 365 LIBER
1435 308 1474 363 l.
1521 307 1608 367 DE
1638 306 1861 367 FALSA
1902 310 2292 371 RELIGIONE.

3298 318 3324 374 1
3333 318 3405 376 εξ

97 419 319 487 dictum,
351 418 492 493 quod
528 420 801 481 soleamus
828 435 921 481 eos
949 436 1180 494 quorum
1222 425 1476 487 virtutem
1520 426 1685 487 mire-
1712 434 1771 497 Α
1792 443 1930 496 mus,
1948 429 2040 503 qui
2060 428 2374 491 deciderant
2398 430 2450 486 in
2470 444 2554 498 ea.
2571 430 2893 504 utzﬁgeum.
2912 424 3163 505 icarium’,
3191 433 3404 495 Helles-

101 529 242 582 mur,
265 522 359 573 aut
378 514 471 586 qui
499 515 787 587 repentino
824 515 1163 582 advenerint.
1186 517 1255 579 de
1282 519 1420 581 ctelo
1438 518 1699 581 cecidisse

98 608 323 678 dicere;
349 616 507 667 terra:
533 618 736 676 autem,
765 609 909 681 quod
954 610 1152 684 ignotis
1177 612 1493 684 parentibus
1519 623 1696 683 natos,

98 712 255 760 terrae
285 702 423 758 ﬁlios
463 703 828 759 nominemus.
866 724 887 761 ›
915 704 1053 767 Sunt
1100 706 1219 767 haec
1240 706 1463 778 quidem
1503 707 1697 767 similia

108 796 244 862 veri,
274 810 380 851 non
415 803 595 852 tamen
622 810 751 852 vera
776 814 788 853 :
823 798 945 868 quia
982 806 1198 857 constat
1222 799 1385 854 etiam
1418 808 1544 853 tunc
1572 813 1696 853 cum

94 897 346 959 regnaret
394 888 469 944 ita
512 903 634 945 esse
681 888 942 945 habitum.
1000 889 1176 947 Potuit
1203 901 1259 947 et
1300 891 1380 947 sic
1407 906 1695 962 argumen-

95 980 232 1037 tari:
276 980 571 1039 Saturnum
601 1023 615 1048 ,
648 997 772 1038 cum
827 983 1233 1054 potentissimus
1284 999 1381 1039 rex
1430 991 1593 1051 esset,
1626 981 1696 1039 ad

90 1074 427 1132 retinendam
482 1086 765 1147 parentum
795 1091 1015 1134 suorum
1068 1080 1420 1148 memoriam,
1474 1078 1692 1134 nomina

87 1182 274 1224 eorum
308 1168 448 1227 coelo
477 1178 745 1241 terraeque
799 1170 1076 1239 indidisse,
1111 1186 1230 1231 cum
1262 1171 1378 1229 haec
1405 1171 1549 1243 prius
1576 1170 1695 1227 aliis

86 1262 366 1321 vocabulis
413 1263 859 1335 appellarentur;
892 1280 997 1341 qua
1023 1266 1231 1323 ratione
1258 1274 1312 1325 et
1341 1264 1611 1322 montibus
1640 1273 1697 1323 et

85 1356 404 1417 ﬂuminibus
426 1360 644 1417 nomina
674 1360 876 1423 scimus
907 1360 1181 1433 imposita.
1201 1360 1386 1434 Neque
1406 1363 1548 1419 enim
1570 1376 1695 1419 cum

81 1447 275 1507 dicunt
306 1458 483 1520 poetae
508 1450 578 1507 de
606 1452 864 1522 progenie
900 1452 1154 1519 Atlantis,
1184 1463 1274 1513 aut
1300 1452 1486 1513 Inachi
1518 1453 1696 1512 ﬁumi-

78 1538 191 1608 nis,
226 1540 285 1607 id
316 1542 659 1612 potissimum
687 1544 894 1610 dicunt,
954 1544 1199 1603 homines
1225 1561 1291 1604 ex
1322 1546 1485 1603 rebus
1528 1560 1693 1605 sensu

75 1633 401 1695 carentibus
452 1636 691 1706 potuisse
720 1638 1012 1708 generari;
1042 1638 1138 1696 sed
1163 1653 1260 1696 eos
1299 1642 1484 1711 utique
1528 1640 1694 1711 signi-

81 1722 278 1792 ﬁcant,
307 1725 399 1796 qui
448 1727 562 1782 nati
606 1736 731 1785 sunt
758 1744 824 1785 ex
859 1727 942 1787 bis
968 1728 1296 1801 hominibus,
1327 1732 1418 1804 qui
1447 1730 1528 1791 vel
1558 1730 1686 1802 vivi,

1804 522 2119 592 ponticum:
2155 531 2209 581 et
2238 523 2289 582 in
2315 522 2471 581 Latio
2500 523 2821 589 Aventinus,
2855 524 3176 585 vocabulum
3227 526 3400 585 monti

1802 616 1994 681 dedit,
2039 617 2092 673 in
2137 631 2245 687 quo
2274 617 2517 690 sepultus
2573 625 2686 684 est;
2717 616 3001 677 Tiberinus
3049 618 3136 675 vel
3166 617 3394 693 Tiberis,

1801 710 1947 767 amni
1980 710 2031 764 in
2060 725 2167 781 quo
2195 724 2403 769 mersus
2428 720 2529 768 est.

1874 801 1993 861 Non
2024 816 2154 873 ergo
2198 803 2526 871 mirandum,
2568 804 2612 863 si
2659 804 2875 861 nomina
2902 816 3092 865 eorum
3118 805 3257 867 caelo
3286 814 3399 868 ter-

1799 912 1984 969 mque
2031 896 2286 955 attributa
2317 906 2520 965 essent,
2550 897 2640 971 qui
2670 910 2822 969 reges
2868 907 3166 968 genueram
3210 906 3403 969 poten-

1800 990 2059 1049 tissimos.
2090 990 2332 1061 Apparet
2385 1004 2516 1061 ergo
2564 1005 2672 1049 non
2717 1004 2784 1049 ex
2823 987 2962 1049 coelo
3006 997 3193 1047 natum
3230 1006 3396 1061 esse;

1799 1080 1943 1152 quod
1972 1080 2091 1137 ﬁeri
2120 1095 2225 1139 non
2260 1088 2435 1153 potest
2465 1097 2478 1134 :
2507 1079 2605 1137 sed
2628 1096 2695 1137 ex
2725 1095 2790 1137 eo
2812 1078 3053 1150 homine,
3080 1081 3167 1143 cui
3195 1097 3395 1145 nomen

1797 1172 1981 1242 Urano
2002 1172 2277 1243 fuit.Quod
2298 1188 2420 1231 esse
2444 1189 2629 1229 verum
2653 1171 3039 1245 Trismegistus
3062 1182 3250 1233 auctor
3275 1182 3394 1237 est:

1799 1268 2034 1343 quicum
2058 1266 2264 1325 diceret
2305 1266 2596 1325 admodum
2626 1280 2825 1338 paucos
2847 1267 3091 1327 extitisse
3113 1268 3165 1322 in
3197 1267 3397 1341 quibus

1798 1371 1943 1431 esset
1995 1363 2229 1433 perfecta
2268 1361 2539 1429 doctrina,
2583 1362 2635 1417 in
2664 1360 2750 1417 his
2781 1360 3043 1430 Uranum,
3078 1362 3395 1435 Saturnum,

1798 1454 2123 1523 Mercurium
2154 1462 2413 1525 cognatos
2463 1468 2593 1510 suos
2620 1453 2936 1513 nominavit.
2981 1452 3108 1511 Haec
3148 1454 3237 1511 ille
3274 1456 3400 1526 quia

1797 1548 2083 1620 ignoravit,
2116 1548 2222 1607 alio
2249 1546 2491 1605 traduxit
2516 1546 2795 1603 historiam
2822 1562 2837 1615 ;
2867 1545 2959 1620 qui
2988 1546 3261 1619 quomodo
3302 1562 3400 1619 po-

1798 1643 1959 1703 tuerit
1984 1642 2369 1714 argumentari,
2418 1641 2679 1698 ostendi:
2710 1656 2851 1701 nunc
2874 1642 3073 1710 dicam,
3100 1643 3397 1717 quomodo,

1798 1734 1910 1802 ubi,
1941 1749 1969 1791 a
2001 1750 2109 1806 quo
2154 1732 2349 1793 sithoc
2397 1733 2593 1793 {aetum
2620 1750 2634 1801 ;
2664 1751 2771 1793 non
2801 1735 2943 1793 enim
2973 1731 3240 1795 Saturnus
3268 1734 3391 1805 hoc,

72 1814 164 1870 vel
196 1816 425 1885 mortui,
456 1818 671 1873 nomina
700 1821 974 1877 montibus
999 1829 1094 1877 aut
1143 1821 1454 1878 ﬂuminibus
1482 1822 1690 1879 indide-
1718 1841 1769 1909 Β
1796 1827 1891 1883 sed
1921 1826 2131 1899 Jupiter
2160 1827 2306 1884 fecit.
2325 1826 2381 1882 In
2411 1843 2562 1882 sacra
2594 1827 2830 1882 Historia
2857 1828 2935 1881 sic
2965 1825 3170 1882 Ennius
3198 1827 3392 1882 tradit:

73 1916 231 1966 runt.
258 1907 395 1964 Nam
427 1909 481 1965 id
507 1911 650 1982 apud
682 1923 917 1982 veteres,
946 1914 1284 1986 maximeque
1323 1915 1563 1980 Graecos,
1588 1914 1686 1971 fuit

77 1997 359 2059 usitatum.
392 2000 486 2061 Sic
513 2004 685 2061 maria
734 2020 923 2061 eorum
951 2007 1181 2067 traxisse
1226 2008 1443 2069 nomine
1474 2009 1685 2080 accepi-

1800 1937 1819 1971 ι
1860 1919 2060 1975 Deinde
2089 1920 2199 1976 Pan
2238 1935 2358 1976 eum
2404 1918 2621 1974 deducit
2649 1919 2703 1973 in
2743 1924 3001 1986 montem,
3046 1918 3137 1989 qui
3168 1927 3397 1975 vocatur

1407 2140 1771 2207 VARIDRUM
1810 2142 2043 2208 NOTAE.

77 2280 126 2353 in
155 2278 369 2336 Italiam
395 2279 791 2353 adventu,vide
811 2279 965 2337 Diod.
991 2281 1187 2349 Sicul.,
1211 2282 1251 2338 Ι.
1282 2297 1358 2348 tv,
1380 2291 1433 2353 et
1451 2281 1675 2353 Dionys.

76 2352 377 2421 Halicarn.,
410 2353 448 2408 l.
474 2369 509 2407 t.
536 2353 613 2408 De
639 2352 897 2419 Saturno,
932 2353 1095 2410 Urani
1139 2353 1273 2422 ﬁlio,
1320 2352 1504 2409 videas
1542 2352 1679 2408 δέτι.

78 2434 253 2497 plores
289 2438 481 2480 rerum
512 2424 1017 2497 mythologicarum.
1054 2425 1113 2482 ld
1144 2436 1321 2497 tamen
1350 2425 1546 2497 factum
1570 2433 1677 2491 est,

76 2495 211 2565 quod
239 2497 429 2551 omnia
457 2495 582 2567 quae
608 2513 639 2553 a
668 2496 885 2553 diverso
937 2498 1173 2554 Saturno
1210 2507 1266 2554 et
1294 2496 1426 2553 Jove
1462 2496 1682 2553 diverso

76 2576 216 2637 gesta
241 2578 399 2633 sunt,
429 2568 482 2623 in
507 2585 668 2624 unum
692 2568 1039 2625 contulerunt
1069 2588 1082 2624 :
1107 2569 1231 2624 hinc
1261 2569 1409 2625 venit
1432 2568 1680 2623 confusio

75 2637 329 2708 quaedam,
395 2655 515 2714 qua:
555 2656 661 2696 non
708 2640 805 2695 nisi
840 2655 937 2711 per
988 2649 1292 2714 temporum
1335 2650 1389 2696 et
1433 2640 1678 2701 locorum

77 2725 290 2765 examen
313 2713 592 2780 explicari
621 2719 806 2782 queat.

78 2852 108 2908 δ
142 2782 238 2908 ﬁni
261 2784 540 2855 repentino
586 2780 903 2853 advenerim,
937 2784 1000 2840 de
1028 2785 1154 2841 casto
1179 2783 1441 2843 cecidisse.
1472 2782 1563 2840 Sic
1589 2780 1682 2837 Ti-

114 2869 141 2908 u
187 2895 199 2908 .
234 2873 245 2908 :

114 2869 199 2908 υΙΙ.
234 2873 245 2908 2

159 2969 292 3036 Tunc
303 2972 518 3036 veniam
534 2972 717 3036 subito,
745 2983 841 3036 nec
856 2974 1127 3036 quisquam,
1139 2972 1335 3036 nuntiet
1356 2977 1489 3032 ante,

220 3033 320 3084 Sed
342 3034 522 3084 videar
544 3033 671 3085 caelo
695 3033 1076 3085 missus—adesse
1097 3035 1208 3084 tibi.

154 3158 247 3226 Qui
293 3158 560 3233 repentina
604 3161 922 3233 adnuerint.
972 3161 1146 3233 Vulgo
1177 3160 1362 3233 legunt
1400 3163 1677 3219 recentio-

88 3232 465 3303 resrepentino,
495 3232 649 3299 quasi
669 3233 732 3286 de
758 3234 1042 3298 repentino.
1074 3232 1141 3287 At
1169 3232 1314 3303 Lips.
1348 3248 1478 3288 mss.
1506 3242 1562 3288 ct
1583 3234 1671 3288 ed.

90 3300 200 3375 Ald.
226 3303 661 3375 etiantiquiores
690 3304 904 3368 Aldina.
933 3305 1092 3360 Rom.
1124 3314 1179 3359 et
1206 3300 1360 3369 Ven"
1386 3306 1670 3375 repentina,

91 3370 308 3428 adverbii
337 3370 540 3439 forma,
574 3391 679 3429 non
712 3377 939 3430 multum
981 3376 1157 3430 adhuc
1185 3370 1491 3430 observata.
1540 3376 1672 3432 Bait.

156 3442 448 3515 Repentine.
500 3445 627 3500 Mss.
676 3447 862 3515 Angl.,
906 3448 1078 3516 Lips.,
1130 3455 1255 3501 tert.
1283 3446 1472 3512 (30th.,
1506 3446 1671 3514 Ultr.,

92 3515 262 3582 Cauc.,
292 3526 343 3571 et
378 3517 509 3573 edd.
558 3517 680 3572 Bas.
727 3518 888 3585 1556,
919 3515 1109 3583 Torm,
1137 3518 1333 3573 Thom.
1361 3528 1414 3573 et
1442 3533 1675 3588 sequen-

94 3594 187 3657 tes.
214 3589 494 3656 repentino,
525 3589 693 3644 vocali
718 3602 927 3657 quarta.
958 3590 1103 3646 Voce
1137 3590 1305 3643 Plauti
1332 3590 1530 3644 Psend.
1551 3606 1585 3652 I,
1617 3591 1670 3644 1:

96 3654 306 3732 Repente
346 3670 552 3732 exortus
599 3654 744 3732 sum,
781 3662 1044 3732 repentino
1094 3661 1300 3726 occidi;
1347 3671 1401 3715 et
1426 3660 1541 3715 Cic.
1576 3675 1675 3731 pro

94 3725 317 3800 Quintia,
339 3744 386 3785 c.
415 3731 476 3798 4,
501 3741 549 3786 et
577 3725 794 3785 moritur
815 3725 1096 3800 repentino.
1127 3732 1259 3787 BUN.

163 3794 380 3872 Deremto
405 3794 668 3858 cecidisse.
707 3804 828 3859 lituo
874 3794 1088 3860 abunde
1114 3803 1383 3858 illustrant
1408 3803 1675 3872 interpre-

93 3871 255 3942 tesad
284 3870 510 3940 Μίνωα,
541 3890 591 3930 c.
621 3874 711 3929 2‘2.
742 3874 948 3929 Savaro
985 3875 1052 3929 ad
1101 3873 1288 3928 Sidon.
1344 3890 1414 3938 vr,
1441 3889 1530 3942 ep.
1556 3870 1671 3941 ‘10,

93 3954 143 4009 p.
170 3941 269 4016 ς’)Ἱὸ
300 3961 311 3995 :
345 3942 500 3999 Velut
528 3947 645 4015 polo
672 3946 818 4016 lapsa
844 3946 1176 4016 reputabitur.
1208 3946 1342 4001 BDN.

160 4009 345 4084 Ignotis
364 4009 662 4084 parentibus
692 4009 858 4084 natos,
885 4009 1034 4075 terra:
1055 4018 1189 4085 [ilics
1217 4018 1552 4073 nominemus.
1583 4016 1677 4071 Sic

95 4083 241 4159 etiam
291 4085 639 4159 T_ertullian.,
664 4083 851 4159 Apol.
884 4083 1095 4155 auctor,
1129 4089 1163 4141 l.
1213 4089 1281 4143 de
1306 4089 1440 4157 orig.
1498 4089 1676 4159 gentis

96 4152 240 4208 Rom.
268 4174 280 4209 :
314 4155 524 4213 Primus
552 4161 604 4212 in
626 4152 853 4217 vlta-liam
882 4152 1089 4215 venisse
1116 4160 1341 4214 creditur
1391 4152 1671 4213 Saturnus.

96 4223 248 4280 Tanta
288 4237 453 4282 autem
503 4233 823 4300 antiquorum
856 4231 1115 4287 hominum
1154 4231 1476 4300 simplicitas,
1503 4238 1555 4283 ut
1582 4229 1677 4283 ad-

95 4311 251 4373 venas,
280 4302 414 4367 quod
443 4318 625 4355 eorunt
655 4304 898 4373 originem
945 4301 1269 4372 ignorabant,
1304 4303 1429 4355 caelo
1465 4312 1509 4354 et
1540 4312 1677 4355 terra

95 4368 241 4444 editos
266 4387 361 4444 non
374 4372 544 4426 solum
572 4375 671 4441 ipsi
697 4368 985 4439 crederent,
997 4373 1085 4428 sed
1100 4374 1314 4441 posteris
1331 4374 1672 4444 afﬁrmarent.

97 4437 281 4496 Eadem
331 4443 494 4499 habet
531 4437 785 4500 Aurelius
816 4437 997 4501 Victor
1021 4437 1324 4514 dc'origine
1346 4437 1522 4514 gentis
1559 4442 1667 4499 Ro-

98 4523 253 4550 mnnm
303 4511 494 4550 Πιηηίσι
523 4516 665 4550 anim
699 4533 727 4550 η
755 4516 892 4550 ηηαιη
935 4525 984 4550 ιιι
1029 4515 1159 4550 man
1192 4526 1306 4550 (“om
1357 4514 1645 4550 npnllnlmnt
1696 4482 1753 4550 Β

98 4523 273 4565 mante.
303 4511 495 4570 Omnia
522 4516 665 4570 enim
698 4533 727 4571 c
755 4516 893 4571 coelo
935 4525 989 4571 et
1029 4515 1161 4569 mari
1192 4511 1309 4570 orta
1353 4511 1666 4572 credebant.

98 4578 484 4657 ltaignotornm
514 4588 667 4657 origo
710 4588 774 4640 ad
807 4588 1004 4642 cmlum
1028 4628 1041 4652 ,
1088 4596 1180 4641 aut
1210 4601 1358 4641 mare
1399 4587 1587 4657 relata,
1614 4597 1674 4643 ut

98 4652 257 4727 coeli,
291 4666 382 4710 aut
422 4652 657 4727 Neptuni
680 4658 774 4712 ﬁlii
796 4660 1167 4714 crederentur.
1202 4657 1356 4713 Serv.
1395 4659 1448 4711 in
1475 4656 1669 4727 Virgil.

100 4721 364 4798 Scholiast.
394 4721 689 4798 Apollonii,
721 4742 1059 4786 monstrosos
1091 4738 1253 4784 terrae
1296 4727 1455 4794 ﬁlios,
1489 4721 1671 4782 trucu-

100 4791 261 4870 lautos
301 4791 534 4867 Neptuni
587 4791 798 4855 habitos
840 4801 1051 4858 scribit.
1087 4800 1235 4856 Nam.
1283 4791 1449 4870 apud
1474 4799 1669 4867 Prisc.,

102 4860 291 4943 Titanes
319 4860 415 4938 filii
450 4882 620 4926 terrae.
668 4872 737 4927 Et
774 4872 1020 4943 Orpheus
1044 4872 1101 4943 in
1158 4860 1593 4943 Hyan-obscuris
1616 4860 1674 4927 ei

102 4939 282 5018 ignotis
320 4943 633 5018 parentibus
680 4945 806 5018 orti.
849 4939 994 5018 idem
1038 4939 1350 5018 liliodigitio
1385 4941 1667 5018 Antiquar.

105 5004 334 5079 lection.,
353 5013 388 5067 l.
418 5030 476 5080 ιι,
496 5029 550 5070 c.
575 5014 666 5083 28,
695 5029 759 5070 ac
779 5014 1042 5075 Politiano
1067 5014 1123 5069 in
1150 5004 1473 5079 Miscellan.,
1502 5004 1552 5065 εξ
1583 5015 1667 5075 18.

1248 5084 1534 5140 Wouwun.

1316 5100 1534 5143 OUWER.

171 5146 299 5228 Caelo
342 5162 583 5228 terraique
626 5158 890 5217 indidisse.
947 5156 1204 5215 Confusio
1246 5158 1371 5213 inde
1428 5167 1544 5213 orta
1590 5165 1676 5213 est

106 5222 233 5307 apud
282 5222 517 5307 Latinos,
565 5230 707 5299 quod
751 5233 961 5307 cupavo;
995 5241 1048 5285 et
1072 5234 1260 5307 τιταίᾳ,
1294 5245 1412 5299 qum
1445 5228 1674 5307 nomina

111 5297 455 5371 patronymica
484 5339 501 5364 ,
546 5297 938 5357 transtulerunt
968 5318 1061 5371 per
1092 5297 1325 5356 nomina
1348 5300 1533 5359 realia.
1568 5301 1673 5355 Sed

113 5362 254 5443 paulo
279 5362 395 5443 post
420 5362 604 5443 inlhoc
636 5373 755 5442 ipso
789 5362 1191 5443 capite-aliquid
1218 5370 1580 5427 verosimilius
1607 5372 1676 5429 de

115 5430 463 5495 Urano'relert
491 5430 817 5501 Lactantius.

175 5505 401 5584 Atlantis.
430 5511 480 5566 ls
503 5512 599 5569 fuit
623 5531 718 5570 rex
745 5513 1096 5578 Mauritaniae,
1129 5514 1219 5584 qui
1252 5514 1304 5568 in
1333 5521 1571 5568 montem
1594 5516 1675 5569 sui

113 5578 348 5656 nominis
373 5584 790 5656 transformatus
828 5587 1062 5651 dicitur;
1094 5578 1246 5656 cujus
1275 5585 1506 5641 fabulam
1554 5585 1677 5642 vide

113 5648 240 5725 apud
259 5648 520 5725 (lvidium,
552 5658 591 5711 l.
616 5672 670 5712 IV
693 5657 1047 5725 Metatuorph.

185 5717 371 5799 lnachi.
402 5722 450 5778 ls
474 5717 672 5799 primus
695 5729 793 5783 fuit
820 5745 912 5785 rex
943 5717 1280 5799 Argivorum,
1304 5728 1514 5784 decimo
1535 5742 1677 5785 nono

120 5796 231 5845 ante
254 5806 408 5849 teram
432 5797 732 5869 vulgarem,
765 5809 821 5856 ut
841 5796 1101 5867 creditur,
1138 5800 1356 5858 sacculo.
1382 5798 1433 5858 ls
1463 5806 1580 5858 erat
1608 5814 1676 5858 ex

234 5882 297 5963 ἃ

1788 2294 1987 2357 genere
2012 2280 2352 2353 Titanorum,
2383 2291 2438 2357 et
2458 2355 2469 2357 _
2490 2283 2708 2357 Saturni
2730 2296 2804 2357 ac
2828 2284 2981 2357 1lovis
3008 2295 3289 2357 cognatus.
3311 2287 3394 2344 Di-

1789 2355 1930 2411 citur
1959 2369 2158 2413 nomen
2184 2371 2341 2412 suum
2370 2355 2585 2412 dedisse
2611 2354 2778 2411 ﬂuvio
2822 2354 3168 2426 Peloponési,
3198 2359 3285 2420 vel
3336 2360 3392 2423 in

1790 2438 1936 2498 eum_
1948 2426 2156 2483 artibus
2176 2426 2524 2498 Jovisifuisse
2546 2427 2966 2498 praecipitatum.

1862 2494 2109 2570 {Egeriae
2154 2498 2236 2554 Ab
2287 2494 2683 2570 IEgcoTliesei
2716 2494 2909 2567 'patre,
2942 2498 3035 2569 qui
3063 2499 3134 2557 ob
3160 2510 3390 2565 mortem

1792 2566 2063 2645 ﬁllifalsp
2107 2570 2210 2625 sibi
2261 2566 2657 2645 annuntiatam,
2689 2566 2749 2645 se
2780 2570 2831 2622 in
2862 2566 3011 2645 mare
3056 2571 3387 2645 praecipitent

1789 2636 1983 2710 dedit:
2018 2641 2118 2695 hoc
2145 2641 2329 2695 evenit
2350 2640 2560 2695 decimo
2592 2639 2753 2697 tertio
2781 2649 2903 2693 ante
2926 2636 3198 2710 vulgarem
3223 2636 3387 2697 ieram

1790 2709 2012 2780 srcculo.
2047 2710 2182 2764 Vide
2200 2710 2447 2767 Solinum
2477 2712 2654 2780 capite
2687 2711 2774 2764 15.

1860 2779 2107 2834 Icarium.
2154 2782 2237 2837 Ab
2266 2782 2415 2836 Icaro
2464 2779 2660 2835 Daedali
2706 2779 2839 2847 ﬁlio,
2874 2779 3027 2849 cujus
3056 2779 3289 2836 fabulam
3310 2782 3391 2839 vi-

1787 2849 1919 2923 deas
1964 2852 2107 2923 apud
2153 2853 2403 2909 Uvidium
2452 2853 2589 2909 libro
2620 2868 2734 2923 vui,
2764 2852 3119 2923 Metamorph.
3145 2854 3386 2920 Solinus,

1785 2920 2086 2979 Varronem
2115 2934 2356 2991 secutus,
2386 2924 2570 2990 refert,
2617 2921 2823 2979 Icarum
2852 2922 3164 2979 Cretensem
3198 2922 3251 2979 in
3284 2923 3389 2983 hoc

1785 3007 1937 3065 mare
1965 2994 2244 3065 naufragio
2289 2996 2536 3065 periisse,
2566 3003 2620 3051 et
2643 2994 2712 3050 de
2739 2996 2887 3065 exitu
2932 2992 3164 3065 hominis
3186 3010 3388 3055 nomen

1706 3092 1752 3159 C
1785 3062 1906 3159 ξοεο
1953 3062 2262 3159 impositum
2289 3062 2521 3132 'l‘nisse;
2553 3075 2714 3159 atque
2737 3067 2805 3159 ita
2826 3063 3065 3159 historia
3092 3063 3269 3159 lchm
3308 3068 3391 3124 fa.

1784 3135 1925 3191 bula:
1962 3135 2113 3193 dedit
2143 3156 2155 3191 :
2184 3148 2240 3192 at
2281 3152 2422 3193 nunc
2465 3154 2531 3192 ex
2556 3135 2736 3193 fabula
2783 3135 3066 3193 historiam
3111 3136 3383 3196 deducere

1781 3209 2046 3277 cogimur.
2095 3208 2230 3265 Vide
2259 3208 2505 3266 Solinum
2537 3208 2712 3279 capite
2736 3206 2828 3267 21.

1854 3300 2319 3373 Hellesponticum.
2354 3304 2479 3359 Mss.
2514 3302 2580 3359 18
2631 3318 2754 3358 cum
2802 3300 2973 3373 editis
3025 3301 3182 3358 Rom.
3218 3304 3380 3369 1470,

1779 3372 2047 3432 Soubron.
2074 3385 2128 3429 et
2173 3374 2402 3430 Tornes.
2437 3374 2639 3429 habent
2684 3372 3094 3446 Hellespontum.
3130 3374 3384 3431 Fortasse

1781 3446 2066 3517 legendum
2117 3446 2546 3516 Hellespontiacas,
2580 3459 2637 3500 ut
2662 3461 2827 3517 supra
2863 3443 3283 3515 ’Hellespontiam
3311 3447 3382 3502 ad

1779 3516 1907 3572 c.ti.
1944 3517 2393 3588 Hellesponticum
2437 3534 2583 3572 mare
2613 3558 2628 3583 ,
2677 3517 2765 3571 vel
2782 3516 3225 3588 Wliellespontus,
3270 3517 3382 3571 {reo

1779 3597 1893 3659 tum
1921 3598 2007 3643 est
2061 3587 2343 3659 angustum
2380 3590 2522 3643 inter
2561 3603 2711 3643 mare
2757 3587 2986 3657 IEgcnm
3018 3597 3070 3659 et
3095 3587 3376 3659 Proponti-

1780 3658 1928 3726 dem,
1958 3658 2153 3714 Asiattt
2185 3660 2253 3714 ab
2281 3660 2494 3729 Europa
2522 3669 2732 3729 septem
2782 3674 2888 3712 non
2915 3658 3148 3726 amplius
3172 3658 3379 3712 stadio-

1781 3746 1900 3784 rum
1955 3732 2237 3784 intervallo
2300 3731 2736 3786 disterminans:
2771 3743 2966 3781 nomen
3034 3729 3262 3781 sortitur
3310 3731 3379 3785 ab

1781 3800 1954 3864 Helle,
1986 3801 2319 3855 Athamantis
2366 3803 2491 3865 lilia,
2523 3801 2610 3855 vel
2640 3800 2708 3853 ab
2749 3797 2925 3856 Ἐλλην
2955 3797 3097 3852 unde
3123 3795 3377 3866 Ἕλληνες,

1781 3887 1901 3941 quin
1942 3872 2041 3927 fuit
2075 3888 2175 3927 una
2207 3871 2520 3941 Grzccorum
2540 3870 2850 3941 appellatio.

1852 3940 2153 3997 Aventinus.
2192 3943 2321 3998 Vide
2354 3941 2461 3997 Tit.
2491 3940 2635 4006 LivJ,
2666 3941 2701 3994 l.
2732 3956 2771 3995 ι.

1857 4012 2140 4071 Tiberinus.
2169 4013 2443 4083 Vulgatior
2493 4017 2630 4067 l‘ama
2679 4021 2764 4068 est
2807 4009 3118 4069 Tiberinum
3145 4053 3160 4078 ,
3190 4008 3380 4081 Capeti

1781 4084 1974 4150 ﬁlium,
2004 4082 2287 4140 decimum
2321 4084 2653 4139 Albanorum
2692 4098 2892 4151 regem,
2926 4082 3184 4151 insignem
3216 4084 3382 4138 latro.

1782 4171 1930 4220 nem,
1960 4159 2083 4211 cuni
2111 4159 2162 4211 in
2194 4157 2417 4226 trajecm
2455 4155 2668 4211 Tiberis
2692 4155 3146 4226 submergerctur,
3182 4170 3379 4210 nomen

1780 4226 1996 4283 dedisse
2024 4227 2207 4293 ﬂuvio,
2237 4224 2325 4297 qui
2364 4226 2513 4296 prius
2560 4226 2751 4281 Albula
2780 4224 3080 4297 dicebatur.

1856 4298 1954 4365 Qui
1987 4315 2129 4370 reges
2173 4296 2454 4371 genueram
2498 4296 3171 4371 potentissimos._R_eimm.
3229 4298 3380 4371 attri-

1780 4369 1903 4444 buta
1945 4369 2131 4435 essent,
2161 4369 2287 4440 quos
2334 4384 2476 4442 reges
2523 4370 2684 4444 fuisse
2726 4369 3100 4444 potentissimos
3138 4369 3374 4444 legimus,

1780 4442 2033 4513 qui_reges
2062 4449 2340 4513 genuerunt
2369 4440 2763 4513 potentissimos.
2799 4440 2931 4513 Buri.

1853 4510 2225 4583 Trismegistus.
2252 4510 2423 4579 Quem
2446 4511 2567 4566 vide
2599 4512 2652 4565 in
2680 4510 2991 4583 Pimandro,
3025 4523 3074 4564 ε.
3105 4511 3192 4583 10.

1850 4584 1936 4638 Sit
1988 4580 2083 4637 Ito}:
2126 4589 2338 4654 factum.
2368 4583 2461 4638 Sic
2489 4582 2823 4654 restituimus
2853 4596 2921 4635 ex
2946 4594 3077 4654 mss.
3108 4580 3311 4654 Regiis,
3341 4582 3376 4638 6

1776 4654 1956 4722 Colb.,
1988 4649 2162 4724 Lipsl,
2196 4654 2342 4722 Em.,
2389 4652 2573 4719 60th.,
2604 4653 2640 4706 2
2670 4650 2927 4717 Clarom.,
2960 4649 2995 4703 2
3024 4649 3381 4724 BrunIEtle-

1778 4728 1884 4781 ctio
1930 4723 2110 4781 nostra
2159 4729 2507 4782 conlirmatur
2540 4741 2603 4780 ex
2656 4738 2781 4777 mox
2824 4724 3174 4791 sequentibus
3204 4739 3218 4776 :
3253 4723 3377 4780 Non

1779 4799 1911 4850 enim
1937 4800 2193 4857 Saturnus
2217 4813 2339 4865 Hoc,
2374 4798 2462 4851 sed
2492 4794 2700 4867 Jupiter
2727 4808 2902 4849 FECIT.
2946 4792 3196 4865 Plerique
3220 4796 3374 4863 editi,

1779 4869 1874 4921 hoc
1895 4869 2105 4929 dictum,

1851 4938 2068 4994 Ennius.
2094 4938 2266 5010 Cuius
2291 4948 2495 4994 tantum
2523 4944 2812 5010 supersunt
2836 4936 3158 5008 fragmenta.

1853 5009 1969 5064 Pan
1994 5027 2109 5065 eum
2136 5008 2337 5065 deducit
2359 5012 2413 5064 in
2453 5018 2693 5064 montem.
2734 5008 2910 5064 Locus
2936 5020 3020 5065 est
3049 5010 3378 5067 obscurissi-

1776 5097 1922 5149 mus,
1950 5093 2004 5137 et
2050 5083 2319 5137 miratum
2368 5095 2501 5141 mss,
2534 5089 2647 5135 tum
2692 5079 2958 5135 editorum
3014 5083 3269 5139 varietas.
3296 5083 3379 5139 Ex

1778 5154 1862 5209 his
1891 5157 2032 5210 hanc
2051 5152 2185 5223 elegi
2218 5152 2529 5221 lectionem,
2553 5161 2740 5223 utpote
2769 5152 3101 5211 eruditorum
3133 5154 3373 5210 virorum

1776 5224 2024 5288 consilio.
2069 5223 2368 5294 majorique
2395 5237 2525 5279 mss.
2550 5232 2605 5279 et
2632 5224 2897 5279 editorum
2943 5238 3169 5281 numero
3197 5240 3261 5280 ac
3281 5239 3376 5280 au—

1778 5296 2029 5351 etoritate
2080 5296 2381 5365 probatam,
2434 5309 2628 5365 nempe
2675 5308 2809 5351 mss.
2840 5295 3132 5365 multorum
3161 5294 3375 5365 vatica«

1779 5380 1995 5432 norum,
2031 5363 2329 5435 QBouorn,
2360 5365 2398 5420 2
2439 5363 2598 5436 Regi,
2655 5367 2677 5424 1
2711 5365 2963 5431 Sorbon.,
2996 5363 3171 5436 Lips,
3193 5364 3372 5436 _Tax.,

1779 5436 2209 5505 Pal.,Cantabr.,
2233 5434 2460 5501 Christ.,
2490 5434 2861 5505 Edit.,Venet.
2892 5436 3053 5499 1490,
3079 5434 3378 5502 Soubron.,

1778 5504 2007 5564 Tornes.
2053 5508 2216 5575 1579,
2268 5507 2659 5574 Genev.1615,
2701 5518 2758 5565 et
2795 5504 3048 5573 Ismariae;
3078 5506 3378 5563 faventibus

1779 5595 1992 5657 quoque
2021 5580 2143 5657 aliis
2166 5581 2195 5637 7
2225 5580 2355 5657 Reg.
2385 5582 2684 5657 interutras
2713 5588 2796 5633 est
2820 5577 3054 5657 optimus
3082 5575 3376 5657 Puteanus,

1781 5645 1814 5706 δ
1840 5645 2021 5718 Cdlb.,
2071 5651 2216 5716 Gat.,
2268 5645 2482 5718 hieran,
2518 5645 2870 5713 1.'Clarom.,'
2898 5647 3090 5718 βτυη..
3128 5654 3183 5718 et
3223 5645 3379 5718 editt.

1782 5692 3393 5800 itSdI'iis‘é',"iit7"6:'a"g£_°i:én{itii'«iuiiqu'Légiqu'iiEil

1783 5809 1933 5848 neum
1963 5809 1981 5860 ;
2010 5787 2138 5852 item
2171 5810 2303 5851 mu.
2325 5787 2653 5864 quibusdam
2676 5787 2946 5846 Vaticanis
2966 5797 3024 5841 et
3046 5788 3178 5843 Pen.
3202 5787 3403 5859 quibus
