3790 6274
66 302 161 360 185

1110 298 1317 357 LIBER
1355 299 1398 356 Ι.
1438 298 1529 358 DE
1567 298 1791 361 FALSA
1820 299 2210 361 BELIGIONE.

3160 307 3347 375 ,ΗΒΕ

62 423 290 485 homines
313 425 560 491 respectu
580 418 859 488 elementi,
891 419 1035 491 quod
1081 418 1281 477 dicitur
1304 421 1525 490 coelum,
1554 428 1640 479 to-
1664 420 1717 482 A
1745 421 2020 491 nitalibus,
2049 438 2174 479 cum
2203 422 2496 481 Saturnum
2542 424 2719 496 ipsum
2765 432 3096 497 procrearet.
3128 426 3186 483 Si
3212 440 3344 499 vero

65 530 159 578 tam
187 514 418 572 fabulam
444 513 742 585 explodunt
764 522 1034 585 tamquam
1058 513 1399 584 ineptissime
1424 514 1642 571 ﬁctam:

64 628 204 686 quam
234 620 411 666 tamen
457 607 612 664 stoici
634 606 718 683 (ut
756 607 957 682 solent)
986 608 1053 665 ad
1071 608 1333 666 rationem
1367 610 1648 683 physicam

66 714 306 767 conantur
354 704 672 771 traducere;
728 719 961 774 quorum
1017 704 1337 761 sententiam
1414 703 1648 774 Cicero,

68 805 126 860 de
164 800 357 856 Natura
424 797 649 854 deorum
697 795 838 871 (lib.
895 813 974 865 ιι,
1018 814 1138 868 cap.
1197 796 1292 869 ‘24)
1341 797 1646 867 disserens,

66 894 223 971 posuit
256 910 269 946 :
308 910 327 944 ‹
364 888 947 961 leestem,'inquit,
988 891 1302 947 altissimam
1346 889 1653 947 aetheriam.-

63 1003 155 1059 que
196 992 471 1050 naturam,
515 981 568 1038 id
613 989 699 1038 est
751 981 998 1052 igneam,
1049 997 1170 1053 quae
1200 996 1298 1052 per
1319 995 1440 1037 sese
1464 982 1647 1038 omnia

62 1083 322 1154 gigneret,
393 1089 587 1132 vacare
659 1073 944 1131 voluerunt
1012 1089 1075 1129 ea
1140 1082 1292 1145 parte
1362 1074 1649 1145 corporis,

59 1186 168 1245 quae
226 1168 606 1239 conjunctione
684 1167 908 1223 alterius
972 1174 1156 1239 egeret
1219 1167 1287 1223 ad
1354 1183 1651 1238 procrean-

59 1266 174 1321 dum
212 1277 378 1335 :qu:e
427 1262 567 1317 ratio
614 1261 667 1316 in
720 1259 941 1317 Vestam
993 1260 1166 1331 potuit
1223 1262 1547 1329 convenire,
1603 1262 1650 1317 si

55 1374 163 1417 mas
178 1357 471 1414 diceretur.
497 1355 707 1412 Idcirco
723 1355 869 1411 enim
896 1352 1160 1426 virginem
1191 1363 1381 1426 putant
1402 1355 1649 1424 Vestam,

54 1451 167 1523 quia
190 1448 329 1523 ignis
356 1447 666 1504 inviolabile
694 1447 765 1502 sit
813 1446 1167 1513 elementum,
1217 1446 1462 1517 nihilque
1506 1446 1654 1504 nasci

51 1545 221 1615 possit
240 1558 306 1598 ex
334 1556 424 1609 eo,
453 1541 651 1613 quippe
681 1541 773 1612 qui
799 1541 983 1597 omnia
1009 1554 1131 1613 qua:
1175 1538 1465 1611 arripuerit
1494 1538 1656 1597 absu-

49 1646 179 1694 mat.
224 1656 244 1691 ι
279 1635 502 1692 Ovidius
530 1635 585 1690 in
614 1633 794 1690 Fastis
820 1633 961 1704 (Lib.
987 1649 1060 1701 vr,
1091 1650 1138 1690 υ.
1163 1633 1268 1689 291
1295 1632 1434 1706 sqq.)
1468 1648 1484 1687 :

110 1751 221 1803 Nec
244 1756 296 1800 tu
319 1749 448 1799 aliud
464 1747 685 1809 Vestam,
710 1758 858 1809 quam
877 1746 1037 1797 vivam
1052 1742 1286 1809 intellige
1310 1743 1585 1808 ﬂammam;

204 1813 430 1873 Nataque
452 1810 517 1873 de
540 1806 742 1860 ﬂamma
753 1821 960 1871 corpora
983 1806 1122 1873 nulla
1131 1806 1308 1873 vides.

108 1876 242 1936 Jureﬁ
257 1868 412 1936 igitur
428 1872 569 1936 virgo
586 1879 680 1929 est,
693 1883 816 1936 qua!
838 1868 1027 1936 semina
1042 1868 1173 1936 nulla
1196 1869 1430 1931 remittit,

201 1933 313 1986 Nec
333 1935 481 1998 capit,
507 1933 559 1984 et
580 1933 788 1985 comites
809 1933 1108 1996 virginitatis
1123 1937 1266 1981 amat.

56 2044 289 2100 Vulcano
314 2053 527 2112 quoque
549 2038 603 2093 id
632 2039 808 2109 potuit
830 2038 1089 2105 adscribi,
1113 2038 1202 2109 qui
1234 2037 1451 2105 quidem
1496 2046 1653 2109 puta-

59 2146 136 2193 tur
160 2134 333 2207 ignis;
358 2142 413 2190 et
440 2140 617 2188 tamen
645 2146 769 2187 eum
801 2138 977 2201 poetae
1003 2146 1110 2185 non
1137 2129 1505 2188 absciderunt.
1546 2131 1649 2187 Po-

58 2230 219 2285 tuitct
258 2225 472 2291 Soli,in
495 2239 605 2296 quo
632 2231 718 2279 est
761 2231 951 2278 natura
977 2230 1033 2277 et
1072 2236 1233 2278 causa
1272 2221 1649 2293 gignentium;

59 2338 175 2379 nam
199 2320 315 2378 sine
354 2319 499 2376 Solis
528 2319 687 2390 igneo
713 2317 896 2374 calore
927 2331 1101 2388 neque
1155 2317 1302 2371 nasci
1329 2315 1648 2387 quidquam,

61 2430 226 2486 neque
254 2413 445 2483 augeri
477 2420 691 2482 potest:
748 2420 807 2466 ut
863 2410 996 2466 nulli
1040 2408 1129 2465 alii
1175 2408 1445 2465 elemento
1488 2410 1656 2480 magis

61 2523 186 2579 opus
209 2507 277 2561 sit
311 2504 673 2577 genitalibus,
707 2518 866 2575 quam
890 2502 1078 2570 calori,
1124 2501 1277 2573 cujus
1326 2501 1439 2558 fotu
1482 2503 1659 2559 conci-

62 2602 290 2673 piuntur,
334 2606 663 2666 nascuntur,
694 2606 1069 2654 sustentantur
1120 2596 1321 2652 omnia.
1372 2596 1657 2653 Postremo

63 2696 256 2754 etiamsi
299 2694 381 2750 ita
426 2694 498 2749 sit
526 2691 959 2767 (utvolunt)qui
985 2691 1157 2763 magis
1205 2692 1503 2747 abscissum
1532 2705 1656 2747 esse

63 2791 253 2849 Caelum
282 2798 567 2861 putemus,
596 2802 757 2858 quam
786 2786 1010 2843 omnino
1047 2786 1167 2841 sine
1188 2784 1512 2855 genitalibus
1555 2798 1651 2839 na-

1748 515 1958 584 babuit,
1986 524 2041 573 et
2059 531 2091 572 a
2114 517 2223 573 ﬁlio
2247 517 2485 575 abscissa
2511 527 2659 587 sunt,
2676 526 2827 574 ortus
2844 533 3048 587 rerum,
3077 528 3132 576 et
3150 528 3344 577 natura

1751 609 1927 664 omnis
1982 608 2275 666 interisset.
2306 610 2468 679 Quid,
2506 610 2654 682 quod
2682 611 2784 681 ipsi
2814 610 3047 668 Saturno
3073 627 3182 669 non
3207 612 3346 669 divi-

1751 719 1879 759 num
1900 702 2063 759 modo
2084 718 2324 771 sensum,
2356 705 2453 761 sed
2491 704 2784 761 humanum
2827 719 3042 776 quoque
3079 705 3343 776 adimunt,

1750 810 1872 852 cum
1895 795 2317 854 affirmanteum
2354 812 2476 854 esse
2518 797 2833 868 Saturnum,
2888 799 2981 870 qui
3031 813 3250 856 cursum
3293 809 3349 857 et

1751 890 2158 947 conversionem
2211 892 2508 963 spatiorum
2575 900 2630 948 et
2698 901 3000 964 temporum
3070 894 3342 960 continet;

1752 997 1983 1054 eumque
2007 987 2198 1056 graccej
2225 983 2278 1040 id
2309 985 2482 1056 ipsum
2513 1000 2713 1042 nomen
2742 985 2964 1043 habere.
2996 985 3176 1066 Κρόνος
3203 986 3349 1044 enim

1752 1074 1969 1142 dicitur,
2000 1076 2141 1148 quod
2173 1086 2256 1133 est
2292 1077 2457 1145 idem,
2488 1077 2630 1148 quod
2659 1078 2867 1156 χρόνος,
2917 1078 2971 1134 id
3000 1087 3083 1134 est
3112 1078 3346 1150 spatium

1754 1168 2031 1240 temporis.
2095 1168 2359 1225 Saturnus
2430 1179 2610 1225 autem
2667 1178 2753 1226 est
2802 1168 3138 1241 appellatus,
3205 1169 3350 1241 quod

1753 1267 2026 1315 saturetur
2052 1261 2229 1316 annis.
2261 1260 2389 1317 Hcce
2415 1258 2694 1317 Ciceronis
2722 1261 2888 1317 verba
2918 1269 3045 1316 sunt
3071 1275 3351 1332 exponen-

1756 1346 1824 1401 tis
1843 1350 2162 1403 sententiam
2186 1348 2479 1404 stoicorum
2500 1347 2639 1420 (Lib.
2672 1364 2708 1403 ιι
2736 1347 2800 1403 de
2813 1345 2942 1402 Nat.
2969 1347 3114 1416 deor,
3141 1347 3306 1421 0.64)
3331 1364 3350 1405 :

1761 1437 1922 1506 «Quae
1940 1454 2099 1510 quam
2122 1454 2258 1495 vana
2272 1440 2365 1505 sit,
2381 1439 2554 1496 cuivis
2569 1439 2871 1510 intelligere
2889 1440 3353 1511 promptissimum

1756 1540 1860 1587 est.
1887 1531 1942 1589 Si
1971 1532 2115 1588 enim
2142 1531 2410 1589 Saturnus
2440 1531 2672 1589 Cteliest
2693 1532 2857 1600 filius,
2887 1532 3163 1603 quomodo
3184 1534 3358 1603 potuit

1757 1634 1853 1682 aut
1881 1637 2094 1698 tempus
2118 1643 2148 1683 a
2169 1627 2324 1685 Coele
2349 1626 2516 1699 gigni,
2545 1635 2639 1683 aut
2664 1626 2875 1684 leum
2928 1641 2956 1680 a
2988 1634 3233 1698 tempore
3261 1625 3358 1682 ah—

1757 1718 1914 1785 scidi,
1943 1728 2035 1774 aut
2057 1726 2242 1789 postea
2271 1728 2481 1791 tempus
2502 1718 2733 1791 imperio
2761 1717 3028 1789 spoliaria
3056 1717 3168 1772 ﬁlio
3188 1716 3357 1773 Jove?

1682 1822 1730 1884 Β
1758 1808 1866 1867 Αιιι
1891 1810 2162 1882 quomodo
2190 1812 2403 1883 Jupiter
2426 1819 2585 1866 natus
2603 1819 2773 1867 estex
2804 1808 3084 1878 tempore?
3110 1806 3218 1863 Aut
3237 1806 3358 1878 qui-

1758 1906 1857 1962 bus
1869 1907 2026 1964 annis
2036 1908 2265 1964 saturari
2290 1907 2458 1980 possit
2471 1906 2760 1972 mternitas,
2775 1906 2859 1962 cui
2874 1904 3055 1964 nullus
3067 1913 3152 1962 est
3163 1904 3351 1961 linis‘lr

2350 2040 2579 2099 CAPUT
2617 2040 2759 2099 XIII.

1761 2183 1928 2251 Quam
1954 2198 2102 2240 rana:
2126 2184 2227 2240 sint
2256 2182 2319 2240 ἐι
2359 2185 2539 2239 inanes
2589 2183 2867 2240 stoicorum
2918 2182 3365 2256 interpretationes

1904 2278 1968 2332 de
1996 2277 2126 2341 diis;
2149 2286 2197 2334 et
2225 2277 2292 2333 ibi
2320 2277 2384 2334 de
2408 2276 2555 2333 Iouis
2581 2286 2715 2346 ortu,
2747 2278 2976 2334 Saturno
3005 2288 3052 2334 et
3084 2277 3214 2350 Ope.

1830 2413 1885 2469 Si
1917 2428 2045 2485 ergo
2091 2428 2243 2468 vana:
2268 2420 2395 2469 sunt
2438 2412 2557 2468 ista:
2602 2411 2841 2468 rationes
2889 2411 3360 2483 philosophorum,

1759 2506 1886 2579 quid
1913 2516 2185 2576 superest,
2217 2505 2321 2562 nisi
2345 2514 2403 2561 ut
2430 2520 2558 2561 vere
2588 2504 2785 2560 factum
2814 2518 2938 2560 esse
2966 2502 3276 2572 credamus,
3308 2503 3362 2561 id

1759 2606 1844 2655 est
1868 2598 2142 2654 hominem
2181 2597 2249 2653 ab
2272 2597 2489 2652 homine
2510 2596 2851 2652 abscissum?
2872 2595 2977 2651 nisi
3008 2596 3147 2652 forte
3170 2596 3365 2668 aliquis

1759 2690 2033 2746 existimet
2052 2688 2212 2744 deum
2239 2688 2428 2754 fuisse,
2461 2688 2554 2758 qui
2601 2687 2775 2742 timuit
2810 2686 3182 2743 cobmredcm:
3211 2701 3360 2755 eum,

1759 2785 1807 2840 si
1838 2783 1965 2854 quid
1992 2781 2286 2839 divinitatis
2318 2782 2628 2849 habuisset,
2656 2795 2764 2837 non
2792 2781 2959 2851 patris
2984 2779 3241 2852 genitalia
3270 2781 3365 2838 de-

65 2883 202 2940 tum?
225 2882 354 2940 Nam
398 2880 445 2937 si
475 2895 571 2952 per
598 2895 660 2938 se
678 2879 870 2953 gignit,
899 2893 1007 2935 non
1050 2877 1323 2950 indigebat
1349 2877 1535 2948 utique
1559 2890 1655 2948 ge-
1752 2874 1934 2931 buerit
1952 2882 2252 2945 amputare,
2294 2871 2391 2930 sed
2422 2871 2661 2945 propria,
2686 2886 2755 2929 ne
2779 2871 2987 2942 Jupiter
3016 2879 3354 2941 nasceretur,

1403 3015 1766 3075 VARIORUM
1803 3015 2038 3073 NOTAE.

139 3162 433 3219 Abscidisse.
499 3160 603 3216 Alii
659 3158 728 3216 de
778 3157 930 3225 Jove,
979 3157 1071 3214 alii
1129 3157 1197 3215 de
1234 3157 1470 3214 Saturno
1518 3158 1662 3213 refe-

76 3247 206 3291 runt.
244 3235 392 3291 Conf.
443 3232 673 3289 Tertull.
719 3231 778 3297 2,
811 3230 879 3285 ad
928 3228 1077 3291 Ναί..
1128 3245 1177 3284 c.
1230 3231 1333 3294 l2;
1363 3226 1512 3298 Orig.
1545 3227 1656 3295 1.ι;

76 3308 208 3362 Cels.
260 3322 314 3377 p.
368 3306 480 3372 14,
522 3303 641 3377 lib.
710 3300 1180 3377 1v,‘pag.__l9t_i;
1236 3301 1499 3377 Atlienag.
1561 3314 1660 3369 pro

77 3372 465 3448 Christ.'p.r70,
516 3376 579 3430 71
625 3382 681 3431 et
720 3388 774 3445 p.
823 3373 928 3437 85;
984 3373 1206 3448 l_luetius
1250 3372 1302 3427 in
1349 3372 1635 3448 Demonstr

79 3443 359 3515 Evangad
404 3447 672 3502 Cltamum
723 3443 930 3515 patrem
977 3444 1305 3499 denudatum
1359 3443 1656 3515 videntem,

79 3464 209 3504 man
251 3490 264 3501 .
293 3464 359 3503 aa
404 3464 672 3502 uramum
723 3464 930 3515 patrem
977 3464 1305 3499 ueltuaauuu
1360 3464 1655 3509 vruentem,

78 3536 191 3575 cum
213 3464 492 3575 Iiocharto
517 3518 771 3588 applicat.
814 3515 1179 3588 Quintilianus
1226 3523 1424 3588 auctor:
1441 3523 1526 3570 est
1552 3514 1587 3569 Ι.
1616 3529 1655 3580 ι,

79 3592 203 3646 Inst.
232 3606 280 3646 e.
310 3590 361 3647 6.
393 3585 697 3646 Modestum
729 3588 1031 3657 scripsisse,
1063 3586 1189 3657 quia
1214 3585 1366 3642 C(elo
1394 3585 1660 3657 Saturnus

78 3663 321 3735 genitalia
349 3661 659 3728 absciderit,
704 3661 809 3716 hoc
863 3658 1409 3784 uomineappehlatos
1438 3656 1659 3712 callibes.

1288 3744 1520 3784 uacuam.

1288 3744 1520 3784 UNEIAN.

147 3847 228 3901 Ad
267 3848 515 3903 rationem
560 3845 843 3917 physicam.
895 3842 1029 3915 Cap.
1064 3843 1150 3899 11.
1182 3850 1294 3898 ιιοι.
1320 3851 1374 3898 et
1394 3839 1621 3897 Tertull.
1650 3856 1670 3895 ι

81 3919 194 3975 adv.
224 3920 379 3975 Marc.
406 3935 456 3976 c.
495 3919 582 3975 15.
613 3920 746 3974 ΒυΝ.

146 4034 341 4108 Egeret.
373 4049 513 4091 mss.
547 4034 570 4089 1
602 4032 823 4090 Colbert
869 4039 924 4087 et
950 4029 1117 4086 Brun.
1166 4037 1308 4102 egeat
1326 4044 1346 4093 ;
1376 4040 1477 4082 nec
1504 4025 1668 4081 male.

151 4149 336 4206 Putant
367 4162 584 4206 vestam.
640 4147 848 4215 Duplex
871 4145 1014 4213 apud
1042 4145 1290 4214 antiquos
1335 4141 1435 4196 fuit
1468 4141 1670 4215 Vesta;

84 4236 179 4276 una
207 4222 418 4278 Saturni
451 4231 648 4285 mater,
701 4213 819 4289 qua:
847 4219 1011 4274 etiam
1044 4232 1142 4287 pro
1172 4213 1313 4270 terra
1336 4213 1591 4289 sumitur,
1620 4223 1673 4266 et

83 4292 267 4347 dicitur
295 4294 523 4348 deorum
554 4286 805 4346 materet
834 4304 1025 4359 magna
1050 4286 1227 4359 mater
1245 4304 1259 4350 ;
1300 4286 1673 4359 alternantem

86 4362 293 4419 Saturni
322 4365 420 4419 fuit
466 4364 615 4418 lilia:
675 4362 797 4415 huic
825 4356 1028 4415 ultimm
1056 4374 1177 4414 cum
1201 4357 1412 4425 Jupiter
1453 4356 1674 4411 Titanas

86 4436 311 4505 vicisset,
355 4438 630 4505 eptionem
679 4433 847 4497 dedit,
896 4432 1286 4505 virginitatem,
1318 4430 1565 4505 eptav_it._
1597 4427 1673 4481 De

1685 3161 1731 3225 C
1764 3165 2101 3229 vetustatem,
2144 3156 2424 3229 estiveluti
2467 3157 2745 3229 lernporis
2779 3157 3105 3229 symbolum,
3163 3156 3231 3212 de
3259 3171 3368 3229 quo

1765 3228 1888 3283 vide
1919 3227 2215 3284 Heraclidis
2226 3228 2433 3284 Pontici
2449 3227 2777 3298 Allegoriea,
2805 3227 2943 3300 sicut
2958 3241 3011 3284 et
3029 3227 3368 3300 Fulgentium

1762 3309 1925 3428 ἒπειΓὲ
1955 3302 2115 3358 etiam
2148 3300 2383 3356 Macrob.
2405 3309 2459 3356 et
2489 3300 2546 3357 S.
2576 3300 2716 3372 Aug.
2745 3301 2813 3357 de
2839 3298 2999 3357 Civil.
3024 3298 3149 3368 Dei,
3173 3300 3210 3355 l.
3235 3315 3364 3369 xvn,

1834 3467 2037 3543 Rpogog.
2069 3466 2149 3543 Qe
2182 3465 2448 3543 quo__vide
2486 3466 2813 3543 Macrobinm
2836 3468 2976 3543 _‘lib._
3002 3483 3019 3522 ι
3042 3467 3365 3543 Saturno)”

1761 3537 1881 3607 capi
1905 3538 1976 3590 “22
2004 3546 2058 3592 et
2086 3537 2390 3594 Q9.—Hinc
2404 3538 2619 3594 Saturni
2645 3555 2796 3594 saera
2823 3539 3011 3594 Cronia
3023 3541 3164 3594 dicta
3180 3538 3364 3594 Accio.

1766 3608 2198 3750 goggfaéagon.
2223 3609 2290 3665 ad
2309 3608 2496 3665 Sidon.
2517 3609 2695 3665 Carm.
2724 3610 2813 3673 15,
2840 3608 3035 3679 p.149.
3055 3609 3274 3666 HuetD.
3300 3610 3365 3667 Ε.

1810 3720 1823 3733 .
1967 3723 1977 3733 .
2053 3697 2082 3736 υ
2126 3720 2138 3734 .

1810 3697 2138 3736 .2ὒ1.ϋυΝ.

1846 3773 2125 3846 Saturnus,
2171 3775 2307 3846 quod
2352 3782 2629 3846 saturetur.
2672 3770 2897 3846 [laetius
2952 3785 3001 3826 c.
3059 3771 3097 3825 I.
3149 3785 3202 3846 ρ.
3235 3770 3369 3828 290.

1772 3860 1804 3900 a
1840 3848 1977 3910 mn,
2026 3841 2194 3907 latuit;
2246 3861 2368 3901 cum
2413 3845 2531 3898 aliis
2576 3848 2639 3898 A.
2673 3841 2972 3900 Acoluthus
3018 3843 3223 3904 statuit,
3275 3856 3370 3897 ve-

1773 3916 1989 3972 rissime
2018 3916 2250 3971 derivari
2280 3916 2348 3971 ab
2376 3915 2685 3981 Armenico,
2714 3930 2760 3969 s.
2803 3913 3151 3985 Egyptiaco
3174 3927 3366 3980 suos,

1775 4003 1900 4042 cum
1931 3987 1975 4043 N
2006 3986 2220 4052 sufﬁxo,
2266 3997 2325 4042 ut
2352 3986 2543 4043 Satorn
2570 3987 2640 4040 sit
2666 3983 3104 4056 magnusculter;
3141 3983 3369 4056 habetur

1776 4060 1920 4114 enim
1953 4074 2048 4128 pro
2099 4060 2378 4113 inventore
2418 4057 2571 4128 falcis
2616 4055 2914 4128 mesSOriae,
2962 4071 3082 4126 qua:
3117 4055 3369 4128 genitalia

1777 4130 1925 4194 caeli,
1954 4126 2008 4184 id
2036 4139 2137 4196 est,
2165 4131 2429 4199 gramina,
2459 4127 2678 4194 herbas,
2711 4126 2892 4190 ﬂores,
2927 4138 3174 4199 segetes,
3200 4126 3369 4199 irctnli,

1776 4200 2040 4256 beneﬁcio
2083 4198 2410 4271 progenitas,
2443 4199 2705 4255 dcsecuit.
2756 4199 2876 4271 Vid.
2908 4198 3366 4271 Acolutbilipist.

1776 4273 1842 4327 ad
1883 4272 1943 4326 Β.
1973 4269 2110 4328 Abb.
2147 4272 2472 4327 Luccensem
2501 4285 2753 4327 MOLANUM
2782 4270 2837 4325 in
2871 4271 3117 4326 Leibnitii
3141 4269 3370 4325 Collect.

1777 4344 2010 4415 Etymol.
2043 4358 2160 4414 pag.
2188 4344 2312 4399 162.
2342 4344 2477 4399 ΒυΝ.

1852 4434 1901 4488 Ε
1944 4436 2069 4490 caelo
2113 4436 2272 4506 gigni.
2321 4433 2455 4492 Cum
2503 4434 2666 4492 Goth.
2713 4449 2778 4489 ex
2823 4433 2968 4506 Lips.
3020 4429 3366 4506 Rost._Ven_.

86 4503 179 4560 bac
206 4492 595 4576 ulti'ma'agitur
632 4506 683 4577 in
735 4492 1086 4577 sequentibus
1115 4492 1289 4577 Oyidii
1322 4492 1673 4577 carminibus,
1700 4492 1756 4553 D
1784 4508 1943 4571 1471,
1974 4506 2063 4572 72,
2093 4492 2317 4577 ti'tr'aqne
2357 4506 2587 4577 faciunt;
2619 4506 2707 4560 sed
2759 4492 2910 4575 facile
2937 4511 3173 4577 apparet,
3203 4502 3376 4577 inquit

87 4592 197 4645 qum
222 4588 345 4634 sunt
376 4567 520 4633 lib-ro
544 4593 594 4631 νι
629 4567 935 4631 Fastorum.
963 4575 1133 4644 Hujus
1164 4572 1340 4645 Vestae
1383 4584 1533 4645 sacra
1557 4567 1677 4645 [ue-

86 4638 207 4705 runt
232 4650 601 4705 vetustissima
659 4648 800 4718 apud
838 4638 1145 4718 Romanos;
1177 4643 1245 4697 ab
1298 4658 1359 4697 ea
1388 4641 1530 4696 enim
1563 4638 1682 4695 [luit

90 4719 217 4790 ignis
243 4721 434 4777 :cterni
462 4735 559 4791 per
592 4715 837 4776 Vestales
863 4715 1109 4774 custodia
1137 4724 1193 4769 et
1217 4727 1366 4769 cura.

157 4861 252 4927 Qui
271 4861 479 4932 quidem
502 4868 714 4932 putatur
740 4852 1078 4932 ignis._Quod
1110 4849 1249 4932 ignis
1284 4862 1454 4932 nsum
1480 4844 1675 4932 Volcaf

89 4945 187 4987 nus
213 4927 414 5002 primus
454 4927 1104 5002 rnortalibus_iudieas_se
1148 4929 1408 5002 putatum.
1431 4927 1483 4972 in
1530 4931 1683 5002 cujus

91 4989 326 5060 beneﬁcii
359 5003 685 5061 memoriam
734 4998 971 5055 solemni
1010 4997 1119 5069 die,
1149 4989 1324 5069 'qttem
1353 4989 1683 5069 __Lampqdqn

90 5058 443 5142 appellabant
461 5073 846 5135 Athenienses,
866 5058 1114 5142 accensis
1131 5082 1162 5121 a
1183 5058 1314 5119 loco
1353 5061 1528 5119 Vestae
1553 5058 1684 5116 faci-

92 5139 207 5215 bus,
237 5162 330 5216 per
357 5147 548 5202 urbem
578 5142 973 5199 discurrebant.
1007 5139 1333 5194 Bcruwws.

162 5261 292 5315 Eum
339 5271 504 5333 poeta:
528 5278 629 5316 non
656 5256 1025 5333 absciderunt._
1053 5255 1185 5333 Eum
1228 5252 1593 5333 coiresimus.
1616 5263 1684 5304 ex

95 5345 219 5388 mss.
248 5344 302 5390 et
329 5322 489 5390 editis
520 5333 674 5389 liom.
704 5322 1686 5400 Soubron,Gymnic.LEasitel.,Tor-

96 5419 206 5530 388.
234 5415 286 5461 et
315 5421 425 5462 rec.
447 5405 507 5471 2,
537 5405 684 5476 Lips.
714 5402 771 5457 ln
791 5400 946 5456 editis
966 5394 1131 5472 Th'ys.
1162 5406 1216 5454 et
1242 5394 1381 5453 Call.
1411 5407 1686 5449 eammea-

132 5489 240 5531 ose.
607 5508 611 5512 λ

166 5591 289 5648 Sine
312 5592 453 5649 Solis
469 5593 782 5664 igneo,ietc.
804 5589 880 5664 De
905 5587 1015 5664 liae
1028 5583 1177 5664 Solis
1221 5579 1299 5664 ad.
1317 5577 1582 5664 omnium“
1596 5591 1689 5664 ge-

98 5665 422 5790 nerationem
455 5649 805 5728 n‘éceséitatc,
834 5657 957 5714 vide
984 5657 1263 5711 Platonem
1288 5653 1340 5707 in
1372 5660 1528 5709 sexto
1548 5649 1688 5706 Poli-

101 5743 247 5789 ttcor.
281 5746 331 5790 et
352 5751 381 5790 a
407 5737 507 5791 ios.

166 5829 375 5887 Cursum
403 5839 453 5885 et
473 5830 877 5900 conversionem,
897 5835 999 5884 etc.
1024 5822 1156 5892 Quia
1179 5820 1442 5877 Saturnus
1469 5823 1688 5888 ῐπθῐηθι·

1782 4578 2152 4645 Heumannus,
2179 4595 2207 4631 a
2234 4572 2373 4635 caelo
2399 4576 2607 4633 rescribi
2657 4572 2911 4644 oportere.
2942 4573 3060 4628 Non
3106 4581 3253 4645 puto.
3284 4572 3376 4645 Sic

1782 4650 1920 4705 dixit
1948 4665 1996 4704 c.
2034 4642 2362 4720 “papparet
2412 4665 2514 4703 non
2542 4664 2608 4703 ex
2641 4642 2779 4703 caelo
2808 4655 2984 4720 natum
3034 4659 3158 4720 esse.
3201 4642 3375 4720 Latini

1784 4723 1928 4776 enim
1951 4721 2091 4776 haud
2116 4715 2241 4777 raro
2268 4722 2471 4785 dicunt,
2496 4719 2659 4791 gigni,
2689 4717 2959 4790 generari,
3003 4715 3149 4770 nasci
3180 4730 3246 4770 ex
3273 4715 3376 4769 ali-

1784 4808 1911 4864 quo,
1940 4808 2004 4847 ex
2030 4793 2227 4864 aliqua.
2261 4792 2394 4847 BUN.

1858 4856 2082 4918 Abscidi.
2108 4856 2183 4919 Ita
2216 4878 2404 4919 omnes
2441 4861 2552 4917 fere
2580 4876 2712 4916 mss.
2770 4868 2823 4915 et
2853 4857 2981 4914 editi
3034 4858 3267 4914 codices.
3314 4856 3383 4912 Et.

1785 4935 1916 4990 olim
1946 4935 2145 4990 dictum
2170 4934 2335 4990 fuisse
2365 4933 2624 4989 abscidere
2650 4947 2747 5002 pro
2769 4929 3083 4993 abscindere,
3111 4945 3139 5002 a
3168 4944 3254 5002 me
3275 4929 3380 5002 ob-

1786 5015 2058 5062 servatum
2090 5015 2173 5061 est
2194 5006 2260 5061 ad
2293 5006 2497 5061 Paulin.
2530 5020 2617 5062 en.
2643 5000 2706 5060 11
2738 5017 2891 5057 novae
2912 5001 2999 5056 ed.
3028 5019 3082 5056 ιι.
3116 5001 3170 5054 7.
3191 5000 3281 5057 Sic
3306 5000 3383 5054 ait

1786 5077 1921 5134 Joan
1950 5077 2104 5147 Bapt.
2127 5077 2174 5132 le
2195 5076 2358 5142 Brun.
2388 5076 2542 5146 cujus
2565 5072 2683 5133 haec
2711 5075 2876 5131 editio
2904 5073 2961 5129 S.
2992 5072 3219 5128 Paulini.

1868 5149 2015 5204 Vere.
2044 5149 2101 5204 Id
2131 5159 2234 5213 est,
2259 5164 2364 5205 non
2395 5149 2699 5217 allegorice.

1864 5220 1983 5275 Nisi
2023 5223 2154 5291 forte
2203 5221 2390 5288 aliquis
2438 5214 2704 5276 existimet.
2761 5218 2853 5274 Sic
2915 5232 3102 5271 omnes
3145 5214 3270 5291 libri
3327 5214 3380 5268 in

1789 5286 2153 5364 conjuneiivo,
2203 5286 2470 5360 existimet,
2499 5302 2720 5364 praeter
2746 5291 2893 5364 Lips.
2930 5295 3124 5364 ter_t.et
3145 5286 3378 5364 licitum.

1790 5357 2076 5438 existimat.
2130 5357 2657 5438 HeumannfL'ege,
2709 5357 2901 5438 inquit_
2943 5358 3236 5438 eaislimq't;
3273 5357 3384 5438 “ita

1789 5437 1925 5509 enim
1963 5434 2134 5509 Latini
2185 5437 2479 5509 loquuntur.
2533 5423 2845 5509 Lactantius
2888 5431 2925 5485 l.
2976 5446 3056 5509 13A
3076 5426 3228 5509 c._§'.
3264 5423 3385 5509 Nisi

1789 5508 1923 5577 forte
1948 5496 2271 5568 arbitremur,
2298 5507 2387 5561 ubi
2416 5515 2578 5569 noto;
2610 5506 2676 5559 de
2702 5505 2803 5564 Ira.
2837 5518 2957 5577 cap.
3112 5496 3228 5552 Nisi
3256 5499 3387 5566 forte

1790 5571 1900 5647 quis
1925 5580 2215 5633 arbitretur.
2243 5577 2434 5633 Cicero
2462 5578 2497 5631 l.
2526 5593 2582 5643 Χ,
2615 5579 2748 5642 Αιι.,
2778 5577 2810 5630 8
2836 5592 2848 5628 :
2880 5571 2998 5627 Nisi
3029 5572 3225 5641 forte...
3260 5581 3383 5621 cen-

1790 5650 1971 5705 sueris.
2016 5650 2146 5705 BUN.

1862 5741 2078 5796 Timuit.
2106 5741 2247 5814 Ergo
2281 5741 2421 5797 Deus
2451 5755 2555 5796 non
2586 5747 2702 5795 erat
2749 5732 3179 5799 existimandus;
3221 5730 3384 5788 timor

1789 5815 1933 5872 enim
1957 5814 2010 5869 in
2038 5814 2196 5869 deum
2220 5814 2413 5869 cadere
2441 5825 2546 5867 non
2574 5817 2766 5882 potest.
