3790 6274
69 349 165 406 189

64 464 277 540 quodam
308 479 458 522 more
473 464 527 520 in
553 463 706 521 Italia
733 464 998 522 viveretur
1018 506 1034 532 ,

180 555 227 623 I_s
246 567 407 618 genus
422 553 657 623 indocile,
678 568 735 605 ac
756 555 1034 623 dispersum
1055 556 1303 623 montibus
1318 555 1431 608 altis

178 615 489 682 Composuit;
512 615 757 682 legesque
781 615 937 679 dedit,
962 616 1255 682 Latiumque
1278 621 1445 672 vocari

180 680 365 745 Maluit,
390 681 469 730 bis
482 680 713 745 quoniam
733 680 956 734 latuisset
974 688 1112 734 tutus
1128 680 1314 733 in‘oris.

68 787 247 845 Censet
283 801 352 842 ne
380 784 576 857 aliquis
606 785 765 841 deum
788 799 932 853 esse,
961 784 1052 857 qui
1075 788 1263 859 pulsus
1302 795 1408 856 est,
1435 787 1528 860 qui
1560 786 1648 843 fu-

67 882 163 953 git,
188 880 274 950 qui
300 878 490 934 latuit?
510 878 680 936 Nemo
705 888 812 934 tam
835 881 1030 936 stultus
1057 888 1161 937 est.
1205 881 1308 950 Qui
1336 882 1483 937 enim
1514 881 1652 953 fugit

66 981 151 1027 aut
174 970 323 1038 latet,
351 979 405 1026 et
432 971 539 1026 vim
571 981 625 1026 et
653 980 883 1027 mortem
908 972 1096 1028 timeat
1136 988 1361 1030 necesse
1406 982 1509 1030 est.
1554 972 1651 1030 Or-

64 1066 244 1136 pheus,
272 1063 362 1135 qui
392 1064 730 1135 temporibus
751 1063 868 1136 ejus
884 1066 1160 1122 recentior
1186 1066 1304 1135 iuit,
1336 1076 1528 1138 aperte
1557 1068 1652 1126 Sa-

65 1169 269 1215 turnum
292 1157 344 1214 in
370 1166 513 1215 terra
563 1166 619 1215 et
668 1158 809 1231 apud
831 1157 1079 1216 homines
1118 1174 1376 1231 regnasse
1405 1175 1647 1219 comme-

62 1261 230 1310 morat
259 1269 274 1308 ε

238 1362 449 1414 “ﬁrmae
472 1358 537 1411 in»
559 1356 722 1400 ἄνασσαν
746 1359 949 1411 Iuliarum
972 1361 1114 1412 Κρόνος
1135 1355 1290 1412 ἀνδρῶν,

238 1415 293 1465 tn
315 1420 359 1464 si
383 1425 522 1476 apem
542 1425 656 1476 τίνετ’
676 1424 789 1471 me.
810 1419 917 1470 ἄναξ.
939 1425 1065 1475 μάτας.
1088 1423 1244 1475 ὠρυόπα
1264 1424 1365 1472 ιὼς.

53 1497 180 1554 item
210 1497 359 1555 Maro
385 1508 612 1554 noster:

177 1589 381 1641 Aureus
404 1590 531 1641 hanc
549 1590 695 1641 vitam
711 1590 762 1640 in
786 1590 936 1641 terris
950 1588 1193 1642 Saturnus
1216 1589 1425 1653 agebat;

48 1671 118 1731 Et
143 1674 251 1731 alio
273 1674 395 1731 loco
426 1691 441 1729 :

190 1786 464 1849 Aureaque
488 1785 565 1849 (ut
582 1783 867 1849 perhibent)
889 1783 976 1835 illo
995 1785 1089 1836 sub
1109 1797 1236 1851 rege
1251 1783 1412 1846 fuere}

187 1846 384 1896 Saecula
412 1861 424 1895 :
449 1847 522 1896 sic
541 1844 727 1896 placida
746 1847 953 1896 nonulos
972 1849 1023 1896 in
1039 1861 1160 1896 nace
1176 1848 1407 1896 περιέδει.

227 1844 424 1897 aacula':
449 1844 522 1897 sic
539 1844 727 1911 placida
746 1844 953 1913 papulos
972 1849 1023 1897 in
1038 1861 1160 1912 pace
1172 1844 1407 1913 regebat.

52 1949 233 2021 Neque
257 1951 508 2019 superius
546 1946 682 2004 dixit
703 1952 753 2006 in
777 1950 916 2006 caelo
941 1952 1116 2022 egisse
1145 1951 1330 2018 vitam,
1366 1967 1542 2024 neque
1571 1953 1651 2008 iu-

56 2044 217 2104 t‘crius
243 2057 472 2113 superos
500 2043 553 2099 in
604 2058 738 2115 pace
767 2045 973 2101 rexisse
1006 2061 1019 2099 :
1050 2044 1193 2099 unde
1237 2055 1462 2115 apparet
1490 2046 1647 2103 illum

58 2151 232 2209 regem
264 2134 434 2193 fuisse
465 2144 739 2193 terrenum
768 2152 783 2204 ;
820 2136 964 2207 quod
1010 2137 1141 2193 alibi
1175 2136 1420 2208 apertius
1464 2137 1651 2195 decla-

56 2238 179 2286 rat:

894 2320 1055 2374 Aurea
1074 2323 1256 2375 condet

202 2385 428 2450 Saecula;
452 2388 539 2450 qui
561 2398 734 2451 rursus
757 2383 919 2450 Latio,
945 2390 1154 2450 regnata
1178 2398 1268 2451 per
1295 2398 1409 2438 arva

205 2457 425 2507 Saturno
438 2450 703 2515 quondam.

65 2541 264 2598 Ennius
286 2540 512 2610 quidem
543 2537 598 2592 in
630 2535 941 2591 Euhemero
983 2549 1087 2591 non
1136 2534 1367 2605 primum
1414 2534 1545 2591 dicit
1570 2547 1656 2592 ro-

62 2648 246 2707 gnasse
263 2634 587 2698 Saturnum,
610 2628 706 2685 sed
734 2627 973 2684 Uranum
1002 2635 1231 2697 patrem.
1255 2626 1432 2695 Initio,
1456 2628 1653 2698 inquit,

68 2728 256 2798 primus
286 2728 340 2781 in
377 2724 540 2780 terris
564 2721 850 2792 imperium
879 2735 1150 2775 summum
1201 2718 1384 2775 leus
1424 2719 1652 2786 habuit;

70 2820 111 2875 is
140 2820 189 2875 id
230 2833 463 2889 regnum
490 2832 591 2871 una
616 2831 737 2870 cum
786 2813 1039 2869 fratribus
1078 2813 1191 2867 suis
1236 2812 1468 2867 instituit
1496 2816 1658 2882 atque

71 2914 277 2987 paravit.
308 2912 435 2967 Non
456 2925 645 2981 magna
672 2908 964 2974 dissensio,
993 2907 1262 2980 siquidem
1295 2906 1656 2962 maximorum

71 3015 332 3063 auctorum
373 3004 451 3060 de
485 3003 597 3058 tilio
629 3017 693 3058 ac
723 3011 877 3073 patre
908 3000 1173 3057 dubitatio
1212 3008 1313 3057 est.
1345 3000 1450 3057 Sed
1479 3009 1656 3056 tamen

72 3112 339 3171 utrumque
382 3098 506 3155 ﬁeri
536 3105 756 3169 potest:
801 3104 860 3150 ut
909 3103 963 3151 et
1012 3095 1218 3165 primus
1272 3092 1483 3151 Urauus
1526 3092 1662 3149 emi-

1135 345 1338 404 LIBEB
1377 346 1415 402 Ι.
1460 344 1547 403 DE
1584 343 1812 407 FALSA
1850 347 2244 409 BELIGIONE.

1672 470 1729 533 Α
1755 466 1974 535 habere,
2005 485 2110 526 non
2134 486 2356 543 regnum
2385 489 2401 540 ;
2426 480 2612 543 postca
2650 471 2915 530 Saturnus
2961 474 3198 546 majores
3243 473 3349 535 sibi

1746 574 1878 633 Opes
1896 567 2307 635 comparaverit,
2337 582 2402 624 ac
2427 565 2631 639 regium
2658 582 2855 624 nomen
2874 568 3141 625 asciverit.

3241 355 3345 413 190

2329 699 2558 758 CAPUT
2610 698 2751 758 XIV.

1755 810 1894 880 Quid
1919 813 1983 870 de
2007 812 2105 870 diis
2133 813 2410 871 Euhemeri
2438 825 2483 870 et
2511 813 2674 872 Ennii
2712 816 2890 872 doceat
2930 834 3078 873 sacra
3108 817 3344 878 historia.

1822 948 1976 1005 Nunc
1999 950 2252 1021 quoniam
2272 952 2341 1009 ab
2360 951 2444 1019 iis,
2474 968 2595 1024 quae
2616 953 2926 1019 retulimus,
2954 955 3347 1025 aliquantulum

1751 1058 1906 1100 sacra
1951 1043 2185 1100 Historia
2214 1044 2487 1113 dissentit,
2517 1047 2828 1117 aperiamus
2846 1062 2908 1102 ea
2936 1062 3058 1119 quae
3084 1049 3230 1104 veris
3260 1050 3350 1105 lita

1754 1138 1887 1194 teris
1909 1137 2273 1205 continentur,
2321 1154 2388 1196 ne
2433 1148 2710 1211 poetarum
2745 1140 2975 1211 ineptias
3004 1142 3057 1196 in
3092 1157 3353 1198 accusan-

1752 1231 1837 1289 dis
1866 1231 2219 1303 religionibus
2246 1236 2399 1303 sequi
2427 1249 2490 1290 ac
2513 1233 2745 1304 probare
2767 1234 3067 1291 videamur.
3094 1234 3219 1290 Haec
3246 1235 3356 1292 En-

1753 1325 1829 1381 nii
1852 1325 2015 1381 verba
2038 1333 2165 1380 sunt
2192 1342 2207 1379 :
2243 1342 2262 1378 ι
2294 1325 2429 1381 Exin
2453 1324 2722 1382 Saturnus
2742 1342 2970 1382 uxorem
2990 1326 3141 1382 duxit
3160 1327 3354 1398 Opem.

1755 1417 1935 1487 Titan,
1962 1418 2054 1490 qui
2081 1420 2254 1489 major
2277 1428 2403 1474 natu
2432 1429 2570 1485 erat,
2602 1419 2840 1490 postulat
2866 1429 2924 1475 ut
2946 1421 3061 1490 ipse
3081 1429 3355 1491 regnaret.

1757 1508 1835 1566 lbi
1865 1510 2027 1567 Vesta
2054 1519 2226 1567 mater
2254 1527 2467 1580 eorum,
2506 1522 2561 1569 et
2585 1526 2804 1568 sorores
2835 1512 3002 1569 Ceres
3042 1522 3203 1584 atque
3223 1513 3357 1585 Ops,

1760 1603 1986 1660 suadent
2009 1603 2267 1672 Saturno,
2320 1616 2380 1662 ut
2421 1607 2491 1662 de
2522 1623 2687 1675 regno
2735 1624 2842 1663 non
2874 1609 3136 1664 concedat
3180 1608 3357 1665 fratri.

1759 1694 1838 1751 lbi
1863 1695 2040 1765 Titan,
2069 1698 2158 1768 qui
2205 1696 2343 1754 facie
2371 1698 2611 1755 deterior
2640 1710 2820 1768 esset,
2860 1715 3020 1771 quam
3054 1702 3357 1771 Saturnus,

1761 1786 1964 1844 idcirco
1990 1796 2048 1844 et
2075 1788 2220 1858 quod
2259 1788 2474 1845 videbat
2516 1799 2741 1846 matrem
2782 1801 2942 1861 atque
2982 1806 3201 1846 sorores
3236 1806 3362 1848 suas

1685 1863 1736 1925 Β
1759 1894 1978 1951 operam
2006 1882 2137 1939 dare
2162 1891 2223 1938 ut
2250 1883 2516 1939 Saturnus
2547 1894 2818 1954 regnaret,
2852 1884 3122 1941 concessit
3146 1888 3196 1941 ei
3229 1896 3286 1941 ut
3315 1887 3361 1944 is

1762 1982 2034 2044 regnaret.
2070 1974 2257 2046 Itaque
2279 1985 2466 2048 pactus
2495 1985 2580 2033 est
2606 1992 2729 2032 cum
2773 1977 3033 2044 Saturno,
3062 1979 3141 2035 uti
3166 1980 3209 2034 si
3233 1981 3361 2052 quid

1758 2067 1990 2123 liberum
2018 2068 2188 2124 virilis
2212 2083 2383 2127 sexus
2407 2071 2456 2126 ei
2488 2080 2674 2126 natum
2703 2083 2868 2136 esset.
2898 2088 2968 2129 ne
2994 2073 3271 2130 educarat.
3302 2074 3365 2133 Id

1761 2158 1878 2229 eius
1907 2160 1986 2215 rei
2011 2174 2175 2217 causa
2202 2161 2348 2229 fecit,
2378 2163 2454 2218 uti
2479 2162 2548 2219 ad
2570 2178 2702 2220 suos
2730 2173 2924 2235 gnatos
2954 2179 3180 2238 regnum
3220 2167 3367 2224 redh

1761 2260 1866 2309 ret.
1900 2253 2037 2310 Tum
2066 2254 2306 2312 Saturno
2348 2256 2493 2313 illius
2518 2260 2610 2331 qui
2655 2259 2863 2330 primus
2894 2269 3052 2316 natus
3087 2269 3194 2330 est,
3237 2275 3365 2318 eum

1762 2358 2111 2404 necaverunt.
2151 2349 2357 2407 Deinde
2406 2351 2673 2421 posterius
2694 2354 2804 2408 nati
2835 2361 2963 2408 sunt
3002 2354 3238 2424 gemini,
3269 2354 3366 2411 ,ιιι-ι

1760 2439 1901 2509 piter
1924 2449 2086 2512 atque
2106 2440 2265 2497 Juno.
2300 2442 2435 2497 Tum
2457 2442 2726 2499 lunonem
2756 2443 2992 2501 Saturno
3021 2444 3074 2500 in
3102 2459 3371 2516 conspeca-

1762 2543 1876 2591 tum
1909 2535 2135 2603 dedere,
2167 2547 2331 2609 atque
2357 2537 2546 2593 Jovem
2572 2539 2712 2593 clam
2738 2537 3099 2605 abscondunt,
3130 2539 3370 2609 dantque

1761 2640 1883 2682 eum
1944 2628 2117 2684 Vestae
2166 2630 2529 2697 educandum,
2588 2631 2827 2686 celantes
2866 2631 3179 2688 Saturnum.
3231 2629 3368 2687 Item

1760 2717 2066 2791 Neptunum
2096 2721 2236 2777 clam
2264 2722 2498 2777 Saturno
2525 2721 2634 2792 Ops
2658 2724 2798 2794 parit
2822 2765 2834 2788 ,
2880 2738 3113 2794 eumque
3147 2723 3368 2779 clancu-

1761 2811 1873 2867 lum
1901 2813 2204 2869 abscondit.
2240 2815 2318 2870 Ad
2352 2816 2604 2871 eumdem
2638 2816 2855 2871 modum
2890 2818 3049 2872 tertio
3078 2828 3232 2888 partu
3255 2818 3368 2889 Ops

1764 2906 1903 2976 parit
1944 2908 2211 2978 geminos,
2259 2908 2542 2964 Plutonem
2572 2917 2628 2963 et
2668 2908 2946 2965 Glaucum.
2990 2909 3147 2965 Pluto
3179 2911 3370 2968 Latine
3404 2962 3429 2981 ,

1763 3009 1845 3054 est
1880 2999 2130 3069 Dispater
2159 3018 2173 3055 :
2205 3001 2294 3056 alii
2324 3000 2523 3058 Orcum
2555 3012 2768 3058 vocant.
2804 3002 2880 3056 lbi
2913 3002 3169 3058 Glaucum
3207 3003 3371 3058 tiliam

1762 3093 1992 3149 Saturno
2012 3093 2325 3161 ostendunt,
2357 3110 2421 3150 ac
2457 3096 2626 3151 tilium
2665 3095 2950 3152 Plutonem
2991 3092 3174 3152 celant
3203 3106 3370 3166 atque

74 3208 190 3249 nere
208 3193 341 3249 inter
366 3199 609 3248 creteros
648 3188 884 3260 potentia
914 3186 1165 3257 coeperit,
1202 3195 1257 3242 et
1306 3187 1662 3258 principatum
1691 3175 1735 3239 C
1768 3186 2126 3244 abscondunt.
2177 3188 2379 3246 Deinde
2414 3188 2613 3247 Giauca
2664 3206 2825 3263 parva
2872 3192 3152 3247 emoritur.
3188 3210 3207 3245 ι
3244 3191 3371 3250 Haec

1420 3316 1778 3382 VARIORUM
1808 3325 2036 3383 NOT/E.

142 3473 195 3528 Ir
211 3488 381 3546 genus,
412 3466 692 3546 etc._Virg.
720 3464 1079 3546 Viri/Erreidq
1104 3462 1389 3546 252οκ11ωέ
1407 3462 1568 3546 verba
1589 3463 1666 3546 ci-

79 3532 247 3601 tantur
284 3532 451 3599 etiam
494 3541 562 3597 ab
609 3532 915 3611 Kuguslino
954 3535 1045 3592 lib.
1082 3551 1191 3599 vn,
1222 3534 1291 3591 de
1333 3532 1489 3590 Civil.
1532 3535 1665 3603 Dei,

79 3632 193 3671 can.
217 3614 305 3669 26.

140 3632 508 3753 Ἦὶῗῗίυοηίαηι
545 3684 773 3737 latuisset
814 3688 952 3753 tutus
994 3682 1045 3734 in
1097 3679 1221 3733 oris.
1275 3677 1409 3753 Hinc
1448 3676 1668 3753 saturni

80 3747 290 3813 nomen
309 3757 520 3811 deduco
546 3772 575 3809 a
607 3754 772 3809 verbo
800 3752 1018 3807 bebrmo
1045 3766 1238 3813 sum.
1266 3747 1433 3813 latuit,
1452 3748 1667 3802 abscon-

77 3831 185 3896 dit;
212 3829 281 3884 ita
321 3840 377 3883 ut
398 3828 670 3884 Saturnus
694 3822 935 3896 idemsit
979 3838 1042 3896 a_c
1071 3822 1290 3896 11mins,
1333 3820 1473 3874 unde
1517 3827 1666 3875 terra

76 3891 341 3965 Saturnia,
366 3898 516 3956 dicta
538 3900 699 3954 etiam
732 3892 957 3949 Latium.
990 3892 1071 3948 Ex
1097 3891 1311 3949 Vossro.

147 3976 445 4051 Πρώτωτος,
468 3980 575 4025 etc.
607 3968 794 4024 Latine
813 3969 913 4033 sic,

82 4086 263 4136 Primus
284 4085 485 4152 quidem
521 4091 758 4146 regnator
782 4086 891 4131 erat
930 4080 1249 4130 terrestrium
1270 4076 1668 4203 Saturnus[v|ilrrga

1539 4155 1564 4188 ¹’
1652 4174 1668 4203 ο

168 4208 239 4262 Ex
254 4210 467 4261 Saturno
490 4217 658 4260 autem
675 4207 877 4269 genitus
892 4210 970 4254 est
989 4205 1096 4267 ipse
1119 4216 1214 4254 rex
1234 4214 1459 4267 magnus,
1519 4174 1553 4203 ι·
1567 4174 1668 4208 ιι-ι.»

167 4273 227 4324 Et
248 4274 347 4325 late
367 4281 547 4324 cuncta
568 4267 770 4321 intuens
782 4267 809 4318 1
817 4270 999 4333 opiter.

150 4383 310 4438 Aurea
335 4380 539 4436 condet.
575 4378 653 4433 Ex
683 4378 774 4434 lii).
804 4394 879 4445 vi,
909 4374 1152 4442 dinem”
1178 4374 1318 4442 795,
1349 4375 1439 4432 ubi
1469 4372 1675 4432 Anchi-

85 4469 165 4510 ses
192 4464 340 4525 pater
361 4453 475 4509 ﬁlio
504 4448 694 4508 Enen:
733 4448 802 4506 de
828 4452 1070 4520 Augusto
1093 4445 1309 4504 Cmsare
1348 4446 1464 4503 haec
1488 4448 1674 4505 vatici-

87 4538 252 4580 natur.

153 4596 383 4663 Saecula;
412 4597 503 4668 qui
548 4612 725 4668 rursus
757 4590 1100 4668 Latio.__Lego
1129 4592 1215 4662 qui
1234 4598 1339 4668 ,_tt_t_
1383 4587 1523 4661 apud
1553 4588 1672 4645 Ma-

89 4684 264 4724 ronem
294 4678 350 4724 et
365 4661 436 4724 Vin-
455 4668 666 4723 cunctis
694 4664 957 4721 Lactantii
992 4677 1120 4718 mss.
1143 4661 1446 4729 'codicibus,
1476 4672 1676 4732 praeter

90 4739 245 4794 Brun.
277 4752 331 4795 et
363 4740 496 4795 edit.
533 4739 801 4810 inquibus
826 4746 909 4792 est
930 4750 1061 4806 quae.
1091 4732 1225 4789 Nam
1248 4732 1320 4789 ibi
1345 4733 1412 4789 de
1434 4732 1676 4805 Augusto

91 4811 337 4866 lounitur.

143 4829 538 4938 %::l?t:habull.
572 4881 661 4936 Sic
687 4878 896 4935 restitui
919 4891 986 4933 ex
1009 4874 1259 4933 omnibus
1291 4892 1420 4933 mss.
1446 4892 1675 4948 quorum

94 4954 124 5010 5
153 4969 257 5010 rec.
304 4953 509 5010 habent
547 4952 770 5016 Cwlius;
827 4949 1009 5005 cuncti
1048 4962 1184 5017 pene
1226 4949 1389 5013 editi,
1446 4947 1674 5005 Urania.

161 5025 317 5081 Sacra
345 5027 580 5080 historia.
599 5024 816 5080 Scilicet
834 5020 1125 5076 Euliemeri
1149 5034 1333 5091 quam,
1356 5020 1674 5089 interpretae

96 5105 174 5151 tus
199 5106 278 5151 est
307 5096 533 5151 Ennius.

162 5165 315 5223 Facie
333 5167 573 5222 deterior.
602 5165 677 5221 lla
708 5162 921 5221 restitui
947 5179 1012 5218 ex
1038 5162 1292 5218 omnibus
1318 5161 1434 5218 fere
1460 5176 1590 5218 mss.
1620 5167 1679 5219 et

96 5237 147 5294 8.
176 5241 466 5309 impressis.
488 5238 679 5295 Crateri
710 5235 898 5309 excusi
926 5250 1051 5309 cum
1080 5248 1211 5288 mss.
1236 5233 1291 5299 2,
1321 5234 1452 5309 εἴθε.
1482 5238 1678 5309 τθοηθι

102 5311 124 5364 i
155 5304 338 5391 Brun.,
363 5311 537 5392 facile.
566 5310 793 5434 Allucio
827 5307 1068 5389 deterior.
1100 5315 1283 5361 recte:
1312 5304 1536 5386 Gallice,
1562 5306 1679 5376 plus

102 5381 203 5434 laid
228 5384 289 5434 de
328 5397 520 5434 visane.
542 5411 612 5422 ——
669 5378 819 5433 ’actle
855 5380 1093 5432 deterior.
1126 5376 1316 5434 ϐαιὴ..
1336 5376 1483 5434 Ltus.
1523 5384 1675 5434 ωτι..

101 5381 203 5453 laid
228 5384 289 5436 de
328 5376 520 5453 uisage.
542 5411 612 5422 ——
636 5376 819 5453 Facile
848 5378 1093 5453 deter-ipa
1126 5376 1316 5453 63th.,
1336 5376 1483 5453 Lips.
1523 5384 1675 5453 εςτιε.

102 5445 515 5523 licittim.,Ven.,
544 5464 772 5523 utraque
800 5445 1412 5523 iir78,;_Crat.,Tornes.j
1433 5448 1488 5513 5,
1507 5445 1680 5523 Facie

103 5522 327 5579 deterior.
356 5523 472 5579 Non
501 5519 642 5579 male
666 5519 942 5579 {deterius
959 5519 1096 5577 Ven.
1123 5522 1292 5648 147ίό
1294 5519 1675 5648 ggegarior.

1294 5606 1438 5648 UNEII
1445 5606 1510 5647 AN
1519 5630 1533 5645 .

171 5666 376 5735 Sorores
394 5682 518 5720 suas
540 5681 750 5735 cperant
777 5665 929 5735 dare.
944 5663 1053 5735 Sic;
1062 5664 1483 5735 restituimuscx
1504 5662 1681 5719 omni-

106 5734 198 5791 bus
220 5734 328 5793 fere
348 5753 477 5791 mss.
511 5731 769 5793 et'editis.
790 5736 847 5791 ln
867 5734 991 5791 edd.
1014 5733 1154 5791 Gali.
1183 5746 1240 5790 et
1264 5731 1470 5805 Spark,
1505 5749 1675 5804 suam,

107 5823 217 5877 qua:
245 5823 342 5863 vox
363 5808 518 5882 abest
545 5824 580 5862 a
610 5809 644 5861 ‘2
670 5808 811 5882 Reg.
829 5815 1034 5882 recent.
1054 5806 1180 5863 Haec
1209 5809 1389 5876 verba,
1414 5816 1564 5882 atque
1590 5823 1678 5863 eo-

119 5894 250 5938 rum
274 5892 412 5951 suat,
440 5878 646 5948 desunt
669 5880 723 5939 in
746 5877 838 5941 ea.
868 5877 1085 5951 Sublati.

1847 3466 2104 3543 Concessit
2128 3470 2192 3524 ei.
2223 3485 2354 3526 mss.
2390 3471 2535 3539 Em,
2578 3470 2780 3528 Christ.
2814 3481 2869 3529 et
2896 3472 2982 3530 ed.
3018 3474 3241 3543 Ceilar.,
3277 3475 3368 3543 eis,

1774 3538 1982 3594 scilicet
2009 3543 2166 3596 matri
2199 3553 2253 3597 et
2282 3538 2582 3598 sororibus.

1846 3607 2048 3684 Filius.
2070 3612 2174 3667 Per
2200 3616 2525 3684 Antiptosim
2554 3630 2650 3684 pro
2677 3614 2890 3677 Filium,
2924 3625 2981 3670 ut
3011 3635 3026 3672 :
3061 3618 3361 3671 Sermonem

1773 3696 1919 3748 quem
1946 3682 2181 3807 artlrtiuis,
2214 3701 2314 3738 non
2332 3682 2413 3739 est
2441 3682 2613 3751 meus;
2646 3684 2833 3740 Urbem
2863 3704 3013 3756 quam
3041 3696 3228 3752 statuo,
3257 3703 3370 3742 ves-

1775 3761 1856 3806 tra
1881 3762 1971 3806 est.
2032 3768 2189 3807 ειυς.

1775 3761 1856 3806 (ra
1881 3762 1971 3806 est.
2006 3761 2189 3809 {SA-IIIS.

1848 3844 2103 3900 Jttnonem
2129 3847 2351 3901 Saturno
2376 3849 2429 3901 in
2456 3854 2777 3918 conspectam
2808 3847 3008 3902 dedere.
3040 3848 3187 3903 More
3218 3856 3369 3905 vete-

1775 3931 1918 3984 rum,
1959 3919 2048 3988 qui
2089 3919 2297 3987 prolem
2345 3919 2397 3973 iu
2440 3932 2785 3989 conspecmm
2833 3922 2999 3989 patris
3048 3919 3277 3981 dedere.
3313 3924 3373 3978 ut

1777 4003 1897 4061 eam
1926 3990 2211 4058 genuinam
2236 4001 2287 4045 et
2316 3991 2435 4061 ejus
2456 3991 2694 4046 sobolem
2726 4007 2846 4047 esse
2868 4002 3203 4061 agnOSreret.
3234 3990 3370 4048 Cum

1778 4060 1923 4135 illam
1955 4063 2223 4135 acciperet
2252 4064 2315 4135 in
2346 4060 2611 4133 gremium
2644 4060 2964 4135 toileretquc
2985 4104 2999 4128 ,
3034 4064 3246 4135 signum
3273 4064 3374 4121 fuit

1775 4132 1970 4202 agnita:
1990 4133 2216 4189 sobolis.
2249 4132 2561 4191 Watcuws.

1849 4225 2084 4285 Celautes
2115 4228 2415 4285 Saturnum.
2441 4228 2629 4296 Goth.,
2663 4230 2903 4297 Subluc.,
2929 4229 3063 4285 Ven.
3099 4230 3260 4298 147i,
3283 4244 3373 4286 sc-

1779 4301 1953 4355 cunda
1983 4300 2141 4365 “78,
2168 4302 2346 4364 Rost.,
2374 4302 2596 4356 celantes
2621 4302 2870 4356 Saturno.
2903 4302 3032 4355 Buu.

1855 4369 2017 4425 Pluto
2041 4372 2201 4428 latine
2228 4382 2299 4428 est
2341 4372 2604 4441 Dispater.
2635 4374 2724 4428 Sic
2764 4372 2963 4428 habent
2994 4373 3208 4442 quidam
3239 4386 3369 4428 mss.

1784 4451 1918 4499 teste
1947 4444 2113 4508 lateo;
2161 4455 2216 4499 et
2242 4446 2319 4499 sic
2350 4446 2464 4513 ipse
2505 4445 2788 4514 legendum
2830 4458 2951 4497 esse
2985 4452 3188 4497 censet.
3231 4443 3373 4497 Cor-

1697 4508 1753 4573 Β
1778 4514 2001 4570 rectioni
2022 4523 2218 4570 nostrae
2239 4508 2419 4571 favent
2451 4508 2796 4571 venistis-simi
2822 4529 2953 4568 mss.
2983 4514 3378 4583 Regio-Putem.

1778 4601 1879 4641 nus
1902 4601 1931 4639 a
1962 4586 2132 4656 prima
2160 4602 2343 4652 manu,
2374 4596 2430 4643 et
2455 4586 2617 4643 Cauc.
2650 4587 2703 4639 in
2734 4586 2927 4654 quibus
2954 4592 3050 4644 cst.
3074 4582 3372 4656 'Diispater,

1779 4658 1921 4726 quod
1960 4665 2090 4728 puto
2134 4657 2408 4714 librarium
2433 4658 2684 4728 scripisse
2726 4673 2821 4727 pro
2860 4656 3130 4728 Πειραιεῖ,
3169 4655 3260 4726 qui
3291 4664 3376 4713 est

1780 4727 1976 4795 Plutoj
2009 4730 2109 4784 eti
2154 4729 2391 4785 Claram.
2434 4727 2624 4800 inquo
2667 4739 2750 4783 est
2793 4728 3041 4800 Dispiter.
3071 4727 3145 4800 ln
3189 4729 3374 4800 multis

1781 4816 1911 4857 mss.
1950 4801 2079 4856 etin
2126 4802 2380 4858 omnibus
2426 4797 2546 4858 fere
2578 4800 2739 4855 editis
2777 4808 2859 4854 est
2905 4797 3201 4869 Diespiter:
3229 4798 3374 4868 quod

1779 4871 1946 4940 Iovis,
1987 4886 2094 4928 non
2124 4870 2387 4938 Plutonis,
2425 4886 2727 4945 cognomen
2766 4878 2850 4925 est
2876 4911 2891 4937 ,
2944 4869 3377 4945 testeMacrobio

1780 4945 2052 5002 Saturnal.
2092 4961 2131 5007 ι,
2161 4960 2282 5016 cap.
2317 4947 2403 5002 15.
2442 4941 2598 5001 Pluto
2640 4943 2804 5016 latine
2845 4951 3003 5016 sonat
3040 4941 3168 5016 Dis;
3213 4948 3275 5016 et
3297 4941 3378 4996 sic

1780 5028 2001 5074 vocatus
2020 5028 2103 5072 est
2132 5013 2350 5072 IErieid.
2385 5018 2476 5073 lib.
2505 5033 2580 5082 γι,
2611 5032 2663 5068 v.
2693 5014 2823 5081 269,
2848 5014 2898 5069 iii
2928 5023 3009 5069 est
3035 5013 3192 5068 dives.
3220 5013 3378 5068 Pluto

1778 5099 1957 5163 autem
2006 5088 2086 5163 (ut
2124 5087 2492 5163 notatpicero
2518 5090 2611 5144 lib.
2646 5103 2720 5163 rt,
2767 5087 2834 5142 de
2863 5086 2984 5163 Nat.
3011 5084 3378 5163 deorumlest

1778 5154 2025 5237 Dispater
2044 5202 2064 5237 ,_
2092 5161 2247 5237 quasi
2266 5160 2417 5216 dicas
2439 5204 2451 5223 ,
2478 5170 2623 5237 pater
2648 5158 2920 5237 dives,_\'e|
2947 5197 2962 5219 ,
3005 5154 3144 5237 Deus
3170 5156 3376 5237 diritia-

1779 5224 1893 5286 rimi
1919 5249 1931 5284 :
1967 5224 2244 5300 Quia'Dis,
2275 5242 2332 5287 ut
2354 5224 2491 5300 apud
2512 5231 2749 5295 Graecos,
2775 5230 3020 5285 πλουτῶν.
3042 5226 3248 5300 ᾼιιηοι).
3280 5224 3374 5300 lib.

1780 5320 1839 5371 li,
1873 5305 1926 5357 in
1954 5295 2059 5359 [ille
2084 5321 2096 5357 :
2127 5295 2255 5357 Cum
2282 5321 2345 5359 ea:
2374 5295 2624 5373 Apollinis
2646 5302 2841 5355 monitu
2866 5300 3001 5373 patri
3028 5296 3157 5360 Diti,
3190 5314 3250 5349 ac
3278 5295 3381 5351 Sa-

1781 5385 1931 5430 turno
1958 5374 2193 5448 humanis
2221 5371 2470 5447 capitibus
2503 5373 2898 5448 supplicaretur.
2926 5371 3045 5448 Qua
3083 5376 3274 5448 autent
3287 5380 3379 5448 ra-

1781 5448 1926 5502 tione
1956 5446 2009 5500 in
2041 5448 2254 5519 ueteris
2283 5435 2539 5519 Lactantii
2568 5435 2781 5519 iuss.et
2808 5435 2972 5519 editis
2985 5435 3381 5519 voca-turrllies-

1781 5519 1912 5590 piter
1939 5534 2047 5590 non
2077 5517 2254 5574 video.
2286 5518 2489 5572 Nomen
2520 5517 2664 5571 enim
2696 5514 2975 5590 Diespitris
3003 5511 3126 5567 δονί
3150 5508 3384 5590 ιιιῑῐδίιηιτ

1784 5577 1894 5671 lum
1920 5589 2089 5646 fuisse
2120 5590 2456 5646 natissimum
2478 5595 2591 5654 est;
2627 5597 2681 5641 at
2710 5577 2922 5643 Plutoni
2944 5596 3216 5652 nunquam
3238 5577 3384 5650 quod

1781 5675 1946 5716 seram
1958 5704 1968 5714 .

1856 5734 2050 5790 Orcum
2079 5745 2279 5791 vocant.
2324 5735 2402 5791 Ita
2441 5735 2748 5791 restitutum
2789 5744 2857 5805 ex
2902 5738 3034 5805 mss‘.
3074 5719 3386 5805 codicibus,

1784 5817 1981 5879 pra-ter
1997 5807 2134 5865 duos
2153 5808 2288 5880 lleg.
2313 5824 2423 5864 rec.
2454 5807 2506 5862 in
2535 5805 2749 5877 quibus,
2768 5801 2906 5856 sicut
2928 5807 2982 5853 et
3010 5796 3066 5852 in
3093 5793 3277 5866 editis,
3304 5790 3392 5873 est,

1787 5882 1979 5957 dicunt.
