3790 6274
490 275 596 336 199

1596 277 1783 341 mnu.
1816 281 2185 345 LACTANTII
2224 286 2429 347 omn.
2461 284 2706 349 lNS‘l‘lT.
3646 278 3721 364 ea?

490 413 633 470 coelo
662 413 851 470 merita
877 413 1209 480 locaverunt,
1240 412 1544 483 llerculem,
1577 415 1853 489 Liberum,
1889 419 2088 477 IEseu-
2116 405 2172 468 Α
2196 413 2348 472 ῑιιηον
2373 404 2635 475 νυιοθηο,
2670 403 2858 470 Marte:
2890 403 3178 474 Μθΐθιπῖον
3201 419 3337 477 quos
3365 407 3604 480 malorum
3625 433 3697 486 gen-

491 508 691 579 lapium
718 548 734 574 ,
782 506 1059 563 Pollucem
1084 546 1102 575 ,
1147 507 1449 575 Castorem,
1482 508 1787 577 Quirinum.
1820 531 1839 565 ι
1871 512 2004 569 ltem
2038 515 2093 570 in

493 600 831 668 Tusculanis,
875 615 998 656 cum
1026 599 1231 656 diceret
1265 610 1435 657 totum
1465 617 1603 672 pene
1629 605 1829 660 ccelum
1860 607 2097 663 humano

490 709 689 767 genere
716 693 1049 763 completum
1080 712 1093 750 :
1125 713 1146 747 s
1173 692 1231 751 Si
1261 709 1393 750 vero
1415 737 1432 765 ,
1461 696 1655 767 inquit,
1685 701 1914 755 serutari
1945 711 2096 757 vete-

491 802 574 855 ra,
599 797 654 843 et
681 801 747 843 ex
775 784 885 843 illis
910 801 974 843 ea
996 802 1119 859 quae
1147 788 1443 859 scriptores
1467 789 1693 846 Grteeire
1718 791 2092 862 prodiderunt,

487 905 684 946 eruere
707 904 892 956 coner,
924 889 1025 961 ipsi
1060 888 1136 944 illi
1165 889 1433 961 majorum
1460 892 1701 962 gentium
1747 892 1821 949 dii
1868 896 1959 964 qui
2004 895 2098 950 ha-

487 990 704 1058 bentur,
735 988 862 1044 hinc
887 1005 915 1043 a
942 987 1097 1044 nobis
1135 987 1365 1058 profecti
1413 990 1467 1045 in
1496 990 1693 1047 caelum
1725 992 2085 1062 reperientur.

488 1092 700 1160 Quaere,
733 1106 962 1162 quorum
1005 1093 1448 1148 demonstrantur
1490 1093 1739 1164 sepulcra
1777 1094 1834 1149 in
1860 1094 2091 1162 Gratcia;

484 1180 868 1258 reminiscei‘e,
900 1190 1157 1264 quoniam
1203 1206 1263 1249 es
1307 1192 1550 1249 initiatus
1577 1236 1594 1261 ,
1644 1210 1765 1266 quae
1811 1194 2099 1250 traduntur

482 1292 756 1366 mysteriis
782 1310 797 1348 :
828 1301 940 1348 tum
966 1292 1200 1364 denique
1219 1308 1382 1365 quam
1409 1293 1512 1350 hoc
1537 1294 1646 1351 late
1671 1303 1855 1365 pateat
1882 1295 2088 1351 intelli-

482 1411 598 1468 ges.
630 1414 651 1449 ι
686 1394 938 1451 Testatus
965 1403 1050 1452 est
1079 1395 1332 1452 videlicet
1365 1396 1532 1452 Attici
1571 1396 1997 1465 conscientiam,
2028 1412 2100 1454 ex

483 1498 617 1570 ipsis
645 1498 921 1571 mysteriis
949 1496 1181 1570 intelligi
1204 1513 1392 1570 posse,
1417 1499 1564 1571 quod
1591 1515 1785 1557 omnes
1810 1502 1887 1557 illi
1923 1500 2102 1557 homi-

484 1615 583 1656 nes
605 1597 844 1667 fuerunt,
869 1598 961 1670 qui
981 1598 1266 1656 coluntur:
1286 1608 1344 1655 et
1364 1614 1490 1657 cum
1508 1599 1578 1657 de
1596 1600 1845 1669 Hercule,
1873 1600 2092 1669 Libero,

484 1698 825 1770 .IEscttlapio,
851 1697 1099 1767 Castore,
1130 1697 1351 1756 Polluce
1383 1698 1762 1756 incunctanter
1791 1700 2086 1767 fateretur;

2198 498 2330 553 tium
2349 498 2479 554 deos
2493 499 2801 571 appellavit,
2820 497 2999 554 timuit
3024 508 3208 571 aperte
3223 500 3485 558 confiteri.
3507 504 3567 561 Et
3580 508 3699 571 idcirco

2197 591 2271 645 ait
2300 592 2408 647 late
2435 590 2536 646 hoc
2560 601 2763 661 patere,
2798 598 2857 646 ut
2884 589 3025 647 idem
3048 589 3117 647 de
3141 589 3274 648 Jove
3302 595 3600 666 casterisque
3624 605 3699 660 anti-

2198 681 2474 755 quioribus
2497 682 2600 737 diis
2632 681 3012 754 intelligamus,
3048 696 3275 755 quorum
3296 687 3592 744 memoriam
3609 693 3639 747 si
3656 711 3698 750 es-

2199 777 2322 835 dem
2349 782 2557 836 ratione
2571 786 2781 834 veteres
2806 787 3288 846 consecraverunt,
3311 795 3416 853 qua
3434 796 3488 837 se
3506 781 3697 855 imagines

2201 887 2505 944 nomenque
2546 871 2670 926 ﬁliae
2713 879 3156 927 consecraturum
3204 884 3329 927 esse
3382 872 3537 940 dicit,
3578 876 3697 949 ignosc'

2200 964 2556 1020 maerentibus
2585 970 2781 1034 potest,
2801 961 3148 1018 credentibus
3167 978 3275 1019 non
3299 967 3608 1035 potest.Quis
3624 976 3697 1031 enim

2203 1068 2309 1113 tam
2334 1059 2580 1125 demens,
2602 1058 2695 1129 qui
2719 1071 2988 1113 consensu
3018 1066 3074 1113 et
3099 1057 3297 1127 placito
3325 1058 3697 1125 innumerabilium

2201 1152 2489 1208 Stultorum
2512 1149 2712 1224 aperiri
2743 1149 2941 1207 caelum
2972 1150 3199 1205 mortuis
3233 1150 3698 1215 arbitretur-latuit

2200 1261 2383 1316 quem,
2408 1244 2551 1316 quod
2573 1244 2690 1315 ipse
2710 1258 2820 1299 non
2850 1243 3067 1310 habeat,
3085 1242 3217 1300 dare
3232 1242 3390 1300 alteri
3412 1248 3593 1316 posse?
3614 1251 3697 1321 Apul

2201 1337 2477 1393 Romanos
2505 1336 2640 1391 deus
2662 1334 2855 1402 Julius,
2883 1336 3007 1406 quia
3031 1335 3135 1391 hoc
3159 1336 3428 1392 scelerato
3458 1335 3695 1411 bominipla.

2202 1431 2312 1488 cuit
2338 1430 2595 1497 Antonio;
2616 1427 2752 1484 deus
2784 1427 3060 1495 Quirinus,
3094 1427 3217 1500 quia
3253 1428 3362 1485 hoc
3393 1432 3697 1500 pastoribusvi»

2204 1539 2322 1580 sum
2349 1532 2434 1580 est
2456 1540 2470 1578 :
2503 1538 2627 1579 cum
2665 1523 2802 1579 alter
2823 1521 3023 1594 gemini
3045 1520 3227 1578 fratris
3254 1522 3509 1591 extiterit,
3533 1525 3634 1582 alter
3655 1546 3696 1599 pa.

2204 1616 2321 1671 trite
2342 1613 2629 1687 parricida.
2662 1613 2817 1682 Quod
2848 1615 2895 1669 si
2923 1614 3114 1670 consul
3142 1630 3250 1673 non
3278 1612 3473 1672 fuisset
3508 1617 3693 1687 Antonius,

2202 1704 2265 1763 C.
2290 1708 2473 1765 Caesar
2505 1722 2605 1778 pro
2633 1706 2746 1762 suis
2782 1707 2836 1762 in
2863 1707 3258 1778 rempublicam
3287 1708 3492 1765 meritis
3516 1709 3636 1765 etiam
3652 1712 3707 1796 de;

484 1804 555 1861 de
581 1803 834 1877 Apolline
859 1817 922 1860 ac
965 1801 1119 1871 Jove,
1160 1803 1403 1875 patribus
1427 1816 1619 1862 eorum
1640 1847 1656 1875 ,
1697 1804 1827 1861 item
1850 1804 1918 1861 de
1948 1804 2096 1876 Nep-
2129 1799 2180 1861 B
2205 1802 2375 1858 functi
2407 1800 2640 1858 hominis
2665 1799 2873 1859 honore
2913 1801 3198 1871 caruisset,
3227 1809 3284 1859 et
3322 1801 3530 1874 quidem
3565 1805 3694 1860 consilia

1814 1936 2183 1996 VARIOBUM
2212 1936 2445 1996 NOTE.

565 2078 705 2148 Quos
730 2078 787 2135 in
812 2080 936 2136 coelo
956 2079 1139 2135 merita
1165 2078 1477 2136 locaverunt.
1511 2078 1636 2136 Mss.
1667 2078 1703 2134 2
1720 2078 1895 2146 Colb.,
1921 2079 2081 2135 collo-

486 2161 749 2209 caverunt.
782 2152 881 2207 Etl.
904 2152 1060 2207 Rom.
1083 2151 1245 2220 M70,
1276 2153 1329 2206 in
1350 2152 1532 2207 coelum
1561 2153 1743 2207 merita
1765 2150 2079 2207 locaverunt.

486 2224 710 2292 Cicero,
738 2223 890 2295 cujus
917 2225 1067 2280 locus
1099 2233 1183 2279 est
1228 2226 1282 2278 in
1313 2223 1556 2279 secundo
1585 2223 1653 2278 de
1695 2223 1925 2293 Legibus
1956 2238 2077 2291 cap.

488 2295 578 2364 19,
635 2295 830 2362 habet,
884 2304 930 2349 et
972 2295 1092 2350 illos
1129 2311 1267 2366 quos
1314 2296 1498 2366 caelum
1534 2296 1717 2349 merita
1756 2296 2085 2360 vocaverint;

487 2370 609 2434 vel,
642 2377 691 2423 et
738 2366 855 2422 illos
899 2383 1026 2437 quos
1076 2365 1301 2421 in’endo
1355 2365 1484 2421 caelo
1538 2368 1719 2420 merita
1769 2366 2083 2435 vocaverint,

487 2448 542 2493 ut
570 2438 627 2494 in
664 2436 1170 2510 quibusdamlibris
1191 2437 1468 2510 Ciceronis
1486 2437 1890 2510 _legitestgtur,
1922 2447 1980 2510 et
2004 2438 2083 2510 le-

483 2507 719 2581 gendum
741 2520 925 2581 censet
959 2509 1200 2566 Muretus
1223 2509 1290 2564 ad
1318 2508 1450 2564 illud
1473 2507 1705 2575 Catulli;
1733 2507 1908 2576 Flavi,
1947 2508 2081 2565 deti-

484 2580 591 2637 cias
617 2592 702 2637 tuo
729 2580 955 2638 Catullo.

557 2654 619 2709 Si
637 2670 774 2709 vero.
806 2652 884 2709 Ita
922 2652 1330 2710 emendavimus
1372 2668 1439 2708 ex
1488 2667 1618 2709 mss.
1664 2660 1719 2708 et
1759 2651 1886 2708 edd.
1920 2650 2080 2706 Rom.

487 2725 651 2794 1470,
673 2725 902 2782 Tornes.
931 2723 1213 2781 etWalch.
1240 2724 1295 2779 In
1327 2724 1540 2779 caeteris
1561 2724 1739 2788 editis,
1770 2724 1832 2781 Si
1851 2723 2079 2778 uoluero.

484 2795 661 2854 Locus
687 2808 771 2926 eas;
795 2797 937 2869 apud
962 2796 1284 2854 Ciceronem
1313 2795 1741 2853 Tusculanarum
1760 2806 1955 2867 quast.
1983 2794 2078 2851 lib.

485 2884 526 2926 ι.
552 2884 670 2926 can.
778 2909 791 2924 .

485 2884 526 2938 ι,
552 2884 670 2941 cap.
699 2884 791 2926 zu.

564 2962 819 3033 Quoniam
843 2980 895 3019 es
928 2963 1182 3019 initiatus.
1229 2962 1286 3018 In
1318 2961 1541 3034 paganis
1580 2962 1748 3017 sacris
1778 2960 2079 3034 institutus.

486 3035 566 3107 De
590 3032 762 3091 initiis
794 3035 1195 3107 mysteriisque,
1225 3043 1281 3089 et
1302 3032 1611 3107 usu—ﬁcorum
1641 3035 1782 3088 inter
1805 3032 2053 3107 Paganos

483 3073 803 3163 Eiiciﬁitﬁn
833 3073 1101 3161 ἐοηέυιὲἔ
1118 3076 1218 3160 Lib
1244 3120 1282 3160 ιι
1315 3105 1385 3160 de
1407 3073 1620 3175 μέθη»,
1643 3119 1764 3175 cap.
1794 3073 2074 3158 M.°Ct:t.t.:
2107 3095 2154 3162 C

558 3179 709 3232 Attici
736 3176 1119 3232 conscientiam.
1150 3175 1288 3231 Hinc
1317 3174 1507 3231 testem
1541 3175 1704 3231 habes
1737 3174 2078 3230 Lactantium

482 3247 720 3306 Atticum
757 3248 926 3303 fuisse
953 3248 1123 3312 illutn,
1156 3248 1245 3318 qui
1275 3263 1370 3317 per
1396 3246 1625 3301 litteram
1654 3247 1699 3301 A
1722 3245 2080 3318 ittterlocutor

484 3321 799 3391 designatur
827 3319 882 3373 in
911 3319 1061 3373 libris
1108 3317 1327 3373 Tuscul.
1369 3332 1475 3442 gua
1518 3318 1587 3373 de
1617 3334 1676 3373 re
1703 3317 1930 3388 quzestio
1958 3330 2081 3399 esse

485 3391 644 3442 solet.
678 3399 736 3442 ut
763 3399 913 3442 notat
944 3389 1211 3442 Turnebus
1234 3404 1294 3442 ιιι
1322 3388 1365 3442 Α
1408 3404 1562 3442 vers..
1594 3403 1642 3442 c.
1670 3389 1776 3442 18:
1812 3404 1935 3442 nam
1964 3390 2077 3442 altt.

485 3388 644 3455 solet,
678 3399 736 3444 ut
763 3399 913 3445 notat
944 3389 1211 3444 Turnebus
1234 3404 1294 3444 ιι
1322 3388 1562 3453 Advers.,
1594 3403 1642 3444 c.
1670 3389 1738 3443 18
1762 3407 1776 3443 :
1812 3404 1935 3444 nam
1964 3388 2077 3456 alii,

487 3472 545 3517 ut
571 3461 817 3520 Lambin.
838 3462 891 3515 in
915 3461 1356 3516 annotationibus
1381 3461 1447 3513 ad
1472 3460 1563 3514 lib.
1592 3474 1779 3515 earum
1810 3459 2078 3528 Quaestio-

483 3548 634 3601 num,
657 3532 922 3588 Laclantii
950 3531 1258 3601 opinionem
1300 3529 1573 3597 refellunt,
1603 3540 1657 3585 et
1683 3546 1788 3587 non
1815 3531 2081 3596 Atticum;

485 3604 582 3660 sed
600 3605 861 3660 incertam
886 3616 1195 3674 personam,
1215 3612 1361 3672 puta,
1381 3601 1794 3674 Adolescentem
1810 3603 2081 3674 designari

485 3676 842 3742 contendunt,
872 3672 988 3729 sive
1014 3673 1338 3739 auditorem,
1371 3682 1431 3728 ut
1452 3673 1792 3729 Robertellius
1812 3675 1870 3729 in
1898 3672 2085 3728 Anno-

486 3756 586 3803 tat.
610 3746 680 3803 ad
709 3747 888 3802 varios
919 3753 1188 3801 auctores.
1225 3746 1408 3801 lszus.

558 3817 946 3874 Incunctanter.
975 3816 1274 3886 Aliquoties
1305 3817 1404 3871 hac
1426 3831 1563 3873 voce
1585 3816 1774 3881 utitur,
1809 3817 1845 3870 l.
1875 3831 1935 3879 tt,
1957 3831 2079 3886 cap.

487 3891 542 3955 7,
566 3900 726 3945 cotem
755 3890 1109 3943 incunctanter
1132 3888 1311 3942 secuit.
1344 3887 1655 3958 Elegantius
1683 3887 1948 3958 incudem
1972 3888 2083 3958 his-

488 3963 625 4016 toria
641 3960 826 4015 Livius
849 3961 888 4015 l.
916 3975 952 4026 ι,
982 3975 1033 4015 c.
1057 3959 1149 4024 56,
1174 3959 1314 4014 haud
1338 3956 1653 4013 cunctanter.
1672 3957 1828 4013 Cunf.
1857 3956 2009 4013 Lact.
2041 3957 2083 4013 l.

485 4045 560 4099 vr,
594 4046 713 4102 cap.
748 4031 835 4102 12.
862 4031 1006 4088 Usus
1030 4041 1157 4102 ante
1183 4038 1424 4086 nostrum
1465 4028 1766 4102 Cyprianus
1794 4030 1877 4102 de
1892 4027 2083 4098 Lapsis

487 4105 576 4159 ed.
599 4100 763 4158 Basil.
794 4101 888 4158 fol.
917 4102 1024 4159 286
1054 4120 1068 4157 :
1104 4101 1466 4172 Incunctanter
1505 4100 1551 4155 et
1598 4100 1808 4172 largiter
1841 4100 1936 4172 ﬁat
1964 4116 2085 4170 ope-

486 4176 639 4233 ratio.
665 4175 741 4230 De
768 4173 1022 4230 Mortalit.
1056 4187 1223 4244 prope
1243 4171 1740 4298 fin.,Incuncgtnter
1767 4188 1827 4226 ac
1850 4171 2082 4230 libenter.

1622 4258 1856 4298 usuusu.

1622 4258 1856 4298 UNEMAN.

561 4315 827 4400 Majorutn
853 4316 1080 4400 gentium
1093 4315 1240 4400 deos,
1259 4324 1372 4400 etc:
1392 4314 1534 4400 Dreos
1556 4315 1817 4385 majorum
1840 4315 2084 4400 gentium

486 4386 666 4457 vocat,
690 4391 756 4443 ad
775 4386 1128 4444 imitationem
1145 4386 1397 4457 Reipubl.
1422 4387 1698 4453 Romanae,
1724 4401 1817 4441 eos
1841 4389 1930 4456 qui
1952 4387 2085 4441 duo-

486 4462 663 4517 decim
693 4460 994 4517 Consentes
1028 4460 1385 4530 appellantur.
1429 4458 1619 4530 Patres
1649 4472 1799 4530 quos
1819 4457 2084 4514 Romulus

488 4531 1000 4603 legerat,majorum
1026 4527 1265 4603 gentium
1296 4527 1725 4603 appellabantur.
1758 4527 2083 4603 Tarquinius

486 4600 681 4659 deinde
708 4600 926 4658 Priscus
949 4600 1165 4658 centum
1206 4600 1395 4657 Patres
1425 4602 1479 4655 in
1526 4600 1734 4657 curiam
1774 4601 1944 4671 legit,
1990 4601 2084 4671 qui

486 4675 756 4745 minorum
778 4674 1041 4745 gentiuim,
1069 4684 1123 4745 et
1141 4673 1327 4728 Patres
1355 4672 2080 4745 conscriptisuntappellati.

485 4743 800 4806 Consentes
812 4744 913 4811 Dii,
948 4743 1206 4800 Ennianis
1223 4752 1577 4800 numerantur
1593 4743 1865 4800 versibus:

579 4861 728 4921 Juno,
753 4857 924 4920 Vesta,
952 4857 1191 4921 Minerva,
1205 4857 1376 4921 Ceres,
1401 4856 1574 4920 Diana,
1593 4857 1783 4921 Venus,
1794 4856 1952 4921 Mars,

577 4918 875 4986 Mercurius,
895 4918 1050 4983 Iovis,
1076 4918 1638 4984 Neptunus,’Vulcan'us,
1664 4918 1874 4984 Apollo;

487 5030 682 5102 quibus
707 5027 905 5102 deinde
921 5026 1282 5102 adseriptitios
1304 5026 1626 5102 addiderunt
1650 5034 1794 5091 octo,
1822 5035 1882 5102 u_t
1899 5034 2083 5102 essent

486 5095 716 5158 numero
742 5116 834 5155 xx.
877 5098 1053 5170 Atque
1092 5095 1207 5154 haec
1245 5100 1463 5154 numina
1504 5110 1723 5170 propter
1763 5096 2004 5170 majores
2025 5095 2078 5152 in

484 5172 689 5230 mundo
737 5168 1228 5227 administrationes
1269 5170 1472 5226 selecta
1516 5168 1853 5231 dicebantur,
1886 5177 1942 5221 ut
1971 5168 2081 5221 Au-

489 5246 723 5316 gustinus
748 5258 814 5299 ex
859 5241 1084 5316 Varrone
1110 5241 1327 5298 indicat.
1368 5240 1527 5316 Apud
1564 5239 1845 5316 [Egyptios
1876 5238 2080 5316 similes

489 5309 606 5372 i‘cre
637 5315 867 5370 Deorum
897 5313 1116 5386 ordines
1150 5322 1205 5386 et
1250 5309 1466 5386 gradus
1492 5309 1737 5376 fuerunt,
1771 5309 1909 5386 sicut
1936 5310 2078 5379 apud

483 5387 820 5445 Herodotum
839 5388 893 5441 in
920 5385 1156 5456 Euterpe
1176 5383 1423 5457 legimus.
1437 5383 1919 5457 Bructerus—Ac
1936 5396 2077 5457 pos-

489 5469 573 5516 tea
604 5459 872 5515 innumeri
900 5453 1285 5529 promanarunt
1309 5455 1416 5529 dii;
1449 5456 1529 5529 ita
1564 5464 1621 5508 ut
1657 5453 1899 5529 Caesares
1935 5453 2070 5522 ipsi,

488 5525 1034 5604 quatnvishomihum
1063 5528 1309 5604 pessimi,
1332 5528 1490 5604 inter;
1500 5525 1631 5580 deos
1655 5525 2070 5604 collocarentur.

558 5603 701 5657 Deus
725 5600 926 5671 Julius,
954 5595 1192 5658 etcinc
1220 5599 1423 5671 primus
1451 5595 1727 5671 Caesarum
1742 5597 1863 5671 _fuit_
1884 5611 2076 5671 conse-

481 5684 686 5741 cratus,
716 5674 876 5746 idque
910 5667 979 5746 ab
1005 5667 1375 5746 Augustoude
1402 5682 1510 5746 quo
1535 5668 1823 5746 Suetonius
1850 5669 1903 5724 in
1926 5667 2074 5746 J_t_1_lio

482 5738 768 5804 chxxvnt.
787 5738 938 5801 "Hinc
965 5742 1020 5797 in
1044 5738 1241 5799 Iuliani
1263 5738 1586 5805 Caesaribus,
1610 5743 1909 5812 Augustum
1931 5740 2072 5797 Sile-

480 5835 583 5886 nus
610 5827 787 5899 _vocat
831 5814 1212 5897 κοροπλαστὴν,
1243 5828 1497 5887 puparum
1522 5811 1867 5885 effectorem,
1901 5813 2069 5871 ratio-

2204 2093 2435 2152 nemque
2453 2149 2465 2152 _
2482 2092 2549 2135 eo
2579 2078 2748 2152 hujus
2765 2077 2975 2152 ridiculi
3014 2079 3250 2136 nominis
3278 2089 3543 2152 poscente,
3560 2097 3691 2152 respon-

2202 2151 2313 2224 det,
2345 2149 2422 2207 uti
2453 2149 2661 2205 homuli
2701 2150 2775 2205 illi
2807 2149 3007 2224 faciunt
3056 2167 3250 2222 pupos,
3279 2149 3366 2224 sic
3396 2154 3555 2224 ipsum
3585 2149 3691 2209 fecisse

2195 2222 2329 2278 deos
2347 2239 2361 2288 ;
2394 2236 2622 2293 quorum
2645 2237 2782 2276 unus
2798 2221 3115 2293 primusque
3129 2221 3278 2279 esset
3297 2221 3467 2280 Julius
3481 2224 3636 2281 Caesar.
3652 2226 3689 2279 Si-

2189 2295 2388 2351 militer
2413 2294 2480 2350 de
2509 2309 2574 2349 eo
2600 2293 2849 2349 Manilius
2874 2304 3120 2350 extremo
3146 2294 3244 2351 lib.
3270 2311 3323 2351 tv
3354 2314 3367 2350 :

2314 2408 2424 2474 iam
2446 2407 2563 2459 facit
2580 2409 2689 2474 ipse
2713 2407 2870 2464 Deos.
2893 2409 3149 2474 mittitque
3166 2410 3229 2461 ad
3249 2411 3415 2462 sidera
3438 2424 3595 2462 numen

2320 2470 2495 2535 Majas,
2522 2477 2576 2523 et
2596 2470 2824 2535 Augusto
2838 2473 3021 2523 crescit
3037 2470 3131 2523 sub
3152 2474 3384 2539 principe
3402 2474 3579 2525 caelum.

2190 2612 2263 2623 -
2291 2579 2429 2636 Deus
2455 2580 2648 2646 Julius,
2683 2580 2872 2650 quia...
2905 2579 3098 2652 placuit
3128 2578 3378 2637 Antonio.
3412 2580 3587 2652 Dignus
3609 2579 3687 2634 l'lini

2190 2652 2342 2708 locus
2373 2652 2646 2724 Panegyr.
2668 2666 2787 2724 cap.
2820 2652 2913 2724 ll,
2953 2650 3047 2722 qui
3089 2667 3210 2724 cum
3267 2652 3381 2724 hoe
3415 2650 3578 2707 nostro
3611 2666 3687 2724 com:

2191 2732 2439 2794 ponatur.
2470 2720 2691 2789 Dicavit,
2714 2720 2906 2794 inquit,
2936 2720 3062 2777 caelo
3086 2720 3323 2794 Tiberius
3348 2722 3623 2794 Augustum.
3648 2722 3687 2773 sd

2189 2792 2244 2849 ut
2274 2794 2554 2866 majestatis
2581 2810 2769 2849 numen
2790 2792 3077 2866 induceret
3096 2813 3107 2848 :
3123 2792 3405 2866 Claudium
3431 2792 3576 2866 Nero,
3601 2796 3688 2866 suis

2189 2863 2424 2920 irrideret
2451 2882 2470 2921 .'
2509 2864 2877 2933 Vespasianum
2898 2863 3066 2930 Titus,
3107 2865 3434 2922 Domitianus
3469 2864 3687 2929 Titum;sl

2189 2938 2296 3004 ille,
2327 2947 2383 2992 ut
2412 2936 2511 2992 Dei
2542 2937 2701 3004 ﬁlius,
2731 2939 2835 3000 hic.
2864 2946 2920 2991 ut
2948 2937 3107 3007 frater
3126 2938 3400 2992 videretur.
3430 2934 3575 3007 CELL.

2256 3009 2499 3064 Antonio.
2520 3008 2645 3077 Qut,
2665 3019 2887 3064 auctore
2907 3005 3243 3081 Tranquillo,
3268 3025 3392 3065 eum
3410 3005 3685 3065 essetConsul.

2186 3095 2281 3151 per
2321 3095 2624 3151 praeconem
2673 3079 3043 3151 pronuntiavit
3072 3079 3607 3143 senatusconsultum,
3638 3091 3687 3144 quo

2183 3150 2386 3207 Caesari
2415 3152 2596 3206 omnia
2625 3152 2786 3205 simul
2813 3161 2868 3207 et
2893 3150 3075 3207 divina
3106 3162 3161 3207 et
3191 3152 3429 3209 humana
3453 3153 3685 3208 decreverit

2188 3223 2321 3279 Vide
2348 3222 2599 3279 Ciceron.
2627 3222 2926 3294 Philippica
2948 3238 3007 3277 tt.

2254 3295 2397 3350 Deus
2427 3294 2694 3362 Quirinus,
2713 3293 2820 3365 etc.
2846 3293 2944 3350 Hic
2970 3303 3053 3350 est
3077 3293 3378 3365 Romulus,
3412 3306 3467 3352 ut
3489 3293 3632 3349 videre
3646 3296 3686 3343 est

2184 3368 2237 3423 in
2278 3365 2387 3423 fine
2417 3365 2575 3436 hujus
2603 3364 2796 3436 capitis
2826 3384 2840 3421 :
2874 3366 3093 3422 nomina
3145 3367 3292 3423 enim
3347 3364 3555 3426 mortuis
3591 3371 3689 3418 matr

2182 3439 2401 3495 bantur.
2441 3439 2504 3510 “Si
2550 3451 2713 3510 nosse
2752 3436 2889 3493 velis
2914 3452 3083 3509 quare
3130 3440 3437 3509 pastoribus
3489 3439 3556 3492 sic
3591 3436 3686 3510 [ista

2185 3511 2354 3565 fuisse
2372 3508 2572 3565 referat
2603 3502 2948 3575 Lactantius;
2976 3502 3147 3565 adisis
3168 3510 3403 3578 Livium,
3436 3516 3576 3577 caput
3596 3504 3618 3557 7
3638 3502 3687 3578 lib.

2185 3598 2242 3648 ιι,
2268 3581 2342 3637 ibi
2371 3581 2612 3653 reperies
2646 3589 2891 3653 senatum
2917 3573 2953 3634 'a
2979 3579 3211 3653 Romulo
3239 3596 3273 3638 e
3312 3573 3688 3653 pastori—bases

2187 3646 2322 3723 tum;
2355 3646 2515 3723 atq'ue
2544 3651 2631 3705 hic
2660 3651 2766 3707 dici
2794 3652 3104 3723 pastoribus
3134 3653 3212 3708 sic
3249 3646 3445 3717 visum,
3469 3650 3576 3723 quia
3597 3646 3687 3723 Sensi

2186 3733 2270 3780 tus
2299 3722 2320 3796 (
2337 3739 2369 3779 e
2397 3720 2702 3796 pastoribus
2745 3720 2998 3796 creatus)
3030 3722 3352 3780 subornavit
3380 3720 3687 3796 Proculum}!

2184 3789 2444 3850 nuntiaret
2490 3795 2628 3865 plebi
2657 3810 2767 3850 sua:
2790 3837 2807 3864 ,
2851 3789 3039 3867 vidisse
3080 3809 3135 3850 se
3162 3813 3335 3867 regem
3362 3798 3565 3850 humano
3589 3789 3688 3867 (ιςδξΐι

2185 3855 2554 3938 augustiorem,
2586 3855 2805 3938 eumque
2825 3865 3098 3922 mandasse
3128 3868 3196 3921 ad
3220 3855 3470 3938 populum
3499 3872 3546 3917 ut
3564 3855 3688 3938 sibidff

2186 3925 2390 3992 tuorum
2428 3925 2602 4007 ﬁeret,
2634 3925 2729 3992 sed
2764 3936 2927 3993 Deum
2953 3953 3061 3992 esse
3100 3947 3148 3992 et
3192 3925 3463 4004 Quirinum
3489 3925 3689 4007 υοσαιίσθς

2185 4002 2635 4081 Ωιιὶνίηοίριωιθι·
2655 4008 2888 4076 Livium,
2919 4002 3229 4081 Dionysium
3252 4002 3688 4081 Halicarnasseus].ei

2188 4068 2533 4152 Plutarchum
2560 4079 2671 4150 jam
2703 4068 2917 4145 citatos,
2941 4068 3144 4151 lege'S.
3173 4076 3572 4152 Cyprianumde
3592 4068 3689 4152 idglgr

2185 4167 2307 4207 rum
2336 4150 2495 4206 Cultu
2516 4193 2530 4213 ,
2560 4142 2616 4206 et
2654 4152 2712 4208 S.
2743 4142 3098 4221 Augustin'um
3137 4142 3235 4208 lib:
3257 4142 3321 4208 in
3359 4152 3425 4208 de
3463 4146 3594 4221 Citjt.
3620 4142 3688 4221 Deli,

2185 4238 2308 4291 cap.
2336 4223 2390 4277 4.
2409 4210 2634 4278 —Deus
2662 4210 2930 4291 Quirinus.
2960 4222 3184 4278 Tertull.
3210 4240 3248 4279 ιι
3270 4223 3418 4289 Nat.,
3438 4221 3470 4277 9
3492 4237 3505 4275 :
3529 4210 3689 4291 Boniti?

2187 4286 2301 4365 post
2328 4302 2540 4367 mortem
2563 4286 2726 4367 Deus.
2744 4293 2901 4367 Sane
2927 4293 3182 4367 Romulus
3202 4305 3250 4349 et
3273 4286 3482 4367 fratr—cm
3503 4286 3688 4367 interfecit

2186 4363 2234 4421 et
2258 4367 2454 4422 alienas
2474 4366 2694 4437 virgines
2716 4366 2835 4421 dolo
2856 4366 3028 4437 rapuit
3062 4384 3076 4419 :
3104 4367 3220 4421 ideo
3244 4363 3492 4435 Quirinus
3515 4369 3600 4425 est,
3621 4363 3686 4423 qu"

2189 4448 2309 4493 tunc
2338 4437 2631 4507 parentibus
2660 4438 2974 4508 quiritatum
2998 4447 3071 4493 est
3097 4454 3188 4508 per
3217 4437 3391 4494 illum.

2265 4504 2465 4563 Gemini
2481 4504 2782 4581 fratrisISic
2798 4509 3081 4581 legendum
3097 4504 3176 4581 'ex
3200 4525 3330 4565 mss.
3347 4510 3382 4565 4
3405 4507 3529 4577 Reg.
3544 4504 3688 4581 quantm

2190 4580 2300 4636 duo
2323 4571 2829 4647 suntvctustissimi,
2846 4571 2881 4634 ἱ
2899 4579 3078 4646 Colb.,
3101 4579 3294 4648 Caue.,
3323 4571 3567 4651 Gronov;
3583 4571 3685 4651 bills;

2194 4651 2355 4717 Ultr.,
2385 4652 2524 4718 PaL,
2554 4651 2591 4706 2
2619 4636 2876 4718 Clarom.,
2908 4636 3117 4717 Em.,'2
3156 4636 3362 4721 Brun.,
3394 4667 3490 4706 ms.
3514 4636 3686 4721 laniGﬂj

2189 4723 2376 4794 lielmi,
2409 4732 2463 4778 et
2488 4723 2573 4778 ed.
2599 4722 2773 4778 Betui.
2808 4732 2864 4778 et
2887 4721 2925 4777 2
2949 4722 3095 4794 Lips.
3127 4723 3218 4779 Sic
3245 4718 3409 4794 etiam,
3432 4719 3545 4790 legit
3562 4718 3688 4794 Αυβυζ

2189 4793 2332 4850 tinus
2361 4780 2428 4849 de
2451 4794 2566 4849 Civ.
2601 4795 2718 4861 Dei,
2746 4794 2838 4850 lib.
2881 4809 2976 4862 ιιι,
3015 4780 3139 4865 cap.
3176 4794 3244 4850 l5
3271 4793 3411 4856 :Sed
3448 4780 3686 4865 gnomone

2184 4866 2342 4920 istum
2368 4865 2458 4937 diu
2490 4860 2760 4937 toleraret,
2791 4866 2881 4936 qui
2905 4860 3117 4935 fratrem
3146 4860 3493 4937 geminumque
3513 4860 3685 4937 non.

2184 4938 2321 4992 tulit.
2352 4935 2619 5010 Geminus
2641 4927 2815 4992 frater'
2844 4927 3089 5010 vocatur,
3128 4927 3298 5010 inquit
3324 4927 3510 5010 Isaias,
3540 4927 3612 5010 qui
3627 4927 3686 5010 illi?

2182 5016 2548 5136 Ρίἰιιιόὥιοιιηο
2568 5008 2658 5065 die
2670 5017 2828 5064 natus
2850 5017 2954 5064 est.
2980 4996 3167 5079 Virgil.
3186 4996 3253 5066 (le
3279 4996 3503 5067 Romqu
3520 4996 3568 5057 et
3584 4996 3685 5051 Remi

2265 5121 2278 5134 .
2313 5094 2405 5138 νιιι
2431 5096 2445 5135 2

2371 5230 2387 5244 .
2455 5232 2471 5246 .
2541 5235 2554 5247 .
2622 5232 2635 5246 .
2701 5195 3073 5247 Geminoshuic
3093 5198 3252 5249 ubera
3274 5198 3453 5247 circum

2366 5257 2566 5310 Ludere
2588 5258 2881 5322 pendentes
2890 5272 3096 5322 pueros.

2180 5362 2403 5438 Legitur
2428 5366 2659 5437 germani
2688 5366 2742 5438 in
2775 5375 2985 5422 recent.
3028 5368 3053 5423 ί
3087 5365 3245 5438 Reg,
3291 5368 3314 5423 1
3349 5361 3497 5422 Colb.
3538 5362 3583 5411 et
3603 5348 3685 5403 Can-

2180 5436 2321 5492 tahr.
2354 5445 2409 5491 et
2434 5436 2502 5491 in
2530 5437 2741 5494 caeteris
2771 5438 2951 5493 editis.

2250 5526 2448 5584 Patria:
2470 5530 2749 5597 parricida.
2773 5529 2849 5585 Ita
2874 5528 3131 5586 etCicero
3155 5530 3191 5585 Ι.
3211 5546 3267 5585 ιιι
3289 5528 3535 5589 Officium,
3560 5518 3684 5597 ωινκιξ

2175 5598 2449 5672 adfinem.
2467 5589 2571 5657 Ubi
2603 5601 2763 5657 verba
2790 5601 2906 5657 haec
2926 5611 3052 5657 sunt
3079 5602 3145 5657 de
3160 5601 3371 5658 Cmsare
3396 5618 3408 5653 :
3438 5589 3684 5672 Ροιθξιξζιξξ

2174 5671 2409 5742 cuiquam
2427 5655 2533 5728 esse
2555 5655 2680 5727 utile
2696 5655 3108 5743 (fiedissiimuni‘et
3117 5655 3423 5728 teterrimum
3441 5655 3685 5743 ρᾳηὶιὶίίξξξξ

2176 5729 2380 5815 patrita,
2410 5745 2638 5815 quamvis
2673 5729 2738 5811 is,
2767 5745 2853 5813 qui
2891 5761 2945 5801 se
2968 5761 3027 5802 eo
3065 5743 3412 5811 obstrinxerit,
3436 5729 3494 5794 ab
3512 5729 3686 5803 οΡΡτθ⁶⁶¹⁸

2173 5813 2366 5871 civibus
2395 5813 2581 5888 parens
2608 5815 2899 5872 nominetur
2923 5815 2950 5872 ἲ
