3790 6274
381 330 482 386 2H

1487 327 1675 386 runt.
1705 325 2075 386 MCTANTII
2110 327 2315 386 DIVIN.
2357 327 2600 387 ῙΝΒΤῘΤ.

3594 323 3704 386 212

385 451 570 501 menta
597 451 926 515 perstarent,
956 443 1047 512 qui
1069 441 1141 495 ob
1167 455 1359 498 necem
1385 441 1681 498 bestiarum
1703 441 1840 498 deos
1857 441 1980 498 ﬁeri
2009 449 2062 510 Α
2087 442 2307 499 Scilicet
2347 442 2476 514 quia
2503 457 2755 515 magnam
2810 450 3023 514 partem
3051 443 3268 516 generis
3316 441 3556 499 humani
3603 459 3706 499 ex-

389 535 771 594 credidissent.
805 533 914 591 Sed
947 533 1062 588 haec
1091 532 1403 588 Grmcorum
1433 534 1668 589 fortasse
1687 535 1845 605 culpa
1867 536 1942 590 sit
1965 576 1979 600 ,

313 611 353 639 ί
389 632 483 704 qui
527 645 615 688 res
645 626 947 683 levissimas
988 642 1092 697 pro
1133 629 1387 682 maximis
1413 641 1632 697 sonipes-
1657 627 1982 684 habuerunt.

387 723 524 792 Quid
547 721 738 784 nostri,
757 735 888 776 num
907 718 1306 788 sapientiores?
1327 719 1417 789 qui
1438 719 1748 775 athleticam
1765 721 1985 792 quidem

386 816 639 871 virtutem
671 820 1048 879 contemnunt,
1082 812 1206 882 quia
1245 810 1382 867 nihil
1407 813 1562 868 obest
1590 829 1603 867 :
1633 813 1730 867 sed
1761 814 1983 884 regiam,

387 907 508 977 quia
535 907 647 963 late
676 906 819 961 solet
845 919 1080 972 nocere,
1121 904 1200 961 sic
1225 906 1584 973 admirantur,
1630 916 1689 961 ut
1727 907 1900 962 tortos
1931 915 1990 962 et

385 1000 674 1058 bellicosos
701 999 867 1056 duces
894 999 949 1055 in
975 997 1200 1055 deorum
1233 1007 1379 1056 ctetu
1409 998 1579 1056 locari
1609 1000 1944 1055 arbitrentur
1971 1017 1986 1066 ;

385 1109 491 1152 nec
516 1107 638 1149 esse
657 1092 824 1146 ullam
847 1091 1012 1146 aliam
1035 1090 1103 1148 ad
1132 1092 1605 1152 immortalitatem
1631 1094 1794 1159 viam,
1821 1109 1988 1163 quam

387 1188 663 1244 exercitus
691 1185 890 1242 ducere
910 1227 925 1254 ,
954 1185 1132 1242 aliena
1174 1195 1421 1254 vastare,
1445 1187 1610 1242 urbes
1633 1187 1820 1243 delere
1848 1229 1862 1254 ,
1893 1204 1992 1258 ops

387 1279 512 1350 pida
559 1278 850 1342 excidere,
906 1277 1108 1332 liberos
1143 1277 1376 1348 populos
1401 1286 1500 1334 aut
1532 1279 1812 1334 trucidare
1835 1319 1850 1344 ,
1899 1289 1994 1334 aut

387 1369 657 1441 subjicere
698 1369 949 1425 servituti
993 1389 1008 1422 ;
1059 1369 1317 1425 videlicet
1351 1385 1463 1441 quo
1511 1370 1697 1440 plures
1742 1371 1995 1427 homines

390 1463 702 1530 afﬂixerint,
734 1461 1108 1534 spoliaverint,
1137 1462 1464 1529 occiderint.
1495 1478 1562 1518 eo
1587 1477 1647 1519 se
1671 1464 1993 1529 nobiliores,

390 1567 445 1616 et
490 1556 753 1612 clariores
791 1563 1005 1626 putant.
1035 1565 1091 1612 et
1139 1554 1320 1610 inanis
1365 1557 1558 1627 glorite
1595 1559 1784 1627 specie
1807 1559 1995 1628 capti,

393 1649 695 1708 sceleribus
721 1647 837 1704 suis
863 1662 1066 1704 nomen
1093 1648 1306 1704 virtutis
1342 1649 1649 1719 imponunt.
1699 1649 1820 1704 Jam
1869 1651 2002 1705 mal-

395 1743 526 1809 lem,
557 1752 661 1799 uta
677 1741 916 1799 ferarum
945 1741 1186 1797 uadibus
1213 1740 1348 1797 deos
1377 1742 1481 1798 sibi
1516 1743 1802 1812 (iungerent,
1831 1758 1998 1812 quam

2087 537 2243 592 tinxit
2269 552 2330 592 ac
2359 536 2614 607 perdidit.
2661 537 2706 592 0
2732 539 2946 608 quantis
2977 537 3031 592 in
3070 537 3310 594 tenebris
3335 579 3348 602 ,
3397 537 3694 594 Africane.

2088 637 2333 683 versatus
2367 630 2464 684 es!
2497 628 2585 683 vel
2607 629 2807 699 potius.
2849 643 2883 683 ο
2919 636 3112 699 poeta,
3156 627 3247 698 qui
3295 643 3393 699 per
3430 629 3622 684 caedes
3654 639 3704 683 et

2088 720 2403 790 sanguinem
2433 729 2621 790 patere
2643 720 2956 775 hominibus
2979 720 3031 774 in
3055 720 3255 775 malum
3282 734 3578 775 ascensum
3611 733 3705 790 pu-

2091 813 2322 866 taveris!
2377 812 2474 866 Cui
2501 812 2725 866 vanitati
2755 822 2808 868 et
2852 812 3044 868 Cicero
3087 812 3322 868 asscnsit
3353 831 3366 868 :
3401 812 3510 868 Est
3538 827 3698 878 vero,

2089 905 2285 976 inquit,
2332 906 2780 962 Africaneznam
2820 917 2872 961 et
2896 907 3112 962 Herculi
3139 909 3331 962 eadem
3386 907 3493 964 ista
3553 919 3702 980 porta

2093 1001 2284 1070 patuit.
2313 998 2613 1070 Tamquam
2641 1001 2759 1069 ipse
2803 1000 2987 1072 plane,
3029 1011 3154 1055 cum
3183 999 3234 1054 id
3265 1000 3447 1068 ﬁeret,
3499 999 3706 1070 ianitor

2094 1090 2256 1146 fuerit
2285 1091 2338 1146 in
2374 1092 2538 1148 calo.
2586 1091 2851 1162 Equidem
2889 1101 3131 1148 statuere
3155 1108 3264 1146 non
3305 1107 3561 1160 possunt,
3614 1092 3704 1148 do-

2098 1183 2388 1240 lendumne
2429 1185 2639 1256 potius,
2672 1200 2738 1239 an
2768 1185 3052 1243 ridendum
3083 1195 3298 1254 putem;
3329 1199 3456 1240 cum
3489 1185 3705 1240 videant

2095 1293 2286 1346 graves
2317 1286 2372 1334 et
2400 1275 2614 1344 doctos,
2645 1286 2723 1341 et,
2771 1289 2829 1332 ιιι
2861 1279 2965 1333 sibi
2993 1278 3265 1343 videntur,
3318 1278 3610 1348 sapientes
3639 1280 3708 1332 ri-

2097 1389 2210 1442 ros,
2239 1373 2293 1428 iu
2325 1382 2432 1428 tam
2457 1373 2781 1432 miserandis
2799 1388 3045 1430 errorum
3068 1371 3322 1430 ﬂuctibus
3352 1373 3621 1428 volutari.
3659 1375 3708 1429 Si

2097 1471 2214 1527 haec
2235 1479 2318 1528 est
2349 1470 2540 1534 virtus,
2564 1485 2688 1541 quin
2718 1484 2818 1526 nos
2845 1470 3188 1526 immortales
3227 1469 3352 1522 iacit
3371 1507 3388 1532 ,
3415 1470 3564 1522 mori
3591 1470 3706 1539 qui-

2099 1564 2222 1621 dem
2243 1563 2452 1630 malim,
2471 1580 2630 1635 quam
2656 1563 2825 1620 exitio
2846 1577 2970 1619 esse
2996 1562 3433 1634 quampluriis.
3461 1562 3524 1619 Si
3556 1562 3710 1616 aliter

2101 1657 2477 1714 immortalitas
2505 1659 2686 1728 parari
2707 1671 2816 1712 non
2845 1665 3055 1726 potest,
3098 1655 3202 1710 nisi
3227 1668 3326 1726 per
3354 1655 3709 1724 sanguinem,

2102 1749 2232 1822 quid
2285 1749 2402 1814 ﬁet,
2452 1749 2498 1804 si
2546 1763 2737 1804 omnes
2777 1748 2835 1803 in
2883 1747 3232 1804 concordiam
3289 1747 3711 1802 consenserint?

394 1835 862 1892 immortalitatem
909 1843 1018 1888 tam
1067 1842 1351 1890 cruentam
1403 1834 1720 1903 probarunt.
1775 1834 1835 1892 Si
1876 1835 1996 1905 quis
2027 1848 2075 1909 Β
2102 1842 2256 1912 Quod
2283 1853 2430 1898 certe
2459 1840 2576 1898 ﬁeri
2595 1841 2818 1912 poterit,
2842 1839 2890 1896 si
2910 1839 3222 1908 pernicioso
3247 1849 3302 1894 et
3324 1838 3494 1908 impio
3529 1837 3713 1893 furore

397 1944 563 1986 unum
592 1929 868 1985 hominem
906 1926 1253 1997 jugulavet'it,
1282 1941 1382 1997 pro
1408 1929 1777 1983 cantaminum
1803 1943 1870 1983 ac
1895 1944 1996 1983 ne-

399 2021 538 2078 fario
565 2021 816 2088 habetur,
847 2034 950 2075 nec
970 2018 1041 2074 ad
1070 2029 1349 2075 terrenum
1380 2019 1483 2074 hoc
1501 2018 1840 2075 domicilium
1871 2019 2003 2076 deo-

399 2131 523 2173 rum
552 2114 763 2170 admitti
782 2128 906 2168 eum
935 2111 1018 2168 las
1043 2121 1253 2182 putant.
1286 2111 1382 2167 llle
1403 2121 1585 2168 autem
1611 2154 1627 2179 ,
1655 2113 1751 2182 qui
1789 2111 2002 2168 inﬁnita

404 2209 686 2266 hominum
709 2205 876 2263 millia
901 2205 1279 2270 trucidaverit,
1305 2219 1504 2260 cruore
1529 2220 1752 2275 campos
1776 2205 2005 2260 inunda-

405 2302 570 2368 verit,
602 2299 823 2358 llutnina
852 2298 1115 2364 infecerit,
1145 2313 1257 2354 non
1284 2297 1450 2354 modo
1479 2298 1532 2352 iu
1563 2299 1858 2369 templum,
1907 2298 2006 2355 sed

406 2395 566 2450 etiam
609 2396 662 2452 in
693 2395 895 2452 ctelum
919 2393 1248 2450 admittitur.
1283 2390 1440 2461 Apud
1468 2390 1702 2447 Ennium
1731 2391 1810 2448 sic
1835 2392 2011 2462 loqui-

403 2496 492 2546 tur
518 2488 826 2554 Alricanus;

501 2607 555 2657 Si
580 2606 652 2656 fas
668 2606 798 2656 endo
815 2606 982 2669 plagas
996 2605 1256 2656 ccelestum
1279 2606 1552 2657 ascendere
1568 2603 1798 2665 cuiquam
1813 2606 1916 2661 est,

595 2669 660 2719 Mi
684 2671 774 2720 soli
800 2670 910 2720 caeli
935 2671 1142 2720 maxima
1169 2677 1306 2733 porta
1325 2676 1476 2733 patet.

2107 1936 2371 2008 proiecto,
2406 1935 2728 1989 innocentes
2749 1947 2872 1988 esse
2896 1947 2961 1986 ac
2985 1931 3113 2001 justi
3148 1931 3334 1986 velint.
3376 1930 3523 1985 Num
3557 1932 3712 2002 igitur

2109 2043 2273 2085 nemo
2294 2027 2398 2082 erit
2425 2026 2563 2082 cmlo
2588 2023 2824 2096 dignus?
2849 2041 2979 2080 num
3012 2024 3211 2094 peribit
3231 2024 3424 2092 virtus,
3459 2024 3594 2094 quia
3628 2025 3715 2077 ho-

2112 2123 2347 2177 minibus
2397 2121 2451 2174 in
2498 2120 2747 2174 homines
2790 2117 2982 2174 saevire
3014 2133 3121 2172 non
3152 2117 3411 2172 dabitur?
3469 2117 3585 2173 Sed
3613 2118 3715 2182 isti,

2111 2216 2202 2287 qui
2235 2213 2546 2270 eversiones
2592 2211 2806 2268 urbium
2837 2209 3267 2283 populorumque
3305 2225 3584 2264 summam
3611 2210 3714 2280 glo-

2114 2309 2248 2363 riam
2299 2313 2637 2376 computant,
2680 2305 2850 2359 otium
2895 2302 3169 2373 publicium
3218 2317 3323 2356 non
3373 2303 3596 2367 ferent;
3645 2319 3719 2356 ra-

2114 2403 2282 2473 pient,
2311 2400 2542 2454 saeviunt
2563 2439 2576 2461 ,
2606 2407 2664 2453 et
2683 2397 2898 2468 injuriis
2921 2397 3221 2451 insolenter
3242 2395 3405 2450 illatis
3423 2438 3440 2462 ,
3466 2396 3714 2449 humanae

2114 2495 2388 2550 societatis
2412 2492 2589 2548 {tedas
2628 2492 2967 2562 irrumpent,
3018 2501 3074 2545 ut
3112 2491 3312 2544 habere
3348 2489 3575 2544 hostem
3607 2505 3718 2559 pos-

2111 2590 2262 2655 sint,
2309 2603 2468 2658 quem
2507 2586 2820 2641 sceleratius
2848 2585 3064 2639 deleant
3088 2625 3103 2650 ,
3159 2599 3318 2654 quam
3354 2583 3715 2637 lacessieriut.

2114 2671 2266 2737 Nunc
2295 2680 2362 2735 ad
2395 2680 2597 2751 reliqua
2616 2693 2923 2749 pergamus.
2959 2677 3166 2732 Nomen
3190 2677 3419 2732 deorum
3448 2676 3646 2733 Cereri
3669 2693 3717 2730 ac.

1735 2794 2101 2855 VARIORUM
2131 2793 2362 2853 NOTAE.

486 2920 556 2975 In
594 2919 806 2973 deorum
834 2924 986 2970 cam.
1018 2913 1267 2984 Plerique
1293 2913 1446 2976 editi,
1473 2922 1678 2968 ctutum.

493 2992 700 3092 Ορρξίια
721 2988 972 3044 excidere.
1004 2987 1059 3041 ιιι
1085 2999 1177 3040 ses
1206 3002 1363 3049 mss,
1390 2985 1676 3051 excindere,
1700 2986 1753 3038 in
1773 2992 2005 3054 septem,
2040 3028 2086 3092 Ο

421 3063 733 3121 exscindere.

493 3136 555 3190 Si
575 3133 685 3204 quis
699 3128 1267 3204 unum...jt_t_gulnucrit.
1289 3126 1452 3204 Cypr.
1479 3127 1513 3180 Ι.
1539 3143 1597 3192 ιι,
1624 3125 1898 3204 ep.%,_fol.
1919 3125 2010 3192 35,

423 3209 510 3264 ed.
543 3200 664 3260 Bas.
700 3219 712 3254 :
744 3200 1094 3256 llomicidium
1115 3215 1270 3269 quam
1297 3200 1571 3253 admittunt
1599 3200 1806 3268 singuli,
1825 3200 2016 3252 crimen

423 3289 494 3336 est
524 3294 542 3330 :
574 3275 732 3328 virtus
755 3282 983 3335 vocatur,
1016 3287 1170 3335 quum
1191 3269 1397 3338 publice
1419 3273 1629 3338 geritur.
1663 3271 1938 3324 BUNEIAN.

499 3348 575 3402 Ad
616 3357 871 3398 terrenum
909 3343 1003 3395 hoc
1035 3342 1352 3396 domicilium
1380 3343 1609 3394 deorum.
1643 3341 1759 3394 Non
1788 3343 2018 3411 quadrat

427 3422 512 3476 hic
563 3416 779 3472 Cellarii
829 3413 1138 3482 explicatio.
1187 3412 1306 3467 Vult
1348 3412 1658 3466 Lactantius
1718 3413 2017 3467 ltOttt.t:itlaS

429 3508 533 3546 non
562 3487 767 3542 admitti
792 3485 857 3538 ad
884 3487 1164 3552 templum,
1185 3499 1212 3535 a
1233 3485 1450 3552 templis
1470 3485 1702 3539 excludi.
1727 3485 1842 3538 Vid.
1869 3487 1902 3537 l.
1935 3500 2013 3549 III,

429 3579 477 3618 c.
509 3562 604 3617 l7:
634 3558 891 3611 Terrestre
909 3555 1042 3609 illud
1064 3553 1377 3610 domicilium
1404 3555 1568 3610 Jouis.

503 3630 748 3685 Ennium.
785 3627 1058 3699 Epigram.
1089 3635 1143 3681 et
1171 3627 1311 3696 apud
1336 3625 1454 3682 Cic.
1485 3627 1554 3681 de
1581 3627 1716 3699 Rep.
1754 3635 1892 3682 teste
1915 3627 2016 3683 Se-

431 3717 550 3760 nec.
581 3702 740 3770 epist.
769 3697 889 3770 1709.

503 3773 564 3829 Si
591 3767 670 3843 fus
695 3769 828 3843 endo
853 3771 1031 3843 plagas
1059 3769 1334 3843 mlestum.
1368 3770 1444 3825 ιω
1463 3771 1896 3843 .correximnsex
1925 3767 2020 3824 Ci-

432 3841 629 3903 cerone
652 3842 743 3897 lib.
777 3856 835 3896 ιιι
862 3842 930 3897 de
973 3841 1280 3910 ltepublica,
1305 3853 1358 3896 et
1387 3857 1453 3897 ex
1494 3842 1857 3897 Lactantianis
1886 3856 2016 3894 mss.

434 3917 689 3978 Salmas.,
723 3915 744 3967 l
780 3913 925 3982 Lips.
947 3957 962 3981 ,
1009 3913 1144 3977 PaL,
1179 3913 1314 3984 Ultr.
1348 3923 1403 3968 et
1457 3913 1898 3984 Rrgio-Puteauo
1920 3952 1934 3975 ,
1967 3913 2020 3967 in

433 4005 540 4058 quo
568 3995 651 4058 est
683 3985 967 4058 caelestium
1001 3999 1105 4058 pro
1135 3982 1430 4058 cwlcstunt;
1447 3982 1558 4058 .ad'
1578 3985 1628 4058 id
1652 3985 2022 4058 conspicanti-

434 4053 535 4113 bus
559 4058 593 4112 '5
625 4057 778 4126 Reg.,
807 4055 1035 4119 5Co|b.,
1061 4053 1221 4126 NJV.,
1246 4054 1410 4115 Vict.,
1435 4054 1631 4120 Gat.,2
1651 4055 1838 4119 Brun.,
1876 4056 2018 4122 Em.,

435 4129 649 4184 Balliul.
672 4169 686 4190 .
709 4125 774 4183 in
801 4129 995 4197 quibus
1023 4135 1128 4190 est,
1164 4125 1224 4180 Si
1266 4126 1510 4197 faciendo
1549 4127 1750 4196 plagas.
1797 4126 2021 4181 Correc-

434 4202 567 4256 tioni
597 4210 798 4255 nostra:
822 4196 1219 4266 adstipulantur
1244 4196 1541 4251 doctissimi
1570 4199 1674 4250 viri
1698 4197 2016 4265 Salmasius,

431 4271 687 4337 Pithzeus,
730 4267 914 4336 lsmus,
965 4267 1289 4329 Gronovius,
1323 4267 1588 4330 Baluzius,
1632 4279 1688 4323 et
1734 4268 2018 4323 Cellarius.

430 4344 488 4398 ιιι
518 4342 768 4398 undecim
799 4355 931 4396 mss.
962 4339 1353 4395 recentioribus
1376 4349 1430 4393 et
1458 4340 1510 4393 in
1533 4339 1690 4395 editis
1724 4341 1918 4410 legitur
1950 4358 1962 4395 :

529 4456 579 4505 Si
605 4453 676 4505 t‘as
691 4452 927 4504 caedendo
945 4451 1169 4502 caelestia
1192 4451 1434 4503 scandere
1457 4454 1688 4517 cuiquam
1715 4463 1810 4506 est.

439 4560 495 4615 lu
525 4573 632 4629 quo
661 4559 780 4626 quis
812 4572 917 4629 non
945 4556 1089 4610 videt
1130 4555 1474 4610 librariorum
1507 4555 1692 4612 fraude
1731 4567 1789 4613 et
1821 4559 2031 4614 inscitia

435 4628 634 4686 factum
661 4644 784 4685 esse
809 4628 1050 4683 credendo
1071 4630 1184 4682 ἀντὶ
1207 4629 1294 4681 τοὺ
1325 4628 1496 4682 endo?
1520 4630 1716 4684 deinde
1737 4632 2033 4685 accessisse

438 4703 631 4770 partim
651 4703 878 4756 aliorum
905 4698 1269 4764 librariorum,
1299 4700 1489 4768 partim
1512 4701 1781 4754 editorum
1809 4717 2031 4770 pravum

436 4774 730 4844 judicium;
762 4771 854 4840 qui
879 4770 1032 4840 quasi
1064 4771 1224 4824 verba
1263 4773 1508 4844 proxime
1535 4774 1847 4841 sequentia,
1876 4773 2034 4826 Scili-

435 4842 511 4898 cet
553 4845 673 4913 quia
715 4859 951 4913 magnotu
984 4844 1414 4913 partcntgeneris
1451 4842 1663 4896 humani
1699 4845 1940 4896 exstinxit
1973 4859 2034 4897 ac

435 4911 678 4985 perdidit,
703 4911 1012 4968 necessario
1041 4911 1241 4980 aliquid
1271 4913 1320 4966 in
1350 4912 1594 4967 Enniano
1624 4915 1862 4968 carmine
1889 4916 2035 4984 posi-

439 4997 547 5041 tum
581 4986 1087 5053 interpretarentur,
1121 4986 1381 5049 iecerunt,
1405 4985 1649 5038 cwdcndo
1670 5026 1684 5049 ,
1715 4985 2035 5041 deleverunt

437 5059 616 5127 plagas
636 5098 651 5123 ,
692 5055 913 5109 ctelestia
945 5055 1111 5109 vicem
1143 5056 1420 5127 cmlestium
1453 5056 1537 5110 vel
1567 5056 1822 5127 crglestum
1854 5057 2035 5126 subjeo

437 5124 597 5192 scre;
627 5129 728 5180 hoc
755 5138 860 5190 ρει,
895 5141 1020 5180 vere
1048 5127 1276 5192 mapalia
1312 5125 1577 5180 fecerunt.
1613 5124 1681 5178 Et
1710 5127 1833 5195 quia
1866 5124 2033 5196 gloria

437 5199 676 5253 Africani
709 5197 962 5252 onmibus
983 5212 1046 5251 ex
1073 5197 1233 5251 rebus
1266 5197 1407 5268 bello
1426 5197 1593 5266 gestis
1622 5196 1759 5250 adeo
1790 5209 1914 5251 nota
1942 5201 2031 5268 sit,

441 5280 497 5323 ut
521 5271 619 5338 ipsi
652 5269 750 5324 soli
778 5269 978 5324 ctelum
1024 5267 1377 5338 pateru,.velit
1403 5277 1595 5336 poeta,
1639 5282 1744 5320 non
1772 5267 2036 5338 apparere

441 5337 781 5396 demonstrat
806 5341 964 5394 aliam
996 5337 1213 5394 causam
1238 5354 1334 5392 cur
1363 5337 1728 5410 id‘velithnisi
1750 5337 1891 5410 quod

691 5441 833 5488 ιιολλιις
855 5441 1020 5494 unum
1043 5440 1156 5492 φικὸς
1178 5434 1262 5478 dist
1282 5437 1477 5490 προίιψιν,

441 5550 632 5592 versus
665 5533 881 5591 llomeri
906 5533 1062 5590 initio
1094 5530 1270 5597 lliad.,
1303 5531 1456 5602 quasi
1485 5530 1636 5588 dicas
1663 5550 1677 5588 :

535 5648 713 5700 Multas
737 5649 955 5700 illustres
979 5648 1164 5697 animas
1186 5643 1244 5694 ad
1266 5657 1434 5697 orcum
1461 5648 1769 5710 pramlserit.

444 5756 717 5827 Ipse-ergo
744 5755 1002 5827 Lactant.
1022 5753 1427 5827 interpretatur,
1451 5753 1552 5809 etsi
1577 5753 1780 5810 nullum
1797 5769 1858 5811 ea
1887 5753 1955 5812 de
1978 5770 2038 5813 re

440 5820 744 5884 verbum'in
770 5823 1042 5895 cpitapbio
1071 5820 1370 5910 inveniret,
1423 5827 1600 5886 caedes
1638 5835 1695 5884 et
1720 5833 2037 5904 sanguinem

2060 4540 2113 4599 D
2139 4540 2384 4604 Andreas
2413 4540 2672 4604 Patricius
2699 4551 2752 4603 in

2114 2911 2405 2966 multorum
2428 2909 2705 2964 hominum
2723 2909 2980 2979 opinione
3008 2909 3214 2965 locasse
3238 2910 3564 2965 Africanum
3594 2911 3718 2965 inter

2118 2984 2292 3037 sidera
2317 2999 2331 3045 ;
2383 2991 2567 3054 utpote
2595 2997 2754 3051 quem
2781 2996 2888 3035 non
2917 2982 3155 3054 aliunde,
3203 2997 3362 3052 quam
3392 2997 3463 3036 ex
3490 2983 3721 3036 caedibus

2119 3065 2170 3107 ct
2195 3054 2457 3126 sanguine
2479 3091 2492 3118 ,
2541 3053 2644 3107 hoc
2676 3063 2779 3126 est,
2818 3067 2885 3107 ex
2917 3053 3058 3107 bello
3083 3094 3097 3116 ,
3139 3054 3410 3126 celebrem
3460 3057 3720 3108 norimus.

2123 3126 2226 3180 Sed
2270 3124 2314 3178 a"
2340 3127 2527 3179 multis
2571 3138 2696 3178 ante
2741 3124 3076 3196 Lactantium
3125 3124 3375 3178 similiter
3404 3126 3718 3196 explicatur.

2121 3200 2328 3252 Seneca
2377 3197 2595 3266 epistol.
2650 3197 2722 3251 95
2766 3213 2780 3248 :
2835 3195 2918 3249 Ea:
2965 3196 3417 3250 senatusconsultis
3451 3195 3718 3266 plebisqw,

2121 3271 2260 3322 scitis
2285 3268 2476 3321 scelera
2514 3279 2831 3331 exercentur,
2861 3277 2908 3320 ct
2937 3268 3136 3336 publice
3160 3267 3405 3336 iubentur
3431 3270 3598 3321 vetita
3629 3272 3722 3338 pri-

2120 3342 2297 3394 t'att'rn.
2331 3340 2459 3403 Qut:
2483 3340 2615 3410 ciant
2641 3338 2912 3393 commissa
2941 3341 3106 3410 capite
3138 3340 3332 3392 luerent
3353 3380 3367 3400 ,
3401 3341 3591 3393 eadem
3623 3345 3724 3410 quia

2124 3411 2358 3482 paludati
2386 3415 2568 3480 facere,
2601 3409 2901 3463 laudantur.
2932 3407 3054 3462 Non
3086 3411 3242 3476 pudet
3271 3411 3530 3482 homines,
3569 3407 3722 3464 milit-

2122 3481 2308 3535 simum
2348 3497 2526 3551 genus,
2567 3482 2789 3552 gaudere
2817 3482 3066 3552 sanguine
3096 3482 3292 3534 alterno
3311 3523 3332 3552 ,ν
3369 3481 3508 3535 bella
3538 3499 3723 3552 gerem

2123 3556 2440 3625 gerendaque
2479 3551 2649 3606 liberis
2679 3555 2897 3625 tradere.
2928 3551 3172 3625 Gnouuv.
3217 3583 3286 3593 —
3313 3551 3468 3606 Endo
3529 3551 3724 3625 antiqui

2123 3624 2308 3679 dixere.
2333 3639 2428 3694 pro
2458 3625 2533 3686 in,
2563 3626 2625 3677 iis
2644 3624 2808 3678 Credo
2838 3624 3136 3678 rationibus
3162 3625 3294 3687 uixi,
3324 3625 3466 3692 quod
3493 3627 3638 3678 endo
3662 3624 3727 3680 dc-

2123 3697 2340 3768 ducttnn
2357 3711 2385 3748 a
2402 3694 2733 3768 ςτιθοογὲνδον
2752 3697 2948 3764 passim
2967 3696 3106 3768 apud
3131 3696 3357 3768 Ennium
3389 3697 3528 3765 legat
3543 3715 3614 3752 nr
3649 3715 3726 3768 pro

2124 3769 2198 3830 in,
2235 3767 2309 3821 uti
2337 3775 2391 3821 et
2413 3768 2553 3834 apud
2579 3767 2884 3820 Lucretium
2912 3767 3183 3838 indugredi
3213 3782 3309 3835 pro
3336 3769 3570 3838 ingredi,
3609 3767 3662 3822 et
3690 3775 3726 3825 id

2123 3855 2294 3909 genus
2333 3839 2518 3906 plura;
2553 3840 2604 3890 in
2636 3854 2747 3909 sua:
2777 3839 3055 3892 sententiae
3099 3841 3575 3893 conﬁrmationem
3615 3842 3727 3896 illud

2124 3908 2284 3963 etiam
2314 3910 2578 3976 all'erunt,
2614 3908 2755 3977 quod
2795 3924 2918 3964 cum
2964 3909 3166 3963 nullam
3209 3925 3447 3981 causam,
3498 3927 3632 3981 qua:
3675 3918 3727 3968 ad

2125 3981 2587 4034 immortalitatem
2638 3982 2739 4035 iter
2779 3981 3080 4048 aperuisset
3110 3979 3391 4045 Africano,
3446 3979 3530 4036 abi
3566 3985 3728 4038 Ennio

2126 4067 2435 4123 expressam
2460 4052 2662 4104 videret
2696 4053 3035 4116 Lactantius,
3068 4054 3206 4107 hanc
3234 4053 3348 4120 ipse
3369 4052 3667 4123 adiecerit.

2199 4122 2264 4175 In
2311 4123 2544 4194 tenebris,
2595 4123 2867 4194 Africane,
2915 4133 3142 4176 versatus
3186 4124 3282 4177 es?
3330 4125 3408 4177 vel
3443 4122 3666 4193 potius,
3707 4145 3729 4181 υ

2133 4192 2619 4270 RoetaLAfrieauus
2643 4192 2731 4248 hic
2757 4205 2838 4249 est
2861 4195 2977 4270 ipse
3007 4196 3204 4262 Scipio,
3239 4203 3293 4248 et
3317 4192 3484 4250 Poeta
3516 4207 3605 4253 est
3635 4200 3728 4253 En-

2127 4266 2262 4318 nius.
2297 4265 2570 4319 Buuslau.

2203 4335 2294 4388 Est
2321 4353 2457 4400 vero,
2488 4336 2672 4398 inquit,
2703 4335 2962 4407 Africane.
2991 4335 3066 4389 lla
3091 4336 3303 4400 Cicero,
3335 4337 3429 4392 lib.
3456 4354 3520 4393 ιιι
3546 4340 3622 4396 de
3650 4342 3731 4398 Re-

2134 4407 2375 4477 publica;
2408 4408 2477 4460 ita
2508 4423 2629 4461 cum
2658 4407 2815 4460 editis
2865 4409 3234 4478 manuscripti,
3269 4420 3466 4478 praeter
3516 4413 3552 4467 5
3580 4413 3725 4467 Colb.

2136 4476 2192 4532 et
2217 4480 2255 4553 1Δ
2277 4478 2492 4553 Reg._in
2520 4479 2714 4553 quibus
2743 4478 2957 4553 legitur,
2983 4476 3051 4531 Et
3081 4495 3216 4553 uero,
3250 4476 3431 4548 inquit,
3465 4485 3726 4553 Africane.

2842 4553 3016 4604 :holiis
3040 4551 3104 4604 ad
3131 4549 3426 4620 fragmenta
3451 4549 3728 4610 Ciceronis

2136 4639 2165 4673 e
2187 4636 2243 4695 ιιι
2263 4621 2327 4695 de
2353 4622 2554 4695 liepuh.
2583 4631 2733 4690 putat
2755 4621 3060 4695 lugendum,
3077 4631 3151 4674 est
3172 4636 3288 4676 vero
3306 4625 3397 4687 ita,
3420 4626 3727 4695 Aphricanc;

2137 4693 2221 4746 vel
2250 4693 2584 4765 simpliciter,
2615 4703 2658 4745 et
2680 4709 2816 4757 vero,
2846 4693 3152 4765 Aphricane.
3183 4695 3292 4765 Ego
3320 4693 3572 4751 vero'ubi
3606 4713 3724 4751 nna-

2137 4764 2550 4836 nimescodices
2577 4766 2810 4836 reperio,
2842 4780 2946 4836 non
2973 4764 3128 4819 facile
3160 4764 3450 4836 quidquam
3481 4771 3719 4823 immuto.

2210 4833 2403 4888 Eadem
2433 4839 2548 4888 ista.
2586 4835 2810 4890 Locutio
2854 4833 3200 4890 Lactantiana
3225 4878 3236 4898 ,
3269 4833 3388 4906 quae
3419 4841 3625 4906 passim
3649 4855 3726 4894 uc-

2135 4907 2338 4978 currit;
2369 4921 2498 4960 mss.
2529 4909 2580 4968 3,
2619 4921 2728 4960 rec.
2763 4918 2816 4959 et
2845 4908 2879 4962 9
2908 4909 3036 4962 edit.
3074 4923 3185 4961 rec.
3207 4948 3221 4971 ,
3250 4909 3424 4961 eadem
3452 4911 3589 4978 ipsa.

2209 4975 2346 5030 Mori
2366 4980 2588 5047 quidem.
2631 4979 2721 5033 Sic
2759 4993 2889 5033 mss.
2934 4979 3001 5032 At
3029 4979 3157 5032 editi
3199 4995 3319 5034 cum
3350 4979 3384 5034 4
3418 4975 3552 5035 mss.
3585 4998 3721 5048 rce,

2135 5049 2266 5100 mori
2289 5049 2536 5118 equidem.

2211 5118 2276 5173 In
2320 5121 2647 5174 concordiam
2693 5121 3059 5175 consenserint.
3113 5120 3255 5174 Nihil
3289 5129 3470 5184 muto,
3519 5140 3620 5191 pro
3656 5140 3726 5178 rc-

2137 5199 2289 5259 cepta
2322 5191 2467 5245 Lact.
2502 5193 2538 5246 l.
2568 5208 2631 5257 v,
2663 5208 2711 5247 c.
2749 5194 2778 5245 7
2805 5234 2817 5256 ,
2854 5192 3023 5256 infra;
3055 5191 3121 5245 In
3157 5208 3268 5245 eam
3301 5193 3582 5249 inultitudo
3625 5195 3725 5249 uni-

2139 5275 2284 5334 versa
2314 5265 2644 5317 consenserit.
2679 5264 2776 5318 Ubi
2802 5265 2972 5334 plura.
3227 5264 3512 5320 BUNBIAN.

2214 5332 2386 5407 Qliunt
2413 5337 2688 5401 publicum.
2716 5335 2772 5389 ld
2803 5332 2886 5389 est
2917 5350 3125 5407 pacem.

2213 5403 2404 5480 Foedus
2427 5407 2727 5480 irrumpent.
2765 5407 2836 5460 Ita
2867 5403 3215 5480 oninesediti
3256 5422 3318 5461 ac
3360 5410 3725 5480 manttsrripli,

2139 5483 2334 5544 prteter
2364 5477 2390 5529 1
2417 5477 2654 5548 _Clarom.
2689 5480 2778 5548 qui
2825 5479 3014 5546 habet,
3049 5479 3211 5545 {Ledus
3252 5490 3509 5548 rumpent.
3543 5480 3615 5535 At
3640 5477 3728 5536 ob-

2139 5561 2298 5623 servo
2323 5546 2497 5602 verbis
2521 5546 2834 5623 compositis
2873 5565 2968 5619 pro
2995 5546 3448 5619 simplicibus,'et
3471 5554 3728 5623 Silllpllcl-

2140 5617 2240 5672 bus
2266 5633 2359 5686 pro
2379 5617 2690 5689 Compositis
2723 5617 3054 5675 Laeta—utinm
3085 5617 3188 5674 non
3220 5623 3387 5676 semel
3421 5624 3521 5676 uti.

2215 5708 2416 5764 Nomen
2443 5712 2652 5766 deorum
2683 5713 2869 5768 Cereri.
2910 5713 3163 5770 Cererem
3208 5713 3466 5769 Eleusinii
3505 5715 3731 5772 maxime

2141 5780 2418 5860 colebant,
2442 5785 2563 5860 quia
2589 5800 2708 5839 cum
2735 5788 2787 5840 in
2812 5787 3038 5860 atticum
3067 5787 3299 5860 venisset
3319 5785 3384 5860 ad
3409 5785 3580 5843 [ilium
3605 5806 3734 5860 que

2143 5853 2394 5927 rendam,
2438 5853 2665 5934 primum
2695 5873 2788 5919 cos
2814 5858 3024 5938 frugum
3057 5856 3319 5917 sationem
3349 5853 3731 5939 legesque'du-
