3790 6274
58 326 171 382 215

1165 328 1374 388 LIBER
1407 330 1450 386 l.
1484 326 1579 388 DE
1614 330 1840 391 πΑιεΑ
1878 331 2274 390 RELIGIONE.

3255 332 3364 388 ΞΗ

58 444 259 502 Libero
302 446 518 503 traditio
552 460 838 503 munerum
880 445 1030 503 fecit.
1064 447 1291 505 Possum
1322 446 1520 505 divinis
1557 446 2010 518 do-Apertores
2060 449 2311 503 humanae
2357 446 2484 502 vitae
2526 447 2818 517 plurimum
2865 447 3203 519 proluerunt.
3253 445 3363 501 Cur

60 553 184 593 cere
231 537 465 607 litteris,
522 539 704 595 vinum
748 548 912 610 atque
955 538 1135 610 fruges
1178 551 1305 597 ante
1345 541 1653 612 progeniem

58 632 196 689 ϐωιὶ
222 641 391 704 atque
430 632 649 689 Saturni
679 634 844 690 fuisse
884 635 941 690 lu
969 648 1068 690 usu
1099 634 1379 691 hominum
1415 653 1428 691 :
1457 636 1553 691 sed
1587 634 1656 689 ab

58 726 144 782 his
171 740 301 781 sane
328 727 546 782 iuventa
576 740 702 783 esse
729 726 1016 796 fingamus.
1045 726 1183 782 Num
1207 736 1386 798 potest
1413 727 1535 797 plus
1564 735 1657 781 aut

57 820 225 890 majus
253 819 450 885 videri,
478 820 767 890 collegisse
790 818 989 891 fruges,
1019 820 1208 891 hisque
1230 820 1432 887 fractis,
1458 836 1652 891 panem

54 911 230 967 facere
254 911 518 969 docuisse
541 953 557 977 ,
587 922 681 969 aut
719 927 851 969 uvas
878 912 950 968 de
977 914 1176 969 vitibus
1219 913 1388 969 lectas
1427 928 1651 985 expres-

48 1007 200 1071 sisse,
229 1007 529 1079 vinumque
548 1007 767 1073 fecisse,
790 1022 951 1077 quam
980 1006 1164 1079 fruges
1189 1008 1352 1078 ipsas,
1386 1016 1481 1062 aut
1509 1008 1651 1063 vites

46 1113 341 1172 generasse
367 1140 384 1167 ,
426 1116 491 1157 ac
533 1102 826 1172 protulisse
851 1101 920 1156 de
965 1102 1142 1157 terra?
1184 1101 1488 1173 Reliquerit
1533 1100 1650 1156 haec

42 1209 171 1250 sane
222 1195 374 1251 Deus
421 1195 670 1253 humanis
717 1196 948 1267 ingeniis
991 1197 1231 1253 eruenda
1265 1204 1486 1253 :tamen
1532 1194 1649 1251 ﬁeri

38 1300 145 1342 non
177 1296 386 1356 potest,
418 1289 546 1359 quin
578 1289 749 1358 ipsius
768 1290 876 1347 sint
898 1288 1102 1355 omnia,
1129 1289 1219 1357 qui
1247 1297 1301 1343 et
1327 1288 1645 1358 sapientiam

34 1378 223 1434 tribuit
241 1378 478 1446 homini,
504 1390 564 1436 ut
590 1380 878 1448 inveniret,
909 1390 965 1437 et
994 1380 1080 1435 illa
1110 1381 1248 1452 ipsa,
1278 1395 1398 1451 quas
1424 1388 1648 1452 possent

31 1473 294 1530 inveniri.
344 1476 511 1533 Artes
541 1490 758 1548 quoque
784 1476 897 1532 suis
920 1476 1292 1532 inventoribus
1328 1474 1648 1532 immortali-

31 1573 196 1620 tatem
240 1566 527 1637 peperisse
564 1564 847 1634 dicuntur,
895 1574 954 1622 ut
997 1563 1313 1639 fEseulapio
1357 1567 1647 1634 medicina,

1761 553 1870 594 non
1899 547 1956 594 et
1980 538 2085 594 illis
2107 539 2363 595 attributa
2399 547 2525 595 sunt
2551 540 2750 609 templa
2774 539 2799 592 ?
2838 538 2934 594 sed
2960 539 3213 595 nimirum
3255 537 3359 592 Mi-

1762 647 1925 688 nerva
1953 641 2057 697 est,
2094 649 2216 703 qua:
2243 647 2432 688 omnes
2461 632 2665 701 reperit
2699 648 2713 685 :
2748 630 2980 702 ideoque
3020 630 3097 685 illi
3136 630 3359 701 cpiiices

1760 725 2082 796 supplicant.
2110 724 2257 796 Ergo
2282 724 2352 780 ab
2378 723 2461 780 his
2487 723 2741 780 sordibus
2765 722 3005 779 Minerva
3030 720 3277 778 ascendit
3299 719 3359 777 in

1760 817 1979 873 caelum.
2014 817 2112 872 Est
2130 832 2259 873 vero
2279 826 2378 872 cur
2405 816 2690 887 quisquam
2717 814 3059 886 derelinquat
3082 827 3227 878 eum,
3267 813 3362 885 qui

1762 921 1959 967 terram
1989 928 2110 967 cum
2138 910 2525 976 animantibus,
2566 909 2763 967 etclam
2790 924 2912 965 cutn
2939 907 3105 963 astris
3128 914 3183 962 et
3209 905 3366 962 lumi-

1758 1004 1918 1060 nibus
1943 1019 2170 1059 exorsus
2200 1014 2279 1059 est
2299 1044 2314 1067 ,
2350 1011 2408 1058 ut
2436 1017 2556 1058 eam
2584 1010 2894 1069 veneretur,
2923 1015 3042 1071 qua:
3070 998 3230 1054 telam
3259 996 3363 1053 do-

1757 1101 1869 1155 cuit
1892 1099 2104 1153 ordiri?
2135 1097 2275 1165 Quid
2302 1098 2413 1165 ille,
2441 1097 2532 1168 qui
2563 1097 2786 1151 vulnera
2824 1095 2880 1148 in
2904 1091 3239 1163 {corporibus
3269 1106 3360 1146 sa-

1757 1206 1887 1247 nare
1913 1190 2126 1246 docuit?
2170 1206 2297 1244 num
2331 1199 2508 1261 potest
2542 1203 2665 1244 esse
2693 1186 3052 1256 praestantior,
3083 1198 3243 1256 quam
3273 1184 3361 1253 qui

1756 1300 1984 1357 corpora
2009 1286 2123 1355 ipsa
2156 1283 2423 1346 formavit,
2450 1281 2720 1339 sentiendi
2753 1296 2817 1337 ac
2843 1278 3056 1336 vivendi
3086 1279 3355 1334 rationem

1754 1378 1941 1435 dedit?
1984 1377 2179 1434 herbas
2208 1377 2444 1448 denique
2470 1376 2616 1448 ipsas
2640 1416 2656 1443 ,
2700 1384 2757 1431 et
2795 1382 2991 1430 caetera
3020 1371 3214 1444 quibus
3241 1385 3359 1427 me-

1757 1471 1918 1527 dendi
1944 1486 2036 1527 ars
2063 1479 2298 1538 constat,
2328 1469 2657 1540 excogitavit
2683 1482 2747 1524 ac
2774 1465 3047 1540 protulit?

2361 1570 2589 1628 CAPUT
2614 1568 2759 1626 XIX.

24 1622 284 1714 Vulcano
317 1622 544 1716 lubrica.
568 1622 1653 1734 Colamus'igiturietillos,vquifulloni;
1679 1671 1731 1733 Β
1764 1666 1916 1736 Quod
1951 1664 2116 1722 Deum
2153 1622 2326 1720 verum
2351 1622 2787 1719 siniul‘c—umﬂt—liis
2819 1659 2964 1715 vanis
3004 1673 3152 1714 nemo
3198 1656 3361 1728 possit

26 1764 146 1808 cam
181 1754 565 1824 sutrinamque
596 1752 918 1810 docuerunt.
949 1751 1060 1811 Cur
1082 1764 1261 1812 autem
1300 1756 1536 1829 ﬁgulinai
1562 1775 1651 1815 re-

26 1845 238 1919 pertori
267 1845 451 1903 honos
480 1861 590 1902 non
620 1847 887 1905 habetur?
914 1864 983 1904 an
1011 1850 1135 1921 quia
1184 1852 1270 1907 isti
1309 1852 1504 1909 divites
1554 1871 1649 1911 vas

32 1937 212 1995 Samia
241 1939 646 1996 contemnunt?
683 1938 819 1996 Sunt
844 1949 901 1995 et
925 1941 1047 1997 alia;
1080 1951 1246 2011 artes,
1293 1959 1518 2015 quarum
1559 1961 1647 2002 re-

2465 1755 2649 1810 colere.

1826 1850 1898 1908 At
1923 1852 2069 1908 enim
2096 1850 2239 1906 dicet
2263 1847 2480 1920 aliquis,
2510 1858 2565 1903 et
2592 1846 2718 1901 huic
2739 1859 2954 1901 summo
2979 1845 3069 1915 qui
3091 1844 3221 1902 fecit
3244 1860 3357 1901 om-

1754 1948 1867 2013 nia,
1898 1954 1955 2001 et
1988 1945 2094 2001 illis
2120 1945 2211 2014 qui
2247 1943 2445 2013 partim
2481 1941 2821 2010 profuerunt,
2853 1954 3007 1995 suam
3050 1939 3357 1996 veneratio-

1366 2061 1733 2123 VARIORUM
1769 2062 2002 2121 ΝΟΤιΕ.

37 2165 249 2247 coisset.
292 2164 409 2247 Nec
440 2173 621 2247 tamen
659 2169 880 2247 omnino
919 2167 1169 2240 displicet
1199 2186 1387 2247 eorum
1419 2176 1638 2247 opinio,

37 2240 121 2315 qui
151 2234 305 2315 Ceres
338 2238 409 2315 ab
455 2238 689 2315 llebraao
732 2240 953 2315 cliaras,
989 2234 1160 2312 arare,
1201 2243 1403 2301 dictum
1452 2234 1639 2315 velint,

41 2307 155 2381 quia
182 2316 240 2363 ut
267 2307 431 2366 Ovid.
466 2309 558 2366 lib.
584 2326 616 2366 v
641 2309 996 2381 Metamorph.
1025 2330 1039 2366 :

155 2404 319 2457 Prima
343 2402 505 2458 Ceres
526 2418 652 2459 unco
674 2406 871 2470 glebam
889 2407 1095 2460 dimovit
1116 2415 1295 2463 aratro.

1010 2492 1092 2549 Ea:
1118 2494 1331 2554 Vossro.

113 2562 356 2617 Traditio.
386 2561 522 2617 Mss.
556 2562 583 2618 1
609 2562 764 2617 Colb.
796 2563 1059 2632 etBrun.,
1084 2568 1311 2624 tributio.

111 2633 548 2710 Possunvdtvinis
573 2633 754 2710 docere
781 2635 981 2690 litteris.
1015 2637 1234 2710 ,Genes.
1281 2636 1365 2710 1v,
1399 2641 1491 2697 ubi
1535 2640 1645 2699 fru-

50 2722 160 2776 gum
185 2715 240 2761 et
266 2706 457 2761 vitium
489 2706 728 2760 inventio
755 2717 916 2777 atque
943 2709 1151 2763 cultura
1195 2706 1404 2767 Adamo
1435 2721 1490 2768 et
1517 2713 1647 2770 Nom

55 2777 314 2843 tribuitur;
352 2777 423 2833 de
459 2791 569 2847 quo
595 2778 809 2832 disserit
847 2795 1038 2835 rursus
1076 2780 1192 2848 ipse
1220 2782 1533 2839 Lactantius
1560 2787 1647 2839 in-

54 2848 123 2925 f_ra
152 2848 340 2925 lib._u__.
372 2863 519 2925 cap._
533 2849 587 2925 ξ,
611 2858 673 2925 _et
697 2848 1116 2925 S.‘Augustinus
1157 2852 1252 2907 lib.
1314 2870 1409 2908 vui
1433 2897 1447 2922 ,
1478 2870 1642 2925 super

56 2918 175 2975 Gen.
200 2920 263 2992 ad
291 2921 461 2975 litter.
490 2920 689 2975 Plinius
713 2918 909 2990 igitur]
944 2922 1010 2976 ad
1042 2924 1226 2989 finem,
1254 2925 1290 2979 1.
1322 2918 1443 2992 ν11,’
1465 2936 1520 2981 et
1541 2918 1648 2983 ca:—

56 2992 145 3046 teri
188 2991 528 3047 ethnicorum
562 3005 888 3063 negantur,
930 2994 1019 3063 qui
1058 2993 1177 3049 hiBO
1213 2991 1418 3053 Cereri
1445 3007 1502 3052 et
1541 2999 1649 3053 Eu-

58 3064 221 3138 molpo
246 3062 571 3138 Atheniensi
598 3064 920 3138 attribuunt,
948 3062 1047 3120 ’vel
1079 3065 1354 3138 Oionysio,
1386 3068 1505 3124 sive
1524 3069 1647 3126 Osi-

60 3133 170 3194 ridi.
201 3144 253 3189 ut
276 3135 471 3189 scribit
497 3134 779 3202 Diodorus,
810 3135 906 3189 lib.
937 3151 977 3201 1,
1008 3150 1058 3190 c.
1083 3135 1137 3189 2.
1168 3133 1355 3194 1518118.

125 3205 256 3279 Quin
275 3206 438 3277 ipsius
469 3208 573 3260 sint
603 3207 807 3273 omnia,
837 3218 941 3261 etc.
968 3208 1234 3277 Antiquus
1260 3212 1429 3267 codex
1459 3210 1643 3279 habet,

65 3285 105 3329 et
129 3277 215 3332 illa
241 3278 350 3348 ipsa
373 3292 501 3348 qua:
520 3288 724 3350 possent
750 3279 1003 3344 inveniri,
1034 3291 1171 3334 artes
1192 3296 1410 3350 quoque,
1439 3293 1547 3338 etc.
1573 3277 1644 3338 ita

65 3358 117 3400 nt
140 3359 506 3423 expungantur
537 3349 698 3405 verba
741 3350 851 3423 illa,
884 3351 1088 3423 primus
1114 3349 1332 3417 invenit,
1367 3369 1488 3423 quae
1513 3369 1647 3411 sane

66 3421 388 3492 expungenda
417 3429 553 3475 sunt
579 3437 594 3474 :
629 3436 751 3475 nam
779 3421 849 3476 de
881 3422 992 3476 Deo
1019 3433 1147 3477 aute
1192 3433 1246 3477 et
1274 3423 1362 3480 hic
1381 3421 1642 3492 loquitur,

67 3490 320 3547 declarans
351 3493 605 3547 homines
629 3533 644 3556 ,
686 3494 933 3562 quamvis
962 3493 1197 3562 aliquem
1228 3510 1382 3550 usum
1410 3490 1646 3552 humano

66 3564 232 3630 generi
272 3564 453 3619 utilem
507 3565 796 3619 multarum
846 3580 1028 3620 rerum
1072 3566 1417 3631 invenerint,
1466 3578 1645 3623 tamen

68 3635 311 3708 omniain
356 3636 527 3691 Deum
573 3650 694 3708 esse
728 3635 1044 3700 referenda,
1086 3635 1178 3705 qui
1215 3645 1266 3692 et
1304 3638 1645 3708 prudentiam

72 3705 356 3778 hominibus
381 3709 445 3763 ad
483 3707 864 3762 inveniendum
896 3723 959 3762 ea
982 3709 1229 3763 tribuerit
1255 3748 1268 3768 ,
1303 3705 1358 3764 et
1388 3724 1475 3764 res
1502 3710 1647 3778 ipsas

73 3774 322 3845 effecerit,
354 3778 402 3833 in
432 3780 635 3850 quibus
675 3777 955 3849 prudentia
990 3779 1105 3833 haec
1146 3789 1329 3904 pfsset
1359 3774 1645 3850 apparere.

1218 3865 1494 3904 nonsius.

1218 3865 1494 3907 HOIASIUS.

134 3916 336 3975 Possem
363 3922 601 3977 inveniri.
628 3921 757 3976 Post
784 3920 1033 3983 inveniri,
1071 3919 1307 3977 adsmmt
1330 3923 1483 3984 minii
1512 3922 1648 3977 scri-

74 3990 142 4060 pti
164 4032 178 4054 ,
206 4001 258 4047 et
278 3992 493 4048 Sublac.
524 3992 663 4048 1465
688 4035 702 4059 ,
737 3993 872 4047 Ven.
900 3992 1136 4048 me97
1158 4033 1172 4053 ,
1210 3993 1353 4047 Pier.
1383 4034 1396 4057 ,
1428 3993 1645 4060 Parrh.,

72 4061 228 4136 Orat,
256 4062 479 4136 Gymn.,
501 4064 673 4132 Junt.,
703 4064 851 4131 Ald.,
885 4064 1060 4136 Paris.
1085 4104 1100 4127 ,
1130 4063 1364 4136 Gryph.,
1390 4064 1643 4130 Tornes.,

75 4131 261 4206 Primus
285 4131 507 4203 invenit,
540 4131 664 4206 qua:
695 4137 764 4193 ab
801 4133 1084 4204 antiquiss.
1123 4131 1264 4189 sua:
1301 4145 1356 4190 et
1397 4137 1644 4191 Emman.

75 4204 250 4271 aliena,
279 4218 331 4261 et
357 4208 482 4275 iure
511 4223 539 4260 a
561 4204 867 4263 ‘Thomasiu
896 4216 1186 4275 expuncta.
1229 4207 1361 4262 Bon.

138 4275 424 4348 .Esculapio
440 4278 725 4334 Medicina.
748 4279 1015 4333 Homerus
1030 4277 1223 4349 Odyss.
1249 4277 1308 4344 6;
1332 4279 1511 4334 Paeoni
1533 4280 1648 4334 cui-

78 4344 184 4401 dam
215 4344 491 4405 medicina:
520 4351 888 4404 inventionem
924 4344 1133 4414 tribuit,
1158 4350 1307 4405 Plato
1340 4361 1393 4405 et
1421 4351 1649 4406 Ovidius

78 4420 286 4491 apollini
311 4462 326 4485 ,
365 4422 604 4475 Galenus
634 4421 887 4491 Asclepio
919 4439 932 4475 :
961 4420 1228 4491 Pindarus
1260 4437 1421 4482 vero,
1454 4422 1556 4478 Od.
1590 4424 1642 4488 5,

1675 3106 1721 3170 C

1752 2175 1938 2240 tradit,
1981 2172 2244 2229 Bbmcum
2273 2180 2329 2246 et
2355 2170 2701 2227 Theodorum
2734 2171 2941 2246 primos
2958 2171 3210 2246 omnium
3243 2173 3362 2246 pla-

1749 2248 1922 2304 sticen
1950 2247 2243 2301 invenisse.
2286 2243 2465 2314 Atque
2505 2256 2695 2298 rursus
2723 2241 2849 2298 eod.
2883 2257 3003 2313 cap.
3035 2241 3353 2314 Παίου-,⁷1η-

1748 2321 1887 2390 quit,
1919 2334 2042 2383 pars
2069 2317 2334 2390 hominum
2355 2316 2569 2390 terrenis
2598 2316 2760 2390 utitu_r
2785 2315 2939 2390 vasis.
2962 2314 3144 2390 Samia
3166 2317 3360 2390 etiam-

1747 2385 1980 2460 numin
2022 2386 2318 2460 esculentis
2358 2385 2689 2460 laudant_ur._
2717 2386 3018 2460 De_$amia
3054 2395 3194 2441 terra
3241 2387 3359 2460 lege

1749 2459 2001 2518 eumdem
2034 2457 2266 2513 Plinium
2297 2472 2415 2527 cap.
2443 2456 2511 2511 16
2538 2456 2783 2527 ejusdem
2814 2457 2908 2511 lib.
2931 2456 3264 2513 BETULEIUS.

1824 2530 1932 2586 Cur
1959 2547 2061 2585 non
2092 2539 2138 2584 et
2169 2529 2296 2583 illis.
2332 2526 2400 2581 Et
2425 2543 2494 2583 ex
2522 2526 2651 2583 mss.
2685 2527 2906 2599 reposui
2937 2545 2951 2583 :
2983 2529 3137 2582 etiam
3178 2528 3358 2585 edito-

1754 2620 1874 2659 l'lllll
1902 2613 2006 2658 est.

1831 2672 2066 2728 Minerva
2093 2679 2185 2724 est.
2215 2669 2470 2724 Minerva:
2497 2677 2699 2735 autem,
2733 2667 2874 2738 apud
2908 2668 3230 2724 Martianum
3253 2669 3356 2725 Ca-

1755 2744 1954 2815 pellam
1975 2741 2296 2815 ,Vqlcauus
2335 2750 2657 2815 cooperator
2684 2750 2766 2794 est
2792 2749 2891 2815 _:Aet
2916 2739 3054 2811 apud
3086 2740 3142 2797 S.
3176 2743 3362 2813 Auge-

1755 2755 1954 2815 pellam
1975 2786 1989 2809 ,
2029 2755 2296 2797 Vulcanus
2335 2755 2657 2866 congerator
2684 2755 2766 2794 εει
2799 2755 2867 2794 :e

1755 2817 1958 2871 stiuum
1987 2814 2056 2869 de
2075 2811 2236 2867 Civit.
2271 2812 2364 2865 Dei
2397 2813 2429 2865 li
2477 2851 2490 2865 .
2525 2826 2599 2877 ιν,
2630 2826 2749 2879 cap.
2783 2810 2872 2865 10.

1832 2886 1904 2940 Ab
1931 2885 2010 2940 his
2030 2883 2284 2939 sordibus.
2316 2882 2372 2938 ld
2390 2892 2492 2949 est,
2517 2883 2748 2936 inventis
2775 2891 2828 2937 et
2852 2880 3079 2952 opificiis
3099 2882 3356 2951 sordidis,

1753 2958 1971 3021 vilibus,
2027 2969 2179 3010 more
2208 2954 2485 3009 Ciceronis
2526 2963 2581 3008 et
2632 2959 2898 3009 veterum.
2928 2954 3089 3009 Cic.t
3135 2955 3203 3010 de
3249 2955 3355 3011 ΟΠ.

1754 3044 1875 3101 cap.
1906 3026 1998 3096 42,
2031 3026 2258 3097 Opiﬁces
2293 3040 2467 3080 omnes
2512 3025 2566 3079 in
2610 3025 2821 3079 sordida
2849 3034 2958 3151 ἵζω
3001 3034 3284 3082 versantur.

2902 3112 3137 3151 uacuas.

2902 3112 3137 3152 UNEMAN.

1827 3169 1922 3224 Est
1942 3187 2058 3224 vero
2088 3186 2180 3224 cur
2208 3169 2492 3239 quisquam.
2523 3167 2579 3225 In
2610 3167 2881 3239 plerisque
2906 3169 3087 3235 editis,
3123 3167 3215 3223 Est
3243 3184 3360 3226 vero

1751 3257 1911 3295 causa
1943 3257 1963 3296 :
1989 3256 2149 3312 quam
2178 3238 2379 3312 vocem,
2397 3254 2527 3294 mss.
2551 3249 2612 3312 et
2641 3238 2772 3295 editi
2805 3239 3002 3307 l’lant.,
3024 3239 3122 3304 Is.,
3159 3239 3353 3312 Tliys.,

1750 3313 1916 3377 Gall.,
1940 3310 2160 3382 spark”
2189 3320 2243 3367 et
2265 3310 2301 3365 2
2324 3311 2472 3380 Lips.
2512 3311 2810 3382 elegantius
2841 3312 3155 3382 extrudunt.
3200 3310 3360 3367 Plau-

1753 3396 1839 3440 tus
1855 3381 2060 3448 Aulu|.,
2085 3383 2178 3439 Est
2198 3383 2334 3454 quod
2354 3384 2588 3436 revisam.
2607 3381 2831 3437 Demum
2849 3381 3033 3449 Ovid.,
3058 3399 3096 3438 ll
3112 3382 3304 3439 Metam
3318 3402 3353 3438 .:

1877 3501 1965 3552 Est
1984 3511 2108 3551 vero
2131 3513 2219 3550 cur
2241 3500 2355 3563 quis
2376 3497 2624 3550 lunonem
2647 3497 2833 3549 hedere
2857 3499 3010 3550 nolit?

1752 3608 2064 3663 Lactantius
2090 3621 2248 3676 supra
2281 3607 2334 3660 in
2373 3606 2478 3676 line
2505 3619 2622 3674 cap.
2648 3604 2751 3659 l7:
2787 3603 2917 3658 Erat
2947 3605 3099 3676 plane
3118 3623 3211 3661 cur
3236 3616 3354 3662 (ano

1753 3689 1861 3734 tum
1893 3677 2137 3745 laborem,
2158 3675 2271 3733 etc.
2299 3677 2366 3731 Et
2392 3675 2527 3730 infra
2560 3675 2653 3729 lib.
2681 3690 2742 3738 ll,
2771 3690 2819 3730 c.
2864 3677 2917 3741 7,
2949 3675 3016 3730 ad
3041 3677 3250 3743 iinem.,
3282 3687 3355 3733 est

1750 3766 1868 3804 vero
1889 3766 1979 3803 cur
2003 3747 2212 3803 illorum
2230 3748 2525 3801 auctoritas.
2544 3745 2679 3800 Hinc
2705 3746 2947 3799 nonnulli
2966 3746 3205 3801 maluere
3220 3749 3354 3802 simt-

1752 3822 1965 3903 pliciter
1979 3820 2062 3903 sic
2073 3819 2231 3903 scribi
2243 3859 2258 3903 ,
2270 3827 2347 3900 .est
2367 3834 2479 3903 cur,
2496 3816 2579 3903 vel
2599 3824 2672 3903 est
2684 3815 2939 3903 quod-.38.:
2960 3814 3119 3903 Isaae.
3141 3845 3211 3856 —
3228 3816 3355 3901 [iam

1752 3885 1958 3946 ironice
1982 3907 2011 3943 a
2042 3889 2320 3945 Lactantio
2348 3887 2490 3942 dicta
2530 3895 2677 3942 sunt.
2710 3914 2784 3926 —
2811 3885 2904 3940 Est
2929 3902 3067 3953 vero,
3097 3903 3189 3941 cur
3215 3889 3354 3957 quis-

1751 3979 1922 4034 quam.
1949 3960 2095 4034 Lips.
2117 3977 2134 4034 1
2153 3970 2204 4015 et
2221 3968 2330 4034 vet.
2352 3958 2501 4023 edd.,
2523 3967 2596 4034 est
2613 3973 2924 4034 vereprimo,
2940 3972 3032 4011 cur
3046 3959 3312 4034 quisquam
3336 3977 3352 4014 :

1753 4028 1848 4088 sed
1876 4028 2069 4103 reliqui
2099 4031 2206 4086 duo
2232 4030 2379 4100 Lips.
2415 4038 2471 4085 et
2496 4030 2585 4103 alii
2611 4028 2769 4083 codd.
2797 4028 3115 4103 illudcausa
3138 4028 3356 4103 elegan-

1752 4107 1860 4161 tius
1899 4098 2214 4159 extrudunt.
2263 4098 2353 4157 Sic
2400 4100 2560 4170 paulo
2603 4109 2729 4154 ante
2768 4116 2889 4169 cap.
2926 4100 3013 4165 l7,
3051 4109 3190 4155 extr.
3222 4098 3354 4156 Erat

1752 4176 1926 4245 plane,
1971 4191 2063 4229 cur
2105 4183 2299 4228 tantum
2338 4171 2934 4245 laboreqm,_etc._lrouia.
2967 4171 3244 4245 Bessum.

1827 4247 1956 4314 Qua:
1978 4245 2131 4300 telam
2157 4245 2332 4299 docuit
2358 4243 2539 4314 ordiri.
2568 4243 2676 4314 Ed;
2716 4242 2943 4314 Sublac.,
2963 4243 3126 4314 addit
3177 4260 3355 4299 causa.

1751 4313 1862 4377 Est
1904 4318 2019 4372 haec
2066 4316 2303 4373 Minerva
2343 4313 2561 4380 Saitica,
2613 4313 2880 4386 Egyptiis
2930 4313 3084 4368 Neith
3124 4325 3313 4370 vocata
3338 4357 3354 4383 ,

1751 4401 1809 4444 ut
1835 4393 1911 4445 ait
1958 4389 2109 4444 Plato
2155 4387 2209 4443 in
2250 4387 2456 4443 Timaeo
2486 4403 2499 4438 :
2529 4394 2613 4440 est
2659 4387 2775 4441 haec
2809 4386 3057 4440 textrina:
3099 4388 3231 4441 artis
3268 4400 3357 4441 re-

79 4457 112 4468 .-
365 4457 604 4475 “manus
634 4457 795 4476 me...
919 4462 932 4475 .
963 4457 985 4475 ι
1009 4457 1228 4475 ...ναι-ιο
1267 4457 1388 4476 ,υιυ
1455 4457 1556 4478 νυ.
1590 4457 1625 4477 υ
1909 4462 1918 4472 .
2082 4459 2094 4470 .
2253 4461 2264 4471 .
2547 4457 2558 4468 ι
2697 4457 2708 4469 -
2828 4459 2837 4469 ι

79 4457 239 4562 Ρθιὴ,
270 4462 393 4546 item
422 4495 458 4549 5
487 4492 740 4548 Nemeor.
762 4536 775 4555 ,
802 4457 1093 4547 I(llliirouem
1125 4462 1423 4562 [Esculapii
1444 4492 1497 4548 in
1531 4463 1647 4549 me:
1673 4488 1728 4550 D
2003 4459 2204 4562 ἓξὲξ
2229 4458 3263 4562 ηἪῗξηῘῖῗ³η,Ῡξιξξῗ,,ξξ¹,ξθ¹ξίξδοτ,ξῖξ¹ξξ
3295 4469 3358 4562 ἓξ

81 4559 252 4635 dicinis
283 4577 670 4635 praeceptorem
711 4564 856 4618 fat-it.
899 4564 1111 4620 Sorano
1143 4559 1465 4619 medicinam
1502 4566 1652 4620 inve.

82 4633 149 4707 nit
170 4633 372 4707 quidam
400 4633 594 4705 Apollo
615 4677 628 4697 ,
663 4636 1011 4707 amplificavit
1042 4635 1387 4705 AEsculapius
1407 4679 1422 4703 ,
1469 4636 1653 4705 perfe-

82 4702 146 4756 cit
169 4702 527 4777 llippocrates.
570 4707 730 4762 Plura
756 4702 921 4774 hujus
955 4710 1170 4777 generis
1212 4702 1535 4777 nugamenta
1568 4724 1657 4764 re-

85 4772 242 4849 peries
265 4772 399 4845 apud
435 4777 765 4849 Polydorum
788 4772 989 4849 Virgil.
1034 4779 1103 4833 de
1134 4772 1313 4833 reruni
1355 4780 1654 4834 inventori-

86 4844 172 4918 bus
191 4846 277 4902 lib.
303 4844 343 4911 1,
368 4864 489 4918 cap.
521 4844 595 4905 ΞΟ
618 4891 632 4912 ,
676 4850 745 4905 de
772 4844 981 4904 luvent.
1015 4849 1155 4905 Med.
1185 4850 1465 4917 Quaestum
1499 4866 1656 4906 suum

87 4914 371 4992 {Esculapio
410 4914 1100 4992 eitprobratrTertullianus
1130 4914 1358 4991 Apolog.
1400 4938 1522 4992 cap.
1564 4924 1654 4978 l5.

87 4985 211 5056 Lege
324 4985 583 5071 haecque:
618 4990 687 5071 de
718 4991 821 5071 hoc
861 4985 1241 5071 Theodoretus
1281 4985 1385 5071 lib.
1416 4985 1480 5048 ιη’
1511 4997 1660 5071 θερα-

89 5070 342 5135 πευτικῆϋ
380 5065 465 5133 qui
507 5064 686 5119 estde
716 5063 821 5117 diis
863 5064 1199 5119 secundariis
1227 5063 1661 5135 inscriptus,'ex

90 5141 264 5197 quarto
294 5132 542 5189 Biblioth.
577 5136 732 5189 Diod.
768 5135 935 5191 Sicul.
969 5135 1154 5190 refert.
1189 5135 1395 5191 BETUL.

165 5199 378 5257 Vulcano
408 5207 621 5275 fabrica.
661 5204 933 5261 Vulcanus
962 5208 1211 5261 inventor
1245 5208 1383 5277 ignis
1411 5218 1466 5261 et
1498 5206 1665 5261 artiﬁ-

95 5270 277 5349 ciorum
324 5270 439 5349 qua:
478 5278 598 5348 igne
646 5288 938 5349 parantur,
985 5278 1210 5334 Taetzes
1255 5270 1308 5333 iii
1349 5279 1483 5334 llist.
1532 5279 1661 5344 555,

97 5339 222 5395 Cliil.
251 5360 307 5412 x,’
330 5339 527 5405 habet?

321 5436 502 5500 om
523 5467 578 5499 τις
603 5452 814 5503 Alpinae,
838 5446 936 5491 etc.

101 5511 242 5595 llunc
270 5516 585 5595 vulcanum,
631 5526 1016 5581 Tubalcainum
1053 5525 1218 5580 fuisse
1253 5532 1444 5595 putant
1475 5523 1665 5591 multi,

101 5583 162 5667 {le
188 5603 286 5656 quo
315 5583 582 5667 Geneseos
599 5612 716 5667 cap.
743 5612 817 5664 1v,
841 5595 935 5652 2‘2.
963 5596 1127 5653 Arma
1153 5583 1373 5663 bellica,
1400 5583 1666 5665 aerariam,

103 5652 541 5719 ferramentariam
574 5652 802 5724 invenit.

180 5725 526 5822 lqquanii.q.
552 5738 842 5822 Ριὶηηηιψ.
874 5753 1047 5805 xxxv,
1072 5754 1122 5793 c.
1154 5739 1243 5804 12,
1262 5753 1371 5822 quo
1395 5737 1464 5794 de
1485 5739 1669 5822 plasti-

107 5808 191 5853 ces
233 5805 588 5865 inventoribus
626 5809 846 5881 scribit,
898 5825 963 5871 cx
1009 5805 1367 5887 quorumdam
1416 5805 1668 5884 Opinione

1756 4526 1847 4592 ἷτήν
1871 4539 1964 4594 τῆς
2001 4532 2204 4593 ἐσθῆτος
2229 4534 2564 4588 κατασκευήν.
2599 4526 2927 4595 Quibusdam
2970 4526 3157 4581 eadem
3183 4535 3267 4581 est
3293 4541 3359 4582 ac

1757 4602 1958 4658 Noema
1986 4606 2100 4657 sive
2147 4601 2373 4669 Naama,
2406 4600 2512 4653 lilia
2559 4597 2835 4662 Lamechi,
2879 4595 3010 4669 Mosi
3057 4605 3356 4669 memorata

1758 4673 1894 4730 Gen.
1927 4689 2001 4739 1v,
2030 4674 2123 4739 ‘25,
2151 4674 2195 4728 si
2242 4666 2426 4727 verum
2459 4678 2541 4725 est
2588 4668 2732 4739 quod
2761 4666 2901 4736 apud
2928 4666 3355 4739 rGencbrardum

1759 4746 1811 4801 iu
1841 4736 2145 4810 Clironicis,
2172 4753 2223 4799 et
2272 4744 2324 4797 in
2372 4736 2652 4810 Lipomaui
2695 4736 2897 4793 Catena
2925 4738 3092 4808 legas,
3123 4754 3242 4793 eam
3274 4739 3356 4793 Ia-

1759 4816 2000 4872 nilicium
2041 4831 2104 4871 ac
2154 4823 2422 4870 texturam
2465 4810 2757 4881 reperisse,
2782 4819 3111 4881 acgpropter
3140 4811 3242 4866 hoc
3270 4811 3357 4866 in-

1759 4897 1978 4942 ventum
2035 4885 2322 4942 memorari
2370 4879 2568 4953 printer
2599 4896 2805 4936 morem
2854 4879 3187 4953 Scriptum,
3237 4894 3359 4952 qua:

1761 4974 1870 5015 non
1916 4959 2056 5015 solet
2102 4958 2156 5013 in
2198 4952 2532 5026 genealogiis
2584 4954 2789 5026 referre
2839 4952 3107 5026 feminas,
3138 4953 3242 5009 nisi
3288 4953 3361 5026 ob

1760 5031 2015 5086 virtutem
2059 5024 2338 5091 eximiam,
2368 5024 2460 5080 aut
2485 5024 2729 5096 mySIerii
2762 5038 2961 5089 causa;
3000 5024 3162 5095 idque
3192 5025 3362 5095 magis

1765 5098 1891 5156 hinc
1920 5102 2156 5164 elucere,
2185 5114 2250 5154 eo
2283 5096 2423 5166 quod
2460 5097 2717 5167 jungatur
2762 5096 2933 5167 tribus
2980 5097 3252 5167 praeclara:
3282 5096 3361 5151 rei

1765 5172 2156 5235 inventoribus,
2189 5169 2363 5231 Jabel,
2393 5166 2550 5225 Jubal
2572 5166 2648 5222 ac
2677 5166 2994 5223 Tubalcain.
3025 5166 3267 5223 Vossws.

1840 5244 1978 5308 Quid
2007 5244 2095 5297 ille
2121 5258 2140 5297 :
2170 5240 2535 5311 Esculapius.
2560 5237 2704 5311 BIN.

1842 5307 1940 5380 Qui
1976 5315 2163 5384 partim
2192 5307 2517 5438 proluerunt.
2552 5310 2641 5367 Sic
2668 5308 2787 5365 libri
2826 5309 3009 5379 plures
3034 5316 3088 5363 et
3125 5307 3359 5363 Reimm.

1842 5385 2035 5438 scribo.
2066 5387 2239 5438 inquit
2312 5384 2658 5438 leumanuus.
2691 5396 2780 5438 per
2828 5388 2989 5433 artem
3039 5377 3359 5438 profuerunt.

1768 5384 2035 5451 Rescribo,
2066 5384 2239 5451 inquit
2286 5384 2658 5449 Heumanuus,
2691 5396 2780 5450 per
2828 5388 2989 5451 artem
3038 5384 3361 5451 profuerunt,

1769 5458 1891 5527 quia
1922 5448 2049 5511 edd.
2094 5448 2254 5520 1472,
2294 5453 2385 5527 76,
2410 5452 2479 5508 78
2502 5448 2754 5527 (addamr
2779 5459 2834 5527 et
2852 5450 3022 5527 prior:
3054 5448 3241 5527 1178)ξ
3272 5461 3368 5503 ex-

1769 5519 1955 5583 liibeut
1978 5537 2190 5595 partem,
2212 5519 2364 5598 quasi
2392 5543 2426 5598 p
2493 5519 2928 5598 drtemﬁonﬂc.
2952 5519 3364 5598 18.1ngeni_o_se,

1771 5600 1872 5657 nisi
1901 5588 2024 5670 quia
2071 5588 2263 5670 partim
2302 5588 2637 5670 profuerunt,
2658 5593 2745 5670 hic
2775 5602 3117 5670 opponantur
3138 5588 3363 5670 verbis:

1770 5660 1986 5738 summa,
2031 5660 2122 5741 qui
2172 5660 2313 5725 fecit'
2353 5660 2543 5721 munia.
2598 5660 2893 5741 Coluerunt
2925 5662 3098 5741 _enim_
3151 5660 3363 5741 plures,

1769 5758 1929 5813 quam
1961 5730 2238 5814 qui'modo
2265 5746 2540 5814 peronem
2570 5738 2891 5814 prope-runt.
2925 5730 3057 5788 Vide
3083 5730 3187 5787 hoc
3207 5740 3369 5802 caput

1769 5803 1801 5868 ti
1829 5829 1885 5871 11.
1917 5815 1939 5869 1
1972 5803 2038 5869 ad
2066 5830 2122 5870 n.
2150 5812 2215 5871 2i
2250 5803 2304 5868 et
2333 5807 2426 5865 lib.
2457 5822 2510 5879 v,
2542 5803 2591 5862 c'.
2627 5803 2713 5860 11.
2737 5803 2869 5858 Bos.
