3790 6274
405 340 517 407 923

1435 347 1623 408 FIRM.
1664 344 2035 405 LACTANTII
2073 344 2282 405 DIVIN.
2323 346 2568 406 INSTIT.
3601 358 3675 420 agt

407 471 653 544 sapiunt,
683 478 779 528 aut
801 471 1070 537 sentiunt,
1101 483 1278 541 neque
1305 469 1442 526 intra
1471 469 1702 540 parietes
1721 507 1736 534 ,
1765 473 1858 522 aut
1879 465 2010 522 tedi-
2035 468 2090 529 Α
2112 477 2359 537 sumptus
2381 467 2464 524 vel
2487 466 2772 540 ﬁngendis,
2795 467 2881 526 vel
2905 468 3144 528 colendis
3168 469 3494 544 imaginibus
3517 475 3678 548 impen-

407 566 560 621 culas
589 565 703 620 luto
725 564 912 630 laetas,
941 561 1036 618 sed
1059 563 1198 618 intra
1225 571 1414 634 pectus
1435 559 1764 616 collocanda:
1784 568 1931 628 sunt,
1954 567 2012 615 et

409 658 638 716 interius
665 655 1214 727 comprehendendae,
1237 672 1305 712 ne
1324 657 1432 712 sint
1450 655 1620 723 falsae,
1647 655 1691 710 si
1724 665 1875 712 extra
1907 655 2010 712 ho-

410 751 608 808 minem
633 749 834 806 fuerint
865 750 1163 807 collocatae.
1196 750 1382 822 Itaque
1413 751 1725 821 prteclaram
1755 750 1900 806 illam
1931 751 2009 806 le-

407 858 528 916 gem
559 850 704 898 tuam
735 841 978 909 derideo,
1010 857 1172 914 quam
1202 844 1361 914 ponis
1389 843 1474 898 his
1499 844 1714 900 verbis:
1745 843 1876 900 «Ast
1895 844 2008 913 illa,

407 943 630 1008 propter
656 951 778 1006 quae
810 935 966 991 datur
992 937 1198 992 homini
1225 951 1484 993 ascensus
1514 938 1567 992 in
1599 937 1825 1002 coelum,
1857 952 2011 994 men-

407 1035 516 1082 tem
537 1065 554 1092 ,
585 1026 838 1082 virtutem
857 1069 874 1090 ,
906 1027 1164 1098 pietatem
1187 1070 1203 1096 ,
1237 1027 1399 1085 ﬁdem
1421 1069 1438 1097 ,
1469 1043 1764 1099 earumque
1793 1028 2009 1084 laudum

406 1115 632 1173 delubra
659 1125 842 1174 sunto.
872 1135 893 1170 )
917 1117 1082 1188 Atqui
1123 1117 1241 1174 haec
1279 1117 1520 1189 separari
1545 1117 1616 1173 ab
1643 1117 1864 1174 homine
1900 1132 2009 1174 non

407 1217 655 1282 possunt.
687 1209 742 1266 Si
771 1211 916 1266 enim
947 1209 1176 1266 colenda
1217 1219 1380 1278 sunt,
1408 1212 1461 1266 in
1491 1210 1710 1266 homine
1745 1210 1864 1282 ipso
1903 1211 2014 1268 sint

407 1318 634 1362 necesse
655 1311 758 1360 est.
789 1305 844 1362 Si
871 1313 1052 1360 autem
1077 1313 1203 1361 sunt
1224 1315 1378 1362 extra
1400 1305 1672 1362 hominem
1690 1346 1706 1371 ,
1726 1304 1852 1377 quid
1874 1319 2013 1376 opus

403 1403 578 1452 estea
604 1395 788 1452 colere
812 1397 1008 1468 quibus
1033 1399 1258 1454 careas?
1277 1397 1460 1454 Virtus
1485 1397 1632 1454 enim
1657 1396 1884 1453 colenda
1905 1405 2006 1464 est,

407 1503 517 1544 non
545 1489 726 1560 imago
753 1489 1003 1546 virtutis:
1034 1501 1089 1546 et
1115 1491 1339 1546 colenda
1369 1501 1453 1548 est
1481 1505 1589 1546 non
1617 1489 1884 1547 sacriﬁcio
1909 1489 2010 1545 ali-

405 1595 514 1652 quo
533 1623 549 1649 ,
579 1589 674 1636 aut
701 1581 860 1638 thure
879 1621 895 1647 ,
923 1589 1019 1637 aut
1046 1583 1360 1654 precatione
1389 1582 1657 1650 solemni,
1690 1582 1786 1638 sed
1815 1582 2010 1638 volun-

407 1681 518 1730 tate
545 1675 662 1732 sola
690 1683 853 1747 atque
883 1679 1183 1749 proposito.
1217 1677 1350 1733 Nam
1379 1677 1509 1750 quid
1547 1686 1633 1734 est
1658 1675 1802 1732 aliud
1829 1677 2012 1734 colere

405 1767 662 1824 virtutem
682 1810 698 1836 ,
730 1769 835 1826 nisi
857 1784 976 1826 eam
1004 1769 1466 1842 comprehendere
1489 1769 1692 1836 animo,
1721 1778 1775 1826 et
1801 1769 2010 1826 tenere?

408 1859 551 1930 quod
581 1861 946 1932 unusquisque
972 1860 1132 1918 simul
1159 1877 1222 1918 ac
1247 1864 1414 1934 etrapit
1438 1863 1606 1930 velle,
1640 1863 2007 1933 consequitur.

411 1953 511 2009 Hic
539 1955 690 2010 solus
720 1955 936 2010 virtutis
964 1964 1050 2012 est
1089 1957 1298 2025 cultus;
1341 1973 1463 2012 nam
1512 1957 1704 2028 religio
1747 1964 1802 2012 et
1843 1971 2008 2012 vene-

409 2045 550 2102 ratio
579 2046 725 2102 nulla
751 2046 888 2115 alia,
915 2047 1017 2104 nisi
1043 2048 1202 2104 unius
1231 2049 1323 2104 Dei
1351 2049 1576 2105 tenenda
1606 2058 1710 2105 est.
1740 2047 1879 2116 Quid
1908 2047 2008 2119 igi-

413 2145 503 2193 tur
530 2152 668 2210 opus
695 2147 798 2207 est,
829 2153 865 2195 o
891 2141 974 2195 vir
997 2140 1416 2212 sapientissime,
1431 2143 1782 2213 supervacuis
1794 2151 2008 2198 extruc-

410 2233 648 2289 tionibus
668 2234 786 2291 loca
811 2249 1100 2306 occupare,
1131 2249 1252 2307 quae
1303 2237 1513 2307 possint
1542 2235 1791 2291 humanis
1823 2235 2006 2291 usibus

409 2325 644 2382 cedere?
673 2325 799 2398 quid
828 2327 1141 2384 sacerdotes
1169 2329 1502 2386 constituere
1526 2344 1660 2384 vana
1691 2337 1746 2384 et
1775 2328 2006 2384 insensi-

406 2417 534 2476 bilia
573 2419 854 2476 culturos?
879 2421 1008 2493 quid
1041 2421 1320 2478 immolare
1360 2422 1646 2478 victimas?
1671 2421 1798 2494 quid
1828 2428 2004 2476 tantos

2041 1826 2091 1886 B

2111 560 2275 616 dere?
2301 561 2534 616 Firmius
2553 571 2608 618 et
2628 562 2990 634 incorruptius
3015 566 3272 636 templum
3296 578 3385 624 est
3409 577 3584 639 pectus
3607 560 3726 628 Ita-il

2113 666 2368 709 manum:
2397 652 2499 710 hoc
2521 654 2698 724 potius
2717 666 2964 724 ornetur,
2989 655 3094 713 hoc
3113 657 3256 714 veris
3275 657 3390 714 illis
3418 662 3677 720 nominibus
3724 659 3725 732 Ε

2113 744 2418 814 impleatur.
2461 745 2570 802 Has
2599 761 2729 818 ergo
2768 745 2932 802 falsas
2970 751 3416 806 consecrationes
3458 754 3674 823 sequitur,

2111 837 2256 908 quod
2287 852 2509 894 necesse
2534 845 2635 894 est.
2661 839 2762 908 Qui
2785 840 2929 896 enim
2952 841 3180 897 virtutes
3206 841 3286 898 sic
3311 842 3528 910 colunt,
3556 845 3600 900 id
3619 860 3674 904 est
3724 853 3725 910 ξ

2113 932 2204 1002 qui
2246 932 2463 989 umbras
2505 942 2666 1004 atque
2700 933 2964 1006 imagines
3005 935 3263 991 virtutum
3312 943 3725 1008 consectantur,,l

2113 1039 2175 1078 ea
2207 1025 2320 1094 ipsa
2341 1067 2357 1091 ,
2387 1040 2507 1095 qua:
2538 1039 2664 1080 vera
2695 1035 2851 1091 sunt,
2886 1036 3073 1084 tenere
3113 1043 3219 1084 non
3260 1037 3516 1100 possunt.
3539 1029 3674 1102 itaque

2113 1116 2262 1172 nulla
2291 1118 2344 1172 in
2372 1133 2638 1189 quoquam
2670 1118 2840 1174 virtus
2868 1129 2982 1187 est,
3013 1120 3159 1176 vitiis
3190 1121 3394 1194 ubique
3433 1122 3670 1181 dominan-

2115 1207 2291 1277 tibus;
2322 1211 2470 1266 nulla
2496 1210 2648 1278 ﬁdes,
2679 1213 2860 1268 omnia
2889 1229 2987 1284 pro
3011 1229 3072 1270 se
3097 1230 3428 1287 unoquoque
3455 1219 3670 1287 rapiente;

2115 1302 2260 1357 nulla
2300 1303 2468 1373 pietas
2488 1345 2503 1368 .
2538 1319 2638 1361 nec
2677 1306 3088 1378 consanguineis
3117 1322 3219 1364 nec
3247 1309 3560 1379 parentibus
3584 1327 3669 1382 par-

2114 1402 2273 1450 cente
2297 1395 2550 1462 avaritia,
2578 1405 2632 1452 et
2660 1397 2953 1468 cupiditate
2983 1399 3036 1455 in
3067 1415 3276 1456 venena
3328 1409 3388 1456 et
3427 1401 3478 1457 in
3523 1402 3671 1460 ferrum

2115 1497 2342 1554 ruente;
2387 1488 2535 1544 nulla
2577 1503 2715 1561 pax,
2761 1490 2908 1546 nulla
2951 1493 3274 1562 concordia,
3322 1494 3538 1564 publice
3563 1497 3672 1552 bellis

2115 1580 2464 1636 saevientibus
2484 1622 2500 1644 .
2534 1582 2784 1652 privatim
2817 1598 2948 1639 vero
2977 1583 3278 1641 inimicitiis
3308 1601 3484 1656 usque
3509 1586 3568 1642 ad
3589 1603 3671 1644 san-

2114 1671 2332 1743 guinem
2361 1673 2697 1742 furentibus;
2733 1675 2876 1730 nulla
2906 1676 3197 1746 pudicitia,
3229 1676 3544 1734 libidinibus
3564 1679 3672 1736 clite-

2115 1767 2256 1822 natis
2283 1780 2500 1822 omnem
2532 1781 2719 1824 sexum
2747 1777 2802 1824 et
2826 1783 3021 1826 omnes
3047 1770 3297 1840 corporis
3323 1779 3507 1840 partes
3528 1783 3667 1827 conta-

2119 1857 2484 1915 minantibus:
2541 1873 2643 1916 nec
2695 1869 2874 1916 tamen
2923 1860 3180 1918 desinunt
3221 1877 3284 1918 ea
3334 1862 3547 1928 colere,
3591 1879 3668 1935 qua

2119 1950 2332 2022 fugiunt
2373 1963 2428 2007 et
2475 1951 2730 2008 oderunt.
2771 1951 2972 2009 Colunt
3000 1954 3146 2010 enim
3197 1955 3360 2012 thure
3400 1970 3465 2011 ac
3498 1959 3665 2012 summis

2115 2045 2334 2117 digitis,
2389 2061 2510 2118 qua:
2555 2047 2807 2104 sensibus
2851 2047 3056 2104 intimis
3107 2048 3340 2105 horrere
3386 2048 3664 2106 debuerunt:

2113 2139 2206 2210 qui
2238 2155 2393 2194 error
2420 2139 2598 2194 omnis
2625 2154 2692 2194 ex
2725 2139 2870 2196 illius
2898 2140 3211 2211 principalis
3249 2155 3320 2198 ac
3360 2143 3548 2198 summi
3581 2144 3663 2198 boni

2115 2233 2452 2302 ignoratione
2485 2231 2787 2288 descendit.

2183 2323 2327 2381 Urbe
2365 2339 2396 2379 a
2439 2323 2612 2381 Gallis
2640 2335 2932 2396 occupata,
2960 2326 3169 2384 obsessi
3210 2327 3264 2383 in
3305 2325 3562 2400 Capitolio
3593 2328 3661 2384 llo-

2108 2417 2290 2486 mani,
2323 2432 2446 2474 cum
2474 2433 2540 2474 ex
2569 2417 2854 2474 mulierum
2880 2419 3092 2492 capillis
3119 2427 3395 2478 tormenta
3420 2421 3657 2490 fecissent,

1725 2532 2088 2592 VABIORUM
2123 2532 2357 2592 NOTAE.

399 2627 536 2684 BRI.
565 2626 878 2685 SANC'I‘JE.
910 2629 1133 2686 FEBRI.
1167 2627 1452 2686 ΜΑΟΝᾹΞ.
1479 2625 1800 2684 CAMILLA.
1835 2627 2006 2683 AMA-

405 2700 519 2755 TA.
550 2700 707 2756 PRO.
739 2699 938 2757 FILIO.
995 2701 1206 2756 MALE.
1254 2698 1595 2758 AFFECTO.
1653 2699 1787 2754 Vide
1836 2698 2004 2754 Ottzel

404 2771 654 2843 inscript.
695 2772 788 2828 fol.
848 2773 940 2838 97,
998 2772 1066 2827 ad
1107 2772 1397 2828 Minucium
1471 2771 1728 2826 Felicem.
1767 2800 1840 2812 —
1875 2771 1997 2826 Val.

402 2842 694 2908 Max.,lib.
730 2861 767 2899 ιι
787 2887 801 2908 .
830 2860 948 2914 cap.
982 2845 1038 2912 5,
1069 2862 1123 2898 ιι.
1155 2846 1186 2897 ti
1217 2862 1231 2898 :
1261 2843 1478 2898 Febrem
1506 2844 1575 2895 ad
1603 2843 1770 2897 minus
1814 2859 2004 2896 noeen-

403 2915 529 2987 tlum
557 2919 760 2987 tentplis
789 2917 1041 2978 colebant.
1069 2932 1290 2987 quorum
1317 2915 1490 2968 adhuc
1515 2930 1678 2987 unum
1700 2915 1996 2987 in_palatio.

401 2984 556 3040 Adde
581 2982 719 3052 cae,
749 2988 840 3044 lib.
872 3004 968 3054 ιιι,
1003 2982 1220 3042 de'Nat.
1251 2988 1429 3051 deor.,
1459 2999 1580 3053 cap.
1609 2984 1698 3039 25.
1732 2982 1900 3040 Οειι..

478 3055 560 3140 Ne
577 3057 1308 3140 sint‘falstezpmman.,Ven.
1335 3057 1498 3119 M71,
1519 3056 1611 3122 95,
1629 3055 1721 3121 97,
1743 3067 1799 3112 et
1820 3057 1994 3123 Rost.,

405 3145 470 3183 ne
492 3129 592 3182 sint
621 3129 832 3200 fabulae.
865 3130 1152 3185 Buueuau.

481 3198 629 3282 Illa.
665 3201 830 3282 Bun._
855 3201 1020 3282 liabet
1072 3201 1208 3282 ulla,
1267 3201 1338 3282 in
1375 3213 1535 3282 quam
1576 3213 1777 3282 _voeem
1821 3207 2002 3254 notam

406 3281 723 3340 sequentem
745 3271 1009 3326 exhibuit.
1027 3300 1100 3311 —-
1118 3269 1258 3326 Olla.
1283 3273 1374 3326 Sic
1398 3271 1517 3325 libri
1543 3270 1782 3340 plerique
1797 3284 1929 3324 mss.
1951 3282 2006 3325 et

407 3342 532 3412 edd.
568 3351 820 3397 vetustae.
866 3345 934 3396 At
977 3341 1123 3412 Lips.
1168 3343 1225 3408 2,
1259 3343 1490 3408 licitum,
1523 3340 1750 3412 Tornes,
1785 3340 2004 3410 Spark.,

408 3411 646 3478 Walch.,
675 3413 788 3468 illa.
822 3413 916 3468 Est
947 3411 1077 3468 vero
1106 3413 1213 3468 olla
1235 3429 1359 3468 vera
1384 3414 1674 3480 scriptura.
1709 3411 1767 3466 In
1801 3412 2008 3482 legibus

409 3495 623 3538 veteres
640 3484 1163 3569 .atttiquanvocabu‘la
1191 3485 1464 3569 amabant.
1497 3484 1706 3554 Saepius
1738 3485 2010 3569 repetitur

407 3569 510 3609 vos
541 3557 757 3627 antiqua
788 3553 842 3610 in
874 3556 1076 3620 Cicer.,
1109 3557 1204 3611 lib.
1233 3572 1271 3611 ιι
1309 3556 1379 3609 de
1429 3556 1555 3625 Leg.
1589 3553 1710 3624 cap.
1736 3553 1819 3636 8.

481 3624 738 3682 Laudant.
771 3627 828 3683 Id
873 3639 986 3691 est,
1017 3643 1188 3682 rerum
1229 3627 1609 3682 laudandarum
1645 3636 1692 3680 et
1731 3635 2008 3688 uirtutum,

409 3697 707 3754 secundum
739 3700 1050 3756 Turnebum
1094 3699 1160 3754 ad
1187 3697 1302 3755 Cic.
1331 3714 1382 3753 e.
1414 3699 1468 3764 1,
1503 3699 1539 3752 Ι’.
1573 3698 1696 3754 159.
1730 3697 2008 3752 liensum.

479 3767 667 3895 Sugto.
713 3771 867 3840 Quod
916 3771 1038 3826 vide
1081 3772 1222 3841 apud
1247 3771 1446 3835 Cicer.,
1479 3769 1574 3824 lib.
1607 3786 1644 3825 ιι
1694 3768 1763 3823 de
1795 3767 2008 3839 Legib.,

479 3856 520 3895 ι).
597 3883 609 3894 .

401 3853 520 3908 cap.
553 3853 609 3895 δ.

480 3911 675 3980 Quibus
701 3915 916 3970 careas?
955 3915 1129 3970 Virtus
1155 3915 1288 3970 enim
1315 3913 1532 3969 colenda
1561 3920 1657 3966 est.
1709 3911 1800 3966 Sic
1853 3911 2014 3966 resti-

405 3983 605 4040 tuimus
628 4001 691 4040 es
721 4001 851 4040 mss.
872 4002 1009 4055 pene
1035 3987 1308 4042 omnibus.
1335 3985 1391 4039 In
1417 3985 1590 4040 tribus
1612 3983 2012 4055 recentioribus

403 4065 457 4108 et
488 4056 540 4109 in
573 4057 732 4112 editis
752 4099 766 4122 ,
799 4057 844 4112 si
871 4052 1070 4114 Cellar.
1099 4057 1340 4126 excipias
1361 4097 1377 4125 ,
1408 4065 1522 4122 est,
1556 4053 1860 4108 careamus?
1898 4052 2012 4108 Vir-

404 4133 485 4178 tus
513 4128 729 4182 colenda
757 4140 849 4182 est.

489 4195 682 4256 Virtus.
712 4199 892 4271 lnquit
919 4199 1251 4271 Augustinus
1272 4241 1288 4265 ,
1321 4211 1430 4254 non
1459 4197 1596 4252 deus
1617 4237 1634 4263 ,
1665 4195 1763 4252 sed
1795 4195 1887 4252 Dei
1917 4197 2012 4254 do-

405 4283 531 4321 ιιιιιιι
571 4281 676 4326 est.

480 4336 547 4392 Et
573 4341 791 4396 colenda
816 4354 908 4398 est.
939 4341 998 4396 ln
1027 4359 1157 4398 mss.
1177 4341 1213 4395 2
1232 4343 1439 4398 Bonon.
1468 4349 1523 4395 et
1547 4339 1680 4394 Tax.
1699 4352 1761 4394 ac
1779 4340 2008 4395 nonnul-

403 4409 470 4464 lis
496 4411 658 4482 editis
682 4413 1024 4470 desideratur
1047 4423 1154 4468 est:
1183 4413 1377 4482 legitur
1403 4414 1454 4466 in
1481 4410 1718 4466 caneris.

477 4481 1087 4574 Siltllliaﬁcmpiljlidllf‘.
1115 4485 1206 4541 Sic
1224 4481 2006 4574 _re§titgiittus‘exlinsapacla-
2030 4513 2082 4574 Ι)

404 4567 542 4609 rem.
561 4555 780 4612 etColb.
797 4551 849 4611 et
864 4556 1024 4612 editis
1039 4556 1196 4610 Rom.
1219 4555 1379 4620 M70,
1395 4553 1642 4618 Fasitel.,
1663 4551 1759 4618 15.,
1779 4553 2001 4620 Cellar.,

403 4622 708 4696 faventibus
739 4642 871 4684 mss.
906 4627 1006 4688 12,
1040 4642 1102 4680 ac
1127 4627 1370 4696 pluribus
1399 4625 1558 4680 editis
1589 4624 1640 4678 in
1673 4623 1868 4694 quibus
1898 4634 2002 4691 est,

401 4694 556 4768 simul
580 4699 775 4768 accepit
802 4700 948 4752 velle.
975 4697 1033 4752 In
1053 4694 1261 4754 Bonon.
1291 4697 1484 4766 antiq.,
1511 4695 1666 4750 simul
1691 4705 1746 4768 ut
1769 4697 2005 4766 occoepit;

405 4763 458 4817 in
491 4767 616 4822 Jun.
649 4763 711 4824 et
735 4771 761 4824 1
796 4769 952 4824 Colb.
986 4785 1050 4824 ac
1080 4771 1241 4825 editis
1272 4768 1325 4834 5,
1357 4763 1510 4824 simul
1539 4767 1772 4836 occozpit,
1808 4763 1915 4836 pro'
1935 4768 2006 4820 si-

405 4837 513 4890 mul
540 4855 600 4891 ac
620 4842 788 4906 etrapit.

479 4906 747 4980 Templum
795 4919 866 4965 est
916 4921 1110 4980 pectus.
1159 4910 1306 4968 Idem
1363 4911 1524 4968 habet
1563 4907 1856 4980 Apostolus
1890 4907 1907 4961 l
1936 4907 2004 4964 ad

404 4977 733 5041 Corinthios.
765 4998 882 5047 cap.
915 4977 986 5049 vt,
1021 4998 1160 5038 vers.
1195 4983 1284 5040 19.

486 5050 596 5126 Hoc
625 5053 756 5107 ueris
785 5055 889 5108 illis
921 5055 1210 5109 nominibus
1237 5051 1699 5126 impleatur._Vera
1725 5050 2006 5126 et_op_tima

408 5123 601 5196 lectio,
635 5141 754 5193 qua:
783 5133 870 5180 est
899 5121 1390 5196 tnanuseriptorum
1424 5124 1715 5196 Regiorum
1735 5121 1817 5196 .75
1845 5121 2002 5176 Colb.

405 5205 460 5248 et
491 5195 515 5248 1
549 5196 786 5251 Clarum.
821 5195 958 5252 Male
985 5193 1208 5254 otnnino
1237 5200 1289 5252 in
1317 5198 1534 5252 caeteris
1563 5193 1654 5262 qui
1685 5193 1901 5259 habent,
1930 5209 2009 5246 ue-

404 5267 477 5320 ris
499 5266 609 5339 illis
631 5268 945 5339 nominibus;
969 5270 1122 5324 immo
1151 5269 1317 5339 falsis.
1348 5268 1404 5322 In
1429 5263 1887 5339 alioClaramont.
1911 5266 2007 5339 hoc

401 5337 571 5392 verius
599 5337 704 5393 illis
731 5340 1033 5395 nominibus.
1069 5335 1377 5395 Nominibus
1398 5379 1412 5405 ,
1443 5337 1646 5394 scilicet
1673 5335 1777 5391 illis
1806 5337 2008 5391 virtuti-

403 5407 506 5480 bus
535 5425 670 5478 quas
695 5424 854 5480 supra
882 5411 1198 5474 notuinavit.

476 5476 831 5555 In'yeuenafet
859 5485 913 5537 in
942 5488 1136 5555 ferrum
1185 5490 1381 5536 mente.
1435 5479 1524 5555 Sic
1573 5477 1772 5534 habent
1817 5492 2007 5534 omnes

407 5565 540 5622 mss.
571 5550 776 5622 Vulgati
806 5550 1006 5620 autem,
1040 5555 1093 5608 in
1122 5568 1368 5608 uenenum
1398 5561 1444 5606 et
1469 5551 1684 5620 ferrum.

485 5621 748 5678 Privatim.
781 5625 858 5680 Ex
907 5641 1038 5679 mss.
1085 5633 1138 5678 et
1168 5623 1407 5693 pluribus
1448 5622 1608 5676 editis
1650 5621 1853 5693 optime
1891 5636 2007 5677 res-

405 5693 614 5766 pondet
659 5695 990 5766 praecedenti
1031 5695 1288 5766 adverbio
1335 5693 1558 5765 publice.
1603 5693 1729 5766 Mss.
1773 5693 1927 5760 Jun.,
1953 5693 2008 5766 775

403 5765 557 5837 titilb.
591 5775 647 5820 et
663 5764 704 5820 'l
735 5768 974 5821 Clarom.
1004 5781 1034 5821 a
1063 5765 1238 5835 prima
1288 5764 1484 5837 manu,
1515 5775 1571 5822 et
1598 5764 1730 5824 editi
1758 5765 2007 5822 nonnulli

405 5835 584 5907 legunt
606 5875 622 5904 ,
655 5837 886 5906 privatis.

2179 2625 2408 2681 Summis
2436 2626 2627 2698 digitis.
2677 2626 2899 2682 Jocatur
2927 2627 2979 2682 in
3011 2643 3217 2685 morem
3256 2629 3417 2686 illum
3473 2629 3656 2686 ethnico-

2107 2713 2252 2765 rum,
2272 2699 2358 2762 qui
2385 2711 2473 2752 res
2496 2699 2564 2753 ad
2584 2699 2994 2754 sacriﬁcandum
3020 2711 3235 2765 paratas
3259 2701 3476 2758 duobus
3493 2712 3571 2757 aut
3591 2705 3652 2756 tri-

2105 2769 2206 2844 bus
2235 2769 2416 2844 digitis
2445 2771 2987 2844 acciperesolebant.
3019 2769 3170 2828 Thus
3197 2773 3422 2844 quidem
3452 2789 3514 2829 eo
3538 2773 3652 2844 modo

2105 2841 2157 2894 in
2187 2855 2292 2894 arte
2318 2841 2588 2915 ﬂammam
2613 2840 2912 2915 iaciebant.
2939 2840 3252 2915 Hieronyni.
3283 2845 3449 2914 epist.
3485 2845 3505 2899 1
3530 2863 3542 2898 :
3569 2842 3650 2898 Non

2101 2922 2176 2986 est
2206 2921 2404 2965 tantum
2427 2913 2481 2966 in
2509 2928 2580 2986 Διξο
2618 2913 2832 2986 seruitus
2860 2914 3008 2980 idoli,
3039 2915 3082 2969 si
3108 2913 3220 2985 quis
3249 2913 3452 2970 duobus
3480 2917 3650 2986 digitulis

2103 2983 2255 3036 thura
2293 2983 2655 3057 comprehensa
2702 2985 2756 3038 in
2807 2984 3007 3039 bustttm
3055 2983 3164 3041 arae
3203 2987 3400 3054 jaciat.
3442 2983 3649 3057 Porphyr.

2089 3057 2452 3130 'ﬂspic’t‘n'oxﬁc
2483 3055 2771 3130 ἐμψύχων,
2800 3057 2988 3130 inquit,
3018 3057 3207 3130 Pythia
3241 3059 3523 3113 Ermionea
3542 3055 3650 3130 laua-

2026 3119 2071 3182 C
2105 3119 2248 3192 tuin,
2291 3119 2416 3200 dum
2455 3119 2822 3200 sacriﬁcaret,
2865 3119 3125 3200 placent-ae
3179 3127 3374 3186 frustis
3407 3129 3608 3200 acceptis
3631 3144 3650 3182 c

2109 3211 2236 3267 pera
2269 3197 2440 3252 tribus
2470 3197 2666 3268 digitis.
2692 3197 2874 3266 Ovid.,
2910 3215 2948 3254 ιι
2987 3199 3133 3256 Fast.

2262 3309 2325 3360 Et
2346 3309 2517 3374 digitis
2541 3312 2632 3361 tria
2652 3311 2792 3362 thura
2814 3312 2975 3364 tribus
2996 3314 3092 3364 sub
3113 3313 3302 3366 lumine
3331 3317 3477 3382 ponit.

2111 3409 2508 3488 Videsisetjam
2537 3412 2781 3488 Lae_tant.
2802 3413 2894 3468 lib.
2911 3431 2984 3481 tv,
3003 3429 3124 3484 cap.
3147 3416 3201 3479 5,
3223 3425 3280 3472 et
3307 3419 3400 3472 lib.
3419 3433 3582 3488 v,cap.
3605 3415 3648 3471 l9

2109 3481 2278 3559 et_20,
2290 3481 2373 3537 Ea:
2387 3483 2816 3559 Istae—Timui,
2834 3501 2894 3559 ac
2909 3481 3118 3559 summis
3133 3487 3330 3559 digitis.
3354 3489 3406 3544 Id
3423 3481 3518 3553 est,
3531 3481 3648 3559 extre

2110 3554 2224 3628 mis.
2245 3553 2400 3623 Saepe
2429 3557 2496 3628 ita
2527 3571 2650 3628 cum
2679 3557 2896 3624 optimis
2923 3553 3247 3628 quibusque,
3281 3568 3340 3614 ut
3366 3571 3586 3616 notamus
3606 3557 3648 3611 ad

2111 3623 2212 3702 111)ἶ
2221 3641 2278 3702 _v,
2293 3641 2411 3696 cap.
2546 3623 2794 3702 Quorum.
2805 3666 2817 3680 .
2829 3667 2842 3681 .
2859 3623 3108 3702 summam
3122 3623 3346 3699 figuram
3357 3641 3542 3702 gerunt.
3557 3630 3647 3702 But.

2185 3695 2430 3769 Horrere.
2479 3698 2570 3753 Sic
2610 3699 2986 3769 corrigendum
3031 3695 3379 3757 esse'statuo
3411 3717 3522 3758 cunt
3551 3701 3650 3755 Tho-

2113 3768 2293 3840 masio
2311 3782 2380 3823 ex
2403 3784 2533 3840 mss.
2557 3769 2626 3823 ab
2652 3769 2740 3840 illo
2761 3768 2959 3826 eitatis.
2987 3771 3080 3824 llis
3105 3771 3242 3827 adde
3270 3772 3648 3840 Cauc.,5Colb..

2111 3835 2362 3904 Cantatu,
2398 3839 2586 3905 60th.,
2621 3839 2783 3909 Ultr.,
2827 3841 3118 3897 editionem
3163 3835 3527 3901 Genevens'em
3555 3842 3650 3897 1615

2111 3919 2168 3963 et
2197 3911 2368 3983 1579;
2401 3911 2478 3966 sic
2503 3914 2663 3966 etiam
2693 3912 2878 3983 legunt
2907 3912 3177 3969 Betuleius
3202 3924 3257 3970 et
3285 3915 3467 3972 Isaeus.
3505 3916 3579 3972 Sic
3602 3914 3650 3968 le-

2113 3982 2344 4050 gendum
2363 3997 2482 4038 esse
2502 3992 2678 4036 textus
2701 3982 2816 4052 ipSe
2834 3983 3012 4049 docet;
3035 3985 3348 4044 Lactantius
3365 3989 3500 4042 enim
3517 3985 3650 4042 redar-

2111 4053 2226 4120 guit
2257 4053 2375 4126 illos
2403 4053 2546 4126 quod
2560 4053 2759 4126 colant
2782 4055 2929 4118 vitia.
2959 4071 3078 4125 quae
3110 4059 3293 4126 potius
3321 4059 3487 4116 vitare
3504 4068 3550 4114 et
3565 4056 3649 4110 hor-

2111 4138 2234 4196 rere
2254 4123 2504 4180 debeant.
2527 4124 2654 4180 Mss.
2680 4126 2825 4192 Enn,
2848 4123 3153 4182 horrescere.
3177 4126 3306 4196 Alii,
3331 4131 3508 4192 colere.
3534 4127 3649 4182 male.

2189 4195 2706 4273 [Error-principalis.
2753 4198 2828 4252 De
2857 4197 2974 4273 hoc
3004 4199 3213 4270 plenius
3242 4195 3429 4273 agetur
3456 4203 3576 4256 libro
3597 4213 3646 4260 tt.

2110 4267 2204 4338 qui
2233 4277 2316 4321 est
2342 4266 2409 4322 de
2439 4266 2660 4338 Origine
2699 4269 2922 4324 erroris.

2183 4337 2311 4391 Cum
2337 4353 2401 4414 ea;
2427 4337 2692 4414 mulierum
2712 4340 2914 4409 capillis
2935 4349 3185 4414 tormenta
3205 4343 3468 4414 fecissent,
3491 4352 3577 4399 etc.
3600 4339 3650 4394 Eo

2112 4409 2490 4488 temporehoc
2519 4411 2765 4488 evenisse
2793 4414 2979 4488 statuit
3009 4409 3294 4488 Sehedi'us,
3327 4433 3432 4488 quo
3456 4409 3649 4488 'Rontaa

2113 4478 2306 4534 Suevis
2349 4481 2674 4556 Senonibus
2703 4496 2800 4537 seu
2829 4481 2998 4539 Gallis
3029 4485 3248 4540 incensa
3280 4478 3410 4553 luit,
3441 4482 3650 4556 Capitolio

2108 4565 2296 4620 aspera
2323 4551 2605 4608 obsidione
2629 4552 2828 4618 cincto,
2848 4570 2969 4609 eum
2995 4557 3144 4610 nervi
3173 4559 3224 4610 in
3247 4551 3476 4616 arcubus
3502 4551 3651 4613 deﬁce-

2109 4633 2262 4686 rent,
2289 4633 2550 4678 matronae
2576 4625 2893 4693 superstites
2915 4641 3124 4680 comam
3153 4629 3518 4686 absciderunt:
3537 4642 3590 4682 ex
3609 4637 3650 4678 ea

2109 4695 2262 4772 nervi
2283 4694 2514 4772 arcubus
2535 4695 2700 4772 additi
2717 4695 3042 4772 ,_hostesquc
3063 4699 3279 4772 demum
3309 4701 3530 4772 depulsi.
3555 4696 3648 4752 Hinc

2109 4763 2356 4838 libertate
2385 4766 2564 4838 denuo
2593 4766 2776 4836 potiti,
2809 4767 2864 4822 in
2893 4763 3094 4838 gratam
3119 4770 3194 4824 rei
3226 4763 3548 4834 memoriam,
3569 4776 3645 4822 sta-

2109 4843 2257 4889 tuam
2299 4837 2494 4892 Veneri
2533 4853 2791 4905 erexere,
2833 4837 2918 4894 cui
2947 4855 3244 4906 cognomen
3277 4844 3452 4904 Calva:
3481 4839 3646 4896 indide-

2107 4917 2266 4974 runt,
2315 4909 2386 4964 ob
2426 4909 2696 4964 abscissas
2735 4927 2763 4962 a
2809 4911 3068 4966 matronis
3107 4927 3312 4970 comas.
3356 4915 3498 4970 lianc
3525 4912 3650 4965 histo-

2107 4977 2240 5050 riam
2274 4982 2437 5036 refert
2465 4980 2722 5050 Vegetius
2752 4981 2846 5036 lib.
2881 4998 2956 5045 tv,
2988 4997 3110 5050 cap.
3143 4983 3196 5048 9,
3231 4984 3298 5040 de
3337 4987 3414 5040 lle
3443 4978 3644 5040 militari;

2107 5049 2326 5124 Servius
2353 5052 2420 5107 ad
2446 5068 2462 5106 ι
2488 5049 2707 5107 Ᾰιῖηθὶα.
2733 5054 2890 5124 δςυρθ
2919 5054 3020 5108 hoc
3049 5049 3146 5108 usu
3177 5058 3320 5112 venit
3344 5059 3469 5113 olim
3495 5057 3541 5110 iu
3569 5050 3648 5106 bel—

2107 5120 2210 5199 iis1
2239 5122 2412 5199 in_quit
2440 5125 2515 5199 Is;
2537 5120 2966 5199 Cttsajtltonus_in
2995 5124 3234 5199 Notis‘ad
3261 5127 3532 5199 Capitolio.
3561 5135 3646 5198 pag;

2108 5191 2235 5246 188.
2268 5191 2448 5270 Caesar
2477 5195 2614 5270 Belli
2651 5193 2838 5270 Civilis
2879 5196 2972 5252 lib.
3007 5212 3096 5260 ιιι,
3141 5197 3210 5252 de
3250 5198 3310 5254 iis
3340 5191 3447 5270 'qui
3489 5191 3648 5270 obsessi

2106 5276 2257 5319 erant
2307 5266 2551 5331 Salonis,
2605 5269 2862 5335 prtesectis
2906 5269 3134 5322 omnium
3174 5263 3440 5324 mulierum
3475 5263 3650 5321 crinibus

2107 5346 2356 5391 tormenta
2377 5335 2669 5405 effecerunt.
2695 5337 2889 5392 Narrat
2915 5351 2968 5393 et
2983 5339 3079 5394 Dio
3103 5341 3154 5394 itt
3173 5341 3394 5406 Severo,
3411 5343 3458 5395 in
3480 5342 3648 5394 obsessa

2108 5408 2244 5480 urbe
2271 5409 2526 5480 Byzantio
2557 5409 2812 5462 rudentes
2841 5411 2907 5464 de
2934 5411 3170 5466 crinibus
3197 5415 3474 5468 mulierum
3500 5409 3648 5480 laetos:

2107 5479 2243 5554 γιιιθ
2263 5471 2552 5535 Aristidem
2573 5481 2627 5534 in
2648 5480 2944 5554 Rhodiaca.
2969 5482 3046 5537 De
3066 5482 3166 5536 hac
3191 5499 3248 5538 re
3266 5485 3336 5538 nil
3355 5483 3536 5554 legitur
3548 5471 3649 5554 apud

2105 5550 2314 5628 ξέὶνὶιιιι)
2333 5592 2349 5618 ,
2384 5565 2560 5628 neque
2589 5551 2729 5628 apud
2759 5551 3132 5628 Pltttarcltum.
3161 5550 3647 5628 Attamen'templum

2107 5621 2336 5697 Y_eneris
2377 5623 2558 5697 Calvae
2583 5623 2922 5697 it'ridetura
2959 5623 3331 5697 S._Cypriano
3371 5627 3449 5680 his
3488 5621 3648 5697 verbis:

2107 5691 2234 5761 Est,
2259 5693 2434 5768 inquit
2454 5703 2545 5768 ,__et
2583 5693 2748 5749 Venus
2777 5693 2956 5768 Calva.
2990 5690 3159 5751 Multo
3189 5698 3270 5752 hic
3297 5699 3488 5768 turpius
3512 5690 3643 5768 Calva.

2106 5781 2260 5846 quam
2283 5762 2421 5846 apud
2452 5764 3042 5846 Homerumpulnerata.
3075 5768 3148 5824 De
3173 5769 3359 5826 eadem
3379 5762 3438 5825 vel
3461 5762 3646 5834 loquitur

2107 5836 2464 5906 Augustinus,
2493 5847 2548 5894 ct
2578 5836 2828 5907 Vegetius
2853 5837 2992 5894 libro
3016 5855 3091 5896 tv.

3724 465 3726 620 ι
