3790 6274
47 317 166 375 25⁸5

1125 306 1403 368 LIBERI.
1445 308 1537 368 DE
1577 301 1803 370 FALSA
1843 297 2236 369 RELIGIONE.

3253 313 3363 376 23b

44 428 423 496 animas,qu:e
443 422 677 479 maxime
695 427 780 478 est
798 427 930 478 tetas
948 423 1264 494 parentibus
1283 422 1514 490 dulcior,
1535 423 1652 479 sine
1679 429 1733 489 Α
1758 424 1976 481 lebant?
2017 441 2141 481 cum
2204 433 2407 481 tantam
2457 433 2668 497 partem
2722 427 2958 486 civitatis
3016 431 3359 505 occiderem,

49 521 172 578 ullo
217 527 470 590 respectu
515 517 731 588 pietatis
771 517 1186 589 extinguerent,
1240 517 1658 574 immanitatem-

47 628 158 686 que
178 612 422 667 omnium
446 609 764 672 bestiarum,
783 625 904 680 quae
927 619 1106 665 tamen
1129 608 1290 665 fretus
1307 624 1434 664 suos
1454 619 1658 674 amant,

51 707 270 764 feritate
291 704 647 775 superarent!
681 702 725 760 Ο
755 702 1086 759 dementiam
1110 703 1498 758 insanabilem!
1524 703 1662 772 Quid

53 800 157 858 illis
185 799 277 855 isti
299 798 371 854 dii
411 797 642 867 amplius
687 795 865 853 facere
895 801 1156 868 possent,"
1177 796 1222 851 si
1261 807 1443 852 essent
1480 796 1661 851 iratis-

53 892 213 960 simi,
244 906 407 963 quam
440 890 638 946 faciunt
675 889 927 961 propitii?
965 904 1087 944 cum
1119 902 1246 945 suos
1272 887 1512 944 cultores
1542 903 1664 958 par-

50 984 262 1042 ricidiis
294 983 596 1055 inquinant,
631 982 949 1038 orbitatibus
977 989 1236 1048 mactant,
1266 980 1518 1036 humanis
1547 996 1665 1036 sen-

52 1079 206 1134 sibus
225 1076 500 1147 spoliaut?
523 1075 662 1143 Quid
687 1084 864 1146 potest
884 1091 1005 1131 esse
1022 1074 1108 1130 his
1129 1074 1438 1130 hominibus
1458 1075 1665 1129 sancti?

52 1172 159 1230 Aut
181 1171 318 1243 quid
346 1171 399 1226 in
431 1170 672 1242 profanis
698 1170 830 1226 locis
860 1171 1078 1238 facient,
1105 1171 1194 1242 qui
1223 1170 1364 1226 inter
1394 1185 1516 1224 aras
1537 1169 1667 1226 dco-

52 1280 172 1320 rmn
217 1278 436 1318 summa
467 1263 675 1319 scelera
715 1261 1093 1318 committunt?
1121 1261 1450 1318 Pescennius
1477 1261 1668 1316 Festus

51 1359 104 1414 in
144 1357 308 1414 libris
338 1357 698 1414 Historiarum
744 1371 843 1427 per
871 1355 1118 1428 Satyrum
1163 1353 1362 1422 refert,
1389 1355 1668 1425 Carthagi-

45 1466 257 1508 nenses
294 1451 534 1506 Saturno
577 1449 842 1504 humanas
870 1447 1075 1504 hostias
1117 1447 1306 1503 solitos
1343 1447 1621 1503 immolare
1653 1464 1667 1502 :

42 1553 254 1602 etcum
283 1543 418 1599 victi
436 1551 620 1598 essent
645 1541 712 1597 ab
733 1540 1050 1612 Agathocle,
1076 1555 1202 1611 rege
1227 1538 1552 1606 Siculorum,
1569 1540 1674 1595 ira-

42 1646 167 1692 tum
202 1637 320 1694 sibi
362 1635 532 1690 Deum
575 1633 882 1704 putavisse;
916 1633 1095 1703 itaque
1126 1639 1185 1686 ut
1223 1631 1531 1702 diligentius
1558 1633 1672 1702 pia-

46 1729 244 1784 culum
277 1727 573 1793 solverent,
602 1725 863 1782 ducentos
887 1724 1146 1781 nobilium
1175 1723 1315 1780 filios
1341 1724 1669 1782 immolasse.

187 1831 404 1880 Tantum
421 1828 621 1892 relligio
643 1830 807 1892 potuit
819 1827 1034 1878 suadere
1059 1826 1319 1892 malorum,

189 1893 321 1952 Quae
339 1888 690 1956 peperit'szepe
708 1891 978 1950 scelerosa,
1007 1898 1155 1953 atque
1181 1888 1327 1952 impia
1344 1888 1492 1939 facta.

57 2004 154 2062 Cui
183 2018 324 2076 ergo
352 2001 748 2059 dementissimi
779 2000 1030 2056 homines
1059 1999 1156 2056 illo
1176 1998 1449 2056 sacriﬁcio
1479 2014 1674 2057 consuo

1763 527 2020 586 quantam
2053 517 2288 574 fortasse
2321 534 2390 574 ne
2417 518 2744 590 Agathocles
2773 522 2988 592 quidem
3016 524 3192 582 victor
3215 529 3364 584 occi-

1764 606 1942 664 derat.

1842 701 1923 755 Ab
1954 701 2060 756 isto
2099 717 2300 773 genere
2321 717 2604 759 sacrorum
2633 719 2740 760 non
2775 706 3002 764 minoris
3030 707 3251 766 insaniae
3274 711 3364 783 ju-

1767 793 1993 849 dicanda
2041 805 2167 849 sunt
2203 796 2417 866 publica
2459 797 2552 852 illa
2585 812 2738 853 sacra
2775 816 2789 853 :
2821 815 3052 870 quorum
3094 804 3198 858 alia
3246 815 3373 859 sunt

1767 889 1957 942 matris
1982 887 2140 944 deum
2166 929 2182 955 ,
2216 891 2269 944 in
2311 890 2508 961 quibus
2543 891 2793 949 homines
2839 893 2953 950 suis
2984 895 3088 965 ipsi
3124 898 3373 954 virilibus

1767 980 1960 1047 litant;
1993 990 2272 1052 amputato
2300 983 2444 1038 enim
2473 999 2629 1051 sexu,
2665 1001 2765 1041 nec
2798 987 2946 1043 viros
2971 1003 3051 1056 se,
3079 1005 3178 1045 nec
3199 991 3378 1047 fremi-

1770 1086 1868 1126 nas
1906 1072 2110 1127 faciunt
2143 1089 2158 1126 :
2189 1074 2298 1128 alia
2329 1074 2591 1141 Virtutis,
2621 1092 2780 1148 quam
2810 1081 3058 1136 eamdem
3091 1082 3375 1139 Bellonam

1768 1175 1988 1233 vocant,
2023 1165 2076 1220 in
2107 1167 2303 1237 quibus
2326 1169 2426 1240 ipsi
2446 1171 2759 1227 sacerdotes
2789 1189 2897 1229 non
2927 1175 3130 1242 alieno,
3165 1178 3261 1233 sed
3278 1194 3378 1234 suo

1770 1273 1966 1314 cruore
1997 1261 2323 1316 sacrificant.
2367 1263 2543 1318 Sectis
2572 1281 2804 1336 namque
2835 1266 3108 1335 humeris,
3141 1279 3194 1324 et
3233 1282 3381 1326 utra-

1772 1365 1878 1420 que
1909 1366 2069 1407 manu
2112 1353 2388 1410 districtos
2413 1357 2622 1426 gladios
2655 1368 2941 1414 exerentes
2963 1401 2976 1424 ,
3009 1371 3263 1429 currunt,
3297 1363 3379 1419 ef-

1773 1439 2062 1510 feruntur,
2094 1443 2390 1501 insaniunt.
2444 1446 2660 1517 Optime
2708 1449 2873 1518 igitur
2913 1450 3280 1519 Quintilianus
3326 1455 3382 1510 in

1775 1535 2064 1606 Fanatico;
2102 1557 2120 1590 ι
2157 1538 2320 1606 Istud,
2355 1541 2550 1612 inquit,
2580 1543 2624 1596 si
2656 1542 2801 1598 Deus
2824 1545 2985 1615 cogit,
3019 1546 3186 1601 iratus
3215 1555 3318 1602 est.
3355 1567 3375 1600 ι

1779 1629 2028 1686 Etiamne
2058 1633 2172 1688 hare
2198 1648 2351 1690 sacra
2379 1636 2545 1690 sunt?
2575 1635 2764 1694 Nonne
2810 1639 2980 1694 satius
3005 1650 3088 1696 est
3115 1641 3382 1712 pecudum

1779 1741 1932 1783 more
1961 1727 2165 1795 vivere,
2204 1745 2364 1800 quam
2397 1731 2528 1786 deos
2558 1741 2664 1787 tam
2700 1732 2913 1804 impios,
2948 1745 3052 1788 tam
3082 1735 3340 1805 profanos
3363 1778 3380 1803 ,

1703 1859 1752 1920 Β
1783 1827 1892 1875 tam
1938 1823 2316 1893 sanguinarios
2363 1824 2582 1880 colere?
2625 1825 2729 1879 Sed
2761 1825 2904 1881 unde
2954 1827 3042 1880 isti
3085 1842 3302 1882 errores
3327 1836 3386 1882 et

1781 1912 1897 1970 haec
1925 1923 2074 1969 tanta
2108 1915 2307 1985 ﬂagitia
2341 1915 2695 1982 manaverint,
2729 1931 2830 1970 suo
2856 1917 2978 1972 loco
3002 1917 3335 1975 disseremus
3368 1937 3384 1974 :

1778 2004 1996 2060 interim
2026 2006 2306 2063 videamus
2334 2017 2389 2063 et
2414 2016 2610 2064 caetera
2632 2047 2648 2076 ,
2677 2024 2798 2079 qua:
2823 2019 3013 2066 carent
3041 2012 3274 2081 scelere,
3314 2028 3384 2068 ne

1440 2117 1801 2177 VARIORUM
1826 2122 2060 2180 NOTIE.

135 2233 439 2290 Maxime...
499 2233 717 2289 dulcior.
785 2232 1084 2303 Singularis
1144 2235 1518 2300 constructio,
1572 2250 1670 2302 pro

67 2307 286 2363 maxume
315 2306 505 2370 dulcis,
535 2317 625 2360 aut
654 2304 1438 2376 dulcissima.Vid.Heusinger.
1468 2306 1535 2362 ad
1562 2305 1641 2362 Ve
1659 2336 1672 2347 -

73 2379 263 2437 cliner.
294 2377 595 2440 Hellenol.,
626 2377 821 2447 p.i7l.
847 2377 978 2432 BUN.

140 2450 379 2504 Pietatis.
413 2450 631 2503 Amoris
661 2458 947 2518 parentum
977 2447 1237 2505 adversus
1277 2448 1498 2518 liberos,
1527 2449 1568 2506 l.
1597 2466 1670 2518 ιν,

75 2539 121 2580 c.
154 2523 250 2586 i7;
281 2521 349 2575 de
381 2521 542 2576 Mort.
576 2520 851 2574 Persecnt.
881 2533 929 2574 c.
956 2520 1046 2574 52.
1092 2520 1220 2575 Buu.

143 2593 285 2648 Inter
305 2609 498 2647 aras...
525 2593 738 2646 scelera.
768 2590 928 2662 Cypr.
957 2590 1250 2662 ed.0xon.,
1281 2593 1316 2646 τ.
1352 2594 1437 2659 17,
1467 2593 1536 2650 ad
1566 2594 1670 2650 Do—

77 2676 274 2731 natum,
306 2665 341 2718 l.
367 2681 436 2731 ιι,
465 2663 625 2733 epist.
655 2663 711 2730 2,
740 2661 826 2717 ed.
851 2662 972 2734 Bas.
1009 2661 1154 2718 Inter
1183 2664 1318 2734 leges
1340 2665 1480 2731 ipsas
1505 2666 1673 2722 delin-

80 2739 260 2809 quitur,
284 2736 422 2809 inter
441 2737 566 2809 jura
594 2743 850 2809 peccatur.
880 2733 1012 2788 BUN.

150 2808 346 2863 Festus.
370 2806 455 2863 De
485 2807 587 2878 hoc
604 2807 675 2860 nil
695 2806 897 2878 legitur
923 2806 1062 2878 apud
1088 2815 1340 2864 auctores
1368 2823 1436 2864 ne
1459 2807 1677 2878 quidem

84 2880 212 2952 apud
240 2879 472 2952 Gregor.
507 2877 821 2949 Gyraldum.
847 2875 1002 2933 Unde
1025 2877 1187 2932 lectio
1228 2879 1343 2934 haec
1371 2875 1513 2949 apud
1541 2879 1681 2934 mul—

88 2951 165 3010 tos
192 2951 418 3006 habetur
445 2959 716 3019 suspecta.

158 3024 250 3077 Per
279 3022 536 3092 Satyrum
562 3020 734 3092 refert.
765 3019 984 3092 Satyra.
1006 3034 1101 3076 seu
1127 3030 1330 3089 satura,
1359 3022 1445 3077 hic
1472 3021 1572 3076 loci
1604 3020 1681 3075 si-

94 3073 885 3167 gnaretjist'sismevoseis:
903 3073 1685 3167 sedamissisiisiis.
1715 3073 1759 3138 ρ

95 3163 230 3222 tione
252 3167 453 3238 gentis,
477 3174 570 3219 aut
589 3164 777 3220 ordine
797 3163 1083 3238 temporis;
1103 3165 1186 3238 vel
1206 3165 1360 3238 juxta
1387 3165 1549 3238 alios.
1568 3177 1690 3238 pro-

98 3235 305 3305 miscue,
331 3239 426 3293 vel
476 3250 668 3306 magna
699 3235 956 3290 varietate
984 3243 1041 3290 et
1065 3236 1218 3306 copia
1259 3235 1470 3292 refertis
1498 3235 1685 3301 libris;

101 3309 230 3380 quod
255 3310 585 3375 diceremus,
615 3307 758 3380 uaria
785 3307 1018 3380 historia.

164 3380 582 3448 Carthaginenses
627 3378 873 3434 Saturno.
921 3377 1090 3448 Hujus
1129 3376 1377 3433 sacriﬁcii
1419 3377 1687 3433 memine-

106 3462 219 3508 runt
242 3452 639 3516 Tertullianus,
669 3450 959 3515 Eusebius,
989 3449 1046 3504 S.
1075 3449 1441 3519 Augustinus,
1491 3457 1690 3519 praeter

105 3523 349 3579 JuStinum
369 3533 427 3578 et
450 3521 694 3578 Curtium
718 3521 827 3590 jam
855 3522 1079 3586 citatos;
1111 3537 1211 3576 nec
1238 3520 1508 3591 ignoravit
1535 3519 1689 3574 Plato

109 3597 158 3651 in
177 3595 370 3665 dialogo
389 3595 490 3664 qui
508 3591 1054 3665 Minosﬁinscrihitur.

179 3667 248 3720 Ab
266 3661 561 3736 Agathocle.
583 3663 670 3736 De
698 3664 879 3721 Rebus
903 3664 1070 3736 gestis
1099 3663 1411 3736 Agathoclis
1432 3662 1484 3716 in
1509 3661 1690 3717 Africa

115 3737 229 3792 vide
242 3734 523 3804 Justinum,
540 3735 764 3798 lib.ut;
784 3736 1001 3790 Diodor.
1019 3734 1281 3802 Siculum,
1302 3736 1396 3790 lib.
1413 3749 1467 3788 ιιι
1483 3743 1535 3788 et
1550 3749 1685 3801 xvu,

117 3818 263 3877 atque
286 3808 630 3878 Plutarchum
648 3807 714 3878 in
726 3807 954 3878 Pyrrho.

187 3876 420 3947 Tantum,
461 3889 566 3935 etc.
595 3877 656 3932 Hi
686 3876 795 3932 duo
817 3892 1006 3935 versus
1027 3876 1258 3933 diversis
1284 3876 1419 3933 locis
1439 3890 1469 3930 a
1488 3876 1691 3932 Lucre-

122 3952 189 4007 tio
213 3953 386 4021 scripti
407 3960 561 4014 sunt,
585 3949 795 4005 scilicet
817 3951 911 4004 lib.
937 3967 956 4005 1
984 3949 1052 4004 de
1076 3965 1259 4004 rerum
1291 3949 1514 4013 Natura,
1549 3963 1690 4021 vers.

123 4023 249 4089 102;
275 4019 329 4079 et
349 4025 438 4080 lib.
487 4037 617 4091 v,v.
647 4021 740 4077 84.
772 4021 879 4078 Sed
920 4022 1008 4076 hic
1035 4021 1256 4075 ultimus
1301 4019 1692 4090 aliquantulum

126 4096 430 4150 immutatus.

193 4165 471 4222 Occiderat.
507 4166 761 4221 Dicuntur
793 4165 892 4220 tria
921 4163 1088 4221 millia
1115 4163 1408 4220 Poenorum
1441 4171 1568 4219 tunc
1593 4177 1687 4217 ce-

131 4237 345 4310 cidisse.
373 4237 546 4310 Hujus
589 4237 836 4310 sacrilegi
876 4235 1435 4310 sacriﬁciiuexempla
1476 4234 1696 4306 collegit

134 4309 412 4365 AleXander
436 4306 509 4366 ab
540 4306 846 4365 Alexandro
873 4308 928 4363 in
956 4307 1270 4364 Geuialibus
1301 4306 1521 4362 Diebus.

201 4381 372 4437 Matris
395 4381 566 4436 Deum
583 4423 598 4445 ,
625 4389 731 4435 etc.
756 4379 951 4435 Habuit
976 4389 1029 4434 et
1055 4379 1160 4434 alia
1192 4379 1445 4444 nomina;
1473 4377 1695 4447 proprie

139 4453 270 4539 enim
291 4453 454 4518 llliea,
481 4461 576 4539 aut
600 4451 805 4539 Cybele
825 4451 1137 4539 versabatur.
1163 4449 1418 4539 Tatia‘qus
1445 4450 1696 4532 Assyrius
1726 4478 1782 4539 Ι)

142 4522 374 4594 Oratione
389 4533 576 4580 eontra
593 4519 782 4594 gentes
807 4543 821 4579 :
849 4523 1016 4587 Rhea,
1032 4539 1186 4590 quam
1208 4522 1260 4594 in
1273 4519 1528 4594 Phrygiis
1554 4519 1703 4594 mon-

145 4594 261 4650 tibus
294 4593 523 4666 Cybelem
550 4591 761 4661 vocant,
794 4596 1131 4666 exsectionem
1166 4591 1532 4666 uirilium’leg’e
1558 4591 1713 4666 insti-

148 4666 233 4718 tuit
273 4663 470 4734 propter
510 4666 811 4720 adamatum
839 4665 934 4722 sibi
973 4665 1134 4719 Attin.
1167 4663 1306 4720 Vide
1357 4663 1716 4719 Prudentium

149 4735 342 4805 llymno
370 4739 420 4792 in
448 4738 751 4794 Romanum
784 4756 797 4792 :

291 4847 375 4912 Ast
389 4850 470 4900 hic
491 4850 728 4900 metemla
749 4849 945 4900 dedicat
963 4847 1220 4912 genitalia,

287 4911 475 4976 {iumen
490 4915 652 4963 reciso
677 4914 904 4976 mitigans
919 4911 983 4976 ab
1000 4913 1200 4974 inguine
1213 4924 1236 4976 4:

293 4971 446 5038 Qdert
465 4976 744 5038 pudendum
767 4971 968 5038 semivir
991 4971 1172 5038 donum
1193 4974 1328 5035 dcte;

297 5034 428 5098 illam
447 5034 642 5086 revulsa
665 5037 920 5088 masculini
943 5037 1185 5098 germinis

295 5095 446 5159 Vena,
465 5099 682 5152 eﬁluenti
707 5101 859 5164 pascit
876 5095 1065 5152 auctam
1085 5099 1347 5160 sanguine.

165 5199 285 5278 Vide
307 5212 358 5278 e_t
381 5205 663 5278 Augustin.
695 5209 789 5263 lib.
819 5224 890 5264 vn
918 5209 984 5263 de
1025 5207 1141 5262 Civ.
1185 5206 1316 5272 Dei,
1345 5221 1396 5260 c.
1414 5204 1472 5278 β.
1503 5203 1578 5259 Ea
1598 5202 1726 5278 evi-

1779 2250 1992 2325 co_nstat
2023 2242 2208 2325 Gallos
2237 2255 2480 2325 vocatos.
2511 2247 2593 2303 Ad
2624 2263 2742 2319 cap.
2771 2251 2803 2305 7
2834 2251 2991 2325 hujus
3022 2252 3148 2325 libri
3189 2268 3254 2308 ex
3278 2253 3381 2309 Be-

1782 2315 1946 2389 tuleio
1993 2317 2298 2389 notavimus
2334 2318 2406 2372 ita
2449 2333 2544 2374 eos
2585 2315 2807 2376 vocatos
2849 2315 3076 2379 a'Gallo
3123 2323 3378 2389 ﬂumine,

1781 2385 1926 2461 quod
1952 2387 2121 2461 etiam
2139 2389 2348 2461 probat,
2371 2389 2595 2456 Vossius,
2618 2394 2705 2458 qui
2739 2403 2890 2461 putat
2917 2395 3080 2448 etiam
3109 2396 3187 2449 sic
3213 2385 3386 2452 dictos

1781 2471 1814 2536 a_
1837 2458 2202 2536 vir_o_nomine
2227 2457 2381 2514 Gallo
2398 2503 2412 2526 ,
2449 2464 2540 2536 qui
2563 2457 2767 2536 primus
2795 2465 2931 2536 forte
2951 2466 3192 2536 Cybeles
3199 2482 3386 2522 sacer-

1784 2526 1882 2605 dos
1909 2527 2030 2605 fuit.
2060 2529 2208 2605 Sane
2246 2542 2301 2605 et
2327 2526 2479 2605 apud
2511 2526 2848 2605 Stephanum
2880 2526 3074 2605 logiiitr
3107 2554 3120 2588 :
3154 2535 3218 2588 Et
3247 2536 3381 2589 Gal-

1786 2600 1894 2673 l_um
1918 2611 1966 2654 et
1998 2601 2137 2654 Attin
2157 2602 2442 2657 abscidisse
2465 2600 2728 2673 genitalia.
2765 2607 2830 2658 At
2861 2600 3069 2660 Gallum
3095 2608 3289 2661 venisse
3315 2610 3384 2660 ad

1786 2670 1997 2744 Tyriam
2021 2673 2235 2744 ﬂuvium
2255 2715 2270 2738 ,
2299 2683 2447 2742 atque
2467 2670 2598 2729 vistic
2627 2678 2888 2733 habitasse
2907 2719 2922 2742 ,
2953 2690 2999 2733 et
3036 2694 3240 2732 vocasse
3269 2695 3386 2731 eum

1787 2743 1994 2818 gallum
2020 2759 2037 2798 :
2066 2743 2248 2818 abillo
2279 2745 2521 2818 en_inteos
2561 2748 2743 2816 quibus
2798 2750 3066 2818 praecisum
3103 2759 3351 2803 ueratrum
3373 2790 3388 2812 ,

1789 2813 1968 2892 gallos
1997 2814 2283 2892 appellunt.
2313 2814 2456 2892 _Galli
2489 2813 2598 2884 isti,
2628 2819 2678 2892 in
2710 2813 2879 2876 sacris
2904 2820 3133 2892 Cybeles
3168 2830 3221 2892 et
3245 2822 3385 2876 Atti~

1787 2885 1871 2942 dis
1888 2887 2282 2962 ,_imi_tabantur
2313 2887 2861 2962 lugentemACylieletn
2886 2885 2965 2945 ob'
2984 2896 3131 2946 Attin
3164 2912 3175 2944 :
3201 2891 3385 2961 itaque

1789 2965 1844 3012 et
1870 2958 2166 3032 ejulabant,
2190 2967 2244 3012 et
2269 2969 2454 3028 pectus
2481 2958 2762 3016 credebant
2791 2963 3002 3032 palmis.
3028 2963 3192 3018 Pinus
3219 2958 3384 3017 etiam

1790 3031 2130 3104 statuebam!
2157 3032 2214 3084 in
2235 3034 2554 3104 memoriam
2599 3034 2758 3102 pinus
2793 3031 2902 3088 ’sub
2931 3049 3033 3104 qua
3069 3050 3129 3090 se
3173 3043 3381 3089 castra-

1791 3112 1878 3176 rat
1897 3102 2064 3176 Attis.
2091 3101 2246 3155 Rami
2281 3103 2454 3176 pinus_
2479 3101 2696 3176 coronis
2735 3101 3090 3169 ornabantur,
3122 3106 3245 3176 quia
3273 3104 3384 3176 Cy-

1791 3172 1917 3228 bele
1943 3174 2029 3246 sic;
2051 3172 2377 3246 honorasset
2407 3171 2611 3242 pinum.
2645 3175 2823 3245 Stipes
2851 3177 2970 3246 ejus
2997 3171 3275 3231 velabatur
3302 3171 3384 3230 la-

1791 3259 1896 3317 na,
1943 3244 2067 3317 quia
2110 3244 2309 3314 Cybele
2357 3246 2646 3300 exanimati
2702 3244 2900 3302 Attidis
2933 3261 3120 3317 peetus
3149 3247 3384 3302 velasset

1792 3315 1944 3383 lana,
1976 3315 2043 3369 ad
2073 3322 2312 3383 teporem
2349 3317 2770 3372 conciliandum.
2805 3315 2950 3374 Pane
2987 3320 3380 3381 abstinebatur,

1791 3386 1918 3455 quia
1955 3387 2153 3458 Cybele
2177 3401 2247 3458 eo
2288 3387 2641 3444 abstinuisset
2667 3391 2738 3445 ob
2781 3405 3096 3447 maerorem.
3130 3389 3262 3446 Vide
3286 3389 3397 3445 Ar-

1792 3461 1946 3520 nob.,
1979 3457 2073 3513 lib.
2106 3473 2158 3514 v.
2176 3457 2416 3514 Vossws.

1864 3549 2154 3624 Bellonam.
2181 3549 2388 3624 Lib._v.
2421 3565 2473 3608 c.
2520 3551 2607 3624 ll),
2641 3561 2696 3606 et
2721 3552 3046 3624 interpretes
3076 3553 3142 3608 ad
3167 3553 3393 3619 Minue,

1792 3636 1911 3692 cap.
1945 3621 2035 3676 50.
2053 3622 2277 3693 Egregie
2298 3622 2530 3676 illustrat
2561 3623 2698 3678 hanc
2722 3621 3006 3679 lectin'nem
3027 3625 3231 3681 Seneca
3252 3625 3395 3693 apud

1793 3691 2234 3766 hugttst.deCiy.
2260 3692 2436 3766 De_i_.l.
2462 3709 2599 3766 ηρ.
2621 3694 2721 3759 lO;
2755 3697 3035 3766 explicant
3062 3691 3334 3766 Lipsius].
3363 3710 3406 3748 ιι

1793 3761 1964 3819 Elect.
1998 3778 2118 3832 cap.
2142 3761 2229 3823 18.
2255 3763 2436 3817 ctNic.
2459 3764 2676 3820 Abram.
2699 3765 2764 3819 ad
2789 3761 2898 3820 Cic.
2927 3767 2977 3818 in
3009 3761 3215 3827 Pison.,
3238 3764 3398 3828 c.20;

1795 3834 2112 3908 Brmckhus.
2142 3835 2210 3887 ad
2245 3833 2514 3908 Τίιιιιιι.)ἐ
2540 3851 2588 3908 c.
2609 3835 2674 3908 :7,
2707 3853 2827 3908 pag.
2868 3835 2989 3892 152.
3022 3834 3181 3889 Conl‘.
3215 3835 3396 3890 Pitisci

1795 3906 1860 3963 L.
1891 3911 1955 3962 A.
1991 3907 2056 3960 Β.
2089 3915 2224 3958 tom.
2256 3921 2295 3969 ι,
2323 3903 2415 3958 fol.
2447 3904 2575 3959 270.
2608 3903 2736 3961 Buri.

1867 3978 1934 4032 In
1957 3977 2137 4045 quibus
2154 3978 2252 4046 ipsi
2270 3976 2576 4034 sacerdotes.
2605 3988 2711 4032 etc.
2744 3978 2969 4035 Tertull.
3002 3977 3187 4046 Apol.,
3213 3993 3332 4046 cap.
3360 3977 3393 4032 9

1796 4065 1860 4106 ac
1882 4050 1953 4105 2i
1987 4068 1998 4102 :
2039 4048 2204 4122 Hodie
2225 4049 2374 4122 isthic
2394 4047 2622 4122 Bellona?
2641 4061 2871 4122 sacratus
2892 4052 3102 4122 sanguis
3124 4050 3186 4122 de
3208 4051 3400 4121 femore

1798 4121 2120 4193 proscissoin
2141 4120 2427 4190 parmulam
2449 4115 2550 4193 (sic
2573 4119 2858 4193 legendum
2888 4115 3008 4176 esse
3038 4119 3188 4192 puto)
3208 4115 3399 4188 excep-

1799 4189 1880 4248 tus
1904 4194 2009 4248 suis
2035 4189 2187 4245 datur
2206 4193 2439 4261 signatis.
2465 4189 2592 4245 Min.
2615 4189 2732 4246 Fel.
2759 4209 2770 4244 :
2791 4191 3004 4247 Bellona
3025 4189 3226 4248 servum
3250 4207 3402 4246 suum

1799 4265 1986 4319 haustu
2013 4264 2207 4318 cruoris
2237 4263 2446 4317 humani
2471 4262 2669 4316 imbuit.
2704 4263 2954 4319 Lucanus
2985 4265 3078 4320 lib.
3111 4282 3128 4319 ι
3165 4281 3178 4317 :

2025 4415 2037 4427 .
2077 4415 2090 4428 .
2130 4414 2142 4426 .
2181 4413 2194 4426 .
2232 4376 2400 4437 .Quos
2421 4375 2796 4428 sectlsBellona
2815 4377 3018 4428 lacertis

2023 4440 2166 4491 Saeva
2190 4447 2381 4490 monet.

1819 4549 1999 4606 Gallos
2039 4549 2118 4604 sic
2161 4549 2397 4604 eviratos
2440 4545 2835 4617 sugillatetiam
2866 4544 3400 4617 S._Augustinus,rde

1820 4621 1977 4677 Civit.
2015 4620 2130 4684 Dei,
2157 4621 2249 4674 lib.
2275 4636 2384 4683 vn,
2416 4615 2535 4687 cap.
2579 4617 2672 4672 25.
2705 4617 2903 4672 Mutata
2936 4615 3055 4670 fuit
3086 4627 3265 4684 postea
3312 4616 3405 4670 illa

1822 4692 2189 4760 consuetudo,
2234 4701 2289 4747 et
2327 4693 2574 4746 simulata
2607 4687 2979 4742 tantummodo
3017 4689 3186 4760 sectio
3218 4702 3408 4760 mem-

1823 4766 2043 4821 brorum
2075 4757 2532 4818 aut’detruncatio
2554 4769 2782 4825 retenta,
2803 4776 2927 4814 vera
2953 4759 3170 4813 abolita.
3203 4757 3408 4827 Colligo

1825 4852 1891 4892 ex
1917 4833 2059 4890 .lElio
2101 4833 2374 4904 Lamprid.
2420 4833 2471 4886 in
2501 4831 2799 4904 Commodo
2835 4848 2848 4886 :
2878 4829 3108 4904 Bellona:
3142 4831 3410 4904 seruientes

1826 4923 1940 4962 vere
1983 4922 2218 4961 exsecari:
2241 4901 2529 4959 brachium
2571 4903 2829 4974 praecepit,
2853 4903 3048 4974 istudio
3067 4901 3409 4974 crudelitatis.

1829 4975 2324 5034 Damnst—Hune
2365 4989 2570 5028 morem
2603 4972 2744 5027 illos
2769 4990 2797 5027 a
2849 4973 3110 5028 Babalitis
3137 4972 3413 5040 accepisse

1828 5049 2128 5105 verisimile
2156 5058 2239 5101 est
2284 5067 2297 5099 :
2331 5047 2382 5100 in
2419 5047 2509 5099 Dei
2538 5047 2678 5098 enim
2712 5045 2854 5098 illius
2881 5046 3097 5100 Balralis
3124 5043 3268 5098 cultu
3318 5056 3409 5094 sa-

1830 5118 2080 5176 cerdotes
2110 5135 2168 5174 se
2193 5117 2425 5172 cultellis
2466 5117 2801 5183 incidebant,
2833 5127 2888 5171 ut
2916 5117 3098 5173 videre
3125 5124 3206 5170 est
3238 5112 3418 5182 chg.

1833 5207 1953 5260 cap.
1984 5207 2151 5258 xviii,
2185 5205 2240 5243 ν.
2268 5189 2359 5244 28.
2391 5187 2674 5245 ϐλιυευε.

167 5273 288 5352 ratio
313 5273 553 5352 fiebatfad
586 5281 728 5352 tibiae
756 5291 974 5335 cantum
1008 5297 1022 5333 :
1055 5295 1176 5349 qum
1205 5293 1292 5332 res
1321 5286 1376 5331 et
1401 5276 1608 5352 furenti
1641 5289 1730 5352 ra-

169 5341 248 5417 bie
271 5347 563 5405 stimulabat
586 5351 652 5407 ad
682 5353 1044 5408 esseetioncm
1067 5341 1087 5417 ξ
1111 5362 1166 5405 et
1195 5349 1443 5403 castratis
1475 5361 1600 5417 mox
1629 5345 1729 5417 do-

172 5411 324 5492 lorem
377 5422 658 5492 minuebat.
689 5424 834 5492 Quas
861 5438 1050 5478 causas
1069 5411 1251 5478 'aﬂ'ert
1280 5420 1426 5475 Elias
1453 5416 1733 5492 Cretensis

176 5483 224 5536 in
249 5483 383 5542 Orat.
414 5490 656 5550 Nazianz.
689 5483 901 5550 advers.
931 5493 1037 5548 Jul.
1073 5494 1220 5548 Hanc
1248 5492 1394 5547 enim
1425 5489 1536 5545 vim
1571 5486 1737 5541 habet

179 5566 363 5638 cantus.
388 5560 669 5635 Phrygius,
705 5575 764 5620 ut
791 5565 1042 5638 homines
1085 5563 1345 5638 accendat
1369 5605 1384 5629 ,
1413 5570 1469 5616 et
1498 5559 1736 5630 quodam

181 5627 316 5693 quasi
341 5627 510 5688 furore
531 5627 752 5692 animet.
789 5637 941 5692 Unde
976 5635 1257 5690 Lucretius
1287 5627 1379 5689 lib.
1410 5649 1447 5687 ιι
1480 5649 1493 5686 :

1908 5282 2228 5352 Elferuntur,
2260 5282 2542 5336 insaniunt.
2568 5280 2830 5351 Quicquid
2857 5280 3041 5336 dicant
3079 5279 3426 5346 Dempsterus

1837 5365 1890 5411 et
1919 5355 2188 5420 (ἓςιιειειιδ,
2224 5363 2412 5408 contra
2443 5353 2600 5405 fidem
2631 5362 2944 5406 cunctorum
2983 5360 3105 5423 tum
3147 5364 3276 5423 mss.
3313 5357 3424 5423 tum

1840 5428 2107 5482 editorum
2157 5417 2428 5487 codicum,
2448 5423 2578 5476 nihil
2599 5424 2881 5476 immutare
2909 5421 3192 5475 voluimus.
3223 5417 3286 5470 Et
3313 5417 3432 5484 qui-

1841 5497 1964 5554 dem
1997 5496 2447 5567 ipseWLactantius
2475 5495 2686 5567 libLtv,
2717 5492 3120 5567 cap.g7,‘_circa
3154 5488 3391 5567 medium
3414 5524 3430 5550 ,

1845 5555 2040 5632 habet;
2069 5566 2298 5635 effertur.
2329 5565 2538 5620 insanit.
2566 5555 2796 5619 Videtur"
2843 5562 3083 5635 Tullium
3123 5577 3218 5635 pro
3253 5555 3432 5635 Coelio

1846 5629 2121 5705 imitatus,"
2139 5655 2257 5708 cap.
2284 5639 2317 5693 9
2354 5638 2622 5692 dicentem
2648 5653 2660 5690 :
2683 5635 2819 5692 sti
2847 5633 3039 5698 dolent,
3067 5629 3184 5686 irati
3210 5629 3437 5696 e/ferun-

292 5718 348 5771 Et
368 5721 569 5790 Phrygio
585 5729 801 5780 stimulat
821 5741 1032 5780 numero
1055 5741 1174 5779 cava
1192 5728 1310 5778 tibia
1330 5731 1549 5778 mentes.
1849 5722 1951 5780 tur,
1979 5721 2209 5784 pugnant
2236 5708 2475 5764 lacessiti.

188 5794 304 5858 item
329 5803 534 5867 Ovidius
556 5811 688 5870 libro
715 5827 772 5869 iv
805 5811 1014 5869 Fastor.
1037 5820 1094 5870 et
1120 5811 1175 5870 in
1206 5811 1347 5872 ibin.
1383 5811 1472 5870 Sic
1503 5808 1744 5870 eviratos
1849 5839 1863 5871 μ
1924 5805 2270 5874 Quintilianus
2295 5803 2347 5860 in
2373 5801 2640 5858 Fanatico.
2671 5799 2785 5857 Non
2816 5804 3056 5870 apparet.
3082 5794 3249 5855 Ceu.

642 5906 916 5973 Ps’rnon.
962 5906 1067 5973 VI.
2569 5892 2610 5968 δ
