3790 6274
129 276 223 338 (ΞΞΊ

1188 270 1394 330 LIBER
1432 271 1472 328 1.
1515 270 1606 328 DE
1641 267 1864 330 FALSA
1909 266 2304 326 RELIGIONE.

134 390 287 442 Sacra
309 397 438 442 vero
463 382 679 440 Cereris
705 381 976 440 Eleusinae
1013 397 1121 442 non
1152 393 1280 442 sunt
1304 385 1389 442 his
1409 385 1714 444 dissimilia.
1745 389 1792 448 Α
1821 385 2057 442 vocant?
2077 385 2274 442 asellos
2311 381 2496 449 fuisse.
2523 383 2614 455 qui
2641 383 2897 439 Liberum
2923 388 3135 454 patrem
3177 388 3422 440 transve-

129 481 255 537 Nutn
293 477 432 532 sicut
459 475 530 532 ibi
560 475 732 532 Osiris
764 491 900 547 puer
928 477 1143 548 planctu
1172 478 1360 534 matris
1388 479 1716 550 inquiritur;

129 574 195 629 ita
227 571 310 625 hic
337 568 405 624 ad
449 570 710 625 incestum
748 571 925 643 patrui
956 571 1362 628 matrimonium
1403 580 1555 643 rapta
1587 571 1722 628 Pro-

132 661 332 732 serpina
362 679 376 717 :
408 675 570 732 quam
605 663 732 731 quia
761 660 969 718 facibus
993 678 1058 719 ex
1089 661 1272 718 lEtna:
1299 663 1504 719 vertice
1529 677 1721 718 accen—

129 755 196 810 sis
234 750 490 822 quaesisse
534 751 589 806 in
615 751 801 808 Sicilia
849 752 1017 810 Ceres
1066 754 1295 817 dicitur,
1326 753 1529 810 idcirco
1567 767 1719 808 sacra

128 847 237 918 ejus
261 845 566 900 ardentium
591 843 851 900 tantarum
878 845 1175 916 jactatione
1201 845 1574 902 celebrantur.

191 938 344 1008 Apud
365 939 721 1010 Lampsacum
747 938 942 1008 Priapo
971 939 1190 996 litabilis
1217 939 1433 995 victima
1461 946 1545 994 est
1572 937 1716 993 asel-

55 1030 78 1055 ί
123 1035 204 1092 ius
232 1051 245 1088 :
273 1033 427 1104 cujus
469 1032 722 1089 sacriﬁcii
774 1034 914 1088 ratio
956 1031 1012 1086 in
1059 1031 1235 1089 Fastis
1281 1032 1398 1088 haec
1425 1030 1669 1087 redditur
1707 1048 1722 1086 ε

121 1125 250 1182 Cum
276 1123 350 1180 dii
371 1139 561 1181 omnes
585 1124 652 1180 ad
667 1123 860 1180 festum
884 1124 1071 1180 matris
1089 1139 1296 1194 magna;
1315 1125 1719 1189 convenissent,

123 1217 408 1288 epulisque
433 1217 612 1272 satiati
636 1223 850 1271 noctem
878 1213 1087 1271 lusibus
1113 1215 1408 1279 ducerent,
1453 1215 1722 1286 quievisse

117 1308 266 1366 humi
325 1307 546 1368 Vestam
570 1349 587 1376 ,
643 1323 1003 1379 somnumque
1051 1308 1264 1379 cepisse
1304 1324 1320 1362 :
1359 1307 1434 1362 ibi
1471 1307 1722 1378 Priapum

119 1420 315 1461 somno
336 1403 452 1476 ejus
472 1419 536 1461 ac
560 1399 832 1475 pudicitiae
857 1401 1199 1470 insidiatum;
1224 1397 1322 1458 sed
1348 1400 1494 1457 illam
1523 1401 1724 1458 intem-

119 1499 338 1571 pestivo
365 1496 606 1553 clamore
635 1495 819 1564 aselli,
859 1509 966 1568 quo
990 1493 1206 1552 Silenus
1235 1491 1533 1550 vehebatur
1577 1494 1728 1551 exci-

116 1605 329 1660 tatam,
378 1593 658 1650 libidinem
709 1607 842 1648 vero
887 1591 1218 1648 insidiatoris
1266 1605 1390 1648 esse
1408 1591 1722 1661 deceptam;

117 1689 227 1746 hac
253 1690 326 1746 de
347 1704 505 1746 causa
531 1687 925 1760 Lampsacenos
975 1687 1201 1744 asellum
1231 1687 1462 1758 Priapo,
1495 1687 1647 1758 quasi
1672 1686 1725 1741 in

1821 479 2020 545 serint,
2067 493 2188 534 cum
2240 493 2457 535 amnem
2511 476 2744 532 transire
2783 490 2893 532 non
2941 483 3155 545 posset;
3188 491 3420 546 quorum

1819 573 1975 628 alteri
2007 572 2108 630 hoc
2130 573 2408 644 praemium
2439 571 2680 639 dederit,
2709 579 2766 625 ut
2799 570 3029 626 humana
3059 584 3192 626 voce
3231 569 3421 642 loque-
3459 586 3490 604 ν

1823 676 2014 722 retur:
2047 668 2226 740 itaque
2272 667 2414 722 inter
2461 681 2624 734 eum,
2678 664 3036 736 Priapumque
3078 673 3252 720 ortum
3303 680 3426 722 esse

1821 771 2093 818 certamen
2142 763 2210 819 de
2237 763 2476 820 obscoeni
2504 761 2898 835 magnitudine;
2941 761 3194 832 Priapum
3226 763 3426 818 victum

1822 867 1872 909 et
1930 855 2124 910 iratum
2152 898 2166 922 ,
2215 855 2562 913 interemisse
2613 856 2894 912 victorem.
2944 854 3057 910 Hoc
3095 869 3226 910 vero
3255 855 3426 912 multo

1824 947 1993 1018 magis
2021 948 2260 1019 ineptum
2285 958 2369 1006 est
2391 966 2407 1016 ;
2431 949 2526 1004 sed
2555 949 2738 1025 poetis
2756 949 2884 1005 licet
2919 947 3178 1022 quidquid
3214 949 3424 1007 velint:
3484 1014 3494 1023 ,

1823 1053 1930 1095 non
1969 1040 2184 1096 excutio
2228 1051 2334 1096 tam
2379 1039 2625 1098 deforme
2653 1041 2996 1114 mysterium,
3025 1055 3127 1097 nec
3173 1041 3429 1111 Priapum

1822 1129 2039 1186 denudo
2063 1173 2078 1198 ,
2130 1147 2200 1187 ne
2247 1131 2372 1203 quid
2419 1142 2679 1204 appareat
2705 1133 2818 1189 risu
2845 1133 3089 1205 dignum.
3122 1133 3424 1190 Finxcrunt

1825 1219 1942 1276 haec
1968 1236 2103 1277 sane
2131 1231 2328 1293 poetae;
2358 1223 2455 1280 sed
2487 1239 2712 1282 necesse
2729 1235 2811 1281 est
2831 1225 3060 1296 alicujus
3086 1225 3306 1296 majoris
3329 1235 3434 1286 tur-

1824 1311 2084 1383 pitudinis
2105 1313 2349 1385 tegendae
2373 1315 2543 1387 gratia
2567 1315 2693 1373 ficta
2722 1317 2850 1372 sint.
2880 1315 3013 1386 Quae
3036 1316 3108 1371 sit
3131 1331 3262 1386 ergo
3290 1333 3435 1388 qua:-

1825 1419 2031 1461 ramus.
2083 1404 2154 1460 At
2199 1421 2264 1462 ea
2312 1406 2557 1477 profecto
2613 1405 2900 1464 manifesta
2969 1414 3071 1464 est.
3126 1405 3260 1463 Nam
3297 1409 3437 1466 sicut

1827 1494 1992 1554 Luna:
2010 1505 2196 1554 taurus
2210 1499 2640 1572 mactatur,quia
2654 1499 2902 1555 similiter
2928 1497 3092 1556 habet
3121 1513 3344 1568 cornua,
3375 1507 3431 1558 et

1951 1611 2276 1679 Placatequo
2302 1613 2472 1679 Persis
2487 1613 2639 1679 radiis
2653 1613 2935 1679 Hyperigna
2955 1614 3188 1677 cinctum,

2015 1673 2093 1725 Ne
2117 1673 2263 1726 detur
2285 1676 2443 1727 celeri
2465 1676 2662 1727 victima
2685 1673 2819 1728 tarda
2842 1675 2973 1728 Deo.

113 1783 406 1847 ultionem,
437 1789 675 1838 mactare
699 1780 1049 1837 consuevissc
1073 1797 1088 1845 ;
1116 1778 1256 1851 apud
1285 1779 1560 1836 Romanos
1591 1793 1724 1835 vero
1753 1791 1802 1854 Β
1827 1776 1906 1835 Ita
1936 1779 1990 1836 in
2022 1780 2126 1838 hoc
2149 1781 2274 1853 quia
2293 1782 2607 1854 magnitudo
2625 1783 2852 1838 membri
2875 1783 3044 1838 virilis
3067 1784 3306 1840 enormis
3322 1791 3427 1848 est,

113 1873 374 1931 eumdem
399 1871 703 1928 Vestalibus
728 1876 896 1929 sacris
923 1873 976 1927 in
1007 1871 1268 1928 honorem
1293 1872 1564 1942 pudicitiae
1593 1887 1724 1928 cono

114 1976 350 2025 servata:
377 1964 606 2038 panibus
636 1966 906 2022 coronari.
935 1965 1072 2033 Quid
1106 1965 1316 2036 tUrpius
1343 1963 1368 2018 ?
1408 1964 1534 2036 quid
1569 1964 1722 2037 ﬂagi-

118 2061 310 2118 tiosius
339 2061 364 2114 ?
391 2075 551 2132 quam
574 2061 618 2115 si
640 2059 804 2116 Vesta
835 2059 1103 2116 beneﬁcio
1128 2058 1265 2114 asini
1293 2057 1446 2130 virgo
1473 2067 1558 2114 est
1593 2059 1616 2112 ?
1655 2061 1720 2112 At

118 2163 274 2226 poeta
309 2151 544 2208 fabulam
576 2151 748 2208 ﬂnsit.
777 2149 915 2209 Num
938 2165 1066 2226 ergo
1093 2149 1222 2208 illttd
1247 2157 1331 2209 est
1352 2152 1550 2216 verius,
1579 2149 1723 2222 quod

118 2245 359 2303 referunt
400 2245 473 2308 ii.
503 2245 594 2317 qui
631 2246 906 2320 ῥαινόμενα
954 2243 1424 2316 conscripserunt,
1485 2257 1608 2299 cum
1655 2243 1724 2298 de

119 2339 326 2398 duabus
379 2337 582 2396 Cancri
629 2339 804 2397 stellis
854 2341 1181 2412 loquuntur,
1211 2353 1346 2412 quas
1378 2334 1724 2400 Craeciiivou;

1825 1887 1931 1930 non
1963 1875 2134 1944 potuit
2159 1875 2208 1930 ei
2236 1884 2478 1930 monstro
2501 1874 2680 1944 aptior
2716 1873 2926 1928 victima
2967 1871 3234 1943 reperiri,
3263 1888 3426 1945 quam

1829 1982 1950 2038 qua:
1972 1967 2169 2038 ipsum,
2196 1967 2282 2024 cui
2315 1975 2599 2034 mactatur,
2629 1977 2813 2037 posset
2841 1966 3059 2021 imitari.

1900 2059 2056 2130 Apud
2079 2059 2306 2115 Lindttm
2327 2101 2342 2122 ,
2370 2058 2513 2130 quod
2536 2068 2618 2115 est
2647 2058 2902 2129 oppidum
2931 2057 3107 2114 Rhodi
3132 2100 3148 2124 ,
3184 2059 3431 2118 Herculis

1830 2167 1981 2208 sacra
2011 2161 2136 2208 sunt
2161 2193 2178 2220 ,
2223 2150 2454 2224 quorum
2485 2167 2514 2207 a
2543 2151 2755 2208 caeteris
2791 2153 2952 2222 longe
2979 2152 3225 2208 diversus
3252 2159 3338 2208 est
3363 2153 3436 2210 ri-

1832 2252 1917 2300 tus
1969 2262 1984 2300 :
2027 2243 2292 2314 siquidem
2324 2259 2433 2300 non
2479 2246 2698 2320 εὐφημίᾳ
2729 2243 2748 2316 (
2783 2254 2839 2299 ut
2865 2243 3039 2300 Grtcci
3075 2244 3351 2316 appellant
3380 2241 3432 2316 ),

1831 2335 1928 2392 sed
1977 2335 2311 2404 maledictis,
2359 2345 2414 2392 et
2462 2335 2806 2392 execratione
2851 2334 3235 2402 celebrantur;
3262 2348 3436 2406 eaque

1407 2449 1492 2510 VA
1504 2449 1771 2508 HIORUM
1797 2448 2030 2508 NOTE.

119 2593 230 2643 nus,
259 2593 373 2648 qua:
403 2579 678 2650 portubus,
702 2577 818 2650 ipsa
843 2585 888 2631 et
926 2573 1150 2650 victima,
1173 2571 1431 2650 elusit-ia,
1465 2577 1512 2626 et
1538 2567 1715 2650 Cresa-

119 2651 188 2704 ris
209 2641 415 2704 somnio
441 2659 666 2704 sacrata.
701 2641 868 2718 Hujus
897 2646 1324 2718 meminitetiam
1341 2643 1638 2718 Pausanias
1658 2641 1714 2718 in

1822 2568 1923 2624 Hic
1955 2569 2180 2640 Priapus
2207 2578 2325 2624 erat
2354 2567 2632 2640 Spurcitiei
2690 2581 2912 2640 praises.
2943 2564 3180 2622 Litabilis
3208 2568 3427 2640 uictima

1821 2655 1884 2712 ea
1914 2649 2000 2712 est
2025 2637 2148 2712 quae
2175 2651 2324 2710 grata
2352 2649 2408 2712 et
2420 2639 2570 2712 jttsta
2591 2649 2705 2712 est,
2723 2653 2837 2712 qua
2867 2637 3051 2692 litatur
3080 2639 3427 2712 etiplacatur.

121 2719 484 2776 Corinthiacis
516 2737 531 2774 :
559 2719 655 2776 sed
679 2720 754 2776 ibi
781 2707 906 2774 'non
935 2717 1226 2781 Limnesia,
1259 2730 1446 2770 verum
1479 2712 1714 2768 Limenia
1819 2708 2027 2782 Eodem
2044 2707 2222 2768 sensit
2250 2711 2390 2781 apud
2417 2709 2705 2766 Minucium
2723 2707 3107 2781 Felicetn,cap.
3135 2709 3226 2766 52.
3262 2710 3426 2782 leges,

121 2803 354 2863 vocatur,
389 2791 541 2863 quod
569 2793 769 2846 rectius
789 2790 1077 2863 existimo;
1105 2787 1373 2863 planeque
1389 2783 1531 2854 apud
1554 2783 1708 2863 Serv.

122 2862 374 2918 Limnesia
411 2860 770 2918 scribendum
810 2871 963 2934 puto.
993 2860 1129 2934 item
1153 2860 1319 2934 _inter
1357 2861 1713 2934 cognomenta

124 2933 298 3007 Dianae
343 2946 428 2990 est
467 2941 710 3007 Λιμνᾶτις
741 2928 898 3007 aliud
927 2928 1327 3007 Artemidorum
1360 2928 1453 2982 lib.
1483 2939 1706 3007 μηθείς.

1823 2779 2070 2836 lilabilem
2096 2779 2337 2836 hostiam.

1893 2853 2102 2910 Silenus
2132 2854 2426 2907 vehebatur.
2478 2851 2745 2908 Alumnus
2777 2850 2968 2906 Bacchi
3006 2851 3105 2906 fuit
3137 2866 3200 2907 ac
3235 2867 3377 2908 unus
3400 2869 3434 2909 e

1819 2924 2020 2994 regulis
2071 2924 2280 2990 Cariae,
2315 2925 2404 2994 qui
2449 2922 2591 2978 Nisae
2635 2921 2946 2994 imperavit.
2978 2923 3157 2994 Aiunt
3185 2923 3433 2980 Silenum

123 3006 222 3070 42,
249 3022 346 3076 pro
385 3021 506 3072 quo
529 2993 820 3060 Carnarius
869 3003 1030 3058 habet
1074 3010 1345 3076 Λιμνῆτις,
1387 2998 1534 3076 unde
1566 2993 1722 3052 facile
1754 3066 1790 3076 _
1813 2993 1970 3076 asino
1997 3000 2318 3076 plerumque
2334 2993 2559 3076 vectum
2587 3035 2602 3059 ,
2629 3001 2684 3048 et
2705 2993 2939 3076 Baccho.
2973 2993 3431 3076 Deo_vine_arum_,

127 3063 272 3133 ﬁeret
297 3063 576 3133 Lim'nesia
601 3119 612 3140 ,
643 3077 768 3148 quia
796 3075 931 3130 alias
956 3089 1062 3148 non
1095 3063 1323 3141 quadrat
1336 3063 1534 3148 somni
1551 3083 1720 3148 espo-
1745 3066 1792 3131 C
1824 3063 2076 3148 comitem
2103 3063 2444 3148 indivulsnnl
2459 3063 3000 3148 adhae_rentent.oldvp
3021 3064 3296 3120 calcandis
3318 3067 3436 3148 uvis

125 3147 275 3212 sitio,
307 3165 432 3204 cum
487 3139 609 3203 non
640 3139 917 3203 inventum
947 3139 1214 3207 videatur,
1256 3141 1398 3212 quod
1444 3139 1619 3196 latitat
1667 3139 1721 3192 in

127 3227 337 3294 stagno,
365 3219 471 3276 sed
499 3219 644 3290 quod
684 3229 766 3294 est
810 3219 862 3272 in
895 3225 1052 3288 portu
1065 3254 1094 3294 ._
1122 3216 1349 3294 Dianam
1374 3222 1558 3294 autem
1583 3223 1728 3294 esse

128 3284 259 3346 inter
287 3284 578 3347 nautarum
610 3292 829 3346 numina
852 3329 867 3353 ,
899 3284 1048 3359 patet
1081 3288 1134 3341 in
1168 3285 1342 3341 veteri
1373 3284 1732 3354 inscriptione

129 3363 262 3434 apud
287 3362 616 3430 Craterum,
649 3377 770 3433 pag.
796 3363 886 3426 37,
917 3360 1005 3416 ubi
1036 3368 1268 3413 vocatur
1296 3373 1309 3410 :

593 3452 852 3510 REGINA
891 3447 1259 3509 UNDARUM.

130 3543 445 3604 διιεῖ-ηειο
457 3563 509 3604 s.

207 3619 363 3674 Sacra
393 3636 520 3675 vero
547 3618 742 3675 Cereris
769 3617 1047 3675 Eleusinae.
1077 3615 1211 3685 Quae
1237 3614 1306 3671 de
1331 3613 1536 3672 Cerere
1565 3626 1733 3685 supra

138 3689 362 3760 diximus
381 3689 449 3746 ad
478 3707 600 3760 cap.
627 3689 694 3746 18
711 3689 869 3745 vide:
900 3688 1018 3744 ltzi-c
1046 3683 1556 3760 sacravorabantnr
1576 3683 1735 3760 [Eleu-

137 3759 289 3826 sinia,
307 3761 378 3818 sic
391 3754 621 3818 dictaab
634 3762 816 3818 Eleusi
827 3762 1039 3822 .Attica:
1055 3757 1396 3828 oppido,ubi,
1414 3757 1570 3828 inlita
1589 3754 1738 3828 Stra-

142 3823 352 3898 bonem,
377 3831 650 3890 Eleusinae
667 3831 883 3888 Cereris
911 3823 1171 3902 templum
1189 3823 1600 3902 ex’taliathide
1632 3824 1736 3880 Ar-

135 3895 366 3967 nobium.
400 3905 500 3960 lib.
522 3921 578 3972 v;
607 3913 660 3960 et
683 3895 1154 3975 Augustinunitde
1177 3896 1333 3954 Civit.
1361 3897 1482 3962 Dei,
1502 3895 1608 3975 lib:
1625 3910 1698 3950 vn
1723 3935 1736 3958 .

136 3988 252 4046 cap.
269 3965 361 4034 20.
374 3975 515 4046 Ejus
535 3965 686 4032 sacra
711 3965 902 4030 no'vem
923 3965 1286 4046 diesdurasse
1303 3965 1741 4046 autumatMcur-

141 4037 246 4102 sitis
275 4065 287 4099 :
319 4048 372 4102 in
403 4037 626 4102 occulto
657 4047 889 4112 fiebant,
922 4041 1472 4116 nihilquegdivulgare
1515 4037 1738 4116 licebat.

143 4116 197 4188 Si
227 4119 346 4188 quis
377 4134 548 4176 secus
575 4117 819 4181 fecisset,
849 4109 1144 4172 secundum
1179 4109 1550 4185 legem‘morte
1571 4109 1740 4166 debe-

134 4185 224 4245 bat
245 4185 520 4246 mulctari.
553 4189 636 4245 Ea:
663 4189 889 4246 Meuasn
918 4189 1250 4244 ELEUSINIIS.

209 4256 412 4316 Idcirco
447 4277 603 4316 sacra
629 4262 737 4334 ejus
757 4302 772 4326 ,
801 4269 906 4316 etc.
936 4261 1142 4316 Seneca
1169 4259 1222 4312 in
1251 4255 1410 4312 Herc.
1445 4251 1548 4310 fur.
1583 4270 1596 4307 :

319 4351 525 4416 Longas
545 4353 709 4405 Eleusi
733 4355 878 4405 tacita
903 4353 1100 4416 iactabo
1120 4349 1276 4402 faces.

141 4437 207 4494 Et
229 4437 282 4493 in
310 4438 370 4494 Hi

146 4456 207 4494 bl.
231 4456 282 4493 tn
310 4456 528 4510 nipp0t.
560 4456 666 4496 act.
692 4458 740 4508 t,
774 4456 853 4496 sc.
885 4456 922 4494 ι
947 4481 960 4505 ,
991 4456 1046 4496 et
1069 4456 1271 4494 Statius
1301 4456 1390 4490 nn.
1417 4456 1503 4502 iv,
1531 4456 1568 4488 υ
1611 4456 1645 4484 ι.
1679 4456 1730 4486 ο.

146 4509 274 4565 Cum
332 4511 454 4567 istis
511 4511 716 4568 facibus
777 4512 888 4568 luto
917 4522 970 4567 et
1000 4507 1205 4566 furfure
1233 4508 1386 4563 obliti
1409 4456 1730 4569 currebant,

143 4590 296 4647 atque
313 4595 600 4639 currentes
625 4585 728 4640 sibi
755 4596 938 4640 mutuo
965 4582 1282 4647 tradebant,
1313 4589 1370 4633 ut
1398 4584 1548 4632 notat
1585 4584 1734 4629 vetus

149 4651 328 4709 Schol.
351 4655 602 4710 Juvenal.
633 4656 746 4712 Sat.
773 4654 868 4722 15,
921 4671 966 4709 v.
1013 4654 1135 4708 Mi.
1175 4651 1261 4707 Ea:
1289 4653 1630 4705 lianrs'rzno.
1663 4674 1736 4686 ——

149 4723 452 4800 _Phurnutus
463 4743 680 4800 quoque
702 4727 1106 4800 similitudinem
1131 4723 1426 4800 lacitiutet-
1454 4730 1736 4800 utramgtle

147 4791 550 4864 inquisitionem
580 4791 794 4856 Cereris
823 4799 947 4852 tiliae
971 4837 986 4862 ,
1037 4805 1092 4852 et
1129 4794 1442 4866 inquisitum
1469 4791 1735 4866 Osirldem

151 4861 467 4942 aliis-ideas
495 4871 712 4926 tandem
741 4861 1038 4942 repertum.
1069 4861 1453 4942 Vide'Diodor;
1475 4861 1736 4927 Siculum,

151 4937 243 4993 lib.
265 4954 353 5004 tv;
382 4940 540 4996 Ovid.
564 4983 580 5008 ,
629 4943 724 4996 lib.
769 4932 818 4994 γ’
845 4939 1198 5008 Metamorplt.
1243 4946 1298 4991 et
1331 4950 1384 4990 tv
1415 4932 1696 4989 Fastorum
1722 4972 1738 4998 ,

156 5018 311 5082 atque
359 5011 716 5068 Clautiianum
761 5011 832 5070 de
870 5011 1044 5082 Raptu
1076 5011 1431 5082 Prtiserptntn.

229 5079 588 5152 Lampsacum.
638 5083 780 5141 Urbs
829 5095 913 5140 est
951 5076 1174 5151 insignis
1215 5076 1576 5152 Hellesponti,
1607 5081 1745 5130 teste

229 5092 588 5152 Lampsacum.
641 5092 780 5141 Urbs
829 5095 913 5140 est
951 5092 1174 5151 insignis
1215 5092 1576 5205 Hellespont“
1607 5092 1744 5130 tesre

161 5147 456 5229 Strabone,
504 5157 557 5211 in
601 5172 704 5228 qua
737 5165 836 5229 _est
875 5153 1136 5229 templum
1169 5151 1354 5229 matris
1419 5164 1605 5229 conum
1633 5163 1646 5200 :
1677 5160 1744 5200 ex

163 5219 261 5304 Ξ),ἓὲ
489 5219 680 5304 nomen
711 5219 1086 5304 _Lampsaceni
1138 5225 1359 5280 sortitus
1390 5229 1473 5277 est
1498 5219 1742 5288 Priapus.

164 5291 298 5373 Vidhe
321 5296 483 5373 Ovid.
511 5299 610 5373 lib.
635 5315 686 5355 vt
711 5291 1021 5373 Fastorum.
1160 5368 1168 5373 _
1323 5363 1356 5373 _
1444 5370 1452 5373 _
1532 5361 1564 5373 _,
1629 5359 1641 5371 ,
1705 5359 1717 5370 ,

240 5363 432 5437 Priapo
449 5371 655 5426 litabilis
671 5373 896 5426 uictima.
913 5371 1078 5425 Recte
1093 5368 1304 5424 eslmss.
1322 5363 1360 5418 2
1371 5363 1751 5437 vetustissimis

173 5433 302 5512 ξμς.
334 5430 561 5508 aliisque
585 5443 620 5498 5
649 5442 1059 5506 recentioribus,
1090 5437 1330 5512 5Colb._,
1358 5436 1385 5490 1
1415 5431 1685 5512 Sorbonz‘,

172 5502 432 5573 Clarom.,
461 5502 622 5568 Brun.
650 5523 706 5570 et
724 5522 848 5570 octo
878 5502 1057 5568 editis.
1099 5511 1189 5566 Sic
1213 5520 1267 5564 et
1297 5504 1602 5562 Lactantius
1637 5502 1756 5570 Epi-

172 5583 309 5654 tom._
356 5597 476 5654 cap.
509 5584 578 5640 65
597 5627 612 5650 ,
645 5597 770 5641 ante
802 5585 963 5639 finem
989 5599 1003 5638 :
1037 5579 1432 5654 Haecjitabilior
1448 5575 1660 5654 pictima
1683 5579 1756 5654 est

172 5649 311 5726 ερας
342 5647 539 5726 _De'am.
584 5647 640 5712 lu
665 5673 798 5712 mss.
829 5658 864 5712 ὅ
887 5656 1062 5726 Regi,
1094 5656 1118 5708 1
1151 5649 1408 5726 Colb.,“l
1443 5647 1675 5726 sorbum
1703 5653 1760 5698 et

174 5717 402 5799 §editis_
435 5735 523 5799 est
556 5725 816 5794 letabilis;
866 5728 920 5782 in
952 5717 996 5781 1⁷
1012 5717 1144 5799 Reg.
1169 5721 1416 5799 testabilis
1434 5718 1518 5799 ,ι
1544 5717 1754 5799 Hauon.

176 5786 328 5850 titulis
343 5809 362 5863 ;
380 5796 407 5852 1
433 5795 669 5856 Claram.
691 5786 894 5869 letalis;
923 5811 1025 5856 tus.
1042 5786 1307 5862 Gronov”
1327 5786 1512 5850 habilis
1531 5788 1758 5846 victima.

417 4441 536 4518 pol:
560 4449 666 4518 act.
692 4458 740 4508 t,
774 4456 853 4518 sc.
885 4440 922 4494 2
947 4481 960 4505 ,
991 4449 1046 4518 et
1069 4436 1390 4518 S_tatius_l_i.b..
1414 4449 1503 4502 tv,
1531 4431 1645 4518 Syl.
1761 4456 1816 4518 Β

1835 3143 2077 3200 Silenum
2107 3140 2380 3196 addicttnt.
2413 3137 2518 3194 Sed
2548 3136 2678 3191 nihil
2713 3147 2818 3190 tant
2848 3137 3069 3207 impium
3100 3149 3257 3202 quam
3289 3137 3434 3207 quod

1833 3213 2074 3270 Silenum
2104 3226 2318 3283 semper
2344 3211 2552 3266 ebrium
2568 3223 2690 3264 esse
2709 3207 2934 3280 lingunt.
2959 3206 3093 3264 Vide
3113 3206 3432 3264 Pausaniam

1833 3286 1888 3341 in
1923 3285 2136 3341 Eliacis.

1905 3355 2206 3428 Deceptam.
2257 3353 2638 3428 Lectioquam
2679 3349 2767 3406 hic
2791 3351 3157 3428 restituimus,
3192 3352 3435 3428 omnium

1836 3427 2006 3484 ferme
2029 3421 2161 3483 mss.
2193 3435 2249 3482 et
2272 3421 2770 3494 antiquissimarum
2797 3421 3092 3494 editionum
3117 3434 3218 3494 est.
3247 3424 3302 3478 in
3325 3438 3431 3478 cae-

1835 3501 1970 3556 teris
1995 3499 2156 3556 editis
2181 3508 2236 3554 et
2265 3511 2376 3553 rec.
2407 3491 2542 3552 mss.
2562 3494 2600 3549 2
2629 3493 2763 3566 Reg.
2786 3537 2801 3561 ,
2835 3493 2862 3548 1
2891 3491 3043 3549 Colb.
3064 3533 3082 3562 ,
3117 3493 3142 3548 1
3172 3493 3431 3564 Sorbon.,

1837 3570 2031 3641 legitur
2053 3572 2320 3626 detectam.

1911 3635 2141 3696 Panibus
2189 3638 2446 3694 coronari.
2477 3637 2648 3692 Panes
2676 3636 2822 3690 varia
2861 3635 3026 3706 figura
3058 3635 3432 3706 fingebantur;

1839 3727 2007 3784 panes
2028 3712 2081 3765 hi
2103 3723 2318 3784 cortinae
2338 3709 2572 3784 Speciem
2597 3705 2924 3784 referebant.
2955 3706 3024 3761 is.
3058 3705 3356 3784 Casaunou.

1911 3775 2382 3844 Conscripserunt
2415 3777 2512 3832 Hic
2555 3793 2661 3830 non
2693 3776 2808 3844 ipse
2868 3779 3081 3836 Aratus,
3141 3779 3234 3830 sed
3289 3775 3432 3842 apud

1839 3853 2062 3910 Aratum
2089 3852 2274 3906 Theon
2308 3847 2731 3918 Alexandrinus.
2768 3844 2897 3918 Vide
2921 3856 2974 3918 et
3003 3847 3266 3918 Hyginum
3297 3847 3435 3902 libro

1840 3940 1880 3980 tt
1903 3926 1970 3980 de
1999 3925 2178 3994 Signis
2207 3919 2515 3994 coelestibus
2536 3961 2549 3982 ,
2584 3917 2636 3994 in
2668 3931 2788 3986 cap.
2819 3917 2887 3970 de
2914 3913 3124 3971 Cancro
3143 3957 3158 3978 .
3191 3917 3279 3970 ubi
3308 3933 3432 3994 cum

1841 3989 2120 4052 Lactantio
2163 3992 2431 4049 convenit.
2475 3989 2914 4064 tbawépsvotrvel‘o
2958 3995 3088 4042 sunt
3125 4003 3188 4042 ea
3233 4002 3352 4064 quae
3379 3989 3435 4044 in

1841 4070 1995 4124 caelis
2045 4065 2474 4134 conSpiciuntnr,
2503 4058 2721 4134 qn:rf_ad
2750 4063 3106 4134 Αειτοιιοῃιοθ
3147 4058 3433 4134 pertinent.

1915 4139 1993 4192 De
2045 4127 2243 4192 duabus
2289 4135 2472 4190 Cancri
2520 4127 2748 4187 stellis...
2791 4147 2917 4202 quas
2969 4127 3136 4194 ὅνους.
3169 4130 3439 4202 Hyginum

1841 4211 1961 4282 lege
1990 4211 2140 4282 Poet.
2171 4209 2317 4282 Astr.
2351 4205 2444 4282 lib.
2477 4219 2538 4282 ll_,_
2569 4219 2688 4282 cap:
2713 4203 2805 4259 23.
2834 4201 2999 4282 Cant“

1917 4272 1994 4336 De
2015 4279 2232 4335 obscmni
2253 4272 2770 4348 magnitudinea’Mss:
2791 4289 2927 4340 rec.,
2943 4275 2978 4328 5
3000 4275 3156 4348 Reg,
3178 4273 3215 4348 ξ
3235 4272 3433 4348 Vatic.,

1847 4354 1873 4408 1
1907 4351 2146 4408 Claront.
2175 4361 2228 4405 et
2250 4344 2490 4418 plerique
2513 4345 2641 4418 editi
2666 4344 2890 4418 addunt,
2919 4347 3151 4418 membri.
3181 4344 3286 4402 Sed
3318 4361 3438 4400 rec-

1847 4424 1952 4479 tius
1981 4433 2063 4478 est
2089 4425 2223 4476 hanc
2249 4415 2435 4475 vocem
2462 4417 2644 4474 delere
2664 4457 2680 4483 ,
2715 4417 2836 4482 quia
2867 4415 3224 4470 verecundius
3256 4433 3268 4466 :
3295 4431 3436 4482 prse-

1842 4495 2026 4550 sertim
2071 4508 2193 4548 cum
2241 4491 2377 4545 infra
2408 4489 2548 4544 dicat
2571 4487 2881 4542 Lactantius
2907 4503 2919 4538 :
2953 4485 3073 4538 Non
3101 4485 3300 4538 excutio
3331 4497 3436 4539 (aut

1839 4566 2066 4638 deforme
2087 4563 2402 4638 mysterium,
2435 4577 2524 4614 nec
2557 4558 2808 4624 Priapum
2833 4556 3056 4638 denuda.
3091 4554 3217 4609 Mss.
3241 4555 3436 4638 i_Reg.

1837 4626 1914 4694 et'
1936 4639 1963 4692 1
2013 4626 2168 4692 (Ξυιιῖ.
2194 4677 2209 4701 ,
2257 4635 2320 4688 de
2345 4633 2690 4701 obscenorum
2715 4627 3098 4701 magnitudine;
3139 4640 3239 4680 tus.
3271 4626 3397 4685 Jun.
3420 4670 3434 4694 ,

1839 4709 1904 4764 de
1928 4698 2276 4763 obscoenarum
2302 4703 2562 4773 imagine;
2595 4700 2622 4754 1
2651 4698 2828 4764 Colb.,
2860 4699 2922 4752 ob
2953 4699 3302 4754 obscenorum
3325 4716 3437 4754 ma-

1875 4781 2176 4834 nitudiuem.
2992 4793 3000 4809 '

1839 4798 2176 4854 gmtuamem.
2992 4798 3000 4809 '
3182 4838 3217 4852 ﬂ
3258 4840 3268 4851 '

1915 4851 2045 4906 Risu
2069 4851 2299 4922 dignum.
2331 4841 2588 4901 Francius
2614 4839 2900 4912 tegendum
2931 4855 3052 4898 esse
3076 4840 3398 4912 conjtctcbat
3421 4883 3436 4909 ,

1841 4926 1951 4980 uisu
1982 4922 2270 4980 indignum.

1919 4940 2300 5062 Ergasilvs;
2332 4987 2404 5042 ita
2434 4985 2643 5062 restitui
2664 5001 2729 5062 ex
2754 4998 2884 5062 mss.
2910 4983 3158 5062 ac‘editis
3180 4982 3440 5062 Torncs.,

1846 5055 2165 5130 ls.,WCellar.
2189 5055 2292 5125 ,"ln
2322 5059 2533 5114 czeteris
2561 5055 2719 5130 editis
2739 5098 2756 5130 ,_
2783 5055 3048 5130 Quw_sint
3080 5073 3236 5130 ergo;
3278 5055 3436 5130 male.

1851 5127 1982 5208 Vide
2011 5133 2247 5208 praeced.
2274 5127 2700 5208 et_seq.—_-_Qu§
2714 5128 2799 5208 sit.
2829 5127 2902 5208 Ita
2922 5127 3260 5208 Bth.,Tax.,
3283 5127 3438 5191 Pen.,

1850 5198 2038 5272 Caucf,
2068 5207 2287 5277 optime.
2321 5198 2562 5277 Subaudi
2590 5198 2945 5277 :I‘Turpitudo.
2981 5198 3257 5277 genuisti.

1929 5265 2351 5332 Habet-cornua.
2406 5271 2543 5329 Vide
2583 5265 2940 5325 Claudiauutn
2983 5269 3074 5324 lib.
3101 5282 3121 5322 ι
3163 5269 3231 5321 de
3262 5265 3440 5336 Haptu

1855 5349 2221 5420 Proserpinm:
2321 5416 2348 5420 _
2395 5415 2442 5420 η
2586 5412 2628 5420 __
2856 5411 2958 5420 -Μ
3044 5409 3058 5420 _
3135 5408 3164 5420 γ,

1929 5405 2132 5476 Ριαέιιι.
2184 5418 2261 5472 Ex
2311 5415 2466 5472 Ovid.
2515 5431 2535 5471 ι
2586 5412 2830 5476 Easton,
2856 5411 2992 5478 585;
3031 5408 3226 5466 Justin.
3257 5405 3349 5478 lib.
3390 5423 3446 5461 κ.

1933 5475 2126 5546 Persis.
2161 5491 2256 5544 Est
2279 5488 2462 5543 Persis
2489 5487 2634 5557 regio
2681 5499 2777 5554 pro
2800 5475 2989 5538 incolis
3016 5480 3218 5550 posita;
3260 5475 3449 5533 Graece

1860 5567 2045 5624 Περσὶς
2074 5561 2223 5624 ίδος..

1928 5567 2341 5690 ςλῗξάξιδνῒιῗοῆἱύε
2360 5629 2740 5686 Pbilostratum
2777 5625 2828 5680 in
2866 5620 3188 5692 Imaginibus
3225 5619 3365 5676 libro
3393 5635 3448 5674 tt.

1934 5710 2178 5784 εὐφημίᾳ·
2213 5703 2310 5760 νει
2347 5718 2414 5759 οι
2450 5691 3454 5784 ίιθοιθεηίΫ.ΞΒΨΞἛΞΒἛΞἨΣΞἮἮ

1865 5760 2088 5840 verunt-ti
2111 5760 2236 5836 esse
2262 5792 2277 5830 :
2303 5789 2427 5832 nam
2453 5787 2560 5829 non
2585 5760 2899 5838 simpliciter
2916 5760 3132 5820 laudem
3153 5761 3455 5837 signiﬁcat;
