3790 6274
344 300 447 359 251

349 519 638 583 utrumque
685 526 793 569 uno
841 520 1085 581 tempore
1131 509 1455 565 adolevisse.
1501 507 1655 577 Quod
1694 506 1831 562 adeo
1860 521 1954 562 ve-

348 618 470 661 rum
499 612 600 670 est,
642 612 698 658 ut
729 602 938 659 ratione
966 602 1081 672 ipsa
1118 602 1301 673 colligi
1333 601 1527 673 possit.
1559 600 1689 656 Nam
1731 608 1788 656 et
1814 600 1955 670 Aga-

349 710 629 763 memnon,
661 695 752 766 qui
794 697 965 767 gessit
994 695 1198 752 bellum
1224 695 1502 763 Troicum,
1534 694 1685 751 Jovis
1710 693 1954 763 abnepos

351 789 469 857 fuit,
504 799 559 849 et
588 788 831 847 Achilles
861 789 1110 862 Ajaxque
1151 798 1501 861 pronepotes,
1530 797 1585 846 et
1612 788 1836 861 Ulysses
1861 803 1954 845 eo.

351 880 472 941 dem
516 883 685 952 gradu
735 885 1014 954 proximus
1064 883 1197 951 fuit;
1245 884 1491 940 Priamus
1534 884 1751 954 quidem
1794 884 1953 954 longa

351 973 516 1030 serie.
542 973 646 1031 Sed
669 987 921 1033 auctores
944 976 1161 1046 quidam
1192 978 1433 1044 tradunt,
1459 978 1767 1035 Dardanum
1788 987 1840 1034 et
1859 977 1953 1033 Ja-

353 1067 492 1123 sinm
516 1066 685 1123 Coriti
717 1068 858 1124 filios
899 1068 1092 1136 fuisse,
1127 1085 1232 1126 non
1262 1071 1433 1127 .lovis.
1467 1070 1576 1128 Nec
1606 1073 1775 1138 enim,
1807 1072 1850 1125 si
1881 1072 1951 1125 ita

354 1159 565 1223 fuisset,
597 1161 664 1215 ad
697 1175 824 1216 usus
865 1161 1167 1231 impudicus
1202 1148 1573 1234 Ganymedem
1606 1172 1956 1234 pronepotem

351 1266 509 1307 suum
559 1252 758 1308 habere
802 1254 1083 1323 potuisset.
1128 1253 1313 1325 Itaque
1355 1254 1670 1324 parentibus
1718 1255 1955 1320 illorum,

353 1359 490 1415 quos
529 1360 692 1415 supra
721 1345 1018 1413 nominavi,
1049 1346 1095 1401 si
1132 1356 1495 1418 congruentes
1525 1361 1698 1401 annos
1724 1345 1952 1411 dividas,

353 1454 613 1497 numerus
640 1440 963 1497 consentiet.
997 1440 1083 1498 Ab
1113 1441 1327 1497 excidio
1349 1452 1532 1498 autem
1569 1441 1821 1512 Troianae
1859 1456 1954 1496 nr-

246 1529 316 1551 "
349 1529 436 1586 his
486 1531 816 1604 colliguntur
861 1533 987 1588 anni
1036 1549 1334 1597 uccccsxx.
1377 1533 1459 1591 Ex
1504 1533 1607 1590 hac
1652 1542 1958 1604 temporum

350 1624 563 1683 ratione
619 1625 964 1682 manifestum
1015 1635 1129 1694 est,
1179 1635 1305 1682 ante
1352 1641 1525 1683 annos
1564 1641 1671 1682 non
1724 1626 1958 1696 amplius

350 1731 514 1791 quam
545 1732 717 1775 unccc
750 1728 936 1776 natum
959 1733 1080 1776 esse
1106 1718 1417 1789 Saturnum,
1448 1720 1539 1792 qui
1564 1728 1619 1777 et
1650 1729 1801 1775 sator
1835 1734 1957 1774 om-

1552 290 1889 355 ANALYSIS
1926 292 2108 352 LIBRI
2148 292 2471 353 SECUNDL

347 419 504 477 annis
537 437 551 475 :
597 418 787 477 Belum
835 426 1014 485 autem
1064 415 1297 477 Saturno
1339 414 1603 487 aequalem
1652 412 1853 480 tuisse,
1886 421 1944 470 et
1969 419 2024 482 Α
2047 412 2196 468 nium
2221 412 2450 469 deorum
2477 412 2596 468 fuit.
2630 413 2748 471 Non
2778 427 2911 485 ergo
2934 412 3023 470 isti
3053 412 3359 485 glorientur
3380 426 3684 469 sacrorum
3768 412 3769 481 ἶ

3570 298 3685 354 252

2055 514 2344 575 vetustate,
2375 523 2605 578 quorum
2633 517 2689 563 et
2716 508 2901 578 origo,
2933 515 2988 563 et
3016 507 3175 577 ratio,
3203 516 3260 564 et
3289 516 3549 578 tempora
3585 506 3681 562 de.

2059 599 2321 668 prehensa
2353 610 2497 656 sunt.
2522 601 2749 658 Restant
2772 600 2951 656 adhuc
2972 600 3172 672 aliqua,
3196 616 3317 673 quae
3337 601 3406 656 ad
3434 616 3684 671 arguen-

2056 688 2155 746 das
2183 691 2470 763 religiones
2500 691 2664 748 falsas
2695 693 2990 765 plurimum
3010 693 3212 748 valent.
3236 693 3342 749 Sed
3360 693 3479 764 jam
3507 692 3682 749 finem

2054 783 2236 842 facere
2265 786 2404 841 libro
2433 786 2673 855 decrevi,
2721 803 2790 843 ne
2836 787 3058 843 modum
3101 789 3348 844 excedat.
3391 788 3475 844 Ea
3521 788 3680 844 enim

2059 879 2271 950 plenius
2318 890 2443 935 sunt
2485 880 2825 952 exequenda,
2859 889 2917 935 ut
2957 880 3214 936 omnibus
3242 882 3519 949 refutatis,
3560 896 3683 951 qua:

2057 975 2270 1031 veritati
2323 976 2578 1030 videntur
2625 977 2880 1042 obstare,
2914 975 3206 1039 homines,
3253 977 3346 1046 qui
3396 976 3680 1032 bonorum

2056 1070 2359 1141 ignorantia
2403 1078 2666 1140 vagantur
2712 1071 2940 1138 incerti,
2989 1069 3056 1125 ad
3107 1070 3430 1140 religionem
3487 1085 3679 1127 ver-ara

2061 1162 2333 1231 possimus
2376 1162 2641 1217 imbuere.
2674 1161 2892 1217 Primus
2931 1156 3111 1217 a'utem
3151 1162 3435 1233 sapientia:
3467 1163 3715 1232 gradus‘

2059 1264 2172 1320 est,
2219 1255 2350 1310 falsa
2402 1255 2747 1326 intelligere;
2798 1256 3089 1321 secundus,
3135 1269 3262 1311 vera
3315 1256 3721 1321 cognoscere}

2056 1347 2202 1419 Ergo
2228 1348 2368 1418 apud
2396 1364 2558 1419 quem
2601 1350 2717 1404 lucc
2744 1351 2916 1421 prima
2946 1349 3222 1406 institutio
3251 1358 3441 1404 nostra
3484 1348 3678 1420 profe~

2057 1440 2212 1506 cerit,
2242 1457 2347 1510 qua
2380 1439 2509 1496 falsa
2533 1441 2862 1509 deteximus,
2890 1442 3220 1498 excitabitur
3250 1442 3317 1497 ad
3343 1443 3463 1497 veri
3494 1445 3683 1513 cogi-

2058 1533 2282 1601 tionem,
2316 1549 2421 1605 qua
2451 1536 2595 1589 nulla
2626 1544 2712 1590 est
2752 1535 2956 1590 homini
2981 1533 3275 1606 jucundior
3300 1534 3606 1604 voluptas;
3636 1544 3682 1591 et

2058 1627 2162 1681 erit
2194 1627 2305 1695 jam
2330 1628 2595 1698 sapientia
2626 1628 2867 1684 cmlestis
2904 1628 3206 1699 disciplinae
3233 1627 3454 1699 dignus,
3493 1628 3598 1697 qui
3623 1629 3683 1684 ad

2059 1721 2435 1791 cognoscenda
2462 1730 2660 1778 caetera
2688 1721 2864 1779 libens
2894 1736 2958 1778 ac
2990 1730 3215 1793 paratus
3245 1723 3578 1779 accesserit.

1673 1850 2040 1909 VARIORUM
2080 1851 2312 1911 NOTAE.

427 1985 685 2043 Trecentis
706 1987 881 2058 viginti
901 1987 1100 2042 duobus
1126 1987 1296 2059 annis.
1325 1986 1505 2059 Thalli
1534 1987 1766 2059 lapsum,
1791 2002 1951 2058 quem
1982 1990 2030 2051 B
2058 1996 2300 2059 veterum
2331 1989 2366 2045 9
2392 1989 2685 2046 editorum.
2720 1989 2809 2046 Ita
2831 2004 2945 2045 rec.
2968 1989 3236 2045 editiones
3263 1989 3499 2046 habent.

353 2069 572 2116 secutus
600 2070 683 2115 est
705 2059 1064 2129 Theophilus,
1097 2067 1151 2114 et
1180 2058 1378 2114 deinde
1409 2058 1738 2124 Lactantius,
1770 2070 1955 2113 osten-

352 2131 434 2187 dit
465 2131 768 2186 luculenter
795 2130 1048 2185 Pererins
1076 2130 1131 2185 in
1156 2145 1356 2185 comm.
1379 2131 1446 2184 ad
1479 2132 1685 2196 Daniel,
1716 2131 1807 2184 lib.
1836 2145 1950 2195 xvi,

353 2219 399 2257 c.
434 2202 521 2265 14,
544 2212 591 2256 et
616 2203 704 2256 lib.
736 2218 775 2257 ιι
826 2200 977 2272 Disp.
1008 2201 1071 2255 de
1092 2218 1195 2257 Lxx
1221 2203 1448 2271 septim.,
1473 2212 1610 2271 part.
1633 2218 1674 2267 ι,
1693 2210 1873 2271 quam.
1897 2201 1955 2255 2.

354 2273 611 2342 Quamvis
656 2283 836 2329 autem
885 2274 940 2328 in
988 2272 1091 2327 hac
1136 2274 1518 2342 supputatione
1566 2273 1701 2329 mire
1741 2274 1955 2327 varient

356 2344 693 2415 chronologi,
723 2345 963 2400 omnium
995 2353 1176 2400 tamen
1200 2345 1457 2413 expensis
1483 2343 1787 2410 sententiis,
1812 2342 1957 2398 haud

357 2417 555 2478 minus,
580 2431 739 2487 quam
772 2416 1097 2487 octingentis
1128 2415 1213 2470 vel
1246 2416 1776 2487 nongentisﬁcircitcr
1803 2415 1958 2470 annis

356 2487 546 2542 Belum
579 2486 815 2553 Trojano
856 2486 1074 2542 exeidio
1118 2487 1478 2555 antiquiorem
1519 2486 1685 2542 fuisse
1723 2496 1957 2541 constat.

355 2556 747 2614 [sagas—Nil
797 2568 977 2614 tamen
1025 2558 1094 2614 de
1149 2559 1252 2613 hoc
1300 2558 1434 2613 certi
1482 2558 1693 2612 definiri
1744 2567 1959 2629 potest,

356 2640 578 2701 propter
615 2630 797 2686 varios
840 2629 1260 2700 Babyloniorum
1308 2639 1363 2686 et
1399 2629 1746 2701 Assyriorum
1779 2629 1959 2695 Belos,

356 2701 447 2772 qui
479 2701 563 2756 his
593 2701 902 2757 nationibus
930 2702 1159 2757 diversis
1188 2701 1522 2770 imperarunt
1561 2702 1923 2771 temporibus.

430 2772 630 2844 Itaque.
668 2773 793 2829 Hrec
829 2789 935 2829 vox
976 2772 1468 2845 manuscriptorum
1496 2772 1741 2828 codicum
1772 2781 1877 2838 est,
1909 2779 1967 2826 et

2136 2058 2197 2116 Si
2226 2072 2561 2131 congruentes
2611 2079 2775 2116 annos
2823 2062 3044 2117 dividas.
3098 2061 3447 2133 Manuscripti
3495 2061 3679 2118 decem

2063 2132 2395 2205 recentiores
2436 2148 2557 2187 cum
2588 2134 2747 2188 editis
2780 2134 3002 2196 habent,
3036 2132 3394 2205 congruenter.
3428 2135 3683 2189 (throno-

2064 2202 2170 2271 logi
2210 2205 2567 2259 vehementer
2610 2205 2844 2270 variant,
2877 2220 3052 2275 neque
3099 2202 3153 2259 iri
3195 2205 3679 2273 supputationibus

2066 2283 2370 2344 temporum
2397 2276 2711 2345 scrupulose
2735 2277 2927 2347 sategit
2944 2275 3275 2333 Lactantius.
3309 2277 3506 2332 Isnus.

2136 2347 2267 2430 Anio
2289 2363 2454 2430 annos
2483 2364 2586 2430 non
2615 2347 2856 2430 amplius,
2883 2356 2987 2402 etc.
3016 2347 3204 2430 Falsus
3234 2357 3461 2430 apparet
3493 2349 3673 2430 calca-1

2064 2416 2167 2489 lus.
2203 2417 2475 2489 Arnobius
2502 2418 2663 2474 aliam
2692 2416 2846 2489 inivit
2867 2418 3191 2489 supputandi
3217 2416 3517 2487 rationem,
3547 2431 3604 2476 et
3623 2419 3680 2476 ad

2065 2488 2173 2563 duo
2200 2488 2368 2563 millia
2397 2505 2662 2563 annorum
2704 2489 2772 2544 ab
2801 2488 2953 2563 Jove,
2987 2490 3177 2563 ad‘illa
3217 2505 3387 2563 usque
3423 2500 3670 2563 tempora

2068 2560 2445 2616 intercessisse
2467 2561 2654 2616 scribit
2675 2576 2843 2631 prope
2861 2559 3022 2616 finem
3052 2561 3147 2615 lib.
3179 2577 3240 2616 ιι.
3265 2560 3456 2618 lsa—zus.

2140 2631 2225 2687 Ne
2252 2632 2459 2687 modum
2481 2635 2711 2687 excedat.
2740 2633 2870 2689 Mss.
2905 2648 3015 2688 rec.
3038 2632 3076 2687 2
3106 2632 3434 2703 Heg.,Vict.,
3468 2633 3632 2703 Nam,
3660 2650 3675 2693 Ι

2067 2703 2250 2769 Colb.,
2281 2703 2429 2771 Gat.,
2460 2703 2629 2759 Brun.
2662 2704 2869 2762 addunt
2894 2704 3094 2771 oratio;
3122 2705 3218 2761 sed
3258 2720 3581 2777 perperam.

366 2909 3641 2937 Μ

699 3002 1252 3089 ANALYSIS
1308 3003 1622 3087 LIBRI
1674 3001 2234 3099 SECUNDI,
2293 3004 2513 3116 QUI
2569 2998 3339 3093 INSCRIBITUR

1372 3205 1517 3278 DE
1576 3202 2054 3280 ORIGINE
2130 3202 2660 3279 ERBORIS.

435 3543 624 3600 Partes
646 3542 766 3599 libri
791 3542 911 3615 duae
931 3549 1055 3615 sunt
1081 3558 1096 3615 ς
1124 3541 1297 3611 prima
1322 3540 1389 3615 de
1413 3539 1662 3597 Vanitate
1685 3540 1962 3612 religionis
1989 3540 2033 3603 C
2069 3540 2202 3615 tales
2224 3540 2634 3615 contempsisse,
2654 3539 2933 3615 spoliasse,
2962 3538 3408 3615 iilttsisse,iidque
3428 3544 3671 3615 impune:

365 3614 629 3680 deorum;
662 3615 825 3669 altera
857 3614 925 3669 de
954 3613 1171 3683 Origine
1201 3613 1423 3667 erroris.

446 3685 617 3741 Vanus
643 3703 748 3741 esse
767 3686 1035 3756 religiones
1056 3686 1265 3739 deorunt
1298 3684 1475 3752 probat
1500 3703 1513 3739 :
1547 3683 1602 3739 1°
1624 3684 1744 3755 quia
1777 3694 1965 3740 contra

364 3758 747 3814 conscientiam
776 3755 1159 3827 suscipiantur,
1192 3771 1313 3827 cum
1340 3756 1499 3809 etiam
1540 3755 1610 3809 illi
1652 3756 1703 3810 in
1747 3756 1964 3810 calami~

366 3830 562 3885 tatibus
590 3830 655 3883 ad
686 3830 853 3884 Deum
881 3825 1044 3882 unum
1075 3825 1406 3896 Confugiant,
1437 3829 1526 3897 qui
1564 3827 1725 3883 rebus
1752 3843 1817 3881 ex
1844 3842 1967 3881 seu-

368 3902 531 3956 tentia
555 3900 847 3955 fluentibus
877 3897 1170 3969 alacresad
1195 3899 1419 3953 deorum
1442 3898 1641 3969 templa
1672 3907 1916 3953 currunt.

436 3972 496 4027 2°
523 3972 656 4039 Quia
704 3987 807 4025 non
850 3979 980 4024 sunt
1007 3968 1231 4023 rationis
1263 3969 1532 4035 humanm,
1560 3968 1699 4023 nam
1743 3977 1970 4025 curvant

367 4044 589 4100 caeleste
616 4042 816 4097 animal
846 4042 911 4096 ad
946 4039 1250 4095 veneranda
1302 4048 1536 4096 terrena.
1570 4040 1755 4098 Status
1786 4052 1969 4096 rectus

371 4115 574 4170 homini
603 4125 655 4169 et
684 4115 863 4169 vultus
893 4111 1326 4184 suhiimisidatus
1353 4120 1456 4179 est,
1489 4121 1547 4167 ut
1571 4126 1789 4168 sursum
1824 4114 1970 4184 aspi-

369 4185 494 4248 ciat,
526 4202 631 4241 non
654 4186 908 4241 deorsum
933 4184 949 4253 (
974 4180 1102 4253 Cap.
1139 4181 1212 4253 l).

442 4258 498 4313 3°
525 4258 658 4325 Quia
691 4257 981 4311 simulacra
1008 4254 1214 4321 colunt,
1241 4268 1360 4324 quae
1389 4262 1481 4309 aut
1509 4266 1634 4311 sunt
1660 4256 1811 4325 signa
1842 4255 1971 4310 deo-

370 4344 491 4383 rum
523 4337 883 4389 mortuorum.
914 4334 1008 4379 aut
1036 4325 1363 4397 absentium,
1398 4336 1489 4380 aut
1516 4329 1881 4397 praesentium.
1912 4327 1969 4383 Si

371 4409 728 4463 mortuorum,
764 4398 927 4452 stulte
973 4396 1191 4462 colunt;
1229 4397 1273 4450 si
1304 4396 1625 4466 absentium,
1656 4398 1867 4454 colendi
1897 4398 1970 4453 dii

373 4486 479 4526 non
524 4480 668 4535 sunt,
703 4471 746 4525 si
777 4484 878 4524 nec
922 4468 1107 4521 vident
1145 4483 1263 4536 quae
1314 4467 1553 4534 facimus,
1605 4487 1705 4525 nec
1747 4470 1972 4525 audiunt

373 4558 493 4613 qua:
519 4558 823 4614 precamur.
850 4540 906 4595 Si
931 4541 1295 4606 praesentium,
1325 4540 1446 4614 quia
1469 4542 1541 4597 dii
1567 4544 1821 4598 absentes
1852 4557 1973 4596 esse

375 4612 483 4669 non
520 4612 781 4683 possunt,
818 4625 1148 4683 supervacua
1180 4622 1303 4665 sunt
1347 4612 1655 4669 simulacra.
1702 4614 1972 4669 Praeterea

376 4686 471 4741 Dei
497 4681 547 4740 in
575 4693 837 4740 aeternum
865 4681 1092 4737 viventis
1116 4683 1290 4737 vivum
1320 4691 1371 4736 et
1394 4686 1651 4740 sensibile
1676 4685 1833 4740 debet
1853 4698 1974 4738 esse

375 4757 742 4811 simulacrum.
772 4756 834 4807 At
861 4754 1069 4808 illorum
1100 4753 1384 4809 simulacra
1410 4758 1553 4811 omni
1580 4772 1741 4811 sensu
1764 4764 1970 4809 carent.

376 4828 553 4882 Ποιιιο
579 4838 662 4880 est
692 4824 1100 4879 simulacrorum
1133 4826 1280 4896 quasi
1324 4841 1537 4894 parens.
1570 4826 1758 4896 Itaque
1786 4825 1975 4881 melior

377 4900 466 4969 qui
492 4897 645 4969 facit,
669 4912 828 4969 quam
850 4896 946 4969 illa
978 4912 1096 4964 qua:
1123 4895 1257 4951 facta
1283 4908 1427 4952 sunt.
1458 4899 1515 4953 ln
1545 4895 1836 4969 simulacro
1867 4912 1974 4951 non

2068 3611 2131 3667 Ο.
2153 3611 2378 3688 Χεςνρῐη
2402 3612 2621 3688 impune
2654 3622 2748 3688 Iot_
2755 3612 3029 3682 sacrilegia
3050 3611 3389 3688 commisisse
3407 3611 3578 3688 (Cap.
3601 3620 3669 3688 4).

2140 3682 2198 3738 4ο
2228 3684 2361 3752 Quia
2393 3683 2686 3754 prmferunt
2719 3683 2831 3737 Deo
2857 3691 2911 3737 et
2949 3685 3153 3752 parenti
3192 3700 3356 3753 opera
3400 3682 3537 3753 Dei;
3577 3682 3673 3745 non

2070 3754 2242 3828 solum
2276 3755 2520 3828 barbari,
2553 3754 2647 3809 sed
2678 3755 2836 3809 etiam
2870 3755 3025 3828 stoici
3061 3755 3399 3828 philosophi,
3434 3760 3530 3828 qui
3567 3776 3671 3813 om~

2071 3827 2155 3881 nia
2184 3826 2447 3887 ctelestia,
2478 3841 2598 3895 qua:
2622 3835 2922 3886 moventur,
2955 3826 3008 3879 in
3043 3826 3266 3880 deorum
3300 3826 3530 3883 numero
3560 3847 3674 3885 cen-

2070 3909 2189 3952 sent
2215 3915 2227 3950 :
2260 3912 2395 3972 quos
2424 3906 2763 3972 uolitantum
2798 3897 3043 3972 veritate,
3070 3897 3163 3953 sed
3194 3900 3357 3954 etiam
3388 3901 3578 3956 verbis
3607 3902 3675 3972 ipv

2069 3984 2250 4024 sorum
2280 3964 2510 4023 revincit
2539 3964 2691 4038 (Cap.
2725 3969 2757 4022 5
2782 3976 2835 4023 et
2861 3967 2938 4035 6).

2144 4040 2200 4095 5°
2228 4039 2360 4107 Quia
2406 4040 2557 4104 solis,
2594 4040 2769 4110 lunae,
2812 4039 2975 4109 ignis,
3008 4055 3182 4110 aquai,
3233 4049 3337 4098 etc.
3385 4042 3674 4100 simulacra

2072 4110 2364 4184 humanum
2396 4111 2450 4165 in
2481 4109 2699 4184 modum
2730 4109 3438 4184 formant,_censecrantqne
3466 4115 3536 4169 iis
3574 4131 3675 4171 ma-

2073 4181 2366 4256 nubiasot‘
2398 4182 2613 4256 rapinas
2652 4195 2799 4256 suas,
2843 4182 3217 4256 existimantes
3258 4181 3428 4240 Deum
3468 4201 3672 4256 amare,

2072 4252 2327 4327 quidquid
2357 4253 2455 4320 ipsi
2484 4254 2870 4327 concupiscunt
2905 4252 3057 4327 (Cap.
3091 4255 3168 4327 7).

2144 4323 2405 4399 Ostscrto
2430 4323 2532 4399 :LAt
2554 4324 2591 4376 ii
2616 4324 2716 4395 ipsi
2741 4323 3147 4399 dii__majestatetn
3176 4343 3325 4399 suam
3344 4343 3479 4399 swpe
3508 4340 3677 4384 esten-

2073 4396 2197 4466 dunt
2246 4394 2528 4465 prodigiis,
2564 4406 2611 4450 et
2640 4394 2872 4449 somniis
2894 4437 2908 4459 ,
2954 4406 3001 4449 et
3047 4398 3277 4466 auguriis
3303 4442 3318 4463 ,
3362 4394 3426 4453 εί
3448 4401 3674 4457 oraculis

2074 4465 2202 4539 (Hic
2232 4477 2595 4519 enumerantur
2615 4469 2776 4540 multa
2800 4468 3051 4521 miracula
3076 4465 3335 4540 deorum).
3357 4500 3426 4510 -
3449 4469 3518 4527 Ut
3557 4488 3675 4528 cau-

2074 4552 2188 4593 sam
2224 4539 2412 4591 horum
2455 4539 2837 4593 miraculorum
2880 4549 3135 4608 exponat,
3165 4542 3328 4596 altius
3364 4541 3673 4600 Laetatitius

2075 4609 2441 4681 narrationem
2471 4609 2678 4681 orditur
2700 4609 2767 4664 ab
2792 4609 2905 4680 ipsa
2933 4610 3140 4667 scilicet
3166 4614 3440 4669 creatione
3466 4630 3672 4681 rerum,

2076 4680 2143 4735 de
2170 4680 2487 4753 quanincipit
2518 4680 2811 4753 disserere,
2826 4695 2945 4753 cap.
2978 4682 3032 4747 9,
3062 4682 3115 4737 in
3147 4698 3254 4753 quo
3285 4686 3481 4739 refutat
3514 4680 3670 4742 erroé

2076 4766 2164 4806 res
2196 4750 2631 4819 philosophorum
2658 4751 2726 4806 de
2749 4752 2950 4807 mundo
2970 4763 3023 4807 et
3047 4750 3507 4822 ejus—fabricatore
3533 4758 3660 4812 Deo.

2079 4822 2279 4896 Deinde
2311 4824 2651 4896 persequitur
2678 4822 2955 4896 historiam
2980 4826 3286 4890 creationis,
3310 4844 3425 4896 cap.
3455 4828 3540 4890 10,
3592 4831 3671 4892 Η,

2080 4894 2170 4966 12,
2205 4894 2295 4959 15,
2335 4895 2649 4966 immiscens
2693 4894 2983 4966 identidem
3029 4894 3509 4966 disputatiunculas
3556 4913 3671 4953 cum

378 4964 462 5024 est
488 4964 697 5040 aliquid;
719 4968 949 5040 hominis
978 4969 1482 5040 prieterinmhram;
1512 4985 1640 5040 ergo
1683 4968 1851 5040 multo
1878 4969 1971 5023 mi-
2004 4964 2053 5024 D
2079 4964 2416 5040 philosophis
2441 5006 2454 5030 ,
2487 4981 2606 5040 quas
2656 4965 2730 5040 ad
2770 4966 3098 5022 creationem
3114 4964 3127 5040 ί
3147 4970 3439 5037 pertinent.
3492 4968 3673 5026 Tertio

379 5055 480 5094 nus
502 5038 700 5108 aliquid
728 5038 815 5093 Dei
849 5038 999 5107 (Cap.
1030 5038 1112 5109 2).
1146 5039 1239 5094 His
1265 5040 1547 5109 subjicitur
1572 5038 1749 5110 gravis
1777 5039 1973 5094 (lelior-

382 5112 510 5165 tatio
537 5125 566 5164 a
594 5110 1001 5165 simulacrorum
1041 5111 1211 5173 cultu.
1245 5126 1415 5181 usque
1454 5112 1520 5165 ad
1568 5114 1726 5165 linem
1755 5126 1875 5180 cap.
1913 5111 1969 5179 2,

381 5191 437 5236 et
478 5182 830 5250 reprehensio
855 5182 1150 5251 Ciceronis,
1182 5184 1273 5253 qui
1319 5197 1440 5236 cum
1487 5181 1813 5237 intellexerit
1850 5182 1973 5237 reli-

380 5253 599 5323 gionum
631 5254 943 5319 vanitatem,
977 5266 1154 5309 tamen
1187 5269 1285 5308 nec
1317 5254 1453 5308 alios
1481 5253 1550 5307 ab
1590 5269 1651 5309 ea
1684 5253 1972 5320 abducere,

381 5339 491 5395 nec
510 5326 622 5393 ipse
647 5341 763 5380 eam
803 5326 1109 5395 relinquere
1134 5325 1301 5379 voluit
1327 5324 1476 5391 (Cap.
1510 5324 1584 5393 5).

453 5394 675 5450 Rursum
698 5398 973 5451 simulacra
996 5396 1190 5450 nullam
1214 5396 1527 5457 maiestatem
1553 5396 1735 5451 habere
1760 5397 1973 5453 asserit:

382 5466 534 5536 Quod
565 5468 759 5525 fuerint.
802 5471 853 5522 in
896 5467 1206 5539 homunculi
1247 5476 1547 5539 potestate;
1593 5468 1732 5539 quod
1778 5470 1967 5538 frangi,

382 5541 646 5604 cremari,
697 5542 869 5606 perire
918 5536 1162 5609 possint;
1195 5537 1336 5609 quod
1366 5536 1653 5609 semetipsa
1697 5542 1830 5595 tueri
1864 5536 1969 5596 non

380 5611 622 5684 possint;
653 5611 793 5684 quod
837 5626 958 5663 Clllll
1004 5608 1290 5684 violentur,
1324 5608 1487 5684 inulta
1518 5608 1624 5667 sint
1645 5654 1673 5684 ,ί
1700 5612 1800 5667 nisi
1825 5626 1854 5665 a
1881 5628 1975 5667 co-

382 5680 618 5739 lentibus
650 5680 1020 5736 vindicentur:
1053 5682 1194 5752 quod
1236 5682 1404 5737 oculis
1444 5684 1552 5737 sint
1596 5683 1836 5752 subjecta
1861 5725 1876 5748 ,
1910 5696 1974 5737 ac

384 5756 611 5825 proinde
652 5768 755 5806 non
796 5750 1147 5831 immortalia;
1190 5752 1593 5831 itaque__frustra
1634 5750 1763 5825 ipsis
1791 5751 1977 5831 offerri

385 5821 645 5892 munera;
690 5821 884 5883 merito
927 5821 1238 5895 Dionysium
1276 5825 1474 5884 Sicilia:
1514 5821 1799 5898 tyrannum
1844 5823 1977 5883 deos

2080 5036 2269 5109 diluvii
2310 5038 2593 5109 hismriam
2641 5039 2891 5109 attingit,
2942 5048 2997 5092 et
3043 5036 3305 5109 originem
3351 5055 3600 5097 errorum
3644 5055 3671 5096 a

2079 5106 2269 5183 Chami
2301 5108 2758 5183 Hebraeorumque
2785 5106 3387 5183 'tlefectionefdeducit.
3428 5127 3551 5183 cap.
3585 5114 3664 5168 li.

2079 5182 2324 5245 Quarto,
2358 5192 2636 5236 crescente
2688 5180 2965 5235 hominum
3016 5182 3239 5247 malitia,
3284 5183 3453 5238 Deum
3496 5180 3669 5240 scribit

2081 5252 2294 5306 misisse
2334 5252 2556 5321 angelos
2597 5250 2663 5305 ad
2707 5252 2929 5305 tutelam
2973 5253 3188 5322 generis
3233 5255 3452 5309 litnnani
3488 5255 3541 5310 in
3574 5267 3670 5310 ter-

2080 5337 2195 5376 ram
2228 5340 2240 5375 :
2271 5337 2408 5393 quos
2440 5338 2559 5377 cum
2587 5322 2891 5390 pellexisset
2919 5323 3163 5380 diabolus
3196 5325 3261 5381 ad
3295 5326 3444 5390 vitia,
3477 5338 3533 5381 et
3561 5340 3667 5381 mu-

2081 5394 2272 5449 lierum
2301 5394 2678 5464 congressibus
2704 5393 3055 5463 inquinasset.
3077 5394 3271 5453 fecisse
3290 5412 3386 5453 eos
3407 5397 3667 5451 diabolum

2077 5481 2205 5521 suos
2235 5466 2513 5539 satellites,
2537 5465 2628 5535 qui
2653 5477 2831 5539 autem
2853 5481 2919 5521 ex
2946 5467 3027 5521 his
3050 5467 3267 5539 inerunt
3295 5471 3563 5539 prognati.
3584 5483 3669 5523 eos

2079 5552 2255 5607 neque
2293 5537 2534 5608 angelos,
2570 5553 2741 5598 neque
2770 5536 3012 5595 homines
3039 5537 3237 5606 finiase;
3273 5536 3433 5609 atque
3473 5541 3543 5593 ita
3573 5540 3669 5594 duo

2080 5609 2217 5664 faeta
2243 5623 2363 5664 esse
2393 5623 2587 5679 genera
2618 5608 2944 5677 daemonum,
2979 5627 3138 5665 unum
3178 5608 3423 5679 (vmleste,
3451 5612 3666 5666 altermn

2082 5688 2378 5744 terrenum,
2409 5690 2571 5751 atque
2601 5679 2700 5735 hos
2738 5695 2859 5737 esse
2896 5680 3202 5738 immundos
3241 5683 3481 5752 spiritus,
3513 5681 3668 5738 maloa

2082 5766 2225 5816 rum,
2255 5766 2375 5820 quae
2402 5763 2683 5821 geruntur,
2714 5763 2996 5819 auctores;
3025 5753 3117 5823 qui
3146 5753 3373 5820 insidiis,
3403 5753 3563 5818 dolis,
3586 5767 3667 5809 er-

2087 5823 2301 5888 roribus
2332 5822 2510 5879 omnia
2538 5824 2831 5899 complent,
2863 5824 2953 5896 qui
2980 5822 3251 5883 iuSinuant
3275 5839 3335 5883 se
3363 5823 3667 5899 corporibus
