3790 6274
395 286 502 342 255

1471 273 1657 332 FIRM.
1698 269 2078 350 LACTANTII.
2106 270 2309 330 DIVIN.
2349 271 2595 331 INSTIT.
2639 303 2648 315 ν

3594 273 3710 329 258

387 391 704 452 hauriendis
722 394 1090 468 voluptatibus
1104 393 1354 451 sitienter
1371 391 1708 460 incumbunt,
1731 404 1828 461 per
1848 404 1982 460 quas
2010 395 2066 458 Α
2085 397 2314 460 cogente
2344 398 2556 459 natura,
2585 389 2752 446 etiam
2783 390 2852 448 ab
2879 389 3060 449 invitis
3081 391 3392 464 pectoribus
3419 389 3712 461 erumpit;

385 486 759 557 imprudentes
785 489 843 544 in
870 489 1097 562 laqueos
1141 487 1334 543 mortis
1366 485 1690 550 incurrunt;
1733 485 1984 556 ignorant

383 578 529 636 enim
579 595 700 651 qua:
730 581 804 636 sit
827 580 1063 636 hominis
1090 580 1250 634 ratio.
1274 577 1447 646 Quam
1479 578 1524 632 si
1551 586 1737 632 tenere
1759 576 1980 643 vellent,

383 671 438 728 in
469 672 661 743 primis
691 673 974 728 Dominum
1003 687 1161 728 suum
1190 681 1566 744 agnoscerent,
1589 671 1844 726 virtutem
1867 675 1984 742 jus-

384 765 669 838 titiamque
717 775 1106 838 sequerentur,
1169 767 1400 822 terrenis
1451 765 1721 836 ﬁgmentis
1773 765 1985 821 animas

383 873 510 914 suas
535 875 640 914 non
669 858 1102 924 substernerent,
1129 855 1440 914 mortiferas
1469 857 1755 915 libidinum
1805 857 1984 914 suavi-

385 960 524 1008 tates
550 967 658 1008 non
685 961 1004 1022 appeterent
1033 971 1046 1006 :
1075 952 1311 1024 denique
1355 953 1569 1024 seipsos
1612 954 1794 1024 magni
1837 954 1984 1010 testi-

383 1055 616 1112 marent,
671 1053 833 1117 atque
879 1045 1248 1116 intelligerent
1299 1045 1423 1117 plus
1467 1059 1591 1102 esse
1635 1045 1688 1101 in
1738 1045 1981 1112 homine,

382 1154 548 1210 quam
569 1139 814 1206 videtur,
847 1139 1002 1211 cujus
1027 1140 1138 1195 vim
1183 1138 1664 1211 conditionemque
1690 1153 1798 1194 non
1829 1139 1985 1194 aliter

381 1241 607 1300 possent
635 1231 897 1301 retinere,
923 1233 1029 1288 nisi
1055 1233 1260 1289 cultum
1285 1233 1396 1289 veri
1419 1235 1662 1303 parentis
1688 1233 1796 1302 sui,
1827 1233 1988 1305 depo-

381 1325 486 1380 sita
513 1326 798 1397 pravitate,
827 1327 1192 1397 susceperint.
1215 1326 1506 1397 Equidem,
1554 1327 1696 1382 sicut
1743 1336 1980 1398 Oportet,

381 1418 451 1476 de
498 1434 708 1475 summa
759 1435 942 1475 rerum
1003 1435 1382 1492 saepenumero
1429 1420 1696 1492 cogitans,
1727 1420 1984 1476 admirari

381 1513 534 1570 soleo
564 1512 904 1584 majestatem
938 1514 1037 1570 Dei
1059 1515 1368 1586 singularis,
1402 1530 1524 1586 qum
1551 1516 1793 1572 continet
1818 1517 1984 1587 regit-

384 1619 490 1678 que
520 1605 727 1672 omnia,
778 1606 834 1661 in
889 1614 1092 1662 tantam
1139 1607 1356 1663 venisse
1393 1606 1746 1673 oblivionem,
1775 1617 1836 1664 ut
1864 1623 1986 1679 qua:

382 1701 504 1756 sola
535 1699 638 1755 coli
667 1699 884 1766 debeat,
909 1699 1023 1756 sola
1055 1699 1398 1772 potissimum
1426 1699 1760 1772 negligatur;
1805 1701 1984 1757 homi-

2087 479 2232 551 quod
2261 480 2478 550 quidem
2509 497 2618 537 non
2665 481 2866 538 faciunt
2893 483 2946 538 in
2997 485 3274 556 prosperis
3319 483 3510 540 rebus.
3561 481 3708 538 Nam

2087 579 2200 626 tum
2235 573 2466 628 maxime
2509 574 2652 629 Deus
2681 589 2747 628 ex
2795 577 3057 632 memoria
3101 575 3380 630 hominum
3411 575 3663 631 elabitur
3685 617 3704 638 ,

2087 680 2212 720 cum
2250 664 2525 721 beneﬁciis
2551 666 2671 736 ejus
2697 665 2960 736 fruentes,
3005 667 3269 724 honorem
3321 667 3455 724 dare
3498 666 3708 722 divina:

2087 759 2436 832 indulgentiae
2465 760 2686 817 debent.
2719 760 2790 817 At
2811 776 2940 818 vero
2960 761 3006 817 si
3037 777 3143 834 qua
3180 761 3485 818 necessitas
3515 761 3709 832 gravis
3733 775 3760 785 “

2085 854 2380 926 presserit,
2439 863 2566 909 tunc
2606 853 2773 910 Deum
2805 853 3178 910 recordantur.
3235 853 3292 910 Si
3343 853 3473 910 belli
3525 863 3712 909 terror

2086 945 2448 1013 infremuerit,
2478 947 2523 1003 si
2554 947 2866 1003 morborum
2897 947 3152 1019 pestifera
3185 948 3268 1002 vis
3295 946 3636 1014 incubuerit,
3661 948 3706 1002 si

2087 1039 2348 1096 alimenta
2377 1039 2624 1111 frugibus
2652 1039 2813 1111 longa
2841 1040 3061 1096 siccitas
3081 1039 3454 1112 denegaverit,
3479 1039 3529 1094 si
3560 1055 3707 1094 sava

2089 1140 2410 1202 tempestas,
2441 1131 2486 1186 si
2502 1131 2713 1203 grando
2740 1132 3020 1202 ingruerit,
3049 1132 3117 1187 ad
3147 1131 3316 1186 Deum
3344 1129 3702 1200 eonfugitur,

2085 1237 2117 1278 a
2145 1225 2257 1280 Deo
2287 1224 2489 1294 petitur
2521 1224 2807 1292 auxilium,
2841 1225 3016 1292 Deus,
3051 1232 3108 1280 ut
3135 1223 3458 1292 subveniat,
3491 1231 3704 1278 oratur.

2086 1316 2145 1374 Si
2171 1318 2290 1388 quis
2315 1317 2368 1372 in
2397 1317 2554 1385 mari,
2589 1326 2750 1372 vento
2771 1317 3050 1386 saeviente,
3075 1317 3333 1388 jactatur,
3362 1315 3516 1373 hunc
3541 1316 3706 1372 invo-

2087 1420 2194 1468 cat.
2227 1410 2284 1466 Si
2313 1412 2433 1482 quis
2461 1411 2642 1484 aliqua
2667 1411 2717 1466 vi
2747 1411 3071 1479 afflictatur,
3103 1413 3248 1467 hunc
3268 1412 3452 1483 potius
3497 1411 3705 1482 implo-

2085 1514 2190 1559 rat.
2224 1503 2282 1560 Si
2313 1504 2435 1576 quis
2475 1503 2544 1560 ad
2589 1513 2889 1561 extremam
2920 1504 3264 1562 mendicandi
3309 1506 3707 1562 necessitatem

2087 1597 2372 1665 deductus,
2403 1599 2602 1654 victum
2630 1598 2882 1669 precibus
2898 1599 3139 1668 exposcit
3157 1640 3173 1667 ,
3201 1599 3367 1654 Deum
3394 1599 3580 1655 solum
3607 1599 3706 1656 ob-

2089 1699 2337 1760 testatur,
2369 1700 2423 1747 et
2463 1707 2560 1762 per
2586 1692 2706 1762 ejus
2730 1691 2980 1747 divinum
3021 1701 3184 1762 atque
3227 1693 3448 1748 unicum
3497 1708 3701 1749 nomen

383 1807 482 1848 nes
505 1800 685 1847 autem
711 1791 860 1860 ipsos
879 1791 946 1848 ad
975 1799 1176 1848 tantam
1211 1795 1512 1849 cmcitatem
1558 1807 1682 1849 esse
1721 1793 1984 1850 deductos
2012 1793 2062 1854 B
2090 1781 2368 1839 hominum
2399 1783 2501 1840 Sibi
2541 1783 2970 1840 misericordiam
2993 1785 3206 1856 (ἰυπΐῖιο
3249 1784 3564 1856 Numquam
3599 1786 3702 1856 ίὲί·

385 1892 444 1940 ιιι
485 1897 612 1939 vero
657 1898 722 1939 ac
766 1883 891 1940 vivo
938 1883 1052 1940 Deo
1097 1891 1342 1940 mortuos
1375 1883 1687 1956 praeferant,
1739 1895 1986 1944 terrenos

382 1987 565 2033 autem
613 1975 964 2048 sepultosque
1008 1975 1064 2033 iu
1111 1984 1254 2034 terra
1294 1976 1348 2034 ei
1372 1977 1464 2050 qui
1508 1976 1766 2036 fundator
1813 1979 1984 2052 ipsius

383 2080 545 2128 terra:
581 2069 700 2126 fuit.

455 2165 524 2221 Et
575 2173 753 2222 tamen
810 2165 939 2222 huic
965 2166 1228 2239 impietati
1279 2165 1558 2224 hominum
1591 2176 1776 2240 posset
1823 2168 1982 2226 venia

385 2257 648 2326 concedi,
679 2259 726 2315 si
751 2259 972 2316 omnino
997 2261 1066 2318 ab
1092 2261 1395 2332 ignorantia
1436 2261 1603 2318 divini
1633 2263 1867 2320 nominis
1892 2279 1984 2321 ve-

384 2351 526 2408 niret
553 2349 641 2407 hic
669 2365 844 2407 error.
860 2351 996 2408 Cum
1019 2367 1151 2408 vero
1177 2353 1324 2424 ipsos
1340 2351 1562 2410 deorum
1579 2355 1816 2412 cultores
1837 2370 1983 2428 saepe

385 2443 667 2501 videamus
693 2445 860 2501 Deum
887 2460 1158 2501 summum
1187 2453 1246 2502 et
1271 2445 1516 2502 confiteri
1540 2457 1597 2503 et
1645 2447 1941 2517 praedicare
1965 2489 1980 2516 ,

387 2553 550 2611 quam
593 2538 698 2595 sibi
745 2539 958 2596 veniam
998 2555 1222 2611 sperare
1258 2550 1486 2612 possunt
1515 2541 1804 2614 impietatis
1833 2545 1984 2601 suta?

387 2631 480 2704 qui
510 2647 620 2688 non
659 2642 960 2704 agnoscunt
987 2634 1190 2689 cultum
1213 2633 1353 2706 ejus,
1379 2649 1539 2706 quem
1569 2650 1790 2706 prorsus
1821 2637 1980 2710 igno-

387 2725 496 2782 rari
545 2725 616 2780 ah
641 2725 862 2782 homine
903 2727 984 2782 fas
1012 2741 1121 2783 non
1151 2735 1254 2783 est.
1285 2726 1418 2783 Nam
1449 2737 1502 2784 et
1529 2743 1650 2785 cum
1679 2729 1865 2800 jurant
1888 2772 1902 2798 ,
1931 2741 1987 2787 et

387 2835 513 2878 cum
559 2830 780 2892 optant,
813 2831 869 2878 et
909 2837 1030 2878 cum
1069 2823 1265 2894 gratias
1311 2833 1499 2892 agunt,
1532 2840 1638 2880 non
1680 2825 1868 2883 Jovem
1897 2837 1990 2885 aut

321 2903 340 2920 ’
387 2913 522 2972 deos
549 2914 772 2982 multos,
803 2913 900 2972 sed
923 2915 1091 2972 Deum
1119 2915 1400 2972 nominant
1427 2934 1441 2972 :
1469 2915 1606 2973 adeo
1629 2917 1742 2988 ipsa
1764 2920 1988 2990 veritas,

2087 1885 2175 1933 tttr
2203 1877 2299 1933 Dei
2327 1878 2724 1946 meminerunt,
2753 1878 2858 1934 nisi
2900 1877 3028 1934 dum
3074 1877 3128 1934 in
3169 1878 3328 1934 malis
3359 1888 3512 1934 sunt.
3548 1879 3706 1936 Post-

2086 1986 2249 2043 quam
2296 1981 2474 2028 metus
2519 1971 2760 2028 deseruit
2807 1981 2862 2028 et
2892 1971 3135 2043 pericula
3162 1981 3534 2038 recesserunt,
3591 1985 3703 2030 tum

2086 2080 2220 2122 vero
2250 2065 2459 2122 alacres
2504 2066 2573 2123 ad
2607 2065 2834 2124 deorum
2866 2065 3064 2137 templa
3109 2076 3488 2135 concurrunt;
3525 2067 3615 2124 his
3648 2071 3706 2126 li-

2085 2166 2238 2233 bant,
2263 2164 2348 2222 his
2373 2165 2702 2234 sacriﬁcant,
2729 2164 2829 2220 hos
2849 2173 3134 2221 coronant.
3169 2164 3284 2221 Deo
3307 2174 3520 2234 autem,
3542 2181 3704 2238 quem

2089 2261 2143 2316 in
2176 2260 2291 2330 ipsa
2323 2259 2654 2316 necessitate
2699 2257 3144 2330 imploraverant,
3176 2272 3246 2314 ne
3273 2259 3450 2314 verbo
3479 2259 3704 2328 quidem

2083 2354 2286 2424 gratias
2313 2360 2482 2424 agunt
2507 2368 2522 2406 :
2569 2351 2708 2406 adeo
2736 2367 2803 2406 ex
2829 2365 3012 2406 rerum
3039 2350 3406 2422 prosperitate
3444 2351 3666 2408 luxuria
3688 2397 3701 2420 ,

2086 2464 2152 2505 ex
2183 2448 2398 2504 luxuria
2422 2461 2572 2514 vero,
2603 2455 2663 2503 ut
2682 2447 2810 2504 vitia
2837 2447 3037 2513 omnia,
3057 2447 3138 2504 sic
3160 2443 3414 2517 impietas
3442 2447 3702 2506 adversus

2086 2542 2254 2599 Deum
2277 2541 2536 2598 nascitur.

2158 2638 2401 2706 Quanam
2441 2637 2584 2693 istud
2624 2653 2689 2694 ex
2725 2651 2889 2693 causa
2939 2636 3054 2692 ﬁeri
3085 2638 3384 2706 putemus?
3431 2637 3543 2693 nisi
3583 2652 3700 2694 esse

2084 2731 2319 2804 aliquam
2349 2746 2660 2803 perversam
2686 2738 3030 2802 potestatem,
3054 2745 3174 2800 quae
3197 2731 3445 2786 veritatis
3470 2730 3546 2786 sit
3568 2747 3702 2788 sent-

2091 2839 2189 2896 per
2239 2823 2492 2890 inimica,
2535 2839 2654 2893 quae
2701 2822 2950 2876 humanis
2993 2821 3271 2877 erroribus
3313 2822 3585 2893 gaudeat,
3624 2826 3699 2880 cui

2093 2920 2314 2976 unicum
2345 2934 2408 2974 ac
2439 2926 2758 2990 perpetuum
2791 2917 2862 2972 sit
2905 2929 3043 2988 opus
3069 2914 3356 2973 effundere
3405 2917 3697 2983 tenebras,

1672 3055 2037 3115 VARIORUM
2074 3057 2298 3114 NOTAE.

463 3190 780 3246 Hauriendis
805 3190 1143 3260 voluptatibus
1184 3189 1410 3245 sitienter
1456 3190 1770 3246 incumbunt.
1803 3191 1900 3246 Ms.
1946 3194 1973 3248 1

389 3263 556 3320 Brun.
585 3274 639 3318 et
667 3262 796 3318 edit.
844 3262 1040 3328 Paris,
1074 3262 1237 3320 1525.
1267 3262 1509 3316 sitientes.
1545 3261 1643 3316 Ms.
1676 3263 1710 3316 2
1738 3261 1893 3320 Colb.
1924 3272 1982 3319 et

324 3380 333 3389 .
392 3336 420 3390 1
446 3332 682 3390 Clarom.
714 3335 946 3400 scienter,
977 3347 1158 3401 prave.
1190 3331 1434 3387 Genuina
1466 3333 1626 3388 lectio
1653 3334 1899 3398 sitienter,
1925 3334 1981 3390 id

391 3416 496 3473 est,
524 3405 712 3478 avide:
729 3403 920 3478 Cicero
945 3404 1166 3478 Tus_cu|_.
1193 3403 1402 3478 217,3.
1433 3402 1544 3460 Nec
1591 3407 1816 3478 sitienter
1859 3406 1984 3478 quid

394 3476 1008 3550 appetensjfrndentius
1036 3473 1401 3530 Cathemerin.
1431 3489 1503 3540 IV,
1541 3491 1592 3529 v.
1623 3475 1714 3544 88,
1745 3473 1988 3533 δίιὶέηιει·

392 3547 618 3604 haurire.
643 3547 873 3606 WALCII.

466 3619 740 3675 Dominunt
769 3637 937 3676 suum.
982 3619 1058 3674 Ita
1094 3631 1197 3690 mg.
1229 3615 1436 3672 Rohan.
1486 3625 1542 3674 et
1571 3617 1986 3690 Sangermann.,

394 3691 642 3764 quodest
667 3695 888 3760 rectius,
937 3704 1100 3762 quam
1143 3687 1313 3744 Deum
1355 3705 1525 3759 suum,
1558 3698 1616 3746 ut
1645 3687 1845 3747 habent
1871 3691 1990 3746 vul-

395 3772 530 3817 aatte
552 3763 833 3817 editiones.

430 3772 530 3818 at:e
552 3764 833 3819 editiones.

395 3780 530 3836 gare
552 3780 833 3819 eutuones.

469 3834 776 3890 Suavitates.
807 3835 898 3891 Sic
923 3831 1266 3903 reposuimus
1288 3847 1354 3888 ex
1384 3847 1484 3887 ms.
1531 3831 1804 3903 280nm.
1858 3842 1914 3890 et
1956 3834 1991 3890 5

397 3905 554 3975 Reg.,
584 3921 811 3976 quorum
843 3905 950 3976 duo
978 3902 1106 3976 sunt
1129 3903 1510 3976 antiquissimi,
1561 3902 1722 3976 Tax.,
1753 3905 1790 3958 Ξ
1815 3904 1988 3976 Lips.,

395 3973 580 4044 60th.,
604 3973 642 4031 “1
675 3975 856 4042 Colb.,
885 3975 922 4029 2
965 3973 1198 4032 Clarum.
1241 3973 1301 4031 in
1330 3974 1722 4032 recentioribus
1763 3973 1896 4032 mss}
1937 3985 1994 4032 et

397 4049 452 4103 in
481 4047 638 4103 editis
667 4055 752 4102 est
777 4047 1078 4115 voluptates.

474 4117 602 4173 Plus
627 4119 818 4190 essein
843 4119 1060 4172 homine.
1092 4118 1148 4175 ld
1176 4116 1517 4190 desumptum
1551 4129 1635 4176 est
1659 4135 1722 4174 ex
1752 4118 1988 4174 Platonis

401 4187 953 4316 'cl‘irpgtglgtocmatylo.
983 4190 1120 4247 Vide
1161 4201 1216 4247 et
1240 4187 1486 4247 Lactant.
1521 4191 1589 4246 de
1615 4189 1842 4262 Opiﬁcio
1871 4191 1984 4278 Dei,

397 4276 449 4316 c.
479 4265 547 4316 19
567 4269 620 4315 et
641 4265 730 4316 20.
1893 4272 1899 4278 ·

475 4330 694 4387 Possem
739 4334 970 4390 retinere.
1000 4333 1075 4390 lta
1106 4333 1440 4390 rcstituimus
1467 4349 1533 4390 ex
1560 4347 1690 4388 mss.
1718 4334 1745 4388 1
1777 4331 1984 4387 Βοιιοη.

401 4403 722 4476 antiquiore,
751 4415 806 4460 et
834 4407 859 4462 1
894 4405 1125 4464 Clarum.
1151 4405 1210 4461 ln
1237 4407 1446 4462 caeteris
1466 4413 1573 4474 est,
1598 4421 1745 4476 posse
1781 4403 1988 4458 retineri

401 4473 454 4528 in
485 4475 511 4546 1
543 4473 698 4544 Reg..
731 4488 911 4546 posset.

474 4545 818 4618 Susceperint.
847 4550 1030 4612 Forte,
1061 4550 1393 4618 susciperent.

472 4615 780 4690 Ifrteferant.
811 4621 1068 4677 Rostocli.
1099 4631 1151 4675 et
1179 4615 1338 4676 Ultr..
1372 4623 1678 4690 anteferam.

475 4687 811 4762 Sepultosque
839 4695 891 4747 in
922 4702 1056 4748 terra
1085 4691 1150 4746 ei.
1184 4692 1280 4747 Ms.
1316 4694 1341 4746 1
1375 4687 1609 4746 Clarum.
1658 4699 1712 4746 et
1742 4703 1986 4747 recentes

400 4759 525 4816 edd.
545 4759 749 4831 Septem
780 4763 984 4819 addunt
1006 4772 1306 4834 prtenonant
1330 4780 1350 4829 ;
1377 4775 1680 4832 perperam,
1711 4777 1832 4818 cum
1861 4777 1984 4818 mox

401 4834 741 4904 praecesserit
768 4836 990 4890 verbum
1025 4836 1322 4904 praeferant.

474 4903 731 4959 Nominis.
767 4901 1112 4960 Heumannus
1134 4901 1316 4960 credit
1348 4901 1632 4975 legendum
1671 4919 1789 4960 esse
1819 4905 1988 4959 numi-

401 4975 500 5030 nis.
534 4978 600 5030 At
627 4991 732 5032 non
767 4987 1038 5032 mutamus
1061 4977 1348 5030 lectionem
1380 4988 1510 5029 mss.
1543 4985 1598 5030 et
1625 4977 1914 5032 editorum.

475 5048 635 5112 Quem
663 5064 868 5118 prorsus
888 5048 1116 5118 ignorari
1135 5046 1198 5099 ab
1225 5047 1426 5100 homine
1448 5045 1526 5118 fas
1548 5063 1652 5100 tum
1675 5057 1776 5102 est.
1801 5046 1858 5101 Id
1880 5055 1982 5114 est,

399 5122 487 5188 qui
526 5127 581 5172 ut
626 5135 834 5186 prorsus
869 5117 1127 5188 ignoretur
1166 5119 1229 5172 ab
1269 5118 1472 5172 homine
1500 5117 1613 5172 fieri
1640 5134 1745 5173 non
1787 5125 1980 5181 potest.

401 5188 702 5245 Afﬂrmavit
745 5189 889 5243 enim
921 5203 1159 5243 errorem
1203 5189 1271 5244 ab
1316 5189 1648 5258 ignoratione
1695 5189 1858 5244 divini
1890 5204 1988 5244 no-

401 5262 561 5316 minis
591 5275 696 5330 non
725 5261 956 5314 venisse.
987 5260 1067 5315 Ad
1099 5275 1212 5316 rem
1242 5261 1472 5329 pertinet
1500 5259 1724 5314 Tertull.
1755 5261 1980 5330 Apolng.

401 5347 450 5388 c.
485 5332 549 5385 17
583 5349 596 5404 ς
633 5329 756 5384 Haec
779 5340 848 5383 est
875 5347 1073 5384 summa
1102 5331 1272 5404 delicti
1297 5331 1577 5385 nolentium
1605 5329 1983 5404 recognoscere,

401 5418 547 5474 quem
573 5402 811 5474 ignorare
837 5417 942 5474 non
974 5403 1379 5471 pOSStlttl.‘BUN.

476 5472 580 5526 Sed
605 5469 768 5525 Deum
798 5469 1275 5546 nominant._Cypr.
1313 5475 1440 5529 ldol.
1464 5473 1602 5529 Van.
1629 5489 1750 5546 cap.
1769 5491 1803 5528 v
1829 5491 1842 5528 :
1869 5473 1988 5546 Dici

402 5543 693 5614 frequenter
717 5543 950 5598 audimus
974 5561 993 5600 :
1013 5543 1058 5598 0
1080 5543 1220 5599 Deus
1242 5565 1260 5609 ;
1299 5553 1382 5611 et,
1414 5546 1552 5600 Dens
1573 5543 1740 5610 videi;
1773 5553 1848 5610 et,
1875 5544 1986 5601 Deo

402 5615 695 5668 commendo
712 5630 733 5678 ;
757 5623 827 5680 et,
866 5614 1000 5670 Deus
1029 5617 1150 5668 mihi
1179 5617 1374 5682 reddet;
1392 5628 1464 5679 et,
1499 5617 1648 5683 Quod
1678 5617 1783 5671 vult
1809 5617 1986 5680 Deus;

401 5694 477 5751 et,
506 5685 566 5739 Si
592 5684 725 5739 Deus
751 5685 962 5742 dederit.
994 5686 1160 5757 Atque
1179 5689 1286 5743 hac
1311 5699 1381 5743 est
1405 5705 1604 5742 summa
1628 5689 1820 5756 delicti,
1852 5689 1987 5743 nolle

403 5771 676 5832 agn‘os‘cere
703 5773 849 5832 quem
869 5760 1102 5832 ignorare
1125 5775 1231 5818 non
1253 5761 1434 5832 possis.
1459 5759 1590 5816 BUN.
1721 5819 1735 5832 Δ
1804 5817 1830 5832 η
1855 5818 1868 5832 λ
1926 5811 1963 5832 _,.

477 5822 689 5882 Debent.
715 5818 811 5885 ’διο
840 5818 1053 5901 τέροευί
1083 5840 1150 5889 ett
1179 5818 1427 5889 omnibus
1456 5842 1587 5890 mss.
1626 5836 1680 5890 ct
1707 5819 1742 5886 4
1768 5818 1889 5888 edd:
1925 5818 1984 5889 in

2081 3195 2147 3249 M
2176 3193 2454 3263 impressis
2479 3202 2561 3250 est
2583 3194 2860 3260 deberent;
2892 3195 2986 3252 sed
3016 3196 3175 3251 male.

2159 3265 2219 3320 Si
2245 3281 2346 3336 qua
2371 3267 2658 3321 necessitas.
2691 3267 2782 3322 Sic
2810 3265 3029 3324 Lucret.
3061 3267 3098 3322 l.
3126 3269 3161 3323 5
3186 3287 3200 3325 :

2309 3419 2320 3431 .
2361 3421 2372 3432 .
2411 3417 2424 3432 .
2463 3421 2474 3430 .
2510 3380 2680 3431 Rebus
2703 3383 2752 3431 in
2775 3382 2922 3432 arctis

2279 3444 2453 3496 Acrius
2473 3443 2737 3494 advertunt
2759 3445 2948 3494 animos
2963 3444 3024 3494 ad
3045 3442 3382 3508 relligionem.

2092 3547 2307 3616 Optime
2337 3548 2570 3612 Binetus,
2601 3547 2654 3602 in
2686 3548 2830 3602 notis
2852 3548 2964 3603 suis
2989 3561 3120 3602 mss.
3147 3547 3213 3602 ad
3243 3546 3388 3603 hunc
3415 3557 3698 3606 auctorem

2094 3631 2434 3690 compertum
2467 3629 2582 3684 est,
2612 3619 2846 3687 optimos
2877 3633 2998 3674 esse
3023 3633 3124 3674 nos
3151 3619 3276 3674 dum
3304 3619 3442 3688 aegri
3469 3634 3697 3684 sumus;

2094 3691 2239 3746 unde
2269 3701 2420 3747 recte
2449 3701 2598 3761 Optat
2630 3691 2856 3757 Plinius,
2886 3699 2943 3744 ut
2975 3693 3101 3744 tales
3127 3706 3232 3744 esse
3255 3692 3372 3744 sani
3403 3708 3699 3760 persevere-

2094 3779 2230 3826 mus,
2257 3764 2433 3833 quales
2463 3779 2555 3818 nos
2547 3765 2782 3889 bfuturos
2811 3777 2916 3816 esse
2935 3762 3235 3832 proﬁtemur
3257 3763 3463 3833 «egroti.

2167 3833 2495 3889 Contuaitur.
2600 3833 2737 3888 elius
2767 3848 2887 3887 cum
2933 3832 3283 3889 sequentibus
3333 3833 3463 3889 coh:

2167 3832 2495 3906 Confugitur.
2547 3832 2737 3889 Melius
2767 3848 2887 3887 cum
2933 3832 3283 3906 sequentibus
3311 3832 3593 3906 '_coha:ret
3644 3852 3698 3890 ex

2095 3902 2302 3961 cunctis
2334 3902 2471 3976 pene
2503 3921 2632 3960 mss.
2654 3921 2812 3972 quam
2839 3905 3160 3976 confugiunt,
3188 3902 3333 3972 quod
3354 3914 3441 3960 est
3467 3905 3698 3962 duorum

2095 3991 2209 4048 rec.
2241 3992 2372 4032 mss.
2397 3978 2531 4048 Reg.
2557 3987 2610 4031 et
2633 3976 2922 4048 editorum.

2173 4047 2375 4104 Potius.
2410 4047 2501 4105 Sic
2530 4047 2756 4102 restituo
2785 4062 2848 4102 ex
2879 4048 3129 4102 omnibus
3157 4061 3285 4102 mss.
3314 4056 3369 4102 et
3397 4057 3509 4103 vet.
3545 4049 3699 4106 editis

2097 4119 2256 4175 Rom.
2300 4119 2456 4176 11114
2486 4118 2644 4174 editis
2694 4119 3087 4175 recentioribus
3131 4126 3217 4174 est
3251 4119 3513 4189 protinus.
3576 4121 3700 4177 Vide

2097 4191 2474 4262 praecedentia.

2174 4261 2392 4317 Nomen.
2427 4263 2503 4318 Ita
2533 4263 2745 4331 reposui
2791 4279 2855 4319 ex
2885 4264 3093 4318 cunctis
3142 4275 3274 4317 mss.
3305 4275 3361 4318 et
3387 4271 3503 4318 vet.
3543 4263 3700 4318 editis

2099 4332 2258 4406 Rom.
2283 4345 2338 4406 et
2365 4332 2512 4390 Crat.
2544 4349 2608 4390 ac
2627 4334 2828 4404 Graph.
2857 4335 2909 4388 in
2934 4334 3205 4404 margine;
3235 4342 3289 4406 et
3316 4345 3444 4406 apte
3473 4335 3698 4406 quidem

2099 4404 2166 4460 ad
2198 4405 2361 4461 verba
2389 4407 2582 4476 stipem
2616 4406 3034 4462 mendicantium
3058 4404 3629 4462 innomine'Domini.
3651 4405 3696 4460 lu

2012 4484 2068 4545 ])
2095 4476 2342 4532 omnibus
2369 4477 2482 4533 fere
2508 4477 2666 4533 editis
2701 4485 2804 4542 est,
2836 4493 3040 4532 numen.

2166 4547 2324 4602 Malis
2363 4558 2501 4604 sunt.
2534 4549 2592 4604 lu
2637 4549 2802 4605 rebus
2838 4547 3098 4618 adversis.
3132 4547 3250 4603 Lib.
3277 4564 3352 4614 VI,
3381 4547 3536 4618 'cap.
3590 4550 3696 4606 25:

2092 4616 2265 4692 Etiam
2287 4620 2341 4674 in
2358 4620 2506 4675 malis
2531 4621 2723 4692 gratias
2743 4629 2881 4691 agat.
2899 4617 3012 4674 Cic.
3031 4634 3128 4690 pro
3146 4618 3420 4692 Cluentio,
3447 4616 3591 4692 cap.
3617 4620 3695 4677 61:

2095 4689 2334 4762 Unum...
2367 4692 2421 4746 in
2452 4689 2600 4747 malis
2629 4689 2914 4762 perfugium
2941 4691 3264 4762 calamitatis.
3294 4690 3433 4746 BUN.

2089 4773 2129 4837 ρ
2165 4760 2278 4837 Hos
2324 4772 2588 4837 coronant.
2629 4760 3204 4837 'Simttlacrahdeorum
3224 4761 3695 4837 _cnronari_rapud

2090 4833 2331 4890 Gentiles
2357 4834 2522 4889 moris
2545 4845 2680 4889 erat.
2717 4833 2920 4888 Aruuh.
2947 4832 3041 4886 ιιι).
3075 4849 3183 4888 vu:
3217 4831 3460 4888 Etiamne
3479 4834 3570 4887 dii
3601 4831 3698 4890 ser-

2091 4905 2176 4965 tis,
2206 4906 2407 4959 coronis
2442 4906 2730 5033 agcinntur
2777 4915 2824 4959 et
2863 4903 3114 4974 ﬂoribus?
3145 4904 3276 4959 Vide
3305 4905 3470 4959 etiam
3511 4903 3693 4962 Clem.

2091 4975 2353 5033 Alexand.
2380 4999 2476 5032 παι
2509 5001 2593 5033 αν.
2622 4977 2716 5030 lib.
2749 4992 2808 5033 ll.
2839 4991 2957 5033 can.
2982 4975 3035 5030 8.
3065 4975 3404 5033 Tcrtullian..
3441 4975 3513 5031 de
3571 4977 3692 5033 Cor.

2088 4975 2353 5042 Alexand,
2380 4975 2593 5044 παιδαγ.
2622 4977 2716 5030 lib.
2749 4992 2808 5040 ll,
2839 4991 2957 5044 cap.
2982 4975 3035 5030 8.
3065 4975 3404 5043 Tcrtullian.,
3441 4975 3513 5031 de
3571 4977 3692 5033 Cor.

2089 5045 2228 5112 Mil.,
2261 5062 2384 5116 cap.
2407 5048 2438 5101 7
2472 5066 2486 5102 :
2518 5045 2799 5104 Saturnum
2833 5045 3150 5117 Pherecydes
3179 5055 3296 5100 ante
3317 5063 3500 5117 onmes
3535 5051 3692 5110 refert

2089 5115 2409 5189 coronatum,
2439 5120 2618 5175 Jovem
2645 5119 2904 5174 Diodorus
2934 5115 3045 5189 post
3071 5119 3290 5172 devictos
3313 5115 3570 5172 Titanas.
3603 5120 3694 5174 Dat

2089 5199 2136 5260 et
2169 5187 2366 5260 Priapo
2407 5193 2585 5248 uenias
2629 5190 2786 5256 idem,
2835 5200 2883 5244 et
2928 5187 3172 5244 Ariadnw
3198 5199 3409 5244 sertum.
3443 5189 3688 5256 Plinius,

2088 5259 2185 5315 lib.
2217 5259 2347 5330 xvi,
2375 5277 2495 5333 cap.
2539 5263 2596 5329 4,
2625 5262 2719 5325 ait,
2747 5261 3040 5333 antiquitus
3069 5262 3361 5333 neminem,
3393 5262 3502 5333 nisi
3531 5263 3689 5327 deos,

2091 5333 2310 5388 corOnis
2338 5331 2518 5388 ornari
2551 5333 2806 5392 solitum:
2839 5341 2891 5386 et
2916 5332 3006 5386 lib.
3036 5348 3123 5385 χιιι
3145 5373 3161 5397 ,
3187 5347 3305 5400 cap.
3335 5331 3409 5386 24
3431 5350 3444 5384 :
3467 5332 3690 5389 Corona!

2090 5401 2300 5458 deorum
2330 5405 2490 5458 honos
2515 5413 2678 5470 erant,
2703 5413 2750 5457 et
2772 5403 2984 5456 Larium
3004 5402 3320 5472 publicorum
3339 5403 3689 5468 privatorum-

2089 5491 2203 5546 que.
2240 5475 2568 5546 Artemidor.
2600 5473 2696 5541 lib,
2729 5491 2784 5540 ιι,
2815 5473 3160 5546 Oneirocrit..
3185 5474 3426 5546 ωιλει.
3447 5475 3568 5530 Sed
3591 5492 3686 5530 non

2089 5544 2263 5600 Solum
2291 5545 2365 5601 dii
2393 5546 2658 5614 coronati,
2701 5561 2888 5600 verum
2919 5545 3080 5600 etiam
3123 5544 3196 5616 illi
3227 5545 3315 5613 qui
3348 5546 3524 5599 sacris
3559 5561 3685 5616 ope-

2090 5617 2370 5680 rabantur,
2425 5618 2532 5672 imo
2577 5633 2699 5672 vasa
2727 5618 2887 5671 etiam
2924 5631 2988 5671 ae
3017 5615 3268 5682 viclinnr,
3300 5630 3538 5682 quarum
3573 5615 3687 5674 cor-

2089 5702 2192 5741 nua
2228 5688 2630 5754 inaurabantur,
2658 5697 2763 5744 etc.
2803 5687 2883 5742 Ea;
2909 5687 3166 5742 HERALDO
3192 5695 3237 5741 et
3265 5685 3524 5742 ELMBNB.

2165 5757 2444 5826 Olfundere
2473 5760 2714 5814 tenebras.
2748 5755 3091 5830 lterum,lib.
3121 5772 3180 5829 ιι,
3205 5773 3323 5827 cap.
3345 5755 3414 5816 16
3443 5777 3457 5813 :
3496 5757 3685 5887 Oguin-

2165 5835 2218 5884 nt
2247 5830 2492 5887 tenebras.
2522 5830 2776 5887 ueritatem
2805 5825 3020 5887 caliaine
3044 5822 3317 5885 obducunt.
3353 5822 3492 5887 Ibid.
3578 5847 3679 5887 rre-

2089 5822 2492 5898 dunt'tenebras,
2522 5822 2776 5887 ueritatem
2805 5822 3020 5901 caligine
3044 5822 3317 5885 obducunt.
3353 5822 3492 5889 Ibid.
3523 5822 3679 5887 Erre-
