3790 6274
65 273 183 332 261

1151 277 1358 341 LIBER
1394 281 1461 342 ll.
1503 283 1596 343 DE
1632 283 1920 348 ORIGINE
1959 286 2280 352 ERRORIS.

3275 304 3385 367 262

71 415 236 483 dunt;
257 422 312 472 et
339 429 462 472 cum
479 413 597 473 lucc
611 423 890 490 tantopere
919 420 1236 492 suspiciant,
1261 423 1464 492 fabros,
1483 425 1574 497 qui
1593 425 1682 482 illa
1707 405 1764 468 Δ
1788 409 1923 468 ieste
1948 413 2144 468 animal
2173 427 2293 470 cum
2327 413 2578 482 terrenis,
2612 414 2667 472 in
2694 420 3008 490 terramque
3037 421 3386 492 vergentibus

71 506 293 575 fecere,
333 519 706 565 contemnunt.
739 511 879 580 Quid
910 514 1050 568 inter
1075 528 1136 573 se
1167 523 1274 571 tam
1305 519 1636 574 contrarium
1663 561 1680 586 ,

67 613 239 668 quam
267 603 584 657 statuarium
608 602 912 674 despicere,
946 615 1180 662 statuam
1203 609 1452 678 adorare,
1484 619 1538 667 et
1559 626 1682 667 eum

69 705 146 746 ne
177 691 232 747 in
258 693 562 750 convictuum
595 697 813 767 quidem
843 698 1157 767 admittere,
1191 702 1282 772 qui
1313 703 1407 758 tibi
1435 704 1568 760 deos
1599 703 1681 760 fa-

67 783 225 838 ciat?
247 782 419 852 Quam
448 801 579 857 ergo
611 788 740 855 vim,
782 804 942 860 quam
973 801 1296 862 potestatem
1325 791 1524 851 habere
1553 811 1682 866 pos-

71 885 207 931 sunt
229 916 246 945 ,
296 893 417 933 cum
445 877 596 948 ipse,
629 881 720 951 qui
759 881 885 938 fecit
915 883 1037 950 illa,
1071 899 1179 941 non
1209 885 1444 942 habeat?
1472 888 1580 944 Sed
1613 905 1682 946 ne

70 967 200 1026 haec
242 971 456 1042 quidem
496 972 626 1029 dare
654 972 739 1029 his
767 977 941 1046 potuit
959 1015 975 1042 ,
1004 993 1124 1049 quae
1153 979 1423 1048 habebat,
1457 981 1678 1053 videre,

67 1061 300 1130 audire,
333 1064 502 1136 loqui,
536 1068 764 1124 moveri.
796 1069 1163 1141 Quisquamne
1193 1072 1357 1143 igitur
1387 1083 1494 1130 tam
1527 1075 1682 1148 inep-

69 1164 163 1212 tus
189 1167 293 1220 est,
319 1168 376 1214 ut
402 1169 555 1229 putet
580 1161 783 1232 aliquid
814 1179 936 1219 esse
955 1164 1009 1220 in
1034 1165 1325 1222 simulacro
1351 1167 1462 1236 dei,
1492 1169 1545 1224 in
1572 1184 1681 1242 quo

67 1262 144 1302 ne
171 1247 409 1305 hominis
437 1249 652 1321 quidem
692 1253 984 1324 quidquam
1014 1265 1100 1312 est
1149 1267 1346 1327 praiter
1392 1259 1682 1317 umbram?

69 1340 184 1400 Sed
211 1343 328 1400 haec
357 1359 516 1402 nemo
542 1346 886 1415 considerat;
918 1347 1101 1406 infecti
1127 1360 1254 1408 sunt
1293 1353 1434 1407 enim
1461 1368 1684 1423 persua-

63 1435 250 1502 sione,
279 1451 344 1493 ac
364 1445 575 1494 mentes
591 1453 782 1496 eorum
809 1441 1020 1511 penitus
1041 1441 1220 1498 fucum
1241 1445 1684 1517 stultitize'perbi-

61 1527 290 1585 berunt.
322 1527 567 1587 Aderant
595 1547 726 1604 ergo
749 1531 1106 1602 insensibilia,
1130 1536 1222 1607 qui
1249 1535 1506 1604 sentiunt;
1539 1539 1680 1594 irra-

62 1619 377 1688 tionabilia,
405 1622 498 1692 qui
535 1623 772 1695 sapiunt;
800 1626 1070 1692 exanima,
1100 1627 1192 1698 qui
1210 1628 1416 1696 vivunt;
1441 1639 1678 1697 terrena,

61 1713 162 1784 qui
205 1715 457 1770 oriuntur
479 1729 511 1772 e
541 1717 700 1773 coelo.
740 1715 898 1774 Juvat
925 1732 1076 1790 ergo,
1108 1719 1262 1776 velut
1286 1721 1340 1776 in
1379 1720 1559 1794 aliqua
1588 1735 1684 1778 su-

1787 506 2074 574 corequari.
2131 505 2269 576 Quid
2315 522 2410 564 vos
2459 507 2740 566 beneﬁciis
2787 512 3104 568 ctelestibus
3157 515 3383 582 orbatis,

1787 598 2050 668 pronique
2069 599 2122 652 in
2152 598 2374 656 humum
2406 612 2582 658 vestra
2605 611 2799 674 sponte
2823 605 3211 675 procumbitis?
3229 605 3390 662 Humi

1787 693 1930 748 enim
1987 693 2167 750 miseri
2221 695 2572 766 volutamini,
2624 712 2748 752 cum
2828 697 3081 754 deorsum
3135 700 3381 772 quaeritis

1787 787 1931 856 quod
1967 786 2022 842 in
2054 788 2272 844 sublimi
2299 805 2546 861 quaerere
2577 789 2860 846 debuistis.
2889 789 3022 846 Nam
3057 792 3156 849 ista
3185 801 3390 850 morta-

1787 875 1918 932 lium
1951 878 2238 950 digitorum
2273 879 2482 937 ludicra
2508 889 2564 937 et
2595 881 2802 954 fragilia
2832 882 3106 955 figmenta,
3150 901 3217 944 ex
3256 903 3392 958 quo-

1786 967 1916 1027 libet
1943 973 2185 1029 maleria:
2209 989 2410 1045 genere
2455 971 2706 1044 formata,
2737 976 2867 1048 quid
2905 977 3053 1034 aliud
3103 989 3250 1047 sunt,
3284 981 3390 1038 nisi

1789 1072 1954 1131 terra,
1983 1080 2050 1121 ex
2080 1080 2185 1136 qua
2216 1073 2338 1120 nata
2379 1067 2545 1122 sunt?
2571 1067 2710 1134 Quid
2741 1083 2874 1140 ergo
2915 1069 3078 1126 rebus
3113 1071 3387 1129 inferiori-

1785 1155 1889 1212 bus
1921 1157 2250 1228 sulijacetis?
2279 1157 2406 1229 quid
2437 1157 2705 1232 capitibus
2746 1162 2940 1219 vestris
2964 1172 3164 1219 terram
3195 1178 3389 1236 super-

1785 1249 2021 1320 ponitis?
2058 1247 2194 1304 Cum
2235 1249 2381 1304 enim
2411 1264 2510 1306 vos
2547 1259 2708 1308 terra)
2753 1251 3094 1318 submittitis,
3127 1253 3390 1312 humilio-

1786 1355 1980 1411 resque
2005 1339 2202 1410 facitis,
2238 1343 2341 1414 ipsi
2383 1359 2481 1400 vos
2509 1343 2656 1401 ultro
2689 1345 2758 1402 ad
2787 1345 2991 1404 inferos
3020 1349 3286 1420 mergitis,
3319 1350 3390 1407 ad

1787 1443 2132 1508 mortemque
2177 1435 2469 1507 damnatis,
2513 1439 2638 1510 quia
2687 1439 2823 1496 nihil
2874 1449 3020 1498 terra
3064 1442 3291 1498 inferius
3334 1449 3391 1500 et

1793 1526 2074 1594 humilius,
2109 1528 2212 1584 nisi
2239 1545 2388 1586 mors
2417 1539 2471 1586 et
2500 1529 2682 1588 inferi.
2713 1533 2848 1601 Quae
2883 1535 2930 1589 si
2959 1533 3198 1606 effugere
3223 1535 3392 1592 velle-

1787 1621 1878 1688 tis,
1911 1621 2209 1692 subjeCtam
2241 1621 2470 1694 pedibus
2499 1627 2698 1682 vestris
2723 1636 2922 1682 terram
2943 1628 3388 1695 contemneretis,

1792 1715 2034 1784 corporis
2075 1722 2220 1770 statu
2255 1716 2408 1771 salvo
2438 1735 2453 1773 :
2493 1717 2637 1789 quod
2669 1719 2872 1776 idcirco
2899 1731 3108 1778 rectum
3143 1723 3388 1794 accepis-

63 1803 223 1862 hlimi
264 1807 482 1879 specula
523 1810 896 1878 constitutum,
944 1811 1086 1867 unde
1133 1814 1374 1870 universi
1423 1815 1655 1872 exaudis

1862 1847 1876 1873 ,
1903 1821 2010 1878 quo
2037 1808 2226 1864 oculos
2249 1820 2412 1880 atque
2435 1821 2672 1868 mentem
2698 1828 2820 1869 cum
2845 1828 2934 1882 eo,
2964 1816 3054 1885 qui
3086 1815 3233 1883 fecit,
3257 1831 3391 1873 con-

63 1902 301 1972 possint,
337 1902 654 1959 Persianum
684 1901 814 1961 illud
838 1907 1178 1977 proclamare
1199 1949 1215 1977 ,

167 2011 211 2065 0
239 2027 402 2066 curvte
419 2017 467 2066 in
489 2023 649 2067 terras
671 2018 867 2085 animae,
892 2025 946 2070 et
967 2015 1246 2070 coelestium
1265 2019 1466 2070 inanes!

61 2118 283 2178 Cteium
315 2121 492 2193 potius
521 2124 823 2193 intuemini,
865 2125 932 2182 ad
979 2125 1133 2198 cujus
1174 2128 1544 2198 spectaculum
1575 2143 1674 2186 vos

66 2213 330 2270 excitavit
355 2215 442 2272 ille
470 2215 662 2274 artifex
689 2227 872 2274 vester
902 2218 1067 2276 Deus.
1090 2220 1186 2277 Ille
1211 2221 1368 2277 vobis
1393 2221 1678 2278 sublimem

71 2306 286 2362 vultum
331 2307 496 2378 dedit;
541 2324 640 2365 vos
684 2309 741 2366 in
783 2319 980 2368 terram
1025 2313 1325 2368 curvatnini
1357 2330 1372 2370 :
1407 2328 1502 2370 vos
1541 2314 1680 2370 altas

69 2408 308 2468 mentes,
343 2407 398 2456 et
421 2399 488 2456 ad
521 2412 800 2472 parentem
850 2419 1004 2460 suum
1049 2420 1172 2462 cum
1215 2406 1538 2477 corporibus
1564 2407 1680 2463 suis

69 2500 312 2560 erectas,
352 2491 420 2548 ad
445 2489 702 2550 inferiora
725 2494 1046 2567 depritnitis,
1081 2505 1350 2569 tamquam
1385 2514 1482 2556 vos
1505 2499 1683 2572 paeni-

73 2592 195 2642 teat
247 2601 356 2644 non
397 2586 777 2660 quadrupedes
833 2604 956 2650 esse
985 2599 1160 2648 natos.
1193 2590 1301 2648 Fas
1329 2609 1436 2650 non
1461 2603 1546 2650 est
1572 2607 1688 2649 caa-

1790 1899 1934 1955 ferre
1961 1901 2202 1970 possitis.
2233 1902 2599 1963 Contemnere
2627 1917 2808 1962 autem
2835 1917 2890 1964 et
2915 1908 3126 1965 calcare
3164 1917 3387 1981 terram,

1787 1991 1927 2048 nihil
1953 1992 2099 2048 aliud
2126 2001 2210 2050 est
2235 2010 2398 2066 quam
2447 1997 2736 2054 simulacra
2759 2015 2866 2055 non
2889 1999 3142 2070 adorare,
3171 2003 3299 2073 quia
3322 2003 3391 2060 de

1787 2094 1928 2141 terra
1960 2087 2080 2143 ficta
2122 2099 2280 2158 sunt,
2315 2091 2443 2146 item
2473 2089 2686 2148 divitias
2709 2109 2816 2150 non
2847 2095 3259 2166 concupiscere,
3287 2111 3389 2154 vo-

1784 2175 2018 2250 luptates
2056 2182 2298 2252 corporis
2323 2197 2602 2254 spernere,
2636 2189 2760 2258 quia
2790 2201 2922 2258 opes
2972 2197 3028 2244 et
3065 2203 3261 2261 corpus
3299 2190 3388 2262 ip-

1786 2285 1929 2340 sum,
1967 2272 2118 2344 cujus
2147 2273 2382 2346 hospitio
2406 2277 2630 2348 utimur,
2659 2286 2804 2336 terra
2834 2290 2938 2337 est.
2968 2279 3166 2338 Vivum
3202 2283 3387 2352 colite,

1787 2371 1846 2418 ut
1865 2363 2095 2431 vivatis;
2151 2368 2416 2424 moriatur
2445 2372 2592 2424 enim
2625 2386 2848 2430 necesse
2877 2381 2982 2443 est,
3005 2373 3098 2447 qui
3123 2388 3182 2432 se
3208 2389 3392 2433 suam-

1789 2471 1895 2529 que
1925 2458 2161 2512 animam
2193 2459 2426 2516 mortuis
2450 2461 2798 2534 adiudicavit.

1398 2745 1761 2806 VARIORUM
1797 2742 2026 2803 NOTAE.

150 2893 274 2949 Illis
299 2894 711 2965 stipemjaciuut.
738 2893 934 2964 Stipes,
960 2893 1124 2952 Festo
1140 2901 1298 2960 teste,
1326 2901 1410 2950 est
1435 2906 1687 2950 nummus

70 2966 546 3048 signatus-{cujus
573 2967 649 3022 rei
686 2967 848 3048 etiam
879 2965 1078 3048 indicio
1103 2977 1208 3048 est,
1247 2965 1390 3037 quod
1417 2967 1641 3048 pecunia
1660 3003 1676 3028 ,

72 3035 204 3108 quae
225 3035 488 3092 militibus
513 3035 693 3104 datur,
737 3037 1068 3105 stipendium
1097 3035 1316 3106 dicitur;
1363 3035 1426 3094 et
1456 3037 1679 3108 sponsio

69 3110 448 3180 pecpniarum.
481 3109 776 3177 stipulatio.
807 3109 1180 3166 Hosrtutauos.
1198 3113 1223 3130 "
1523 3122 1536 3134 ‘

149 3177 357 3236 Fucum
378 3180 612 3236 stultitim
635 3180 978 3250 perbiberunt.
1023 3181 1113 3238 Sic
1140 3183 1324 3252 legunt
1353 3188 1466 3236 tres
1491 3187 1676 3252 vetus-

75 3252 274 3323 tissimi
302 3260 358 3307 et
375 3251 564 3322 optimi
582 3249 710 3307 mss.
739 3252 870 3323 Reg.
890 3253 1079 3323 Cauc.,
1102 3249 1470 3319 Oxouicnses,
1489 3251 1516 3306 1
1543 3249 1675 3323 Col-

73 3322 246 3390 bert.,
277 3323 306 3378 1
329 3321 582 3386 Sorbon.,
625 3324 654 3379 1
684 3321 948 3389 Clarotn.,
976 3322 1124 3389 Gat.,
1153 3333 1208 3380 et
1234 3323 1358 3379 edd.
1391 3323 1544 3386 Ald,
1571 3321 1677 3376 Fa-

77 3394 254 3460 sitel.,
285 3393 509 3463 Thom.,
538 3395 634 3460 ls.,
662 3393 856 3464 Spark.
885 3404 938 3449 el
966 3393 1204 3460 Walcln,
1233 3410 1444 3450 necnon
1467 3394 1674 3449 Bonon.

75 3470 250 3536 antiq.
297 3465 352 3520 iu
394 3481 532 3536 quo,
583 3467 946 3537 pet-viderunt;
983 3467 1038 3522 in
1079 3466 1294 3534 Marm.,
1329 3465 1677 3537 perbiberunt,

73 3537 271 3608 vitiose
299 3537 332 3590 h
362 3551 460 3608 pro
490 3538 538 3591 b.
571 3537 630 3592 ln
662 3537 730 3592 18
755 3552 886 3592 mss.
918 3537 1309 3594 recentioribus
1339 3550 1423 3594 εει
1449 3553 1678 3604 succum,

71 3606 176 3678 sed
209 3607 262 3662 ln
293 3606 416 3662 octo
441 3609 788 3678 perhibet-unt.
823 3609 1002 3664 Prima
1031 3607 1193 3665 lectio
1224 3609 1445 3678 retineri
1475 3617 1676 3678 potest,

72 3677 257 3750 inquit
285 3675 538 3743 Gallaétts,
569 3687 626 3734 ul.
658 3678 938 3734 translatio
981 3695 1013 3734 a
1046 3675 1323 3736 coloribus
1367 3682 1439 3735 sit
1477 3675 1678 3750 petita;

75 3749 250 3820 panni
279 3751 419 3805 enim
451 3751 574 3806 fuco
613 3751 757 3816 infici
791 3760 934 3806 recte
965 3751 1250 3818 dicuntur,
1287 3762 1346 3807 ut
1373 3749 1590 3808 constat
1613 3765 1683 3806 ex

76 3821 336 3879 versibus
359 3821 468 3877 illis
492 3822 636 3892 apud
665 3821 919 3891 Gellium,
949 3821 1044 3878 lib.
1075 3838 1178 3889 xx,
1204 3837 1326 3894 cap.
1361 3832 1424 3878 δε

330 3937 438 3987 Jam
461 3938 675 3988 sonslies
697 3942 892 4001 tapetes
908 3937 1038 3988 ebrii
1061 3937 1192 4001 fuco,

241 4000 374 4060 Quos
397 4001 579 4052 concha
597 4000 812 4065 purpura
834 4001 1064 4050 imbuens
1085 4000 1380 4064 venenavit;

77 4120 203 4176 quae
230 4104 393 4162 lectio
423 4106 594 4175 magis
623 4103 868 4176 placebat
902 4103 1139 4176 Antonio
1164 4103 1467 4176 Augustino
1493 4105 1684 4162 Ilerdae

79 4175 363 4248 episcopo.
398 4177 565 4248 Magis
624 4175 802 4232 tamen
843 4175 1140 4248 probarem
1187 4175 1346 4231 aliam
1395 4177 1682 4233 lectionem

77 4247 290 4304 succum
349 4247 617 4314 stultitia;
670 4262 793 4318 qua:
837 4247 1001 4302 lectio
1041 4248 1232 4302 melius
1274 4251 1528 4304 convenit
1559 4263 1683 4305 cum

75 4322 250 4375 verbo
272 4320 614 4391 perbiberunt.
638 4319 834 4391 Verum
861 4318 978 4391 haec
1009 4319 1276 4384 posterior
1301 4320 1564 4389 probatur
1588 4319 1686 4374 Mi-

77 4392 256 4448 chaeli
273 4389 280 4391 “
298 4391 592 4446 Thomasio
619 4391 674 4446 in
701 4390 844 4445 notis
865 4389 933 4446 ad
965 4392 1110 4446 hunc
1141 4392 1337 4444 locum.
1363 4421 1434 4432 —-
1455 4391 1686 4448 Succum

75 4464 313 4519 stultitim
329 4463 670 4532 perbiberunt.
703 4462 914 4517 Habent
942 4477 1150 4532 succum
1173 4463 1314 4516 alter
1343 4462 1505 4531 Bon.,
1540 4477 1682 4518 non-

76 4509 221 4590 sint:
228 4509 965 4601 ’’ἧεῖἷὲεᾷἱῖίῖζτὶἔκξ”ῑῖέιῇἶ
972 4509 1158 4599 "i531",
1175 4509 1505 4602 “assist:
1540 4509 1682 4590 v2.3.
1710 4509 1766 4572 D

77 4607 243 4671 M95,
264 4605 359 4677 97,
386 4605 586 4669 Paris.,
617 4603 1266 4677 Gytnn.,_Par_rb.,C_r_at.,
1289 4605 1492 4672 Betul.,
1513 4605 1678 4662 Toru.

74 4689 132 4733 et
159 4675 459 4748 praeferunt
486 4673 706 4742 Thom},
739 4674 906 4740 Gall.,
934 4675 1101 4748 βθιιη
1130 4673 1370 4748 Waich.,
1390 4679 1530 4748 quia
1552 4692 1684 4732 con-

74 4747 228 4805 venit
259 4765 384 4804 cum
407 4748 702 4819 pet-bibendi
718 4750 904 4804 verbo.
925 4747 1070 4804 Sane
1093 4747 1174 4819 sic
1197 4761 1344 4818 smpe
1372 4747 1530 4804 0vid.
1559 4750 1594 4802 l.
1618 4750 1686 4806 13

72 4818 464 4890 Metamorplt.,
486 4819 595 4892 illi
623 4838 637 4874 :
665 4818 764 4892 Yia:
807 4819 932 4892 bene
956 4818 1307 4892 combiberant
1333 4821 1534 4889 ignotos
1561 4831 1684 4892 gut-

76 4901 197 4946 tura
244 4908 446 4946 sucros.
481 4891 545 4946 L.
585 4907 640 4947 tv
667 4891 826 4947 Punt.
858 4891 916 4955 4,
947 4891 986 4954 i,
1019 4890 1128 4944 bibe
1153 4905 1350 4945 succos.
1407 4893 1482 4946 De
1513 4890 1644 4948 Arte
1666 4930 1682 4956 ,

75 4978 232 5030 xxxr,
267 4962 370 5018 187
403 4980 416 5016 :
447 4962 596 5018 Lana
643 4973 714 5017 tot
744 4973 832 5016 aut
857 4960 1030 5033 plures
1058 4978 1236 5033 succos
1290 4962 1435 5017 bibit.
1473 4964 1547 5018 De
1576 4963 1686 5018 Re-

77 5036 228 5090 med.
273 5033 402 5101 257,
453 5033 604 5104 Stepe
637 5035 737 5088 bibi
775 5032 954 5088 succos
985 5049 1006 5099 ;
1054 5049 1104 5087 v.
1139 5032 1278 5102 508,
1311 5050 1488 5088 succos
1519 5033 1680 5089 bibas.

75 5105 206 5162 Mss.
233 5105 769 5177 Bonon.a_ntiquiss.,
802 5105 1056 5177 licitum,
1089 5103 1682 5175 Lips.,Gotit.,Cauc.,

75 5177 266 5244 Cant.,
291 5176 436 5250 _A|d.
466 5174 672 5250 Gryph.
701 5174 1189 5250 fucumcxhihent;
1227 5193 1347 5246 quae
1376 5193 1481 5232 vox
1511 5178 1688 5250 placet

77 5251 215 5304 Ant.
245 5245 766 5320 VAugustinov'ller-‘d.
808 5247 978 5320 episc.
1020 5247 1092 5302 Is.
1132 5245 1582 5320 Heutnanuo,fut
1619 5249 1686 5304 sit

79 5319 363 5375 translatio
383 5337 418 5391 ᾳ
445 5321 720 5380 coloribus.
749 5319 932 5391 quibus
954 5319 1115 5390 panni
1141 5319 1464 5388 iuﬁciuntur.
1499 5319 1686 5376 Diver-

79 5394 162 5447 sis
193 5391 330 5446 locis
357 5389 608 5464 Heinsius
635 5394 700 5446 ad
727 5389 884 5464 Ovid.
915 5389 1144 5459 monuit,
1173 5407 1356 5446 succus
1382 5404 1428 5447 et
1451 5394 1602 5464 fucus
1631 5391 1687 5448 in

80 5477 223 5520 mss.
252 5462 513 5518 confundi
537 5464 734 5520 solere.
766 5463 897 5518 Bon.

155 5533 297 5618 in...
346 5536 550 5622 sublimi
598 5533 803 5622 specula
850 5533 1212 5622 committam;
1264 5533 1690 5622 E'ttpressitﬂv-

80 5603 1349 5761 incursitate(istiistiftiaa
1362 5623 1691 5736 “esset:

85 5749 268 5804 oculos
285 5757 401 5803 tuos
425 5747 645 5804 inserere
668 5747 890 5805 secretis.
908 5747 1043 5804 Bon.

162 5817 496 5876 Persianum.
557 5819 774 5878 Scilicet
811 5819 1002 5893 Satyra
1049 5835 1106 5878 ιι.
1148 5819 1328 5880 Utitur
1377 5819 1690 5879 Lactantius

1791 2883 2087 2945 Gentilium
2119 2884 2442 2958 scriptorum
2476 2886 2799 2944 testimoniis
2829 2898 3018 2949 contra
3046 2893 3396 2956 Gentes.'Sic

1792 2971 1845 3035 et
1878 2961 1934 3016 S.
1971 2958 2323 3035 Augustinus,
2351 2957 2924 3035 iib._tvdet_livit.gf)ei,
2955 2979 3075 3035 cap.
3105 2967 3197 3030 30,
3230 2970 3398 3026 utitur

1783 3029 2046 3110 Varronis
2062 3027 2418 3110 auctoritate.
2447 3027 2580 3110 Vide
2610 3027 3093 3110 Tertulliannutfin
3118 3027 3393 3110 Apoioge-

1706 3125 1754 3189 ρ
1787 3105 1911 3165 lico,
1941 3116 2065 3184 cap.
2116 3101 2220 3189 ’l‘l;
2243 3110 2298 3189 et
2327 3101 2626 3189 tat-nubium
2806 3119 2880 3187 vi.
2929 3107 3037 3189 Se_c_l
3085 3101 3206 3189 loco
3237 3101 3396 3182 huius

1787 3169 2064 3249 carminis,
2114 3169 2159 3226 Ο
2199 3188 2397 3249 curule,
2426 3182 2556 3242 etc.,
2591 3175 2783 3246 legitur
2818 3177 2872 3232 in
2917 3178 3240 3249 quibusdam
3281 3169 3389 3240 ma-

1789 3243 2085 3315 uuscriptis
2107 3251 2162 3299 et
2186 3241 2346 3298 editis
2360 3285 2376 3311 ,

1879 3357 1922 3410 0
1939 3369 2082 3410 curas
2098 3357 2347 3408 hominum
2364 3357 2376 3408 ι
2397 3371 2430 3408 o
2444 3363 2683 3422 quantum
2707 3367 2786 3411 est
2809 3363 2860 3412 in
2883 3363 3037 3416 rebus
3053 3365 3203 3418 inane
3223 3367 3239 3418 ι

1787 3464 1903 3538 Hoc
1928 3474 2112 3520 tamen
2143 3463 2196 3518 in
2229 3462 2418 3538 Persio
2448 3479 2714 3538 nusquam
2745 3465 2960 3538 legitur.

1859 3537 2244 3614 Artifexyeslet'
2265 3533 2426 3614 Deus.
2450 3537 2540 3592 Sic
2562 3533 2742 3614 legunt
2761 3533 3047 3610 antiquiss.
3069 3557 3202 3598 mss.
3229 3543 3391 3614 Bon.,

1786 3605 2136 3679 Lips.,'Pal.,
2170 3605 2334 3679 υιιν3
2379 3606 2506 3662 Jun.
2531 3647 2547 3676 ,
2587 3605 2636 3662 ἱ
2668 3607 2833 3664 Brun.
2888 3605 2944 3666 et
2985 3624 3092 3670 tres
3127 3605 3391 3674 Vaticani;

1787 3675 1966 3737 Probo
1996 3680 2264 3756 rationem
2286 3675 2590 3756 Iliomasii,
2613 3681 2710 3756 _qui
2735 3681 2824 3756 sic
2839 3681 3126 3756 legendum
3159 3690 3354 3742 asserit
3375 3727 3392 3756 ,

1787 3764 1854 3807 eo
1875 3747 2528 3827 quod_primum_locutus
2553 3747 2743 3827 fuiéset
2793 3751 2862 3804 de
2893 3747 3230 3827 Simulacris,
3261 3747 3397 3827 quo:

1788 3818 1907 3877 rum
1938 3818 2133 3874 artifex
2163 3826 2248 3874 est
2293 3818 2478 3882 homo;
2509 3833 2652 3875 nunc
2693 3819 2922 3890 loquens
2948 3823 3014 3878 ad
3047 3818 3296 3884 homines
3326 3827 3394 3885 de

1789 3893 1924 3960 Deo,
1962 3901 2107 3946 recte
2133 3905 2256 3944 eum
2283 3899 2524 3964 vestrum
2549 3891 2812 3947 artificem
2839 3893 3100 3964 appellat.

1860 3964 1942 4017 Ad
1982 3971 2246 4032 parentem
2296 3975 2466 4016 suum.
2498 3961 2576 4034 lta
2606 3964 2820 4034 reposui
2843 3961 3034 4022 εἶναι.
3064 3965 3197 4023 edit.
3231 3967 3392 4026 Rom.

1788 4042 1857 4111 et_
1873 4031 2125 4090 omnibus
2159 4045 2326 4104 prope
2351 4033 2572 4111 tttss._lti
2604 4031 2640 4087 4
2670 4031 2815 4091 ’νεα
2848 4045 2904 4091 et
2934 4037 2986 4092 in
3027 4039 3258 4111 vulgatis
3286 4052 3392 4111 est,

1788 4106 1857 4182 ad
1897 4115 2093 4182 patrem
2137 4105 2512 4182 suum._—-_Ad
2538 4116 2797 4182 parentem
2843 4123 3053 4182 _suum._
3085 4105 3180 4182 _Sic
3219 4105 3386 4182 Bon.,

1789 4177 1950 4256 ’ἕρκη
1989 4175 2148 4256 Pam,
2199 4175 2381 4256 Ang_1_.,
2412 4175 2602 4256 Rost.,_
2619 4177 3002 4256 -.γεω-1171,
3040 4179 3132 4245 72.
3163 4175 3394 4256 utraque

1790 4248 1878 4316 78,
1901 4249 2056 4323 et__in
2099 4263 2276 4323 marg.
2305 4247 2534 4323 Tornes.
2581 4249 2743 4323 i587,
2791 4251 2954 4319 1615,
2979 4247 3150 4308 recte.
3178 4247 3392 4323 Libfu,

1792 4335 1914 4394 cap.
1952 4319 2018 4394 17
2049 4316 2589 4394 :Colat'nus..._.solius
2619 4322 2842 4394 artificis
2884 4316 3233 4394 parentisque
3263 4316 3394 4383 nos;

1788 4392 1860 4447 tri
1880 4392 2093 4464 unicum
2121 4391 2469 4464 numeurlib.
2506 4407 2562 4459 ll,
2609 4405 2730 4462 cap.
2763 4393 2850 4448 18.
2885 4391 3045 4461 Quem
3059 4391 3181 4450 suus
3209 4414 3394 4464 parens

1786 4474 1895 4517 non
1932 4463 2244 4516 humilem...
2283 4462 2441 4516 sed...
2487 4473 2753 4516 rectum...
2787 4467 3070 4533 agnoverit.
3107 4462 3391 4524 Bessum.

1864 4533 1931 4588 In
1964 4543 2250 4608 terramque
2290 4533 2608 4608 vergentibus
2649 4537 2926 4608 eowguari.
2968 4536 3064 4608 §ic
3105 4535 3225 4608 lego
3268 4554 3394 4594 cum

1787 4621 1921 4663 mss.
1971 4605 2334 4661 veterrimis!
2379 4604 2612 4671 Bonon.,
2657 4606 2692 4660 4
2749 4605 2905 4675 Reg.,
2955 4604 3234 4671 Cauc.,'5
3285 4608 3394 4664 Va-

1789 4677 1904 4750 tjc.,
1985 4677 2047 4750 11
2113 4677 2272 4750 aliis,
2323 4685 2380 4732 et
2431 4675 2590 4750 editis
2643 4677 2899 4750 quinque.
2947 4678 3017 4732 At
3057 4678 3096 4732 Ξ
3136 4678 3312 4750 Reg.,
3361 4682 3390 4738 1

1787 4748 1972 4814 Colb.,
2023 4749 2051 4804 1
2118 4747 2382 4811 Clarom.,
2432 4748 2730 4816 adaquari;
2779 4751 2964 4804 caeteri
3017 4747 3244 4819 vulgati'
3269 4767 3394 4807 cum

1787 4835 1922 4876 mss.
1980 4835 2094 4875 rec.
2144 4830 2286 4885 octo,
2345 4819 2558 4874 uersari.
2612 4821 2784 4884 Quam
2834 4819 3121 4877 lectionem
3166 4833 3275 4877 non
3321 4823 3394 4881 ita

1789 4893 1981 4962 probo,
2015 4906 2082 4946 eo
2107 4889 2250 4962 quod
2298 4890 2474 4946 nullus
2517 4905 2629 4962 non,
2644 4899 2900 4962 versetur
2939 4909 3062 4947 cum
3107 4895 3346 4949 terrenis
3377 4913 3392 4950 :

1788 4960 1956 5030 recte,
2001 4962 2134 5017 dicit
2187 4960 2536 5028 Tltotnasius,
2598 4961 2678 5017 illi
2730 4962 2984 5018 dicuntur
3031 4979 3156 5020 cum
3203 4965 3396 5022 bestiis

1789 5034 2082 5104 coacquari,
2121 5033 2211 5104 qui
2245 5033 2414 5087 Deum
2464 5034 2735 5104 ignorant,
2783 5043 2839 5090 et
2865 5043 3108 5091 terrenas
3140 5051 3228 5091 res
3272 5047 3394 5093 tan-

1791 5113 1901 5160 tutn
1937 5113 2223 5178 appetunt.
2254 5133 2327 5143 —
2351 5105 2478 5178 Cum
2503 5105 2788 5178 terrenis...
2811 5107 3087 5178 cowquari.
3116 5107 3394 5166 Confirmo

1791 5191 1862 5233 ex
1913 5176 2006 5232 lib.
2048 5177 2115 5230 de
2144 5176 2392 5244 lra,cap.
2435 5177 2466 5230 7
2514 5175 2714 5244 :Nec.,
2745 5175 3004 5233 rationale
3045 5181 3242 5234 animal
3269 5195 3392 5236 cum

1789 5249 1944 5321 nautis
1972 5259 2020 5302 et
2045 5247 2486 5304 irrationabilibus
2529 5251 2834 5317 cowquavit.
2865 5249 3020 5306 Gonf.
3055 5251 3150 5306 lib.
3182 5266 3237 5316 v,
3269 5266 3391 5321 cap.

1791 5317 1882 5374 M.
1914 5319 2197 5374 Bonnam.

1867 5390 2092 5445 Orbatis.
2125 5391 2201 5446 ita
2249 5390 2462 5462 restitui
2503 5406 2571 5448 ex
2617 5391 3013 5462 antiquissimis
3041 5405 3174 5448 mss.
3207 5393 3234 5447 1
3289 5393 3394 5448 Βο-

1789 5478 1922 5519 non.
1955 5471 2010 5516 et
2036 5462 2072 5515 ‘2
2121 5463 2253 5533 lieg.
2284 5460 2523 5533 itemque
2547 5476 2614 5517 ex
2645 5463 2712 5519 15
2753 5460 2888 5518 aliis
2917 5474 2973 5520 et
3015 5463 3104 5520 ed.
3133 5463 3207 5520 Is.
3238 5463 3394 5521 Atii

1790 5533 1977 5601 scripti
2004 5547 2114 5588 rec.
2139 5547 2194 5588 et
2213 5531 2423 5601 vulgati
2438 5531 2668 5598 habent,
2700 5535 2886 5589 orbati.

1863 5603 2104 5660 Possitis.
2139 5605 2230 5677 Sic
2251 5605 2468 5672 reposui
2497 5605 3060 5677 exvetustioribusget
3092 5606 3395 5677 potioribus

1789 5675 2270 5752 msslliegio-Put.
2305 5683 2533 5752 utroque
2575 5676 2927 5752 Bononiensi,
2974 5673 3108 5734 Tox}
3138 5677 3390 5752 aliisque.

1791 5749 1850 5807 ln
1883 5748 1952 5804 12
1997 5761 2111 5803 rec.
2141 5757 2196 5803 et
2221 5747 2274 5818 in
2298 5747 2536 5817 vulgatis
2563 5755 2668 5814 est,
2692 5747 2924 5818 possetis.

1869 5819 2110 5877 Mortuis.
2135 5817 2353 5878 Scilicet
2373 5817 2694 5876 simulacris.
