  <div class='ocr_page' id='page_1' title='image "/cluster/home/n/w/nwhite01/storage/ocr_20150623/6/uva.x000669814/141.png"; bbox 0 0 3790 6274; ppageno 0'>
   <div class='ocr_carea' id='block_1_1' title="bbox 375 265 484 324">
    <p class='ocr_par' dir='ltr' id='par_1_1' title="bbox 375 265 484 324">
     <span class='ocr_line' id='line_1_1' title="bbox 375 265 484 324; baseline 0 -1"><span class='ocrx_word' id='word_1_1' title='bbox 375 265 484 324; x_wconf 73' lang='grc'><strong>265</strong></span> 
     </span>
    </p>
   </div>
   <div class='ocr_carea' id='block_1_2' title="bbox 1021 373 1380 438">
    <p class='ocr_par' dir='ltr' id='par_1_2' title="bbox 1021 373 1380 438">
     <span class='ocr_line' id='line_1_2' title="bbox 1021 373 1380 438; baseline 0.003 -5"><span class='ocrx_word' id='word_1_2' title='bbox 1021 373 1253 438; x_wconf 84' lang='lat' dir='ltr'><strong>CAPUT</strong></span> <span class='ocrx_word' id='word_1_3' title='bbox 1289 377 1380 436; x_wconf 91' lang='lat' dir='ltr'><strong>IlI.</strong></span> 
     </span>
    </p>
   </div>
   <div class='ocr_carea' id='block_1_3' title="bbox 387 492 1983 585">
    <p class='ocr_par' dir='ltr' id='par_1_3' title="bbox 387 513 1983 585">
     <span class='ocr_line' id='line_1_3' title="bbox 387 513 1983 585; baseline 0.001 -17"><span class='ocrx_word' id='word_1_4' title='bbox 387 514 540 583; x_wconf 83' lang='lat' dir='ltr'><strong>Quod</strong></span> <span class='ocrx_word' id='word_1_5' title='bbox 596 514 771 571; x_wconf 83' lang='lat' dir='ltr'><strong>Cicero</strong></span> <span class='ocrx_word' id='word_1_6' title='bbox 801 513 988 584; x_wconf 76' lang='lat' dir='ltr'><strong>aliique</strong></span> <span class='ocrx_word' id='word_1_7' title='bbox 1031 515 1279 570; x_wconf 78' lang='lat' dir='ltr'><strong>doctiores</strong></span> <span class='ocrx_word' id='word_1_8' title='bbox 1320 524 1670 585; x_wconf 82' lang='lat' dir='ltr'><strong>peccaverunt,</strong></span> <span class='ocrx_word' id='word_1_9' title='bbox 1704 531 1805 571; x_wconf 87' lang='lat' dir='ltr'><strong>non</strong></span> <span class='ocrx_word' id='word_1_10' title='bbox 1841 531 1983 569; x_wconf 83' lang='lat' dir='ltr'><strong>aver-</strong></span> 
     </span>
    </p>
   </div>
   <div class='ocr_carea' id='block_1_4' title="bbox 825 586 1527 657">
    <p class='ocr_par' dir='ltr' id='par_1_4' title="bbox 825 586 1527 657">
     <span class='ocr_line' id='line_1_4' title="bbox 825 586 1527 657; baseline 0.003 -17"><span class='ocrx_word' id='word_1_11' title='bbox 825 586 974 641; x_wconf 86' lang='lat' dir='ltr'><strong>tendo</strong></span> <span class='ocrx_word' id='word_1_12' title='bbox 1004 587 1224 657; x_wconf 83' lang='lat' dir='ltr'><strong>pOpulos</strong></span> <span class='ocrx_word' id='word_1_13' title='bbox 1249 587 1315 641; x_wconf 85' lang='lat' dir='ltr'><strong>ab</strong></span> <span class='ocrx_word' id='word_1_14' title='bbox 1334 604 1527 642; x_wconf 85' lang='lat' dir='ltr'><strong>errore.</strong></span> 
     </span>
    </p>
   </div>
   <div class='ocr_carea' id='block_1_5' title="bbox 455 718 1980 791">
    <p class='ocr_par' dir='ltr' id='par_1_5' title="bbox 455 718 1980 791">
     <span class='ocr_line' id='line_1_5' title="bbox 455 718 1980 791; baseline -0.001 -14"><span class='ocrx_word' id='word_1_15' title='bbox 455 719 561 777; x_wconf 90' lang='lat' dir='ltr'><strong>Sed</strong></span> <span class='ocrx_word' id='word_1_16' title='bbox 589 718 717 791; x_wconf 92' lang='lat' dir='ltr'><strong>quid</strong></span> <span class='ocrx_word' id='word_1_17' title='bbox 745 719 969 791; x_wconf 78' lang='lat' dir='ltr'><strong>prodest</strong></span> <span class='ocrx_word' id='word_1_18' title='bbox 989 720 1055 776; x_wconf 90' lang='lat' dir='ltr'><strong>ad</strong></span> <span class='ocrx_word' id='word_1_19' title='bbox 1087 721 1277 790; x_wconf 86' lang='lat' dir='ltr'><strong>vulgus</strong></span> <span class='ocrx_word' id='word_1_20' title='bbox 1304 730 1359 778; x_wconf 93' lang='lat' dir='ltr'><strong>et</strong></span> <span class='ocrx_word' id='word_1_21' title='bbox 1387 721 1453 777; x_wconf 93' lang='lat' dir='ltr'><strong>ad</strong></span> <span class='ocrx_word' id='word_1_22' title='bbox 1487 721 1732 779; x_wconf 89' lang='lat' dir='ltr'><strong>homines</strong></span> <span class='ocrx_word' id='word_1_23' title='bbox 1763 721 1980 791; x_wconf 58' lang='lat' dir='ltr'><strong>imperio</strong></span> 
     </span>
    </p>
   </div>
   <div class='ocr_carea' id='block_1_6' title="bbox 384 814 1984 872">
    <p class='ocr_par' dir='ltr' id='par_1_6' title="bbox 384 814 1984 872">
     <span class='ocr_line' id='line_1_6' title="bbox 384 814 1984 872; baseline 0 0"><span class='ocrx_word' id='word_1_24' title='bbox 384 825 467 872; x_wconf 88' lang='lat' dir='ltr'><strong>tos</strong></span> <span class='ocrx_word' id='word_1_25' title='bbox 505 818 607 870; x_wconf 93' lang='lat' dir='ltr'><strong>hoc</strong></span> <span class='ocrx_word' id='word_1_26' title='bbox 639 814 800 871; x_wconf 91' lang='lat' dir='ltr'><strong>modo</strong></span> <span class='ocrx_word' id='word_1_27' title='bbox 822 815 1173 872; x_wconf 83' lang='lat' dir='ltr'><strong>concionari?</strong></span> <span class='ocrx_word' id='word_1_28' title='bbox 1203 831 1329 872; x_wconf 90' lang='lat' dir='ltr'><strong>cum</strong></span> <span class='ocrx_word' id='word_1_29' title='bbox 1367 817 1644 872; x_wconf 82' lang='lat' dir='ltr'><strong>videamus</strong></span> <span class='ocrx_word' id='word_1_30' title='bbox 1672 818 1832 872; x_wconf 91' lang='lat' dir='ltr'><strong>etiam</strong></span> <span class='ocrx_word' id='word_1_31' title='bbox 1855 817 1984 872; x_wconf 85' lang='lat' dir='ltr'><strong>doc-</strong></span> 
     </span>
    </p>
   </div>
   <div class='ocr_carea' id='block_1_7' title="bbox 386 909 1986 981">
    <p class='ocr_par' dir='ltr' id='par_1_7' title="bbox 386 909 1986 981">
     <span class='ocr_line' id='line_1_7' title="bbox 386 909 1986 981; baseline -0.001 -17"><span class='ocrx_word' id='word_1_32' title='bbox 386 920 466 964; x_wconf 90' lang='lat' dir='ltr'><strong>tos</strong></span> <span class='ocrx_word' id='word_1_33' title='bbox 493 909 858 981; x_wconf 91' lang='lat' dir='ltr'><strong>etprudentes</strong></span> <span class='ocrx_word' id='word_1_34' title='bbox 873 909 1038 976; x_wconf 88' lang='lat' dir='ltr'><strong>viros,</strong></span> <span class='ocrx_word' id='word_1_35' title='bbox 1056 924 1179 964; x_wconf 93' lang='lat' dir='ltr'><strong>cum</strong></span> <span class='ocrx_word' id='word_1_36' title='bbox 1203 910 1522 981; x_wconf 80' lang='lat' dir='ltr'><strong>religionum</strong></span> <span class='ocrx_word' id='word_1_37' title='bbox 1565 909 1866 981; x_wconf 87' lang='lat' dir='ltr'><strong>intelligant</strong></span> <span class='ocrx_word' id='word_1_38' title='bbox 1893 924 1986 963; x_wconf 86' lang='lat' dir='ltr'><strong>va-</strong></span> 
     </span>
    </p>
   </div>
   <div class='ocr_carea' id='block_1_8' title="bbox 383 1002 1985 1073">
    <p class='ocr_par' dir='ltr' id='par_1_8' title="bbox 383 1002 1985 1073">
     <span class='ocr_line' id='line_1_8' title="bbox 383 1002 1985 1073; baseline -0.001 -16"><span class='ocrx_word' id='word_1_39' title='bbox 383 1002 630 1068; x_wconf 90' lang='lat' dir='ltr'><strong>nitatem,</strong></span> <span class='ocrx_word' id='word_1_40' title='bbox 665 1002 1021 1058; x_wconf 84' lang='lat' dir='ltr'><strong>nihilominus</strong></span> <span class='ocrx_word' id='word_1_41' title='bbox 1065 1010 1248 1058; x_wconf 88' lang='lat' dir='ltr'><strong>tamen</strong></span> <span class='ocrx_word' id='word_1_42' title='bbox 1297 1003 1352 1058; x_wconf 91' lang='lat' dir='ltr'><strong>in</strong></span> <span class='ocrx_word' id='word_1_43' title='bbox 1403 1004 1466 1059; x_wconf 90' lang='lat' dir='ltr'><strong>iis</strong></span> <span class='ocrx_word' id='word_1_44' title='bbox 1494 1004 1645 1073; x_wconf 89' lang='lat' dir='ltr'><strong>ipsis,</strong></span> <span class='ocrx_word' id='word_1_45' title='bbox 1687 1019 1807 1073; x_wconf 70' lang='lat' dir='ltr'><strong>quae</strong></span> <span class='ocrx_word' id='word_1_46' title='bbox 1836 1002 1985 1057; x_wconf 89' lang='lat' dir='ltr'><strong>dam-</strong></span> 
     </span>
    </p>
   </div>
   <div class='ocr_carea' id='block_1_9' title="bbox 383 1095 1986 1168">
    <p class='ocr_par' dir='ltr' id='par_1_9' title="bbox 383 1095 1986 1168">
     <span class='ocr_line' id='line_1_9' title="bbox 383 1095 1986 1168; baseline -0.002 -15"><span class='ocrx_word' id='word_1_47' title='bbox 383 1105 535 1162; x_wconf 90' lang='lat' dir='ltr'><strong>nant,</strong></span> <span class='ocrx_word' id='word_1_48' title='bbox 568 1095 814 1152; x_wconf 88' lang='lat' dir='ltr'><strong>colendis</strong></span> <span class='ocrx_word' id='word_1_49' title='bbox 843 1097 1031 1152; x_wconf 88' lang='lat' dir='ltr'><strong>nescio</strong></span> <span class='ocrx_word' id='word_1_50' title='bbox 1059 1112 1165 1167; x_wconf 91' lang='lat' dir='ltr'><strong>qua</strong></span> <span class='ocrx_word' id='word_1_51' title='bbox 1193 1099 1460 1168; x_wconf 89' lang='lat' dir='ltr'><strong>pravitate</strong></span> <span class='ocrx_word' id='word_1_52' title='bbox 1488 1106 1749 1168; x_wconf 88' lang='lat' dir='ltr'><strong>perstare.</strong></span> <span class='ocrx_word' id='word_1_53' title='bbox 1784 1096 1986 1151; x_wconf 86' lang='lat' dir='ltr'><strong>Intelli-</strong></span> 
     </span>
    </p>
   </div>
   <div class='ocr_carea' id='block_1_10' title="bbox 384 1190 1981 1264">
    <p class='ocr_par' dir='ltr' id='par_1_10' title="bbox 384 1190 1981 1264">
     <span class='ocr_line' id='line_1_10' title="bbox 384 1190 1981 1264; baseline 0 -18"><span class='ocrx_word' id='word_1_54' title='bbox 384 1191 542 1263; x_wconf 84' lang='lat' dir='ltr'><strong>gebat</strong></span> <span class='ocrx_word' id='word_1_55' title='bbox 581 1190 771 1248; x_wconf 88' lang='lat' dir='ltr'><strong>Cicero</strong></span> <span class='ocrx_word' id='word_1_56' title='bbox 821 1191 955 1248; x_wconf 85' lang='lat' dir='ltr'><strong>falsa</strong></span> <span class='ocrx_word' id='word_1_57' title='bbox 995 1207 1137 1261; x_wconf 91' lang='lat' dir='ltr'><strong>esse,</strong></span> <span class='ocrx_word' id='word_1_58' title='bbox 1189 1209 1312 1264; x_wconf 78' lang='lat' dir='ltr'><strong>quae</strong></span> <span class='ocrx_word' id='word_1_59' title='bbox 1364 1194 1612 1248; x_wconf 86' lang='lat' dir='ltr'><strong>homines</strong></span> <span class='ocrx_word' id='word_1_60' title='bbox 1668 1193 1981 1249; x_wconf 85' lang='lat' dir='ltr'><strong>adorarent.</strong></span> 
     </span>
    </p>
   </div>
   <div class='ocr_carea' id='block_1_11' title="bbox 383 1282 1987 1358">
    <p class='ocr_par' dir='ltr' id='par_1_11' title="bbox 383 1282 1987 1358">
     <span class='ocr_line' id='line_1_11' title="bbox 383 1282 1987 1358; baseline 0.001 -19"><span class='ocrx_word' id='word_1_61' title='bbox 383 1282 520 1339; x_wconf 87' lang='lat' dir='ltr'><strong>Nam</strong></span> <span class='ocrx_word' id='word_1_62' title='bbox 541 1299 664 1339; x_wconf 90' lang='lat' dir='ltr'><strong>cum</strong></span> <span class='ocrx_word' id='word_1_63' title='bbox 695 1285 858 1340; x_wconf 90' lang='lat' dir='ltr'><strong>multa</strong></span> <span class='ocrx_word' id='word_1_64' title='bbox 887 1284 1112 1340; x_wconf 84' lang='lat' dir='ltr'><strong>dixisset</strong></span> <span class='ocrx_word' id='word_1_65' title='bbox 1156 1301 1279 1356; x_wconf 55' lang='lat' dir='ltr'><strong>quae</strong></span> <span class='ocrx_word' id='word_1_66' title='bbox 1303 1285 1371 1341; x_wconf 90' lang='lat' dir='ltr'><strong>ad</strong></span> <span class='ocrx_word' id='word_1_67' title='bbox 1401 1286 1740 1342; x_wconf 85' lang='lat' dir='ltr'><strong>eversionem</strong></span> <span class='ocrx_word' id='word_1_68' title='bbox 1765 1286 1987 1358; x_wconf 87' lang='lat' dir='ltr'><strong>religio-</strong></span> 
     </span>
    </p>
   </div>
   <div class='ocr_carea' id='block_1_12' title="bbox 385 1376 1984 1449">
    <p class='ocr_par' dir='ltr' id='par_1_12' title="bbox 385 1376 1984 1449">
     <span class='ocr_line' id='line_1_12' title="bbox 385 1376 1984 1449; baseline 0.001 -18"><span class='ocrx_word' id='word_1_69' title='bbox 385 1392 514 1431; x_wconf 91' lang='lat' dir='ltr'><strong>num</strong></span> <span class='ocrx_word' id='word_1_70' title='bbox 544 1376 810 1444; x_wconf 84' lang='lat' dir='ltr'><strong>valerent,</strong></span> <span class='ocrx_word' id='word_1_71' title='bbox 837 1378 913 1433; x_wconf 87' lang='lat' dir='ltr'><strong>ait</strong></span> <span class='ocrx_word' id='word_1_72' title='bbox 954 1387 1135 1433; x_wconf 91' lang='lat' dir='ltr'><strong>tamen</strong></span> <span class='ocrx_word' id='word_1_73' title='bbox 1172 1392 1282 1433; x_wconf 91' lang='lat' dir='ltr'><strong>non</strong></span> <span class='ocrx_word' id='word_1_74' title='bbox 1310 1393 1442 1444; x_wconf 85' lang='lat' dir='ltr'><strong>esse</strong></span> <span class='ocrx_word' id='word_1_75' title='bbox 1480 1379 1569 1433; x_wconf 90' lang='lat' dir='ltr'><strong>illa</strong></span> <span class='ocrx_word' id='word_1_76' title='bbox 1608 1378 1768 1449; x_wconf 80' lang='lat' dir='ltr'><strong>vulgo</strong></span> <span class='ocrx_word' id='word_1_77' title='bbox 1797 1377 1984 1449; x_wconf 75' lang='lat' dir='ltr'><strong>dispu—</strong></span> 
     </span>
    </p>
   </div>
   <div class='ocr_carea' id='block_1_13' title="bbox 386 1453 1988 1544">
    <p class='ocr_par' dir='ltr' id='par_1_13' title="bbox 386 1453 1988 1544">
     <span class='ocr_line' id='line_1_13' title="bbox 386 1453 1988 1544; baseline 0.001 -18"><span class='ocrx_word' id='word_1_78' title='bbox 386 1473 584 1539; x_wconf 83' lang='lat' dir='ltr'><strong>tanda,</strong></span> <span class='ocrx_word' id='word_1_79' title='bbox 634 1488 703 1528; x_wconf 93' lang='lat' dir='ltr'><strong>ne</strong></span> <span class='ocrx_word' id='word_1_80' title='bbox 749 1483 1031 1544; x_wconf 90' lang='lat' dir='ltr'><strong>susceptas</strong></span> <span class='ocrx_word' id='word_1_81' title='bbox 1079 1474 1296 1544; x_wconf 89' lang='lat' dir='ltr'><strong>publice</strong></span> <span class='ocrx_word' id='word_1_82' title='bbox 1343 1473 1638 1544; x_wconf 83' lang='lat' dir='ltr'><strong>religiones</strong></span> <span class='ocrx_word' id='word_1_83' title='bbox 1695 1453 1988 1544; x_wconf 72' lang='lat' dir='ltr'><strong>disputatio</strong></span> 
     </span>
    </p>
   </div>
   <div class='ocr_carea' id='block_1_14' title="bbox 386 1567 1989 1639">
    <p class='ocr_par' dir='ltr' id='par_1_14' title="bbox 386 1567 1989 1639">
     <span class='ocr_line' id='line_1_14' title="bbox 386 1567 1989 1639; baseline -0.001 -15"><span class='ocrx_word' id='word_1_84' title='bbox 386 1569 508 1624; x_wconf 88' lang='lat' dir='ltr'><strong>talis</strong></span> <span class='ocrx_word' id='word_1_85' title='bbox 537 1569 835 1639; x_wconf 81' lang='lat' dir='ltr'><strong>extinguat.</strong></span> <span class='ocrx_word' id='word_1_86' title='bbox 869 1567 1007 1638; x_wconf 85' lang='lat' dir='ltr'><strong>Quid</strong></span> <span class='ocrx_word' id='word_1_87' title='bbox 1056 1569 1124 1625; x_wconf 92' lang='lat' dir='ltr'><strong>de</strong></span> <span class='ocrx_word' id='word_1_88' title='bbox 1171 1585 1240 1625; x_wconf 92' lang='lat' dir='ltr'><strong>eo</strong></span> <span class='ocrx_word' id='word_1_89' title='bbox 1264 1568 1455 1636; x_wconf 80' lang='lat' dir='ltr'><strong>facias,</strong></span> <span class='ocrx_word' id='word_1_90' title='bbox 1487 1569 1599 1639; x_wconf 90' lang='lat' dir='ltr'><strong>qui,</strong></span> <span class='ocrx_word' id='word_1_91' title='bbox 1638 1583 1762 1623; x_wconf 91' lang='lat' dir='ltr'><strong>cum</strong></span> <span class='ocrx_word' id='word_1_92' title='bbox 1802 1582 1989 1623; x_wconf 90' lang='lat' dir='ltr'><strong>errare</strong></span> 
     </span>
    </p>
   </div>
   <div class='ocr_carea' id='block_1_15' title="bbox 385 1661 1988 1733">
    <p class='ocr_par' dir='ltr' id='par_1_15' title="bbox 385 1661 1988 1733">
     <span class='ocr_line' id='line_1_15' title="bbox 385 1661 1988 1733; baseline -0.001 -15"><span class='ocrx_word' id='word_1_93' title='bbox 385 1677 447 1718; x_wconf 91' lang='lat' dir='ltr'><strong>sc</strong></span> <span class='ocrx_word' id='word_1_94' title='bbox 475 1662 691 1728; x_wconf 86' lang='lat' dir='ltr'><strong>sentiat,</strong></span> <span class='ocrx_word' id='word_1_95' title='bbox 719 1662 862 1718; x_wconf 94' lang='lat' dir='ltr'><strong>ultro</strong></span> <span class='ocrx_word' id='word_1_96' title='bbox 893 1662 1008 1732; x_wconf 92' lang='lat' dir='ltr'><strong>ipse</strong></span> <span class='ocrx_word' id='word_1_97' title='bbox 1034 1662 1089 1717; x_wconf 90' lang='lat' dir='ltr'><strong>in</strong></span> <span class='ocrx_word' id='word_1_98' title='bbox 1122 1661 1327 1731; x_wconf 87' lang='lat' dir='ltr'><strong>lapides</strong></span> <span class='ocrx_word' id='word_1_99' title='bbox 1363 1661 1646 1732; x_wconf 87' lang='lat' dir='ltr'><strong>impingat,</strong></span> <span class='ocrx_word' id='word_1_100' title='bbox 1676 1670 1734 1716; x_wconf 93' lang='lat' dir='ltr'><strong>ut</strong></span> <span class='ocrx_word' id='word_1_101' title='bbox 1758 1661 1988 1733; x_wconf 89' lang='lat' dir='ltr'><strong>populus</strong></span> 
     </span>
    </p>
   </div>
   <div class='ocr_carea' id='block_1_16' title="bbox 386 1752 1991 1824">
    <p class='ocr_par' dir='ltr' id='par_1_16' title="bbox 386 1752 1991 1824">
     <span class='ocr_line' id='line_1_16' title="bbox 386 1752 1991 1824; baseline 0 -16"><span class='ocrx_word' id='word_1_102' title='bbox 386 1754 568 1809; x_wconf 89' lang='lat' dir='ltr'><strong>omnis</strong></span> <span class='ocrx_word' id='word_1_103' title='bbox 606 1752 890 1809; x_wconf 86' lang='lat' dir='ltr'><strong>offendat?</strong></span> <span class='ocrx_word' id='word_1_104' title='bbox 934 1753 1051 1824; x_wconf 90' lang='lat' dir='ltr'><strong>ipse</strong></span> <span class='ocrx_word' id='word_1_105' title='bbox 1096 1753 1199 1808; x_wconf 92' lang='lat' dir='ltr'><strong>sibi</strong></span> <span class='ocrx_word' id='word_1_106' title='bbox 1229 1753 1418 1809; x_wconf 92' lang='lat' dir='ltr'><strong>oculos</strong></span> <span class='ocrx_word' id='word_1_107' title='bbox 1470 1762 1646 1817; x_wconf 89' lang='lat' dir='ltr'><strong>eruat,</strong></span> <span class='ocrx_word' id='word_1_108' title='bbox 1698 1763 1756 1807; x_wconf 92' lang='lat' dir='ltr'><strong>ut</strong></span> <span class='ocrx_word' id='word_1_109' title='bbox 1800 1768 1991 1808; x_wconf 89' lang='lat' dir='ltr'><strong>omnes</strong></span> 
     </span>
    </p>
   </div>
   <div class='ocr_carea' id='block_1_17' title="bbox 389 1845 1986 1916">
    <p class='ocr_par' dir='ltr' id='par_1_17' title="bbox 389 1845 1986 1916">
     <span class='ocr_line' id='line_1_17' title="bbox 389 1845 1986 1916; baseline -0.001 -14"><span class='ocrx_word' id='word_1_110' title='bbox 389 1846 520 1902; x_wconf 60' lang='lat' dir='ltr'><strong>caici</strong></span> <span class='ocrx_word' id='word_1_111' title='bbox 570 1845 712 1900; x_wconf 88' lang='lat' dir='ltr'><strong>sint?</strong></span> <span class='ocrx_word' id='word_1_112' title='bbox 759 1846 851 1916; x_wconf 90' lang='lat' dir='ltr'><strong>qui</strong></span> <span class='ocrx_word' id='word_1_113' title='bbox 877 1861 978 1901; x_wconf 91' lang='lat' dir='ltr'><strong>nec</strong></span> <span class='ocrx_word' id='word_1_114' title='bbox 1029 1845 1098 1901; x_wconf 90' lang='lat' dir='ltr'><strong>de</strong></span> <span class='ocrx_word' id='word_1_115' title='bbox 1143 1845 1263 1900; x_wconf 86' lang='lat' dir='ltr'><strong>aliis</strong></span> <span class='ocrx_word' id='word_1_116' title='bbox 1316 1845 1454 1901; x_wconf 88' lang='lat' dir='ltr'><strong>bene</strong></span> <span class='ocrx_word' id='word_1_117' title='bbox 1507 1854 1800 1912; x_wconf 88' lang='lat' dir='ltr'><strong>mereatur,</strong></span> <span class='ocrx_word' id='word_1_118' title='bbox 1852 1859 1986 1915; x_wconf 88' lang='lat' dir='ltr'><strong>quos</strong></span> 
     </span>
    </p>
   </div>
   <div class='ocr_carea' id='block_1_18' title="bbox 389 1936 1992 2007">
    <p class='ocr_par' dir='ltr' id='par_1_18' title="bbox 389 1936 1992 2007">
     <span class='ocr_line' id='line_1_18' title="bbox 389 1936 1992 2007; baseline 0.002 -18"><span class='ocrx_word' id='word_1_119' title='bbox 389 1937 591 2007; x_wconf 91' lang='lat' dir='ltr'><strong>patitur</strong></span> <span class='ocrx_word' id='word_1_120' title='bbox 627 1951 844 2002; x_wconf 87' lang='lat' dir='ltr'><strong>errare;</strong></span> <span class='ocrx_word' id='word_1_121' title='bbox 903 1951 1004 1992; x_wconf 90' lang='lat' dir='ltr'><strong>nec</strong></span> <span class='ocrx_word' id='word_1_122' title='bbox 1043 1937 1111 1992; x_wconf 90' lang='lat' dir='ltr'><strong>de</strong></span> <span class='ocrx_word' id='word_1_123' title='bbox 1160 1951 1219 1992; x_wconf 89' lang='lat' dir='ltr'><strong>se</strong></span> <span class='ocrx_word' id='word_1_124' title='bbox 1266 1937 1402 2007; x_wconf 92' lang='lat' dir='ltr'><strong>ipso,</strong></span> <span class='ocrx_word' id='word_1_125' title='bbox 1430 1937 1520 2007; x_wconf 81' lang='lat' dir='ltr'><strong>qui</strong></span> <span class='ocrx_word' id='word_1_126' title='bbox 1547 1936 1737 1992; x_wconf 93' lang='lat' dir='ltr'><strong>alienis</strong></span> <span class='ocrx_word' id='word_1_127' title='bbox 1781 1937 1992 1993; x_wconf 88' lang='lat' dir='ltr'><strong>accedit</strong></span> 
     </span>
    </p>
   </div>
   <div class='ocr_carea' id='block_1_19' title="bbox 392 2029 1988 2100">
    <p class='ocr_par' dir='ltr' id='par_1_19' title="bbox 392 2029 1988 2100">
     <span class='ocr_line' id='line_1_19' title="bbox 392 2029 1988 2100; baseline -0.001 -14"><span class='ocrx_word' id='word_1_128' title='bbox 392 2029 696 2096; x_wconf 88' lang='lat' dir='ltr'><strong>erroribus,</strong></span> <span class='ocrx_word' id='word_1_129' title='bbox 737 2043 839 2085; x_wconf 92' lang='lat' dir='ltr'><strong>nec</strong></span> <span class='ocrx_word' id='word_1_130' title='bbox 888 2030 1054 2084; x_wconf 86' lang='lat' dir='ltr'><strong>utitur</strong></span> <span class='ocrx_word' id='word_1_131' title='bbox 1099 2029 1314 2084; x_wconf 89' lang='lat' dir='ltr'><strong>tandem</strong></span> <span class='ocrx_word' id='word_1_132' title='bbox 1362 2031 1640 2100; x_wconf 64' lang='lat' dir='ltr'><strong>sapientia)</strong></span> <span class='ocrx_word' id='word_1_133' title='bbox 1683 2045 1794 2085; x_wconf 77' lang='lat' dir='ltr'><strong>sua:</strong></span> <span class='ocrx_word' id='word_1_134' title='bbox 1822 2030 1988 2096; x_wconf 93' lang='lat' dir='ltr'><strong>bono,</strong></span> 
     </span>
    </p>
   </div>
   <div class='ocr_carea' id='block_1_20' title="bbox 394 2120 1992 2193">
    <p class='ocr_par' dir='ltr' id='par_1_20' title="bbox 394 2120 1992 2193">
     <span class='ocr_line' id='line_1_20' title="bbox 394 2120 1992 2193; baseline 0.001 -17"><span class='ocrx_word' id='word_1_135' title='bbox 394 2130 452 2176; x_wconf 93' lang='lat' dir='ltr'><strong>ut</strong></span> <span class='ocrx_word' id='word_1_136' title='bbox 479 2121 634 2176; x_wconf 84' lang='lat' dir='ltr'><strong>factis</strong></span> <span class='ocrx_word' id='word_1_137' title='bbox 656 2122 895 2191; x_wconf 90' lang='lat' dir='ltr'><strong>impleat,</strong></span> <span class='ocrx_word' id='word_1_138' title='bbox 921 2120 1066 2192; x_wconf 90' lang='lat' dir='ltr'><strong>quod</strong></span> <span class='ocrx_word' id='word_1_139' title='bbox 1108 2130 1291 2176; x_wconf 90' lang='lat' dir='ltr'><strong>mente</strong></span> <span class='ocrx_word' id='word_1_140' title='bbox 1319 2123 1583 2192; x_wconf 87' lang='lat' dir='ltr'><strong>percepit,</strong></span> <span class='ocrx_word' id='word_1_141' title='bbox 1616 2123 1711 2178; x_wconf 92' lang='lat' dir='ltr'><strong>sed</strong></span> <span class='ocrx_word' id='word_1_142' title='bbox 1752 2123 1992 2193; x_wconf 90' lang='lat' dir='ltr'><strong>prudens</strong></span> 
     </span>
    </p>
   </div>
   <div class='ocr_carea' id='block_1_21' title="bbox 393 2216 1988 2288">
    <p class='ocr_par' dir='ltr' id='par_1_21' title="bbox 393 2216 1988 2288">
     <span class='ocr_line' id='line_1_21' title="bbox 393 2216 1988 2288; baseline -0.001 -14"><span class='ocrx_word' id='word_1_143' title='bbox 393 2217 642 2274; x_wconf 83' lang='lat' dir='ltr'><strong>ctsciens</strong></span> <span class='ocrx_word' id='word_1_144' title='bbox 667 2217 854 2287; x_wconf 87' lang='lat' dir='ltr'><strong>pedem</strong></span> <span class='ocrx_word' id='word_1_145' title='bbox 888 2217 1080 2288; x_wconf 83' lang='lat' dir='ltr'><strong>laqueo</strong></span> <span class='ocrx_word' id='word_1_146' title='bbox 1102 2216 1312 2283; x_wconf 90' lang='lat' dir='ltr'><strong>inserit,</strong></span> <span class='ocrx_word' id='word_1_147' title='bbox 1346 2226 1402 2271; x_wconf 91' lang='lat' dir='ltr'><strong>ut</strong></span> <span class='ocrx_word' id='word_1_148' title='bbox 1428 2216 1587 2271; x_wconf 90' lang='lat' dir='ltr'><strong>simul</strong></span> <span class='ocrx_word' id='word_1_149' title='bbox 1609 2232 1730 2271; x_wconf 91' lang='lat' dir='ltr'><strong>cum</strong></span> <span class='ocrx_word' id='word_1_150' title='bbox 1753 2217 1988 2284; x_wconf 72' lang='lat' dir='ltr'><strong>creteris,</strong></span> 
     </span>
    </p>
   </div>
   <div class='ocr_carea' id='block_1_22' title="bbox 394 2314 1995 2388">
    <p class='ocr_par' dir='ltr' id='par_1_22' title="bbox 394 2314 1995 2388">
     <span class='ocr_line' id='line_1_22' title="bbox 394 2314 1995 2388; baseline -0.002 -17"><span class='ocrx_word' id='word_1_151' title='bbox 394 2332 533 2388; x_wconf 91' lang='lat' dir='ltr'><strong>quos</strong></span> <span class='ocrx_word' id='word_1_152' title='bbox 559 2316 791 2372; x_wconf 90' lang='lat' dir='ltr'><strong>liberare</strong></span> <span class='ocrx_word' id='word_1_153' title='bbox 823 2327 880 2370; x_wconf 91' lang='lat' dir='ltr'><strong>ut</strong></span> <span class='ocrx_word' id='word_1_154' title='bbox 911 2315 1230 2386; x_wconf 87' lang='lat' dir='ltr'><strong>prudentior</strong></span> <span class='ocrx_word' id='word_1_155' title='bbox 1255 2315 1460 2381; x_wconf 89' lang='lat' dir='ltr'><strong>debuit,</strong></span> <span class='ocrx_word' id='word_1_156' title='bbox 1491 2325 1544 2370; x_wconf 86' lang='lat' dir='ltr'><strong>et</strong></span> <span class='ocrx_word' id='word_1_157' title='bbox 1574 2316 1690 2386; x_wconf 93' lang='lat' dir='ltr'><strong>ipse</strong></span> <span class='ocrx_word' id='word_1_158' title='bbox 1713 2314 1995 2385; x_wconf 85' lang='lat' dir='ltr'><strong>capiatur?</strong></span> 
     </span>
    </p>
   </div>
   <div class='ocr_carea' id='block_1_23' title="bbox 393 2407 1994 2480">
    <p class='ocr_par' dir='ltr' id='par_1_23' title="bbox 393 2407 1994 2480">
     <span class='ocr_line' id='line_1_23' title="bbox 393 2407 1994 2480; baseline -0.001 -16"><span class='ocrx_word' id='word_1_159' title='bbox 393 2410 533 2479; x_wconf 88' lang='lat' dir='ltr'><strong>Quin</strong></span> <span class='ocrx_word' id='word_1_160' title='bbox 569 2410 766 2480; x_wconf 88' lang='lat' dir='ltr'><strong>potius,</strong></span> <span class='ocrx_word' id='word_1_161' title='bbox 797 2409 841 2464; x_wconf 91' lang='lat' dir='ltr'><strong>si</strong></span> <span class='ocrx_word' id='word_1_162' title='bbox 869 2409 996 2480; x_wconf 91' lang='lat' dir='ltr'><strong>quid</strong></span> <span class='ocrx_word' id='word_1_163' title='bbox 1040 2407 1155 2473; x_wconf 90' lang='lat' dir='ltr'><strong>tibi,</strong></span> <span class='ocrx_word' id='word_1_164' title='bbox 1198 2407 1412 2474; x_wconf 89' lang='lat' dir='ltr'><strong>Cicero,</strong></span> <span class='ocrx_word' id='word_1_165' title='bbox 1446 2408 1663 2463; x_wconf 89' lang='lat' dir='ltr'><strong>virtutis</strong></span> <span class='ocrx_word' id='word_1_166' title='bbox 1692 2417 1795 2474; x_wconf 92' lang='lat' dir='ltr'><strong>est,</strong></span> <span class='ocrx_word' id='word_1_167' title='bbox 1826 2422 1994 2478; x_wconf 85' lang='lat' dir='ltr'><strong>expe-</strong></span> 
     </span>
    </p>
   </div>
   <div class='ocr_carea' id='block_1_24' title="bbox 391 2500 1996 2572">
    <p class='ocr_par' dir='ltr' id='par_1_24' title="bbox 391 2500 1996 2572">
     <span class='ocr_line' id='line_1_24' title="bbox 391 2500 1996 2572; baseline -0.002 -13"><span class='ocrx_word' id='word_1_168' title='bbox 391 2503 503 2559; x_wconf 87' lang='lat' dir='ltr'><strong>rire</strong></span> <span class='ocrx_word' id='word_1_169' title='bbox 551 2502 806 2571; x_wconf 89' lang='lat' dir='ltr'><strong>populum</strong></span> <span class='ocrx_word' id='word_1_170' title='bbox 853 2501 1036 2558; x_wconf 87' lang='lat' dir='ltr'><strong>facere</strong></span> <span class='ocrx_word' id='word_1_171' title='bbox 1070 2501 1368 2572; x_wconf 89' lang='lat' dir='ltr'><strong>sapientem</strong></span> <span class='ocrx_word' id='word_1_172' title='bbox 1403 2519 1416 2555; x_wconf 90' lang='lat'><strong>:</strong></span> <span class='ocrx_word' id='word_1_173' title='bbox 1445 2500 1603 2571; x_wconf 88' lang='lat' dir='ltr'><strong>digna</strong></span> <span class='ocrx_word' id='word_1_174' title='bbox 1647 2516 1736 2556; x_wconf 91' lang='lat' dir='ltr'><strong>res</strong></span> <span class='ocrx_word' id='word_1_175' title='bbox 1765 2511 1870 2566; x_wconf 91' lang='lat' dir='ltr'><strong>est,</strong></span> <span class='ocrx_word' id='word_1_176' title='bbox 1905 2501 1996 2556; x_wconf 91' lang='lat' dir='ltr'><strong>ubi</strong></span> 
     </span>
    </p>
   </div>
   <div class='ocr_carea' id='block_1_25' title="bbox 391 2593 1999 2664">
    <p class='ocr_par' dir='ltr' id='par_1_25' title="bbox 391 2593 1999 2664">
     <span class='ocr_line' id='line_1_25' title="bbox 391 2593 1999 2664; baseline 0.001 -15"><span class='ocrx_word' id='word_1_177' title='bbox 391 2609 583 2650; x_wconf 90' lang='lat' dir='ltr'><strong>omnes</strong></span> <span class='ocrx_word' id='word_1_178' title='bbox 625 2593 950 2664; x_wconf 65' lang='lat' dir='ltr'><strong>eloquentiae</strong></span> <span class='ocrx_word' id='word_1_179' title='bbox 982 2605 1086 2650; x_wconf 66' lang='lat' dir='ltr'><strong>tua:</strong></span> <span class='ocrx_word' id='word_1_180' title='bbox 1115 2594 1258 2650; x_wconf 86' lang='lat' dir='ltr'><strong>vires</strong></span> <span class='ocrx_word' id='word_1_181' title='bbox 1284 2609 1558 2650; x_wconf 81' lang='lat' dir='ltr'><strong>exerceas.</strong></span> <span class='ocrx_word' id='word_1_182' title='bbox 1583 2593 1702 2650; x_wconf 84' lang='lat' dir='ltr'><strong>Non</strong></span> <span class='ocrx_word' id='word_1_183' title='bbox 1731 2594 1875 2650; x_wconf 91' lang='lat' dir='ltr'><strong>enim</strong></span> <span class='ocrx_word' id='word_1_184' title='bbox 1903 2609 1999 2650; x_wconf 90' lang='lat' dir='ltr'><strong>ve-</strong></span> 
     </span>
    </p>
   </div>
   <div class='ocr_carea' id='block_1_26' title="bbox 391 2686 1998 2746">
    <p class='ocr_par' dir='ltr' id='par_1_26' title="bbox 391 2686 1998 2746">
     <span class='ocr_line' id='line_1_26' title="bbox 391 2686 1998 2746; baseline -0.002 0"><span class='ocrx_word' id='word_1_185' title='bbox 391 2688 622 2746; x_wconf 88' lang='lat' dir='ltr'><strong>rendum</strong></span> <span class='ocrx_word' id='word_1_186' title='bbox 659 2697 838 2746; x_wconf 90' lang='lat' dir='ltr'><strong>estne</strong></span> <span class='ocrx_word' id='word_1_187' title='bbox 884 2697 939 2746; x_wconf 87' lang='lat' dir='ltr'><strong>te</strong></span> <span class='ocrx_word' id='word_1_188' title='bbox 984 2690 1038 2744; x_wconf 93' lang='lat' dir='ltr'><strong>in</strong></span> <span class='ocrx_word' id='word_1_189' title='bbox 1089 2697 1201 2744; x_wconf 92' lang='lat' dir='ltr'><strong>tam</strong></span> <span class='ocrx_word' id='word_1_190' title='bbox 1233 2688 1372 2745; x_wconf 91' lang='lat' dir='ltr'><strong>bona</strong></span> <span class='ocrx_word' id='word_1_191' title='bbox 1419 2702 1581 2744; x_wconf 90' lang='lat' dir='ltr'><strong>causa</strong></span> <span class='ocrx_word' id='word_1_192' title='bbox 1627 2686 1844 2744; x_wconf 85' lang='lat' dir='ltr'><strong>deﬁciat</strong></span> <span class='ocrx_word' id='word_1_193' title='bbox 1873 2701 1998 2743; x_wconf 83' lang='lat' dir='ltr'><strong>ora-</strong></span> 
     </span>
    </p>
   </div>
   <div class='ocr_carea' id='block_1_27' title="bbox 1527 259 2652 322">
    <p class='ocr_par' dir='ltr' id='par_1_27' title="bbox 1527 259 2652 322">
     <span class='ocr_line' id='line_1_27' title="bbox 1527 259 2652 322; baseline -0.003 -3"><span class='ocrx_word' id='word_1_194' title='bbox 1527 262 1714 322; x_wconf 82' lang='lat' dir='ltr'><strong>FIRM.</strong></span> <span class='ocrx_word' id='word_1_195' title='bbox 1754 259 2129 322; x_wconf 80' lang='lat' dir='ltr'><strong>LACTANTII</strong></span> <span class='ocrx_word' id='word_1_196' title='bbox 2167 261 2372 322; x_wconf 84' lang='lat' dir='ltr'><strong>DlVlN.</strong></span> <span class='ocrx_word' id='word_1_197' title='bbox 2413 260 2652 320; x_wconf 85' lang='lat' dir='ltr'><strong>INSTIT.</strong></span> 
     </span>
    </p>
   </div>
   <div class='ocr_carea' id='block_1_28' title="bbox 3609 263 3702 318">
    <p class='ocr_par' dir='ltr' id='par_1_28' title="bbox 3609 263 3702 318">
     <span class='ocr_line' id='line_1_28' title="bbox 3609 263 3702 318; baseline 0.011 -1"><span class='ocrx_word' id='word_1_198' title='bbox 3609 263 3702 318; x_wconf 63' lang='lat'><strong>9.64</strong></span> 
     </span>
    </p>
   </div>
   <div class='ocr_carea' id='block_1_29' title="bbox 2012 377 3702 452">
    <p class='ocr_par' dir='ltr' id='par_1_29' title="bbox 2012 377 3702 452">
     <span class='ocr_line' id='line_1_29' title="bbox 2012 377 3702 452; baseline 0.002 -18"><span class='ocrx_word' id='word_1_199' title='bbox 2012 384 2064 443; x_wconf 85' lang='grc' dir='ltr'><strong>Α</strong></span> <span class='ocrx_word' id='word_1_200' title='bbox 2093 381 2189 444; x_wconf 84' lang='grc' dir='ltr'><strong>ιίο,</strong></span> <span class='ocrx_word' id='word_1_201' title='bbox 2218 380 2308 451; x_wconf 89' lang='lat' dir='ltr'><strong>qui</strong></span> <span class='ocrx_word' id='word_1_202' title='bbox 2333 395 2478 452; x_wconf 85' lang='lat' dir='ltr'><strong>saepe</strong></span> <span class='ocrx_word' id='word_1_203' title='bbox 2505 380 2668 435; x_wconf 91' lang='lat' dir='ltr'><strong>etiam</strong></span> <span class='ocrx_word' id='word_1_204' title='bbox 2693 377 2863 436; x_wconf 88' lang='lat' dir='ltr'><strong>malas</strong></span> <span class='ocrx_word' id='word_1_205' title='bbox 2891 378 3112 450; x_wconf 87' lang='lat' dir='ltr'><strong>ecpiose</strong></span> <span class='ocrx_word' id='word_1_206' title='bbox 3154 393 3219 438; x_wconf 89' lang='lat' dir='ltr'><strong>ac</strong></span> <span class='ocrx_word' id='word_1_207' title='bbox 3247 379 3470 438; x_wconf 85' lang='lat' dir='ltr'><strong>fortiter</strong></span> <span class='ocrx_word' id='word_1_208' title='bbox 3511 379 3702 437; x_wconf 84' lang='lat' dir='ltr'><strong>defen-</strong></span> 
     </span>
    </p>
   </div>
   <div class='ocr_carea' id='block_1_30' title="bbox 2085 472 3698 544">
    <p class='ocr_par' dir='ltr' id='par_1_30' title="bbox 2085 472 3698 544">
     <span class='ocr_line' id='line_1_30' title="bbox 2085 472 3698 544; baseline 0.003 -17"><span class='ocrx_word' id='word_1_209' title='bbox 2085 472 2231 527; x_wconf 92' lang='lat' dir='ltr'><strong>disti.</strong></span> <span class='ocrx_word' id='word_1_210' title='bbox 2265 472 2372 528; x_wconf 90' lang='lat' dir='ltr'><strong>Sed</strong></span> <span class='ocrx_word' id='word_1_211' title='bbox 2402 474 2656 529; x_wconf 86' lang='lat' dir='ltr'><strong>nimirum</strong></span> <span class='ocrx_word' id='word_1_212' title='bbox 2677 473 2915 529; x_wconf 85' lang='lat' dir='ltr'><strong>Socratis</strong></span> <span class='ocrx_word' id='word_1_213' title='bbox 2939 489 3212 530; x_wconf 87' lang='lat' dir='ltr'><strong>carcerem</strong></span> <span class='ocrx_word' id='word_1_214' title='bbox 3243 475 3426 541; x_wconf 88' lang='lat' dir='ltr'><strong>times,</strong></span> <span class='ocrx_word' id='word_1_215' title='bbox 3458 474 3698 544; x_wconf 76' lang='lat' dir='ltr'><strong>ideoque</strong></span> 
     </span>
    </p>
   </div>
   <div class='ocr_carea' id='block_1_31' title="bbox 2085 568 3698 640">
    <p class='ocr_par' dir='ltr' id='par_1_31' title="bbox 2085 568 3698 640">
     <span class='ocr_line' id='line_1_31' title="bbox 2085 568 3698 640; baseline 0.002 -20"><span class='ocrx_word' id='word_1_216' title='bbox 2085 568 2441 638; x_wconf 88' lang='lat' dir='ltr'><strong>patrocinium</strong></span> <span class='ocrx_word' id='word_1_217' title='bbox 2473 569 2714 624; x_wconf 76' lang='lat' dir='ltr'><strong>veritatis</strong></span> <span class='ocrx_word' id='word_1_218' title='bbox 2746 569 3026 640; x_wconf 89' lang='lat' dir='ltr'><strong>suscipere</strong></span> <span class='ocrx_word' id='word_1_219' title='bbox 3069 586 3175 624; x_wconf 90' lang='lat' dir='ltr'><strong>non</strong></span> <span class='ocrx_word' id='word_1_220' title='bbox 3213 569 3404 626; x_wconf 91' lang='lat' dir='ltr'><strong>audes.</strong></span> <span class='ocrx_word' id='word_1_221' title='bbox 3440 574 3520 624; x_wconf 84' lang='lat' dir='ltr'><strong>At</strong></span> <span class='ocrx_word' id='word_1_222' title='bbox 3551 584 3698 625; x_wconf 87' lang='lat' dir='ltr'><strong>mor-</strong></span> 
     </span>
    </p>
   </div>
   <div class='ocr_carea' id='block_1_32' title="bbox 2085 663 3696 734">
    <p class='ocr_par' dir='ltr' id='par_1_32' title="bbox 2085 663 3696 734">
     <span class='ocr_line' id='line_1_32' title="bbox 2085 663 3696 734; baseline 0.002 -19"><span class='ocrx_word' id='word_1_223' title='bbox 2085 670 2196 717; x_wconf 90' lang='lat' dir='ltr'><strong>tem</strong></span> <span class='ocrx_word' id='word_1_224' title='bbox 2225 670 2284 716; x_wconf 90' lang='lat' dir='ltr'><strong>ut</strong></span> <span class='ocrx_word' id='word_1_225' title='bbox 2309 664 2525 730; x_wconf 90' lang='lat' dir='ltr'><strong>sapiens</strong></span> <span class='ocrx_word' id='word_1_226' title='bbox 2555 671 2904 720; x_wconf 86' lang='lat' dir='ltr'><strong>contemnere</strong></span> <span class='ocrx_word' id='word_1_227' title='bbox 2936 663 3194 720; x_wconf 89' lang='lat' dir='ltr'><strong>debuisti.</strong></span> <span class='ocrx_word' id='word_1_228' title='bbox 3230 665 3296 720; x_wconf 87' lang='lat' dir='ltr'><strong>Et</strong></span> <span class='ocrx_word' id='word_1_229' title='bbox 3319 674 3441 720; x_wconf 84' lang='lat' dir='ltr'><strong>erat</strong></span> <span class='ocrx_word' id='word_1_230' title='bbox 3476 663 3696 734; x_wconf 88' lang='lat' dir='ltr'><strong>quidem</strong></span> 
     </span>
    </p>
   </div>
   <div class='ocr_carea' id='block_1_33' title="bbox 2087 753 3701 828">
    <p class='ocr_par' dir='ltr' id='par_1_33' title="bbox 2087 753 3701 828">
     <span class='ocr_line' id='line_1_33' title="bbox 2087 753 3701 828; baseline 0.001 -19"><span class='ocrx_word' id='word_1_231' title='bbox 2087 753 2258 809; x_wconf 90' lang='lat' dir='ltr'><strong>multo</strong></span> <span class='ocrx_word' id='word_1_232' title='bbox 2288 754 2586 824; x_wconf 85' lang='lat' dir='ltr'><strong>pulchrius,</strong></span> <span class='ocrx_word' id='word_1_233' title='bbox 2633 765 2692 810; x_wconf 91' lang='lat' dir='ltr'><strong>ut</strong></span> <span class='ocrx_word' id='word_1_234' title='bbox 2719 755 2789 810; x_wconf 90' lang='lat' dir='ltr'><strong>oh</strong></span> <span class='ocrx_word' id='word_1_235' title='bbox 2837 756 2973 811; x_wconf 90' lang='lat' dir='ltr'><strong>bene</strong></span> <span class='ocrx_word' id='word_1_236' title='bbox 3017 756 3160 812; x_wconf 89' lang='lat' dir='ltr'><strong>dicta</strong></span> <span class='ocrx_word' id='word_1_237' title='bbox 3189 758 3391 826; x_wconf 90' lang='lat' dir='ltr'><strong>p0tius,</strong></span> <span class='ocrx_word' id='word_1_238' title='bbox 3421 772 3600 828; x_wconf 89' lang='lat' dir='ltr'><strong>quam</strong></span> <span class='ocrx_word' id='word_1_239' title='bbox 3645 757 3701 811; x_wconf 87' lang='lat' dir='ltr'><strong>ob</strong></span> 
     </span>
    </p>
   </div>
   <div class='ocr_carea' id='block_1_34' title="bbox 2096 845 3702 918">
    <p class='ocr_par' dir='ltr' id='par_1_34' title="bbox 2096 845 3702 918">
     <span class='ocr_line' id='line_1_34' title="bbox 2096 845 3702 918; baseline 0.002 -19"><span class='ocrx_word' id='word_1_240' title='bbox 2096 845 2378 902; x_wconf 88' lang='lat' dir='ltr'><strong>maledicta</strong></span> <span class='ocrx_word' id='word_1_241' title='bbox 2403 847 2712 902; x_wconf 90' lang='lat' dir='ltr'><strong>morereris.</strong></span> <span class='ocrx_word' id='word_1_242' title='bbox 2747 846 2857 902; x_wconf 90' lang='lat' dir='ltr'><strong>Nec</strong></span> <span class='ocrx_word' id='word_1_243' title='bbox 2880 849 2998 918; x_wconf 93' lang='lat' dir='ltr'><strong>plus</strong></span> <span class='ocrx_word' id='word_1_244' title='bbox 3032 849 3127 903; x_wconf 89' lang='lat' dir='ltr'><strong>tibi</strong></span> <span class='ocrx_word' id='word_1_245' title='bbox 3158 849 3344 904; x_wconf 87' lang='lat' dir='ltr'><strong>laudes</strong></span> <span class='ocrx_word' id='word_1_246' title='bbox 3377 847 3702 917; x_wconf 80' lang='lat' dir='ltr'><strong>Philippicze</strong></span> 
     </span>
    </p>
   </div>
   <div class='ocr_carea' id='block_1_35' title="bbox 2087 939 3700 1012">
    <p class='ocr_par' dir='ltr' id='par_1_35' title="bbox 2087 939 3700 1012">
     <span class='ocr_line' id='line_1_35' title="bbox 2087 939 3700 1012; baseline 0.001 -17"><span class='ocrx_word' id='word_1_247' title='bbox 2087 939 2282 996; x_wconf 80' lang='lat' dir='ltr'><strong>all‘erre</strong></span> <span class='ocrx_word' id='word_1_248' title='bbox 2312 949 2623 1012; x_wconf 86' lang='lat' dir='ltr'><strong>potuerunt,</strong></span> <span class='ocrx_word' id='word_1_249' title='bbox 2659 957 2820 1012; x_wconf 91' lang='lat' dir='ltr'><strong>quam</strong></span> <span class='ocrx_word' id='word_1_250' title='bbox 2848 941 3124 998; x_wconf 84' lang='lat' dir='ltr'><strong>discussus</strong></span> <span class='ocrx_word' id='word_1_251' title='bbox 3142 958 3298 997; x_wconf 86' lang='lat' dir='ltr'><strong>error</strong></span> <span class='ocrx_word' id='word_1_252' title='bbox 3337 940 3581 996; x_wconf 79' lang='lat' dir='ltr'><strong>humani</strong></span> <span class='ocrx_word' id='word_1_253' title='bbox 3616 957 3700 1011; x_wconf 86' lang='lat' dir='ltr'><strong>ge-</strong></span> 
     </span>
    </p>
   </div>
   <div class='ocr_carea' id='block_1_36' title="bbox 2088 1033 3692 1104">
    <p class='ocr_par' dir='ltr' id='par_1_36' title="bbox 2088 1033 3692 1104">
     <span class='ocr_line' id='line_1_36' title="bbox 2088 1033 3692 1104; baseline -0.002 -14"><span class='ocrx_word' id='word_1_254' title='bbox 2088 1035 2258 1100; x_wconf 89' lang='lat' dir='ltr'><strong>neris,</strong></span> <span class='ocrx_word' id='word_1_255' title='bbox 2289 1045 2344 1090; x_wconf 90' lang='lat' dir='ltr'><strong>et</strong></span> <span class='ocrx_word' id='word_1_256' title='bbox 2365 1043 2570 1091; x_wconf 88' lang='lat' dir='ltr'><strong>mentes</strong></span> <span class='ocrx_word' id='word_1_257' title='bbox 2593 1034 2870 1091; x_wconf 90' lang='lat' dir='ltr'><strong>hominum</strong></span> <span class='ocrx_word' id='word_1_258' title='bbox 2897 1035 2965 1090; x_wconf 90' lang='lat' dir='ltr'><strong>ad</strong></span> <span class='ocrx_word' id='word_1_259' title='bbox 2989 1035 3278 1092; x_wconf 89' lang='lat' dir='ltr'><strong>sanitatem</strong></span> <span class='ocrx_word' id='word_1_260' title='bbox 3301 1044 3394 1092; x_wconf 89' lang='lat' dir='ltr'><strong>tua</strong></span> <span class='ocrx_word' id='word_1_261' title='bbox 3437 1033 3692 1104; x_wconf 86' lang='lat' dir='ltr'><strong>disputa-</strong></span> 
     </span>
    </p>
   </div>
   <div class='ocr_carea' id='block_1_37' title="bbox 2090 1129 2539 1186">
    <p class='ocr_par' dir='ltr' id='par_1_37' title="bbox 2090 1129 2539 1186">
     <span class='ocr_line' id='line_1_37' title="bbox 2090 1129 2539 1186; baseline 0 -2"><span class='ocrx_word' id='word_1_262' title='bbox 2090 1129 2233 1186; x_wconf 91' lang='lat' dir='ltr'><strong>tione</strong></span> <span class='ocrx_word' id='word_1_263' title='bbox 2255 1142 2539 1186; x_wconf 72' lang='lat' dir='ltr'><strong>revocatte.</strong></span> 
     </span>
    </p>
   </div>
   <div class='ocr_carea' id='block_1_38' title="bbox 2090 1288 3700 1362">
    <p class='ocr_par' dir='ltr' id='par_1_38' title="bbox 2090 1288 3700 1362">
     <span class='ocr_line' id='line_1_38' title="bbox 2090 1288 3700 1362; baseline 0.001 -18"><span class='ocrx_word' id='word_1_264' title='bbox 2090 1288 2108 1357; x_wconf 69' lang='grc' dir='ltr'><em>ζ</em></span> <span class='ocrx_word' id='word_1_265' title='bbox 2163 1289 2269 1344; x_wconf 93' lang='lat' dir='ltr'><strong>Sed</strong></span> <span class='ocrx_word' id='word_1_266' title='bbox 2301 1288 2659 1345; x_wconf 87' lang='lat' dir='ltr'><strong>concedamus</strong></span> <span class='ocrx_word' id='word_1_267' title='bbox 2697 1289 3003 1356; x_wconf 82' lang='lat' dir='ltr'><strong>timiditati,</strong></span> <span class='ocrx_word' id='word_1_268' title='bbox 3057 1305 3180 1362; x_wconf 60' lang='lat' dir='ltr'><strong>quae</strong></span> <span class='ocrx_word' id='word_1_269' title='bbox 3212 1290 3264 1345; x_wconf 93' lang='lat' dir='ltr'><strong>in</strong></span> <span class='ocrx_word' id='word_1_270' title='bbox 3293 1289 3564 1360; x_wconf 88' lang='lat' dir='ltr'><strong>sapiente</strong></span> <span class='ocrx_word' id='word_1_271' title='bbox 3591 1304 3700 1345; x_wconf 74' lang='lat' dir='ltr'><strong>esse</strong></span> 
     </span>
    </p>
   </div>
   <div class='ocr_carea' id='block_1_39' title="bbox 2090 1381 3700 1454">
    <p class='ocr_par' dir='ltr' id='par_1_39' title="bbox 2090 1381 3700 1454">
     <span class='ocr_line' id='line_1_39' title="bbox 2090 1381 3700 1454; baseline 0.001 -18"><span class='ocrx_word' id='word_1_272' title='bbox 2090 1397 2198 1437; x_wconf 93' lang='lat' dir='ltr'><strong>non</strong></span> <span class='ocrx_word' id='word_1_273' title='bbox 2225 1381 2406 1438; x_wconf 91' lang='lat' dir='ltr'><strong>debet.</strong></span> <span class='ocrx_word' id='word_1_274' title='bbox 2442 1381 2582 1450; x_wconf 86' lang='lat' dir='ltr'><strong>Quid</strong></span> <span class='ocrx_word' id='word_1_275' title='bbox 2611 1398 2742 1454; x_wconf 91' lang='lat' dir='ltr'><strong>ergo</strong></span> <span class='ocrx_word' id='word_1_276' title='bbox 2774 1384 2889 1454; x_wconf 92' lang='lat' dir='ltr'><strong>ipse</strong></span> <span class='ocrx_word' id='word_1_277' title='bbox 2921 1382 2973 1437; x_wconf 93' lang='lat' dir='ltr'><strong>in</strong></span> <span class='ocrx_word' id='word_1_278' title='bbox 3001 1383 3194 1439; x_wconf 91' lang='lat' dir='ltr'><strong>eodem</strong></span> <span class='ocrx_word' id='word_1_279' title='bbox 3215 1384 3464 1439; x_wconf 87' lang='lat' dir='ltr'><strong>versaris</strong></span> <span class='ocrx_word' id='word_1_280' title='bbox 3495 1383 3700 1438; x_wconf 75' lang='lat' dir='ltr'><strong>errore?</strong></span> 
     </span>
    </p>
   </div>
   <div class='ocr_carea' id='block_1_40' title="bbox 2091 1473 3697 1532">
    <p class='ocr_par' dir='ltr' id='par_1_40' title="bbox 2091 1473 3697 1532">
     <span class='ocr_line' id='line_1_40' title="bbox 2091 1473 3697 1532; baseline 0.001 -3"><span class='ocrx_word' id='word_1_281' title='bbox 2091 1473 2264 1530; x_wconf 92' lang='lat' dir='ltr'><strong>Video</strong></span> <span class='ocrx_word' id='word_1_282' title='bbox 2297 1484 2350 1530; x_wconf 90' lang='lat' dir='ltr'><strong>te</strong></span> <span class='ocrx_word' id='word_1_283' title='bbox 2391 1483 2605 1530; x_wconf 88' lang='lat' dir='ltr'><strong>terrena</strong></span> <span class='ocrx_word' id='word_1_284' title='bbox 2640 1486 2694 1530; x_wconf 92' lang='lat' dir='ltr'><strong>et</strong></span> <span class='ocrx_word' id='word_1_285' title='bbox 2721 1475 3030 1531; x_wconf 86' lang='lat' dir='ltr'><strong>manufacta</strong></span> <span class='ocrx_word' id='word_1_286' title='bbox 3078 1476 3327 1532; x_wconf 89' lang='lat' dir='ltr'><strong>venerari</strong></span> <span class='ocrx_word' id='word_1_287' title='bbox 3356 1493 3372 1530; x_wconf 88' lang='lat'><strong>:</strong></span> <span class='ocrx_word' id='word_1_288' title='bbox 3407 1490 3564 1530; x_wconf 87' lang='lat' dir='ltr'><strong>vana</strong></span> <span class='ocrx_word' id='word_1_289' title='bbox 3592 1490 3697 1530; x_wconf 76' lang='lat' dir='ltr'><strong>esse</strong></span> 
     </span>
    </p>
   </div>
   <div class='ocr_carea' id='block_1_41' title="bbox 2092 1565 3698 1640">
    <p class='ocr_par' dir='ltr' id='par_1_41' title="bbox 2092 1565 3698 1640">
     <span class='ocr_line' id='line_1_41' title="bbox 2092 1565 3698 1640; baseline 0.004 -20"><span class='ocrx_word' id='word_1_290' title='bbox 2092 1565 2365 1637; x_wconf 88' lang='lat' dir='ltr'><strong>intelligis,</strong></span> <span class='ocrx_word' id='word_1_291' title='bbox 2415 1577 2470 1622; x_wconf 88' lang='lat' dir='ltr'><strong>et</strong></span> <span class='ocrx_word' id='word_1_292' title='bbox 2517 1577 2696 1623; x_wconf 88' lang='lat' dir='ltr'><strong>tamen</strong></span> <span class='ocrx_word' id='word_1_293' title='bbox 2741 1567 2930 1623; x_wconf 89' lang='lat' dir='ltr'><strong>eadem</strong></span> <span class='ocrx_word' id='word_1_294' title='bbox 2973 1567 3104 1624; x_wconf 84' lang='lat' dir='ltr'><strong>facis</strong></span> <span class='ocrx_word' id='word_1_295' title='bbox 3171 1583 3295 1640; x_wconf 68' lang='lat' dir='ltr'><strong>qutc</strong></span> <span class='ocrx_word' id='word_1_296' title='bbox 3333 1567 3562 1624; x_wconf 87' lang='lat' dir='ltr'><strong>faciunt</strong></span> <span class='ocrx_word' id='word_1_297' title='bbox 3592 1569 3698 1635; x_wconf 85' lang='lat' dir='ltr'><strong>ipsi.</strong></span> 
     </span>
    </p>
   </div>
   <div class='ocr_carea' id='block_1_42' title="bbox 2092 1660 3702 1734">
    <p class='ocr_par' dir='ltr' id='par_1_42' title="bbox 2092 1660 3702 1734">
     <span class='ocr_line' id='line_1_42' title="bbox 2092 1660 3702 1734; baseline 0.001 -20"><span class='ocrx_word' id='word_1_298' title='bbox 2092 1676 2228 1732; x_wconf 91' lang='lat' dir='ltr'><strong>quos</strong></span> <span class='ocrx_word' id='word_1_299' title='bbox 2255 1660 2370 1732; x_wconf 91' lang='lat' dir='ltr'><strong>ipse</strong></span> <span class='ocrx_word' id='word_1_300' title='bbox 2403 1661 2752 1718; x_wconf 88' lang='lat' dir='ltr'><strong>stultissimos</strong></span> <span class='ocrx_word' id='word_1_301' title='bbox 2802 1662 3099 1718; x_wconf 87' lang='lat' dir='ltr'><strong>confiteris.</strong></span> <span class='ocrx_word' id='word_1_302' title='bbox 3128 1663 3266 1732; x_wconf 86' lang='lat' dir='ltr'><strong>Quid</strong></span> <span class='ocrx_word' id='word_1_303' title='bbox 3298 1663 3472 1734; x_wconf 88' lang='lat' dir='ltr'><strong>igitur</strong></span> <span class='ocrx_word' id='word_1_304' title='bbox 3515 1662 3702 1733; x_wconf 82' lang='lat' dir='ltr'><strong>proluit</strong></span> 
     </span>
    </p>
   </div>
   <div class='ocr_carea' id='block_1_43' title="bbox 2020 1752 3702 1836">
    <p class='ocr_par' dir='ltr' id='par_1_43' title="bbox 2020 1752 3702 1836">
     <span class='ocr_line' id='line_1_43' title="bbox 2020 1752 3702 1836; baseline 0.002 -29"><span class='ocrx_word' id='word_1_305' title='bbox 2020 1775 2070 1836; x_wconf 71' lang='grc' dir='ltr'>Β</span> <span class='ocrx_word' id='word_1_306' title='bbox 2097 1752 2297 1808; x_wconf 86' lang='lat' dir='ltr'><strong>vidisse</strong></span> <span class='ocrx_word' id='word_1_307' title='bbox 2330 1761 2380 1807; x_wconf 92' lang='lat' dir='ltr'><strong>te</strong></span> <span class='ocrx_word' id='word_1_308' title='bbox 2407 1754 2887 1825; x_wconf 88' lang='lat' dir='ltr'><strong>veritatem,quam</strong></span> <span class='ocrx_word' id='word_1_309' title='bbox 2917 1769 3016 1811; x_wconf 88' lang='lat' dir='ltr'><strong>nec</strong></span> <span class='ocrx_word' id='word_1_310' title='bbox 3043 1753 3368 1810; x_wconf 81' lang='lat' dir='ltr'><strong>defensurus</strong></span> <span class='ocrx_word' id='word_1_311' title='bbox 3399 1769 3594 1821; x_wconf 83' lang='lat' dir='ltr'><strong>esses,</strong></span> <span class='ocrx_word' id='word_1_312' title='bbox 3623 1771 3702 1810; x_wconf 81' lang='lat' dir='ltr'><strong>nec</strong></span> 
     </span>
    </p>
   </div>
   <div class='ocr_carea' id='block_1_44' title="bbox 2097 1844 3704 1920">
    <p class='ocr_par' dir='ltr' id='par_1_44' title="bbox 2097 1844 3704 1920">
     <span class='ocr_line' id='line_1_44' title="bbox 2097 1844 3704 1920; baseline 0.002 -20"><span class='ocrx_word' id='word_1_313' title='bbox 2097 1844 2416 1900; x_wconf 87' lang='lat' dir='ltr'><strong>secuturus?</strong></span> <span class='ocrx_word' id='word_1_314' title='bbox 2440 1844 2498 1901; x_wconf 90' lang='lat' dir='ltr'><strong>Si</strong></span> <span class='ocrx_word' id='word_1_315' title='bbox 2538 1845 2770 1902; x_wconf 89' lang='lat' dir='ltr'><strong>libenter</strong></span> <span class='ocrx_word' id='word_1_316' title='bbox 2798 1856 2985 1902; x_wconf 91' lang='lat' dir='ltr'><strong>errant</strong></span> <span class='ocrx_word' id='word_1_317' title='bbox 3011 1847 3173 1903; x_wconf 91' lang='lat' dir='ltr'><strong>etiam</strong></span> <span class='ocrx_word' id='word_1_318' title='bbox 3209 1848 3243 1902; x_wconf 92' lang='lat' dir='ltr'><strong>ii</strong></span> <span class='ocrx_word' id='word_1_319' title='bbox 3274 1848 3367 1920; x_wconf 92' lang='lat' dir='ltr'><strong>qui</strong></span> <span class='ocrx_word' id='word_1_320' title='bbox 3435 1862 3641 1904; x_wconf 86' lang='lat' dir='ltr'><strong>errare</strong></span> <span class='ocrx_word' id='word_1_321' title='bbox 3659 1864 3704 1904; x_wconf 71' lang='lat' dir='ltr'><strong>se</strong></span> 
     </span>
    </p>
   </div>
   <div class='ocr_carea' id='block_1_45' title="bbox 2097 1943 3695 2014">
    <p class='ocr_par' dir='ltr' id='par_1_45' title="bbox 2097 1943 3695 2014">
     <span class='ocr_line' id='line_1_45' title="bbox 2097 1943 3695 2014; baseline 0 -16"><span class='ocrx_word' id='word_1_322' title='bbox 2097 1944 2358 2009; x_wconf 89' lang='lat' dir='ltr'><strong>sentiunt,</strong></span> <span class='ocrx_word' id='word_1_323' title='bbox 2391 1951 2592 2014; x_wconf 90' lang='lat' dir='ltr'><strong>quanto</strong></span> <span class='ocrx_word' id='word_1_324' title='bbox 2620 1943 2790 2014; x_wconf 89' lang='lat' dir='ltr'><strong>magis</strong></span> <span class='ocrx_word' id='word_1_325' title='bbox 2819 1943 3008 2014; x_wconf 89' lang='lat' dir='ltr'><strong>vulgus</strong></span> <span class='ocrx_word' id='word_1_326' title='bbox 3035 1943 3332 2005; x_wconf 88' lang='lat' dir='ltr'><strong>indoctum.</strong></span> <span class='ocrx_word' id='word_1_327' title='bbox 3367 1943 3528 2012; x_wconf 88' lang='lat' dir='ltr'><strong>quod</strong></span> <span class='ocrx_word' id='word_1_328' title='bbox 3555 1959 3695 2014; x_wconf 88' lang='lat' dir='ltr'><strong>pom-</strong></span> 
     </span>
    </p>
   </div>
   <div class='ocr_carea' id='block_1_46' title="bbox 2099 2033 3705 2106">
    <p class='ocr_par' dir='ltr' id='par_1_46' title="bbox 2099 2033 3705 2106">
     <span class='ocr_line' id='line_1_46' title="bbox 2099 2033 3705 2106; baseline -0.001 -16"><span class='ocrx_word' id='word_1_329' title='bbox 2099 2035 2183 2106; x_wconf 92' lang='lat' dir='ltr'><strong>pis</strong></span> <span class='ocrx_word' id='word_1_330' title='bbox 2225 2035 2474 2090; x_wconf 85' lang='lat' dir='ltr'><strong>inanibus</strong></span> <span class='ocrx_word' id='word_1_331' title='bbox 2525 2033 2742 2105; x_wconf 88' lang='lat' dir='ltr'><strong>gaudet,</strong></span> <span class='ocrx_word' id='word_1_332' title='bbox 2795 2035 3098 2106; x_wconf 89' lang='lat' dir='ltr'><strong>animisque</strong></span> <span class='ocrx_word' id='word_1_333' title='bbox 3142 2035 3444 2105; x_wconf 89' lang='lat' dir='ltr'><strong>puerilibus</strong></span> <span class='ocrx_word' id='word_1_334' title='bbox 3503 2047 3705 2106; x_wconf 78' lang='lat' dir='ltr'><strong>Spectat</strong></span> 
     </span>
    </p>
   </div>
   <div class='ocr_carea' id='block_1_47' title="bbox 2100 2126 3704 2198">
    <p class='ocr_par' dir='ltr' id='par_1_47' title="bbox 2100 2126 3704 2198">
     <span class='ocr_line' id='line_1_47' title="bbox 2100 2126 3704 2198; baseline -0.001 -15"><span class='ocrx_word' id='word_1_335' title='bbox 2100 2126 2322 2183; x_wconf 88' lang='lat' dir='ltr'><strong>omnia?</strong></span> <span class='ocrx_word' id='word_1_336' title='bbox 2351 2127 2651 2182; x_wconf 89' lang='lat' dir='ltr'><strong>oblectatur</strong></span> <span class='ocrx_word' id='word_1_337' title='bbox 2692 2126 2920 2195; x_wconf 88' lang='lat' dir='ltr'><strong>frivolis,</strong></span> <span class='ocrx_word' id='word_1_338' title='bbox 2958 2136 3013 2181; x_wconf 93' lang='lat' dir='ltr'><strong>et</strong></span> <span class='ocrx_word' id='word_1_339' title='bbox 3054 2127 3235 2198; x_wconf 88' lang='lat' dir='ltr'><strong>specie</strong></span> <span class='ocrx_word' id='word_1_340' title='bbox 3283 2127 3704 2183; x_wconf 85' lang='lat' dir='ltr'><strong>simulacrorum</strong></span> 
     </span>
    </p>
   </div>
   <div class='ocr_carea' id='block_1_48' title="bbox 2102 2219 3703 2292">
    <p class='ocr_par' dir='ltr' id='par_1_48' title="bbox 2102 2219 3703 2292">
     <span class='ocr_line' id='line_1_48' title="bbox 2102 2219 3703 2292; baseline -0.001 -16"><span class='ocrx_word' id='word_1_341' title='bbox 2102 2219 2332 2292; x_wconf 89' lang='lat' dir='ltr'><strong>capitur,</strong></span> <span class='ocrx_word' id='word_1_342' title='bbox 2381 2235 2481 2275; x_wconf 89' lang='lat' dir='ltr'><strong>nec</strong></span> <span class='ocrx_word' id='word_1_343' title='bbox 2525 2219 2825 2290; x_wconf 88' lang='lat' dir='ltr'><strong>ponderare</strong></span> <span class='ocrx_word' id='word_1_344' title='bbox 2872 2234 3057 2275; x_wconf 89' lang='lat' dir='ltr'><strong>secum</strong></span> <span class='ocrx_word' id='word_1_345' title='bbox 3110 2235 3566 2292; x_wconf 87' lang='lat' dir='ltr'><strong>unamquamque</strong></span> <span class='ocrx_word' id='word_1_346' title='bbox 3600 2237 3703 2274; x_wconf 85' lang='lat' dir='ltr'><strong>rem</strong></span> 
     </span>
    </p>
   </div>
   <div class='ocr_carea' id='block_1_49' title="bbox 2105 2314 3773 2386">
    <p class='ocr_par' dir='ltr' id='par_1_49' title="bbox 2105 2314 3773 2386">
     <span class='ocr_line' id='line_1_49' title="bbox 2105 2314 3773 2386; baseline 0.001 -19"><span class='ocrx_word' id='word_1_347' title='bbox 2105 2323 2300 2386; x_wconf 90' lang='lat' dir='ltr'><strong>potest,</strong></span> <span class='ocrx_word' id='word_1_348' title='bbox 2335 2324 2392 2369; x_wconf 81' lang='grc' dir='ltr'><strong>ιιι</strong></span> <span class='ocrx_word' id='word_1_349' title='bbox 2425 2314 2688 2386; x_wconf 86' lang='lat' dir='ltr'><strong>intelligat</strong></span> <span class='ocrx_word' id='word_1_350' title='bbox 2720 2314 2852 2370; x_wconf 90' lang='lat' dir='ltr'><strong>nihil</strong></span> <span class='ocrx_word' id='word_1_351' title='bbox 2879 2314 3166 2370; x_wconf 90' lang='lat' dir='ltr'><strong>colendum</strong></span> <span class='ocrx_word' id='word_1_352' title='bbox 3188 2329 3310 2370; x_wconf 91' lang='lat' dir='ltr'><strong>esse</strong></span> <span class='ocrx_word' id='word_1_353' title='bbox 3365 2314 3524 2386; x_wconf 90' lang='lat' dir='ltr'><strong>quod</strong></span> <span class='ocrx_word' id='word_1_354' title='bbox 3550 2316 3706 2371; x_wconf 78' lang='lat' dir='ltr'><strong>oculis</strong></span> <span class='ocrx_word' id='word_1_355' title='bbox 3771 2314 3773 2386; x_wconf 74' lang='grc' dir='ltr'>ξ</span> 
     </span>
    </p>
   </div>
   <div class='ocr_carea' id='block_1_50' title="bbox 2105 2407 3703 2478">
    <p class='ocr_par' dir='ltr' id='par_1_50' title="bbox 2105 2407 3703 2478">
     <span class='ocr_line' id='line_1_50' title="bbox 2105 2407 3703 2478; baseline 0 -16"><span class='ocrx_word' id='word_1_356' title='bbox 2105 2407 2422 2462; x_wconf 88' lang='lat' dir='ltr'><strong>mortalibus</strong></span> <span class='ocrx_word' id='word_1_357' title='bbox 2452 2407 2710 2474; x_wconf 91' lang='lat' dir='ltr'><strong>cernitur,</strong></span> <span class='ocrx_word' id='word_1_358' title='bbox 2759 2407 2882 2478; x_wconf 93' lang='lat' dir='ltr'><strong>quia</strong></span> <span class='ocrx_word' id='word_1_359' title='bbox 2936 2407 3163 2463; x_wconf 88' lang='lat' dir='ltr'><strong>mortale</strong></span> <span class='ocrx_word' id='word_1_360' title='bbox 3215 2408 3285 2463; x_wconf 92' lang='lat' dir='ltr'><strong>sit</strong></span> <span class='ocrx_word' id='word_1_361' title='bbox 3329 2423 3576 2464; x_wconf 85' lang='lat' dir='ltr'><strong>necesse</strong></span> <span class='ocrx_word' id='word_1_362' title='bbox 3616 2419 3703 2464; x_wconf 74' lang='lat' dir='ltr'><strong>est.</strong></span> 
     </span>
    </p>
   </div>
   <div class='ocr_carea' id='block_1_51' title="bbox 2103 2498 3707 2572">
    <p class='ocr_par' dir='ltr' id='par_1_51' title="bbox 2103 2498 3707 2572">
     <span class='ocr_line' id='line_1_51' title="bbox 2103 2498 3707 2572; baseline 0.002 -19"><span class='ocrx_word' id='word_1_363' title='bbox 2103 2498 2214 2556; x_wconf 86' lang='lat' dir='ltr'><strong>Nec</strong></span> <span class='ocrx_word' id='word_1_364' title='bbox 2243 2499 2547 2554; x_wconf 89' lang='lat' dir='ltr'><strong>mirandum</strong></span> <span class='ocrx_word' id='word_1_365' title='bbox 2579 2509 2681 2565; x_wconf 90' lang='lat' dir='ltr'><strong>est,</strong></span> <span class='ocrx_word' id='word_1_366' title='bbox 2711 2500 2756 2555; x_wconf 91' lang='lat' dir='ltr'><strong>si</strong></span> <span class='ocrx_word' id='word_1_367' title='bbox 2802 2500 2967 2554; x_wconf 90' lang='lat' dir='ltr'><strong>Deum</strong></span> <span class='ocrx_word' id='word_1_368' title='bbox 3010 2515 3117 2555; x_wconf 93' lang='lat' dir='ltr'><strong>non</strong></span> <span class='ocrx_word' id='word_1_369' title='bbox 3162 2499 3404 2566; x_wconf 87' lang='lat' dir='ltr'><strong>videant,</strong></span> <span class='ocrx_word' id='word_1_370' title='bbox 3455 2516 3593 2556; x_wconf 87' lang='lat' dir='ltr'><strong>cum</strong></span> <span class='ocrx_word' id='word_1_371' title='bbox 3626 2502 3707 2572; x_wconf 65' lang='lat' dir='ltr'><strong>ipsi</strong></span> 
     </span>
    </p>
   </div>
   <div class='ocr_carea' id='block_1_52' title="bbox 2105 2593 3706 2666">
    <p class='ocr_par' dir='ltr' id='par_1_52' title="bbox 2105 2593 3706 2666">
     <span class='ocr_line' id='line_1_52' title="bbox 2105 2593 3706 2666; baseline 0.001 -18"><span class='ocrx_word' id='word_1_372' title='bbox 2105 2610 2172 2648; x_wconf 88' lang='lat' dir='ltr'><strong>ne</strong></span> <span class='ocrx_word' id='word_1_373' title='bbox 2199 2594 2471 2649; x_wconf 90' lang='lat' dir='ltr'><strong>hominem</strong></span> <span class='ocrx_word' id='word_1_374' title='bbox 2517 2593 2733 2666; x_wconf 88' lang='lat' dir='ltr'><strong>quidem</strong></span> <span class='ocrx_word' id='word_1_375' title='bbox 2779 2594 3016 2660; x_wconf 86' lang='lat' dir='ltr'><strong>videant,</strong></span> <span class='ocrx_word' id='word_1_376' title='bbox 3049 2609 3211 2665; x_wconf 91' lang='lat' dir='ltr'><strong>quem</strong></span> <span class='ocrx_word' id='word_1_377' title='bbox 3257 2593 3446 2651; x_wconf 91' lang='lat' dir='ltr'><strong>videre</strong></span> <span class='ocrx_word' id='word_1_378' title='bbox 3483 2609 3552 2652; x_wconf 89' lang='lat' dir='ltr'><strong>se</strong></span> <span class='ocrx_word' id='word_1_379' title='bbox 3597 2611 3706 2652; x_wconf 82' lang='lat' dir='ltr'><strong>cre-</strong></span> 
     </span>
    </p>
   </div>
   <div class='ocr_carea' id='block_1_53' title="bbox 2105 2685 3707 2759">
    <p class='ocr_par' dir='ltr' id='par_1_53' title="bbox 2105 2685 3707 2759">
     <span class='ocr_line' id='line_1_53' title="bbox 2105 2685 3707 2759; baseline 0.001 -17"><span class='ocrx_word' id='word_1_380' title='bbox 2105 2685 2256 2742; x_wconf 87' lang='lat' dir='ltr'><strong>dunt.</strong></span> <span class='ocrx_word' id='word_1_381' title='bbox 2310 2685 2426 2742; x_wconf 88' lang='lat' dir='ltr'><strong>Hoc</strong></span> <span class='ocrx_word' id='word_1_382' title='bbox 2477 2686 2622 2742; x_wconf 89' lang='lat' dir='ltr'><strong>enim</strong></span> <span class='ocrx_word' id='word_1_383' title='bbox 2671 2685 2814 2757; x_wconf 91' lang='lat' dir='ltr'><strong>quod</strong></span> <span class='ocrx_word' id='word_1_384' title='bbox 2867 2685 3040 2743; x_wconf 91' lang='lat' dir='ltr'><strong>oculis</strong></span> <span class='ocrx_word' id='word_1_385' title='bbox 3094 2687 3397 2759; x_wconf 88' lang='lat' dir='ltr'><strong>subjectum</strong></span> <span class='ocrx_word' id='word_1_386' title='bbox 3446 2697 3565 2756; x_wconf 85' lang='lat' dir='ltr'><strong>est,</strong></span> <span class='ocrx_word' id='word_1_387' title='bbox 3615 2704 3707 2744; x_wconf 83' lang='lat' dir='ltr'><strong>non</strong></span> 
     </span>
    </p>
   </div>
   <div class='ocr_carea' id='block_1_54' title="bbox 1711 2826 2342 2885">
    <p class='ocr_par' dir='ltr' id='par_1_54' title="bbox 1711 2826 2342 2885">
     <span class='ocr_line' id='line_1_54' title="bbox 1711 2826 2342 2885; baseline -0.002 -1"><span class='ocrx_word' id='word_1_388' title='bbox 1711 2826 2074 2885; x_wconf 77' lang='lat' dir='ltr'><strong>VARIORUM</strong></span> <span class='ocrx_word' id='word_1_389' title='bbox 2109 2827 2342 2884; x_wconf 68' lang='lat' dir='ltr'><strong>NOTE.</strong></span> 
     </span>
    </p>
   </div>
   <div class='ocr_carea' id='block_1_55' title="bbox 393 2941 1992 3075">
    <p class='ocr_par' dir='ltr' id='par_1_55' title="bbox 393 2941 1992 3075">
     <span class='ocr_line' id='line_1_55' title="bbox 393 2941 1992 3075; baseline -0.004 -73"><span class='ocrx_word' id='word_1_390' title='bbox 393 3014 428 3075; x_wconf 66' lang='lat' dir='ltr'><strong>b</strong></span> <span class='ocrx_word' id='word_1_391' title='bbox 462 2944 660 3030; x_wconf 67' lang='lat' dir='ltr'><strong>Cicero.</strong></span> <span class='ocrx_word' id='word_1_392' title='bbox 689 2943 910 3003; x_wconf 91' lang='lat' dir='ltr'><strong>Scilicet</strong></span> <span class='ocrx_word' id='word_1_393' title='bbox 939 2945 996 3002; x_wconf 94' lang='lat' dir='ltr'><strong>in</strong></span> <span class='ocrx_word' id='word_1_394' title='bbox 1036 2944 1252 3002; x_wconf 79' lang='lat' dir='ltr'><strong>eximiis</strong></span> <span class='ocrx_word' id='word_1_395' title='bbox 1289 2941 1361 3000; x_wconf 91' lang='lat' dir='ltr'><strong>de</strong></span> <span class='ocrx_word' id='word_1_396' title='bbox 1398 2941 1600 2999; x_wconf 87' lang='lat' dir='ltr'><strong>Natura</strong></span> <span class='ocrx_word' id='word_1_397' title='bbox 1647 2941 1884 2998; x_wconf 88' lang='lat' dir='ltr'><strong>deorum</strong></span> <span class='ocrx_word' id='word_1_398' title='bbox 1925 2941 1992 2995; x_wconf 81' lang='lat' dir='ltr'><strong>li-</strong></span> 
     </span>
     <span class='ocr_line' id='line_1_56' title="bbox 432 3035 525 3075; baseline -0.011 0"><span class='ocrx_word' id='word_1_399' title='bbox 432 3035 525 3075; x_wconf 65' lang='grc' dir='ltr'><strong>τις.</strong></span> 
     </span>
    </p>
   </div>
   <div class='ocr_carea' id='block_1_56' title="bbox 432 3035 525 3075">
    <p class='ocr_par' dir='ltr' id='par_1_56' title="bbox 432 3035 525 3075">
     <span class='ocr_line' id='line_1_57' title="bbox 432 3035 525 3075; baseline -0.011 0"><span class='ocrx_word' id='word_1_400' title='bbox 432 3035 525 3075; x_wconf 83' lang='grc'><strong>1⁵18.</strong></span> 
     </span>
    </p>
   </div>
   <div class='ocr_carea' id='block_1_57' title="bbox 469 3107 1996 3178">
    <p class='ocr_par' dir='ltr' id='par_1_57' title="bbox 469 3107 1996 3178">
     <span class='ocr_line' id='line_1_58' title="bbox 469 3107 1996 3178; baseline -0.003 -10"><span class='ocrx_word' id='word_1_401' title='bbox 469 3113 554 3168; x_wconf 85' lang='lat' dir='ltr'><strong>Ait</strong></span> <span class='ocrx_word' id='word_1_402' title='bbox 583 3109 752 3168; x_wconf 75' lang='lat' dir='ltr'><strong>tamen</strong></span> <span class='ocrx_word' id='word_1_403' title='bbox 803 3128 906 3168; x_wconf 91' lang='lat' dir='ltr'><strong>non</strong></span> <span class='ocrx_word' id='word_1_404' title='bbox 926 3128 1034 3168; x_wconf 89' lang='lat' dir='ltr'><strong>esse</strong></span> <span class='ocrx_word' id='word_1_405' title='bbox 1067 3111 1179 3167; x_wconf 84' lang='lat' dir='ltr'><strong>illa.</strong></span> <span class='ocrx_word' id='word_1_406' title='bbox 1238 3110 1328 3165; x_wconf 93' lang='lat' dir='ltr'><strong>Ait</strong></span> <span class='ocrx_word' id='word_1_407' title='bbox 1355 3108 1409 3163; x_wconf 92' lang='lat' dir='ltr'><strong>in</strong></span> <span class='ocrx_word' id='word_1_408' title='bbox 1441 3108 1581 3163; x_wconf 89' lang='lat' dir='ltr'><strong>libro</strong></span> <span class='ocrx_word' id='word_1_409' title='bbox 1624 3107 1858 3178; x_wconf 89' lang='lat' dir='ltr'><strong>quodam</strong></span> <span class='ocrx_word' id='word_1_410' title='bbox 1899 3107 1996 3163; x_wconf 92' lang='lat' dir='ltr'><strong>de-</strong></span> 
     </span>
    </p>
   </div>
   <div class='ocr_carea' id='block_1_58' title="bbox 394 3179 1994 3258">
    <p class='ocr_par' dir='ltr' id='par_1_58' title="bbox 394 3179 1994 3258">
     <span class='ocr_line' id='line_1_59' title="bbox 394 3179 1994 3258; baseline -0.004 -16"><span class='ocrx_word' id='word_1_411' title='bbox 394 3187 627 3258; x_wconf 88' lang='lat' dir='ltr'><strong>pcrdito.</strong></span> <span class='ocrx_word' id='word_1_412' title='bbox 662 3185 719 3240; x_wconf 90' lang='lat' dir='ltr'><strong>In</strong></span> <span class='ocrx_word' id='word_1_413' title='bbox 747 3184 1116 3240; x_wconf 90' lang='lat' dir='ltr'><strong>Ciceronianis</strong></span> <span class='ocrx_word' id='word_1_414' title='bbox 1145 3183 1288 3239; x_wconf 90' lang='lat' dir='ltr'><strong>enim</strong></span> <span class='ocrx_word' id='word_1_415' title='bbox 1319 3179 1481 3236; x_wconf 87' lang='lat' dir='ltr'><strong>hodie</strong></span> <span class='ocrx_word' id='word_1_416' title='bbox 1511 3196 1616 3234; x_wconf 91' lang='lat' dir='ltr'><strong>non</strong></span> <span class='ocrx_word' id='word_1_417' title='bbox 1635 3191 1802 3235; x_wconf 80' lang='lat' dir='ltr'><strong>extat.</strong></span> <span class='ocrx_word' id='word_1_418' title='bbox 1827 3181 1994 3235; x_wconf 80' lang='lat' dir='ltr'><strong>CELL.</strong></span> 
     </span>
    </p>
   </div>
   <div class='ocr_carea' id='block_1_59' title="bbox 473 3273 1999 3347">
    <p class='ocr_par' dir='ltr' id='par_1_59' title="bbox 473 3273 1999 3347">
     <span class='ocr_line' id='line_1_60' title="bbox 473 3273 1999 3347; baseline -0.003 -15"><span class='ocrx_word' id='word_1_419' title='bbox 473 3279 610 3347; x_wconf 84' lang='lat' dir='ltr'><strong>Quid</strong></span> <span class='ocrx_word' id='word_1_420' title='bbox 637 3279 701 3332; x_wconf 88' lang='lat' dir='ltr'><strong>de</strong></span> <span class='ocrx_word' id='word_1_421' title='bbox 729 3294 788 3333; x_wconf 90' lang='lat' dir='ltr'><strong>eo</strong></span> <span class='ocrx_word' id='word_1_422' title='bbox 815 3278 998 3347; x_wconf 81' lang='lat' dir='ltr'><strong>facias.</strong></span> <span class='ocrx_word' id='word_1_423' title='bbox 1029 3277 1104 3332; x_wconf 90' lang='lat' dir='ltr'><strong>Ita</strong></span> <span class='ocrx_word' id='word_1_424' title='bbox 1135 3277 1258 3347; x_wconf 82' lang='lat' dir='ltr'><strong>lego</strong></span> <span class='ocrx_word' id='word_1_425' title='bbox 1278 3273 1748 3347; x_wconf 74' lang='lat' dir='ltr'><strong>cummeliorihns</strong></span> <span class='ocrx_word' id='word_1_426' title='bbox 1771 3282 1826 3329; x_wconf 91' lang='lat' dir='ltr'><strong>et</strong></span> <span class='ocrx_word' id='word_1_427' title='bbox 1858 3274 1999 3347; x_wconf 86' lang='lat' dir='ltr'><strong>anti-</strong></span> 
     </span>
    </p>
   </div>
   <div class='ocr_carea' id='block_1_60' title="bbox 396 3345 1996 3419">
    <p class='ocr_par' dir='ltr' id='par_1_60' title="bbox 396 3345 1996 3419">
     <span class='ocr_line' id='line_1_61' title="bbox 396 3345 1996 3419; baseline -0.002 -17"><span class='ocrx_word' id='word_1_428' title='bbox 396 3345 676 3417; x_wconf 71' lang='lat' dir='ltr'><strong>quioribus</strong></span> <span class='ocrx_word' id='word_1_429' title='bbox 731 3345 860 3404; x_wconf 83' lang='lat' dir='ltr'><strong>mss.</strong></span> <span class='ocrx_word' id='word_1_430' title='bbox 909 3349 942 3403; x_wconf 91' lang='lat'><strong>6</strong></span> <span class='ocrx_word' id='word_1_431' title='bbox 1029 3345 1213 3419; x_wconf 52' lang='lat' dir='ltr'><strong>Reg.,&#39;</strong></span> <span class='ocrx_word' id='word_1_432' title='bbox 1255 3348 1290 3402; x_wconf 99' lang='grc'><strong>4</strong></span> <span class='ocrx_word' id='word_1_433' title='bbox 1335 3346 1489 3419; x_wconf 89' lang='lat' dir='ltr'><strong>Colb.</strong></span> <span class='ocrx_word' id='word_1_434' title='bbox 1515 3387 1569 3419; x_wconf 91' lang='lat'><strong>,_</strong></span> <span class='ocrx_word' id='word_1_435' title='bbox 1605 3345 1996 3419; x_wconf 81' lang='lat' dir='ltr'><strong>Lipsiensibus,</strong></span> 
     </span>
    </p>
   </div>
   <div class='ocr_carea' id='block_1_61' title="bbox 397 3417 2000 3488">
    <p class='ocr_par' dir='ltr' id='par_1_61' title="bbox 397 3417 2000 3488">
     <span class='ocr_line' id='line_1_62' title="bbox 397 3417 2000 3488; baseline -0.005 -10"><span class='ocrx_word' id='word_1_436' title='bbox 397 3423 586 3484; x_wconf 84' lang='lat' dir='ltr'><strong>Goth.,</strong></span> <span class='ocrx_word' id='word_1_437' title='bbox 615 3421 758 3481; x_wconf 87' lang='lat' dir='ltr'><strong>Em..</strong></span> <span class='ocrx_word' id='word_1_438' title='bbox 791 3423 950 3475; x_wconf 85' lang='lat' dir='ltr'><strong>Brun.</strong></span> <span class='ocrx_word' id='word_1_439' title='bbox 978 3420 1035 3474; x_wconf 86' lang='lat' dir='ltr'><strong>In</strong></span> <span class='ocrx_word' id='word_1_440' title='bbox 1064 3417 1129 3474; x_wconf 46' lang='lat'><strong>8&#39;</strong></span> <span class='ocrx_word' id='word_1_441' title='bbox 1155 3434 1288 3482; x_wconf 89' lang='lat' dir='ltr'><strong>rec.,</strong></span> <span class='ocrx_word' id='word_1_442' title='bbox 1321 3428 1375 3473; x_wconf 91' lang='lat' dir='ltr'><strong>et</strong></span> <span class='ocrx_word' id='word_1_443' title='bbox 1405 3418 1456 3470; x_wconf 90' lang='lat' dir='ltr'><strong>in</strong></span> <span class='ocrx_word' id='word_1_444' title='bbox 1487 3417 1712 3488; x_wconf 86' lang='lat' dir='ltr'><strong>vulgatis</strong></span> <span class='ocrx_word' id='word_1_445' title='bbox 1735 3427 1840 3488; x_wconf 78' lang='lat' dir='ltr'><strong>est,</strong></span> <span class='ocrx_word' id='word_1_446' title='bbox 1863 3417 2000 3484; x_wconf 90' lang='lat' dir='ltr'><strong>Quid</strong></span> 
     </span>
    </p>
   </div>
   <div class='ocr_carea' id='block_1_62' title="bbox 397 3486 2002 3564">
    <p class='ocr_par' dir='ltr' id='par_1_62' title="bbox 397 3486 2002 3564">
     <span class='ocr_line' id='line_1_63' title="bbox 397 3486 2002 3564; baseline -0.004 -16"><span class='ocrx_word' id='word_1_447' title='bbox 397 3497 446 3548; x_wconf 86' lang='lat' dir='ltr'><strong>ei</strong></span> <span class='ocrx_word' id='word_1_448' title='bbox 469 3491 867 3564; x_wconf 55' lang='lat' dir='ltr'><strong>{aciem—Quid</strong></span> <span class='ocrx_word' id='word_1_449' title='bbox 890 3495 960 3564; x_wconf 79' lang='lat' dir='ltr'><strong>de</strong></span> <span class='ocrx_word' id='word_1_450' title='bbox 977 3507 1036 3545; x_wconf 90' lang='lat' dir='ltr'><strong>eo</strong></span> <span class='ocrx_word' id='word_1_451' title='bbox 1051 3491 1228 3564; x_wconf 78' lang='lat' dir='ltr'><strong>facies.</strong></span> <span class='ocrx_word' id='word_1_452' title='bbox 1261 3490 1505 3564; x_wconf 68' lang='lat' dir='ltr'><strong>Praestat,</strong></span> <span class='ocrx_word' id='word_1_453' title='bbox 1529 3486 1701 3564; x_wconf 59' lang='lat' dir='ltr'><strong>inquit</strong></span> <span class='ocrx_word' id='word_1_454' title='bbox 1722 3486 2002 3564; x_wconf 51' lang='lat' dir='ltr'><strong>Cell._vul.</strong></span> 
     </span>
    </p>
   </div>
   <div class='ocr_carea' id='block_1_63' title="bbox 397 3559 1995 3635">
    <p class='ocr_par' dir='ltr' id='par_1_63' title="bbox 397 3559 1995 3635">
     <span class='ocr_line' id='line_1_64' title="bbox 397 3559 1995 3635; baseline -0.004 -17"><span class='ocrx_word' id='word_1_455' title='bbox 397 3559 544 3635; x_wconf 78' lang='lat' dir='ltr'><strong>gato,</strong></span> <span class='ocrx_word' id='word_1_456' title='bbox 559 3565 625 3618; x_wconf 88' lang='lat' dir='ltr'><strong>ei.</strong></span> <span class='ocrx_word' id='word_1_457' title='bbox 643 3565 737 3618; x_wconf 88' lang='lat' dir='ltr'><strong>Est</strong></span> <span class='ocrx_word' id='word_1_458' title='bbox 753 3566 800 3618; x_wconf 91' lang='lat' dir='ltr'><strong>ei</strong></span> <span class='ocrx_word' id='word_1_459' title='bbox 821 3565 870 3618; x_wconf 92' lang='lat' dir='ltr'><strong>in</strong></span> <span class='ocrx_word' id='word_1_460' title='bbox 887 3559 1059 3634; x_wconf 77' lang='lat' dir='ltr'><strong>Lips.,</strong></span> <span class='ocrx_word' id='word_1_461' title='bbox 1076 3563 1232 3635; x_wconf 87' lang='lat' dir='ltr'><strong>Bon.,</strong></span> <span class='ocrx_word' id='word_1_462' title='bbox 1267 3560 1495 3635; x_wconf 82' lang='lat' dir='ltr'><strong>Reimm.</strong></span> <span class='ocrx_word' id='word_1_463' title='bbox 1511 3602 1525 3625; x_wconf 97' lang='lat'><strong>,</strong></span> <span class='ocrx_word' id='word_1_464' title='bbox 1576 3560 1818 3635; x_wconf 78' lang='lat' dir='ltr'><strong>Sublac.,</strong></span> <span class='ocrx_word' id='word_1_465' title='bbox 1838 3559 1995 3635; x_wconf 65' lang='lat' dir='ltr'><strong>Ven.</strong></span> 
     </span>
    </p>
   </div>
   <div class='ocr_carea' id='block_1_64' title="bbox 397 3631 1997 3701">
    <p class='ocr_par' dir='ltr' id='par_1_64' title="bbox 397 3631 1997 3701">
     <span class='ocr_line' id='line_1_65' title="bbox 397 3631 1997 3701; baseline -0.004 -9"><span class='ocrx_word' id='word_1_466' title='bbox 397 3631 563 3700; x_wconf 69' lang='lat' dir='ltr'><strong>i471,</strong></span> <span class='ocrx_word' id='word_1_467' title='bbox 597 3636 689 3701; x_wconf 84' lang='lat'><strong>97,</strong></span> <span class='ocrx_word' id='word_1_468' title='bbox 721 3635 898 3700; x_wconf 82' lang='lat' dir='ltr'><strong>Rost.,</strong></span> <span class='ocrx_word' id='word_1_469' title='bbox 923 3631 1120 3700; x_wconf 58' lang='lat' dir='ltr'><strong>Paris,</strong></span> <span class='ocrx_word' id='word_1_470' title='bbox 1154 3633 1396 3701; x_wconf 87' lang='lat' dir='ltr'><strong>reliquis,</strong></span> <span class='ocrx_word' id='word_1_471' title='bbox 1427 3647 1524 3686; x_wconf 90' lang='lat' dir='ltr'><strong>nec</strong></span> <span class='ocrx_word' id='word_1_472' title='bbox 1545 3642 1731 3686; x_wconf 84' lang='lat' dir='ltr'><strong>contra</strong></span> <span class='ocrx_word' id='word_1_473' title='bbox 1761 3631 1997 3686; x_wconf 90' lang='lat' dir='ltr'><strong>indolem</strong></span> 
     </span>
    </p>
   </div>
   <div class='ocr_carea' id='block_1_65' title="bbox 397 3702 2001 3772">
    <p class='ocr_par' dir='ltr' id='par_1_65' title="bbox 397 3702 2001 3772">
     <span class='ocr_line' id='line_1_66' title="bbox 397 3702 2001 3772; baseline -0.003 -10"><span class='ocrx_word' id='word_1_474' title='bbox 397 3707 509 3762; x_wconf 80' lang='lat' dir='ltr'><strong>Cic.</strong></span> <span class='ocrx_word' id='word_1_475' title='bbox 541 3719 596 3763; x_wconf 92' lang='lat' dir='ltr'><strong>et</strong></span> <span class='ocrx_word' id='word_1_476' title='bbox 625 3707 907 3762; x_wconf 88' lang='lat' dir='ltr'><strong>Lactantii.</strong></span> <span class='ocrx_word' id='word_1_477' title='bbox 944 3706 1041 3760; x_wconf 87' lang='lat' dir='ltr'><strong>Hic</strong></span> <span class='ocrx_word' id='word_1_478' title='bbox 1071 3707 1163 3760; x_wconf 92' lang='lat' dir='ltr'><strong>lib.</strong></span> <span class='ocrx_word' id='word_1_479' title='bbox 1189 3720 1268 3768; x_wconf 86' lang='grc' dir='ltr'><strong>ιιι,</strong></span> <span class='ocrx_word' id='word_1_480' title='bbox 1293 3719 1410 3772; x_wconf 87' lang='lat' dir='ltr'><strong>cap.</strong></span> <span class='ocrx_word' id='word_1_481' title='bbox 1449 3702 1513 3757; x_wconf 88' lang='grc'><strong>18</strong></span> <span class='ocrx_word' id='word_1_482' title='bbox 1549 3720 1562 3757; x_wconf 88' lang='lat'><strong>:</strong></span> <span class='ocrx_word' id='word_1_483' title='bbox 1601 3703 1739 3770; x_wconf 86' lang='lat' dir='ltr'><strong>Quid</strong></span> <span class='ocrx_word' id='word_1_484' title='bbox 1767 3703 2001 3758; x_wconf 76' lang='lat' dir='ltr'><strong>Ciceroni</strong></span> 
     </span>
    </p>
   </div>
   <div class='ocr_carea' id='block_1_66' title="bbox 399 3775 2002 3850">
    <p class='ocr_par' dir='ltr' id='par_1_66' title="bbox 399 3775 2002 3850">
     <span class='ocr_line' id='line_1_67' title="bbox 399 3775 2002 3850; baseline -0.001 -19"><span class='ocrx_word' id='word_1_485' title='bbox 399 3779 686 3850; x_wconf 76' lang='lat' dir='ltr'><strong>faciemus?</strong></span> <span class='ocrx_word' id='word_1_486' title='bbox 726 3779 856 3848; x_wconf 86' lang='lat' dir='ltr'><strong>Cap.</strong></span> <span class='ocrx_word' id='word_1_487' title='bbox 891 3777 1004 3850; x_wconf 14' lang='lat'><strong>207:</strong></span> <span class='ocrx_word' id='word_1_488' title='bbox 1040 3776 1176 3843; x_wconf 85' lang='lat' dir='ltr'><strong>Quid</strong></span> <span class='ocrx_word' id='word_1_489' title='bbox 1232 3777 1318 3850; x_wconf 80' lang='lat' dir='ltr'><strong>his</strong></span> <span class='ocrx_word' id='word_1_490' title='bbox 1339 3775 1544 3850; x_wconf 64' lang='lat' dir='ltr'><strong>facias,</strong></span> <span class='ocrx_word' id='word_1_491' title='bbox 1569 3775 1664 3850; x_wconf 70' lang='lat' dir='ltr'><strong>qui</strong></span> <span class='ocrx_word' id='word_1_492' title='bbox 1705 3775 2002 3850; x_wconf 80' lang='lat' dir='ltr'><strong>inconcessa</strong></span> 
     </span>
    </p>
   </div>
   <div class='ocr_carea' id='block_1_67' title="bbox 397 3845 2000 3919">
    <p class='ocr_par' dir='ltr' id='par_1_67' title="bbox 397 3845 2000 3919">
     <span class='ocr_line' id='line_1_68' title="bbox 397 3845 2000 3919; baseline -0.002 -15"><span class='ocrx_word' id='word_1_493' title='bbox 397 3845 621 3905; x_wconf 75' lang='lat' dir='ltr'><strong>scrutari</strong></span> <span class='ocrx_word' id='word_1_494' title='bbox 649 3845 822 3904; x_wconf 72' lang='lat' dir='ltr'><strong>volunt</strong></span> <span class='ocrx_word' id='word_1_495' title='bbox 847 3851 871 3903; x_wconf 73' lang='grc' dir='ltr'><strong>ἱ)</strong></span> <span class='ocrx_word' id='word_1_496' title='bbox 901 3849 1015 3905; x_wconf 90' lang='lat' dir='ltr'><strong>Lib.</strong></span> <span class='ocrx_word' id='word_1_497' title='bbox 1047 3863 1104 3912; x_wconf 87' lang='lat' dir='ltr'><strong>v,</strong></span> <span class='ocrx_word' id='word_1_498' title='bbox 1145 3863 1262 3919; x_wconf 88' lang='lat' dir='ltr'><strong>cap.</strong></span> <span class='ocrx_word' id='word_1_499' title='bbox 1299 3846 1365 3900; x_wconf 77' lang='grc'><strong>12</strong></span> <span class='ocrx_word' id='word_1_500' title='bbox 1395 3865 1408 3901; x_wconf 90' lang='lat'><strong>:</strong></span> <span class='ocrx_word' id='word_1_501' title='bbox 1441 3845 1578 3910; x_wconf 83' lang='lat' dir='ltr'><strong>Quid</strong></span> <span class='ocrx_word' id='word_1_502' title='bbox 1609 3847 1671 3900; x_wconf 84' lang='lat' dir='ltr'><strong>iis</strong></span> <span class='ocrx_word' id='word_1_503' title='bbox 1701 3848 1884 3918; x_wconf 67' lang='lat' dir='ltr'><strong>(ticius,</strong></span> <span class='ocrx_word' id='word_1_504' title='bbox 1914 3847 2000 3916; x_wconf 84' lang='lat' dir='ltr'><strong>qui</strong></span> 
     </span>
    </p>
   </div>
   <div class='ocr_carea' id='block_1_68' title="bbox 389 3919 1997 3992">
    <p class='ocr_par' dir='ltr' id='par_1_68' title="bbox 389 3919 1997 3992">
     <span class='ocr_line' id='line_1_69' title="bbox 389 3919 1997 3992; baseline -0.002 -17"><span class='ocrx_word' id='word_1_505' title='bbox 389 3922 484 3992; x_wconf 90' lang='lat' dir='ltr'><strong>jus</strong></span> <span class='ocrx_word' id='word_1_506' title='bbox 514 3933 693 3977; x_wconf 82' lang='lat' dir='ltr'><strong>vocant</strong></span> <span class='ocrx_word' id='word_1_507' title='bbox 738 3921 1108 3990; x_wconf 78' lang='lat' dir='ltr'><strong>carniﬁcinas?</strong></span> <span class='ocrx_word' id='word_1_508' title='bbox 1133 3920 1339 3992; x_wconf 13' lang='lat' dir='ltr'><strong>Cicero,</strong></span> <span class='ocrx_word' id='word_1_509' title='bbox 1366 3933 1466 3992; x_wconf 82' lang='lat' dir='ltr'><strong>pro</strong></span> <span class='ocrx_word' id='word_1_510' title='bbox 1495 3919 1733 3987; x_wconf 65' lang='lat' dir='ltr'><strong>Caecina,</strong></span> <span class='ocrx_word' id='word_1_511' title='bbox 1760 3933 1878 3988; x_wconf 89' lang='lat' dir='ltr'><strong>cap.</strong></span> <span class='ocrx_word' id='word_1_512' title='bbox 1909 3919 1997 3987; x_wconf 86' lang='grc'><strong>11,</strong></span> 
     </span>
    </p>
   </div>
   <div class='ocr_carea' id='block_1_69' title="bbox 400 3991 1644 4065">
    <p class='ocr_par' dir='ltr' id='par_1_69' title="bbox 400 3991 1644 4065">
     <span class='ocr_line' id='line_1_70' title="bbox 400 3991 1644 4065; baseline -0.002 -19"><span class='ocrx_word' id='word_1_513' title='bbox 400 4010 482 4065; x_wconf 87' lang='lat' dir='ltr'><strong>pr.</strong></span> <span class='ocrx_word' id='word_1_514' title='bbox 527 3994 665 4062; x_wconf 85' lang='lat' dir='ltr'><strong>Quid</strong></span> <span class='ocrx_word' id='word_1_515' title='bbox 693 3994 811 4047; x_wconf 84' lang='lat' dir='ltr'><strong>huic</strong></span> <span class='ocrx_word' id='word_1_516' title='bbox 843 4003 896 4047; x_wconf 90' lang='lat' dir='ltr'><strong>tu</strong></span> <span class='ocrx_word' id='word_1_517' title='bbox 925 3992 1120 4046; x_wconf 87' lang='lat' dir='ltr'><strong>homini</strong></span> <span class='ocrx_word' id='word_1_518' title='bbox 1145 3991 1345 4062; x_wconf 76' lang='lat' dir='ltr'><strong>facias?</strong></span> <span class='ocrx_word' id='word_1_519' title='bbox 1364 3991 1644 4044; x_wconf 71' lang='lat' dir='ltr'><strong>Bunsuau.</strong></span> 
     </span>
    </p>
   </div>
   <div class='ocr_carea' id='block_1_70' title="bbox 479 4083 1993 4158">
    <p class='ocr_par' dir='ltr' id='par_1_70' title="bbox 479 4083 1993 4158">
     <span class='ocr_line' id='line_1_71' title="bbox 479 4083 1993 4158; baseline -0.005 -15"><span class='ocrx_word' id='word_1_520' title='bbox 479 4088 627 4143; x_wconf 89' lang='lat' dir='ltr'><strong>Ultro</strong></span> <span class='ocrx_word' id='word_1_521' title='bbox 653 4104 706 4142; x_wconf 87' lang='lat' dir='ltr'><strong>se</strong></span> <span class='ocrx_word' id='word_1_522' title='bbox 744 4088 854 4158; x_wconf 83' lang='lat' dir='ltr'><strong>ipse</strong></span> <span class='ocrx_word' id='word_1_523' title='bbox 876 4087 926 4140; x_wconf 90' lang='lat' dir='ltr'><strong>in</strong></span> <span class='ocrx_word' id='word_1_524' title='bbox 959 4085 1170 4158; x_wconf 79' lang='lat' dir='ltr'><strong>lapides</strong></span> <span class='ocrx_word' id='word_1_525' title='bbox 1215 4085 1485 4156; x_wconf 85' lang='lat' dir='ltr'><strong>impingat.</strong></span> <span class='ocrx_word' id='word_1_526' title='bbox 1517 4084 1683 4138; x_wconf 80' lang='lat' dir='ltr'><strong>Recte</strong></span> <span class='ocrx_word' id='word_1_527' title='bbox 1710 4083 1818 4158; x_wconf 83' lang='lat' dir='ltr'><strong>duo</strong></span> <span class='ocrx_word' id='word_1_528' title='bbox 1846 4083 1993 4158; x_wconf 90' lang='lat' dir='ltr'><strong>Lips.</strong></span> 
     </span>
    </p>
   </div>
   <div class='ocr_carea' id='block_1_71' title="bbox 401 4155 2000 4230">
    <p class='ocr_par' dir='ltr' id='par_1_71' title="bbox 401 4155 2000 4230">
     <span class='ocr_line' id='line_1_72' title="bbox 401 4155 2000 4230; baseline -0.003 -15"><span class='ocrx_word' id='word_1_529' title='bbox 401 4159 534 4215; x_wconf 86' lang='lat' dir='ltr'><strong>illud</strong></span> <span class='ocrx_word' id='word_1_530' title='bbox 557 4175 630 4223; x_wconf 87' lang='lat' dir='ltr'><strong>se,</strong></span> <span class='ocrx_word' id='word_1_531' title='bbox 661 4155 822 4230; x_wconf 84' lang='lat' dir='ltr'><strong>vulgo</strong></span> <span class='ocrx_word' id='word_1_532' title='bbox 850 4157 1179 4230; x_wconf 89' lang='lat' dir='ltr'><strong>neglectum,</strong></span> <span class='ocrx_word' id='word_1_533' title='bbox 1208 4155 1580 4230; x_wconf 77' lang='lat' dir='ltr'><strong>interponunt,</strong></span> <span class='ocrx_word' id='word_1_534' title='bbox 1613 4155 1755 4225; x_wconf 88' lang='lat' dir='ltr'><strong>quod</strong></span> <span class='ocrx_word' id='word_1_535' title='bbox 1786 4157 2000 4211; x_wconf 87' lang='lat' dir='ltr'><strong>indoles</strong></span> 
     </span>
    </p>
   </div>
   <div class='ocr_carea' id='block_1_72' title="bbox 400 4229 1492 4302">
    <p class='ocr_par' dir='ltr' id='par_1_72' title="bbox 400 4229 1492 4302">
     <span class='ocr_line' id='line_1_73' title="bbox 400 4229 1492 4302; baseline -0.005 -16"><span class='ocrx_word' id='word_1_536' title='bbox 400 4230 552 4286; x_wconf 80' lang='lat' dir='ltr'><strong>verbi</strong></span> <span class='ocrx_word' id='word_1_537' title='bbox 579 4229 900 4302; x_wconf 82' lang='lat' dir='ltr'><strong>impingendi</strong></span> <span class='ocrx_word' id='word_1_538' title='bbox 928 4229 1181 4302; x_wconf 88' lang='lat' dir='ltr'><strong>reposcit.</strong></span> <span class='ocrx_word' id='word_1_539' title='bbox 1214 4229 1492 4302; x_wconf 57' lang='grc' dir='ltr'><strong>Βυιιειι-ΑΝ.</strong></span> 
     </span>
    </p>
   </div>
   <div class='ocr_carea' id='block_1_73' title="bbox 480 4296 1998 4372">
    <p class='ocr_par' dir='ltr' id='par_1_73' title="bbox 480 4296 1998 4372">
     <span class='ocr_line' id='line_1_74' title="bbox 480 4296 1998 4372; baseline -0.003 -16"><span class='ocrx_word' id='word_1_540' title='bbox 480 4296 671 4356; x_wconf 79' lang='lat' dir='ltr'><strong>Oculos</strong></span> <span class='ocrx_word' id='word_1_541' title='bbox 698 4296 859 4356; x_wconf 55' lang='lat' dir='ltr'><strong>er&#39;uat.</strong></span> <span class='ocrx_word' id='word_1_542' title='bbox 893 4303 967 4357; x_wconf 86' lang='lat' dir='ltr'><strong>De</strong></span> <span class='ocrx_word' id='word_1_543' title='bbox 988 4296 1130 4372; x_wconf 77' lang='lat' dir='ltr'><strong>Opif.</strong></span> <span class='ocrx_word' id='word_1_544' title='bbox 1157 4315 1275 4369; x_wconf 88' lang='lat' dir='ltr'><strong>cap.</strong></span> <span class='ocrx_word' id='word_1_545' title='bbox 1301 4303 1334 4354; x_wconf 83' lang='lat'>8</span> <span class='ocrx_word' id='word_1_546' title='bbox 1364 4297 1543 4372; x_wconf 83' lang='lat' dir='ltr'><strong>Erutis</strong></span> <span class='ocrx_word' id='word_1_547' title='bbox 1563 4307 1624 4372; x_wconf 81' lang='lat' dir='ltr'><strong>et</strong></span> <span class='ocrx_word' id='word_1_548' title='bbox 1650 4296 1848 4372; x_wconf 69' lang='lat' dir='ltr'><strong>effossis</strong></span> <span class='ocrx_word' id='word_1_549' title='bbox 1873 4314 1998 4354; x_wconf 88' lang='lat' dir='ltr'><strong>ocu-</strong></span> 
     </span>
    </p>
   </div>
   <div class='ocr_carea' id='block_1_74' title="bbox 403 4367 2003 4438">
    <p class='ocr_par' dir='ltr' id='par_1_74' title="bbox 403 4367 2003 4438">
     <span class='ocr_line' id='line_1_75' title="bbox 403 4367 2003 4438; baseline -0.004 -9"><span class='ocrx_word' id='word_1_550' title='bbox 403 4374 487 4429; x_wconf 87' lang='lat' dir='ltr'><strong>lis.</strong></span> <span class='ocrx_word' id='word_1_551' title='bbox 542 4373 771 4430; x_wconf 83' lang='lat' dir='ltr'><strong>Probata</strong></span> <span class='ocrx_word' id='word_1_552' title='bbox 802 4367 1262 4429; x_wconf 52' lang='lat' dir='ltr'><strong>locutiofScneé.</strong></span> <span class='ocrx_word' id='word_1_553' title='bbox 1297 4385 1416 4438; x_wconf 87' lang='lat' dir='ltr'><strong>cap.</strong></span> <span class='ocrx_word' id='word_1_554' title='bbox 1458 4371 1508 4423; x_wconf 89' lang='lat'><strong>7.</strong></span> <span class='ocrx_word' id='word_1_555' title='bbox 1551 4371 1708 4427; x_wconf 89' lang='lat' dir='ltr'><strong>Suas.</strong></span> <span class='ocrx_word' id='word_1_556' title='bbox 1747 4367 2003 4424; x_wconf 83' lang='lat' dir='ltr'><strong>Eruentur</strong></span> 
     </span>
    </p>
   </div>
   <div class='ocr_carea' id='block_1_75' title="bbox 403 4440 1998 4502">
    <p class='ocr_par' dir='ltr' id='par_1_75' title="bbox 403 4440 1998 4502">
     <span class='ocr_line' id='line_1_76' title="bbox 403 4440 1998 4502; baseline -0.003 -3"><span class='ocrx_word' id='word_1_557' title='bbox 403 4446 542 4499; x_wconf 90' lang='lat' dir='ltr'><strong>oculi</strong></span> <span class='ocrx_word' id='word_1_558' title='bbox 574 4447 668 4500; x_wconf 87' lang='lat' dir='ltr'><strong>tui.</strong></span> <span class='ocrx_word' id='word_1_559' title='bbox 704 4445 870 4500; x_wconf 89' lang='lat' dir='ltr'><strong>Filius</strong></span> <span class='ocrx_word' id='word_1_560' title='bbox 915 4446 1045 4502; x_wconf 89' lang='lat' dir='ltr'><strong>Sen.</strong></span> <span class='ocrx_word' id='word_1_561' title='bbox 1077 4444 1147 4500; x_wconf 88' lang='lat' dir='ltr'><strong>de</strong></span> <span class='ocrx_word' id='word_1_562' title='bbox 1187 4442 1405 4497; x_wconf 88' lang='lat' dir='ltr'><strong>Provid.</strong></span> <span class='ocrx_word' id='word_1_563' title='bbox 1459 4442 1512 4498; x_wconf 86' lang='lat'><strong>5.</strong></span> <span class='ocrx_word' id='word_1_564' title='bbox 1568 4440 1767 4498; x_wconf 85' lang='lat' dir='ltr'><strong>Justin.</strong></span> <span class='ocrx_word' id='word_1_565' title='bbox 1818 4443 1911 4496; x_wconf 91' lang='lat' dir='ltr'><strong>lib.</strong></span> <span class='ocrx_word' id='word_1_566' title='bbox 1947 4457 1998 4495; x_wconf 90' lang='lat' dir='ltr'><strong>v.</strong></span> 
     </span>
    </p>
   </div>
   <div class='ocr_carea' id='block_1_76' title="bbox 401 4517 916 4588">
    <p class='ocr_par' dir='ltr' id='par_1_76' title="bbox 401 4517 916 4588">
     <span class='ocr_line' id='line_1_77' title="bbox 401 4517 916 4588; baseline 0 -17"><span class='ocrx_word' id='word_1_567' title='bbox 401 4531 521 4588; x_wconf 87' lang='lat' dir='ltr'><strong>cap.</strong></span> <span class='ocrx_word' id='word_1_568' title='bbox 555 4517 606 4573; x_wconf 91' lang='lat'><strong>8.</strong></span> <span class='ocrx_word' id='word_1_569' title='bbox 638 4518 916 4574; x_wconf 70' lang='lat' dir='ltr'><strong>Buneuan.</strong></span> 
     </span>
    </p>
   </div>
   <div class='ocr_carea' id='block_1_77' title="bbox 476 4605 2000 4681">
    <p class='ocr_par' dir='ltr' id='par_1_77' title="bbox 476 4605 2000 4681">
     <span class='ocr_line' id='line_1_78' title="bbox 476 4605 2000 4681; baseline -0.005 -16"><span class='ocrx_word' id='word_1_570' title='bbox 476 4611 715 4666; x_wconf 83' lang='lat' dir='ltr'><strong>Prudens</strong></span> <span class='ocrx_word' id='word_1_571' title='bbox 745 4620 790 4666; x_wconf 91' lang='lat' dir='ltr'><strong>et</strong></span> <span class='ocrx_word' id='word_1_572' title='bbox 819 4611 986 4666; x_wconf 90' lang='lat' dir='ltr'><strong>sciens</strong></span> <span class='ocrx_word' id='word_1_573' title='bbox 1018 4608 1410 4681; x_wconf 75' lang='lat' dir='ltr'><strong>pedemlaqueo</strong></span> <span class='ocrx_word' id='word_1_574' title='bbox 1433 4606 1630 4681; x_wconf 87' lang='lat' dir='ltr'><strong>inserit.</strong></span> <span class='ocrx_word' id='word_1_575' title='bbox 1650 4605 1804 4681; x_wconf 63' lang='lat' dir='ltr'><strong>Ven.</strong></span> <span class='ocrx_word' id='word_1_576' title='bbox 1839 4605 2000 4661; x_wconf 79' lang='grc'><strong>1497.</strong></span> 
     </span>
    </p>
   </div>
   <div class='ocr_carea' id='block_1_78' title="bbox 405 4677 2000 4754">
    <p class='ocr_par' dir='ltr' id='par_1_78' title="bbox 405 4677 2000 4754">
     <span class='ocr_line' id='line_1_79' title="bbox 405 4677 2000 4754; baseline -0.004 -18"><span class='ocrx_word' id='word_1_577' title='bbox 405 4683 620 4750; x_wconf 84' lang='lat' dir='ltr'><strong>vitiose,</strong></span> <span class='ocrx_word' id='word_1_578' title='bbox 653 4684 880 4754; x_wconf 78' lang='lat' dir='ltr'><strong>prudens</strong></span> <span class='ocrx_word' id='word_1_579' title='bbox 907 4692 955 4736; x_wconf 91' lang='lat' dir='ltr'><strong>et</strong></span> <span class='ocrx_word' id='word_1_580' title='bbox 981 4677 1163 4754; x_wconf 80' lang='lat' dir='ltr'><strong>sciens.</strong></span> <span class='ocrx_word' id='word_1_581' title='bbox 1201 4679 1322 4754; x_wconf 81' lang='lat' dir='ltr'><strong>Pari</strong></span> <span class='ocrx_word' id='word_1_582' title='bbox 1353 4680 1619 4754; x_wconf 87' lang='lat' dir='ltr'><strong>elegantia</strong></span> <span class='ocrx_word' id='word_1_583' title='bbox 1650 4677 1846 4754; x_wconf 29' lang='lat' dir='ltr'><strong>libav‘t,</strong></span> <span class='ocrx_word' id='word_1_584' title='bbox 1880 4692 2000 4754; x_wconf 70' lang='lat' dir='ltr'><strong>cap.</strong></span> 
     </span>
    </p>
   </div>
   <div class='ocr_carea' id='block_1_79' title="bbox 410 4748 2001 4819">
    <p class='ocr_par' dir='ltr' id='par_1_79' title="bbox 410 4748 2001 4819">
     <span class='ocr_line' id='line_1_80' title="bbox 410 4748 2001 4819; baseline -0.004 -11"><span class='ocrx_word' id='word_1_585' title='bbox 410 4755 478 4808; x_wconf 67' lang='grc' dir='ltr'><strong>Η.</strong></span> <span class='ocrx_word' id='word_1_586' title='bbox 510 4774 522 4808; x_wconf 93' lang='lat'><strong>:</strong></span> <span class='ocrx_word' id='word_1_587' title='bbox 561 4748 796 4808; x_wconf 79' lang='lat' dir='ltr'><strong>Prudens</strong></span> <span class='ocrx_word' id='word_1_588' title='bbox 821 4771 882 4808; x_wconf 87' lang='lat' dir='ltr'><strong>ac</strong></span> <span class='ocrx_word' id='word_1_589' title='bbox 911 4753 1076 4807; x_wconf 88' lang='lat' dir='ltr'><strong>sciens</strong></span> <span class='ocrx_word' id='word_1_590' title='bbox 1122 4753 1175 4804; x_wconf 90' lang='lat' dir='ltr'><strong>in</strong></span> <span class='ocrx_word' id='word_1_591' title='bbox 1212 4752 1306 4804; x_wconf 88' lang='lat' dir='ltr'><strong>hos</strong></span> <span class='ocrx_word' id='word_1_592' title='bbox 1331 4766 1383 4804; x_wconf 88' lang='lat' dir='ltr'><strong>se</strong></span> <span class='ocrx_word' id='word_1_593' title='bbox 1426 4748 1636 4819; x_wconf 81' lang='lat' dir='ltr'><strong>laqueos</strong></span> <span class='ocrx_word' id='word_1_594' title='bbox 1666 4748 1853 4802; x_wconf 85' lang='lat' dir='ltr'><strong>induit.</strong></span> <span class='ocrx_word' id='word_1_595' title='bbox 1885 4748 2001 4802; x_wconf 90' lang='lat' dir='ltr'><strong>Cic.</strong></span> 
     </span>
    </p>
   </div>
   <div class='ocr_carea' id='block_1_80' title="bbox 405 4819 2006 4897">
    <p class='ocr_par' dir='ltr' id='par_1_80' title="bbox 405 4819 2006 4897">
     <span class='ocr_line' id='line_1_81' title="bbox 405 4819 2006 4897; baseline -0.005 -17"><span class='ocrx_word' id='word_1_596' title='bbox 405 4841 505 4897; x_wconf 92' lang='lat' dir='ltr'><strong>pro</strong></span> <span class='ocrx_word' id='word_1_597' title='bbox 536 4826 792 4881; x_wconf 87' lang='lat' dir='ltr'><strong>Marcello</strong></span> <span class='ocrx_word' id='word_1_598' title='bbox 819 4825 854 4880; x_wconf 82' lang='lat'><strong>5</strong></span> <span class='ocrx_word' id='word_1_599' title='bbox 879 4842 892 4897; x_wconf 64' lang='grc' dir='ltr'>ξ</span> <span class='ocrx_word' id='word_1_600' title='bbox 926 4823 994 4879; x_wconf 88' lang='lat' dir='ltr'><strong>Ut</strong></span> <span class='ocrx_word' id='word_1_601' title='bbox 1030 4823 1255 4897; x_wconf 74' lang='lat' dir='ltr'><strong>prudens</strong></span> <span class='ocrx_word' id='word_1_602' title='bbox 1284 4831 1331 4876; x_wconf 87' lang='lat' dir='ltr'><strong>et</strong></span> <span class='ocrx_word' id='word_1_603' title='bbox 1361 4823 1524 4897; x_wconf 83' lang='lat' dir='ltr'><strong>sciens</strong></span> <span class='ocrx_word' id='word_1_604' title='bbox 1542 4831 1802 4897; x_wconf 75' lang='lat' dir='ltr'><strong>tamquam</strong></span> <span class='ocrx_word' id='word_1_605' title='bbox 1829 4819 1898 4872; x_wconf 91' lang='lat' dir='ltr'><strong>ad</strong></span> <span class='ocrx_word' id='word_1_606' title='bbox 1925 4820 2006 4873; x_wconf 89' lang='lat' dir='ltr'><strong>in-</strong></span> 
     </span>
    </p>
   </div>
   <div class='ocr_carea' id='block_1_81' title="bbox 406 4892 1938 4960">
    <p class='ocr_par' dir='ltr' id='par_1_81' title="bbox 406 4892 1938 4960">
     <span class='ocr_line' id='line_1_82' title="bbox 406 4892 1938 4960; baseline -0.005 -9"><span class='ocrx_word' id='word_1_607' title='bbox 406 4892 610 4952; x_wconf 74' lang='lat' dir='ltr'><strong>teritum</strong></span> <span class='ocrx_word' id='word_1_608' title='bbox 639 4896 1001 4952; x_wconf 80' lang='lat' dir='ltr'><strong>voluntarium.</strong></span> <span class='ocrx_word' id='word_1_609' title='bbox 1031 4892 1138 4950; x_wconf 47' lang='lat' dir='ltr'><strong>&#39;Uhi</strong></span> <span class='ocrx_word' id='word_1_610' title='bbox 1172 4892 1441 4947; x_wconf 89' lang='lat' dir='ltr'><strong>Abramus</strong></span> <span class='ocrx_word' id='word_1_611' title='bbox 1469 4893 1639 4960; x_wconf 88' lang='lat' dir='ltr'><strong>plura.</strong></span> <span class='ocrx_word' id='word_1_612' title='bbox 1660 4892 1938 4947; x_wconf 61' lang='lat' dir='ltr'><strong>Bessum.</strong></span> 
     </span>
    </p>
   </div>
   <div class='ocr_carea' id='block_1_82' title="bbox 489 4963 2001 5024">
    <p class='ocr_par' dir='ltr' id='par_1_82' title="bbox 489 4963 2001 5024">
     <span class='ocr_line' id='line_1_83' title="bbox 489 4963 2001 5024; baseline -0.003 -3"><span class='ocrx_word' id='word_1_613' title='bbox 489 4968 631 5024; x_wconf 84' lang='lat' dir='ltr'><strong>Vires</strong></span> <span class='ocrx_word' id='word_1_614' title='bbox 659 4983 916 5023; x_wconf 69' lang='lat' dir='ltr'><strong>exerceas.</strong></span> <span class='ocrx_word' id='word_1_615' title='bbox 953 4966 1114 5021; x_wconf 89' lang='lat' dir='ltr'><strong>Goth.</strong></span> <span class='ocrx_word' id='word_1_616' title='bbox 1146 4964 1382 5019; x_wconf 83' lang='lat' dir='ltr'><strong>Reimm.</strong></span> <span class='ocrx_word' id='word_1_617' title='bbox 1423 4977 1546 5018; x_wconf 93' lang='lat' dir='ltr'><strong>cum</strong></span> <span class='ocrx_word' id='word_1_618' title='bbox 1578 4963 1796 5018; x_wconf 84' lang='lat' dir='ltr'><strong>Snblac.</strong></span> <span class='ocrx_word' id='word_1_619' title='bbox 1848 4963 2001 5018; x_wconf 81' lang='lat' dir='ltr'><strong>Rost.</strong></span> 
     </span>
    </p>
   </div>
   <div class='ocr_carea' id='block_1_83' title="bbox 405 5034 2002 5106">
    <p class='ocr_par' dir='ltr' id='par_1_83' title="bbox 405 5034 2002 5106">
     <span class='ocr_line' id='line_1_84' title="bbox 405 5034 2002 5106; baseline -0.004 -12"><span class='ocrx_word' id='word_1_620' title='bbox 405 5040 544 5094; x_wconf 86' lang='lat' dir='ltr'><strong>Ven.</strong></span> <span class='ocrx_word' id='word_1_621' title='bbox 579 5040 740 5104; x_wconf 76' lang='grc'><strong>1471,</strong></span> <span class='ocrx_word' id='word_1_622' title='bbox 769 5038 857 5101; x_wconf 73' lang='grc'><strong>72,</strong></span> <span class='ocrx_word' id='word_1_623' title='bbox 891 5047 1116 5106; x_wconf 86' lang='lat' dir='ltr'><strong>utraque</strong></span> <span class='ocrx_word' id='word_1_624' title='bbox 1143 5035 1230 5096; x_wconf 83' lang='grc'><strong>78,</strong></span> <span class='ocrx_word' id='word_1_625' title='bbox 1249 5044 1304 5089; x_wconf 90' lang='lat' dir='ltr'><strong>et</strong></span> <span class='ocrx_word' id='word_1_626' title='bbox 1335 5035 1580 5105; x_wconf 84' lang='lat' dir='ltr'><strong>reliquis,</strong></span> <span class='ocrx_word' id='word_1_627' title='bbox 1605 5051 1800 5101; x_wconf 73' lang='lat' dir='ltr'><strong>exeras,</strong></span> <span class='ocrx_word' id='word_1_628' title='bbox 1823 5034 1875 5088; x_wconf 91' lang='lat' dir='ltr'><strong>id</strong></span> <span class='ocrx_word' id='word_1_629' title='bbox 1899 5044 2002 5104; x_wconf 87' lang='lat' dir='ltr'><strong>est,</strong></span> 
     </span>
    </p>
   </div>
   <div class='ocr_carea' id='block_1_84' title="bbox 407 5106 2004 5177">
    <p class='ocr_par' dir='ltr' id='par_1_84' title="bbox 407 5106 2004 5177">
     <span class='ocr_line' id='line_1_85' title="bbox 407 5106 2004 5177; baseline -0.004 -11"><span class='ocrx_word' id='word_1_630' title='bbox 407 5129 633 5176; x_wconf 77' lang='lat' dir='ltr'><strong>exseras,</strong></span> <span class='ocrx_word' id='word_1_631' title='bbox 667 5119 727 5165; x_wconf 89' lang='lat' dir='ltr'><strong>ut</strong></span> <span class='ocrx_word' id='word_1_632' title='bbox 774 5110 978 5164; x_wconf 88' lang='lat' dir='ltr'><strong>Arnob.</strong></span> <span class='ocrx_word' id='word_1_633' title='bbox 1015 5108 1109 5162; x_wconf 89' lang='lat' dir='ltr'><strong>lib.</strong></span> <span class='ocrx_word' id='word_1_634' title='bbox 1160 5123 1199 5168; x_wconf 91' lang='grc' dir='ltr'><strong>ι,</strong></span> <span class='ocrx_word' id='word_1_635' title='bbox 1239 5122 1357 5177; x_wconf 83' lang='lat' dir='ltr'><strong>pag.</strong></span> <span class='ocrx_word' id='word_1_636' title='bbox 1386 5107 1446 5160; x_wconf 89' lang='grc'><strong>11</strong></span> <span class='ocrx_word' id='word_1_637' title='bbox 1482 5125 1494 5160; x_wconf 89' lang='lat'>:</span> <span class='ocrx_word' id='word_1_638' title='bbox 1527 5106 1806 5160; x_wconf 85' lang='lat' dir='ltr'><strong>fntestinas</strong></span> <span class='ocrx_word' id='word_1_639' title='bbox 1857 5123 2004 5160; x_wconf 75' lang='lat' dir='ltr'><strong>exse-</strong></span> 
     </span>
    </p>
   </div>
   <div class='ocr_carea' id='block_1_85' title="bbox 407 5178 1999 5251">
    <p class='ocr_par' dir='ltr' id='par_1_85' title="bbox 407 5178 1999 5251">
     <span class='ocr_line' id='line_1_86' title="bbox 407 5178 1999 5251; baseline -0.004 -13"><span class='ocrx_word' id='word_1_640' title='bbox 407 5193 526 5238; x_wconf 83' lang='lat' dir='ltr'><strong>rant</strong></span> <span class='ocrx_word' id='word_1_641' title='bbox 576 5183 1006 5251; x_wconf 77' lang='lat' dir='ltr'><strong>experiamurque</strong></span> <span class='ocrx_word' id='word_1_642' title='bbox 1056 5179 1284 5251; x_wconf 78' lang='lat' dir='ltr'><strong>virtutes.</strong></span> <span class='ocrx_word' id='word_1_643' title='bbox 1318 5178 1430 5251; x_wconf 29' lang='lat' dir='ltr'><strong>AAt</strong></span> <span class='ocrx_word' id='word_1_644' title='bbox 1462 5187 1700 5251; x_wconf 57' lang='lat' dir='ltr'><strong>praestat,</strong></span> <span class='ocrx_word' id='word_1_645' title='bbox 1745 5193 1999 5251; x_wconf 74' lang='lat' dir='ltr'><strong>exerceas,</strong></span> 
     </span>
    </p>
   </div>
   <div class='ocr_carea' id='block_1_86' title="bbox 408 5247 2007 5324">
    <p class='ocr_par' dir='ltr' id='par_1_86' title="bbox 408 5247 2007 5324">
     <span class='ocr_line' id='line_1_87' title="bbox 408 5247 2007 5324; baseline -0.002 -17"><span class='ocrx_word' id='word_1_646' title='bbox 408 5253 554 5324; x_wconf 89' lang='lat' dir='ltr'><strong>quod</strong></span> <span class='ocrx_word' id='word_1_647' title='bbox 605 5247 817 5324; x_wconf 81' lang='lat' dir='ltr'><strong>quoque</strong></span> <span class='ocrx_word' id='word_1_648' title='bbox 853 5247 1140 5324; x_wconf 59' lang='lat' dir='ltr'><strong>expressit</strong></span> <span class='ocrx_word' id='word_1_649' title='bbox 1171 5249 1260 5324; x_wconf 90' lang='lat' dir='ltr'><strong>ed_.</strong></span> <span class='ocrx_word' id='word_1_650' title='bbox 1317 5247 1486 5324; x_wconf 74' lang='lat' dir='ltr'><strong>Paris.</strong></span> <span class='ocrx_word' id='word_1_651' title='bbox 1539 5250 1700 5305; x_wconf 78' lang='grc'><strong>1515.</strong></span> <span class='ocrx_word' id='word_1_652' title='bbox 1745 5247 1831 5324; x_wconf 90' lang='lat' dir='ltr'><strong>_lta</strong></span> <span class='ocrx_word' id='word_1_653' title='bbox 1863 5251 2007 5304; x_wconf 91' lang='lat' dir='ltr'><strong>solet</strong></span> 
     </span>
    </p>
   </div>
   <div class='ocr_carea' id='block_1_87' title="bbox 410 5320 2005 5394">
    <p class='ocr_par' dir='ltr' id='par_1_87' title="bbox 410 5320 2005 5394">
     <span class='ocr_line' id='line_1_88' title="bbox 410 5320 2005 5394; baseline -0.004 -13"><span class='ocrx_word' id='word_1_654' title='bbox 410 5320 597 5381; x_wconf 74' lang='lat' dir='ltr'><strong>noster</strong></span> <span class='ocrx_word' id='word_1_655' title='bbox 622 5320 744 5379; x_wconf 33' lang='lat' dir='ltr'><strong>’lib.‘</strong></span> <span class='ocrx_word' id='word_1_656' title='bbox 773 5338 854 5391; x_wconf 86' lang='grc' dir='ltr'><strong>ιιι,</strong></span> <span class='ocrx_word' id='word_1_657' title='bbox 897 5320 1018 5394; x_wconf 89' lang='lat' dir='ltr'><strong>cap.</strong></span> <span class='ocrx_word' id='word_1_658' title='bbox 1078 5321 1147 5377; x_wconf 90' lang='grc'><strong>16</strong></span> <span class='ocrx_word' id='word_1_659' title='bbox 1181 5320 1513 5394; x_wconf 71' lang='lat' dir='ltr'><strong>:Sapientia,</strong></span> <span class='ocrx_word' id='word_1_660' title='bbox 1563 5337 1660 5392; x_wconf 90' lang='lat' dir='ltr'><strong>quo</strong></span> <span class='ocrx_word' id='word_1_661' title='bbox 1695 5321 1812 5394; x_wconf 9' lang='lat' dir='ltr'><strong>rvim</strong></span> <span class='ocrx_word' id='word_1_662' title='bbox 1859 5338 2005 5374; x_wconf 88' lang='lat' dir='ltr'><strong>suam</strong></span> 
     </span>
    </p>
   </div>
   <div class='ocr_carea' id='block_1_88' title="bbox 409 5392 2005 5465">
    <p class='ocr_par' dir='ltr' id='par_1_88' title="bbox 409 5392 2005 5465">
     <span class='ocr_line' id='line_1_89' title="bbox 409 5392 2005 5465; baseline -0.003 -14"><span class='ocrx_word' id='word_1_663' title='bbox 409 5405 702 5459; x_wconf 83' lang='lat' dir='ltr'><strong>exerceat;</strong></span> <span class='ocrx_word' id='word_1_664' title='bbox 747 5397 838 5450; x_wconf 91' lang='lat' dir='ltr'><strong>lib.</strong></span> <span class='ocrx_word' id='word_1_665' title='bbox 870 5392 978 5464; x_wconf 73' lang='lat' dir='ltr'><strong>vn,</strong></span> <span class='ocrx_word' id='word_1_666' title='bbox 1017 5409 1136 5465; x_wconf 93' lang='lat' dir='ltr'><strong>cap.</strong></span> <span class='ocrx_word' id='word_1_667' title='bbox 1181 5394 1218 5449; x_wconf 91' lang='grc'><strong>4</strong></span> <span class='ocrx_word' id='word_1_668' title='bbox 1247 5409 1259 5446; x_wconf 88' lang='lat'><strong>:</strong></span> <span class='ocrx_word' id='word_1_669' title='bbox 1292 5392 1411 5448; x_wconf 92' lang='lat' dir='ltr'><strong>Vim</strong></span> <span class='ocrx_word' id='word_1_670' title='bbox 1448 5409 1555 5448; x_wconf 79' lang='lat' dir='ltr'><strong>suae</strong></span> <span class='ocrx_word' id='word_1_671' title='bbox 1605 5393 1818 5447; x_wconf 86' lang='lat' dir='ltr'><strong>rationis</strong></span> <span class='ocrx_word' id='word_1_672' title='bbox 1845 5408 2005 5448; x_wconf 83' lang='lat' dir='ltr'><strong>exer-</strong></span> 
     </span>
    </p>
   </div>
   <div class='ocr_carea' id='block_1_89' title="bbox 412 5468 856 5524">
    <p class='ocr_par' dir='ltr' id='par_1_89' title="bbox 412 5468 856 5524">
     <span class='ocr_line' id='line_1_90' title="bbox 412 5468 856 5524; baseline -0.005 -1"><span class='ocrx_word' id='word_1_673' title='bbox 412 5480 552 5523; x_wconf 88' lang='lat' dir='ltr'><strong>ceat.</strong></span> <span class='ocrx_word' id='word_1_674' title='bbox 578 5468 856 5524; x_wconf 61' lang='lat' dir='ltr'><strong>Buneuan.</strong></span> 
     </span>
    </p>
   </div>
   <div class='ocr_carea' id='block_1_90' title="bbox 488 5533 2007 5606">
    <p class='ocr_par' dir='ltr' id='par_1_90' title="bbox 488 5533 2007 5606">
     <span class='ocr_line' id='line_1_91' title="bbox 488 5533 2007 5606; baseline -0.003 -12"><span class='ocrx_word' id='word_1_675' title='bbox 488 5538 571 5594; x_wconf 87' lang='lat' dir='ltr'><strong>Ne</strong></span> <span class='ocrx_word' id='word_1_676' title='bbox 594 5552 641 5596; x_wconf 91' lang='lat' dir='ltr'><strong>te</strong></span> <span class='ocrx_word' id='word_1_677' title='bbox 661 5543 714 5595; x_wconf 90' lang='lat' dir='ltr'><strong>in</strong></span> <span class='ocrx_word' id='word_1_678' title='bbox 739 5553 841 5594; x_wconf 90' lang='lat' dir='ltr'><strong>tam</strong></span> <span class='ocrx_word' id='word_1_679' title='bbox 872 5539 1004 5594; x_wconf 88' lang='lat' dir='ltr'><strong>bona</strong></span> <span class='ocrx_word' id='word_1_680' title='bbox 1036 5554 1194 5593; x_wconf 86' lang='lat' dir='ltr'><strong>causa</strong></span> <span class='ocrx_word' id='word_1_681' title='bbox 1219 5536 1425 5606; x_wconf 74' lang='lat' dir='ltr'><strong>deficiat</strong></span> <span class='ocrx_word' id='word_1_682' title='bbox 1454 5536 1639 5592; x_wconf 85' lang='lat' dir='ltr'><strong>oratio.</strong></span> <span class='ocrx_word' id='word_1_683' title='bbox 1671 5535 1894 5591; x_wconf 92' lang='lat' dir='ltr'><strong>Locutio</strong></span> <span class='ocrx_word' id='word_1_684' title='bbox 1919 5533 2007 5590; x_wconf 91' lang='lat' dir='ltr'><strong>Ci-</strong></span> 
     </span>
    </p>
   </div>
   <div class='ocr_carea' id='block_1_91' title="bbox 411 5607 2006 5680">
    <p class='ocr_par' dir='ltr' id='par_1_91' title="bbox 411 5607 2006 5680">
     <span class='ocr_line' id='line_1_92' title="bbox 411 5607 2006 5680; baseline -0.005 -11"><span class='ocrx_word' id='word_1_685' title='bbox 411 5614 723 5677; x_wconf 86' lang='lat' dir='ltr'><strong>ceroniana,</strong></span> <span class='ocrx_word' id='word_1_686' title='bbox 776 5627 896 5680; x_wconf 64' lang='lat' dir='ltr'><strong>qua;</strong></span> <span class='ocrx_word' id='word_1_687' title='bbox 940 5619 1020 5666; x_wconf 87' lang='lat' dir='ltr'><strong>est</strong></span> <span class='ocrx_word' id='word_1_688' title='bbox 1077 5610 1400 5680; x_wconf 84' lang='lat' dir='ltr'><strong>Optimorum</strong></span> <span class='ocrx_word' id='word_1_689' title='bbox 1455 5623 1589 5665; x_wconf 85' lang='lat' dir='ltr'><strong>niss.</strong></span> <span class='ocrx_word' id='word_1_690' title='bbox 1630 5617 1690 5680; x_wconf 86' lang='lat' dir='ltr'><strong>et</strong></span> <span class='ocrx_word' id='word_1_691' title='bbox 1737 5607 2006 5680; x_wconf 88' lang='lat' dir='ltr'><strong>editorum</strong></span> 
     </span>
    </p>
   </div>
   <div class='ocr_carea' id='block_1_92' title="bbox 411 5679 2006 5821">
    <p class='ocr_par' dir='ltr' id='par_1_92' title="bbox 411 5679 2006 5821">
     <span class='ocr_line' id='line_1_93' title="bbox 411 5679 2006 5821; baseline -0.002 -83"><span class='ocrx_word' id='word_1_692' title='bbox 411 5684 732 5821; x_wconf 51' lang='grc' dir='ltr'><strong>Ειιιιΐοςὲιιη.</strong></span> <span class='ocrx_word' id='word_1_693' title='bbox 783 5679 983 5756; x_wconf 88' lang='lat' dir='ltr'><strong>Scripti</strong></span> <span class='ocrx_word' id='word_1_694' title='bbox 1012 5683 1066 5740; x_wconf 91' lang='lat'><strong>8.</strong></span> <span class='ocrx_word' id='word_1_695' title='bbox 1095 5679 1208 5740; x_wconf 82' lang='lat' dir='ltr'><strong>rec.</strong></span> <span class='ocrx_word' id='word_1_696' title='bbox 1255 5691 1310 5740; x_wconf 90' lang='lat' dir='ltr'><strong>et</strong></span> <span class='ocrx_word' id='word_1_697' title='bbox 1348 5681 1588 5754; x_wconf 88' lang='lat' dir='ltr'><strong>quinque</strong></span> <span class='ocrx_word' id='word_1_698' title='bbox 1626 5679 1875 5751; x_wconf 90' lang='lat' dir='ltr'><strong>impressi</strong></span> <span class='ocrx_word' id='word_1_699' title='bbox 1907 5679 2006 5735; x_wconf 86' lang='lat' dir='ltr'><strong>ha-</strong></span> 
     </span>
     <span class='ocr_line' id='line_1_94' title="bbox 452 5767 1170 5812; baseline -0.013 0"><span class='ocrx_word' id='word_1_700' title='bbox 452 5772 515 5812; x_wconf 89' lang='lat' dir='ltr'><strong>cn</strong></span> <span class='ocrx_word' id='word_1_701' title='bbox 570 5767 604 5812; x_wconf 86' lang='grc' dir='ltr'><strong>ιι</strong></span> <span class='ocrx_word' id='word_1_702' title='bbox 643 5773 677 5810; x_wconf 86' lang='grc' dir='ltr'><strong>ι.</strong></span> <span class='ocrx_word' id='word_1_703' title='bbox 1167 5770 1170 5772; x_wconf 58' lang='grc' dir='ltr'><strong><em>τ</em></strong></span> 
     </span>
    </p>
   </div>
   <div class='ocr_carea' id='block_1_93' title="bbox 452 5757 1170 5812">
    <p class='ocr_par' dir='ltr' id='par_1_93' title="bbox 452 5757 1170 5812">
     <span class='ocr_line' id='line_1_95' title="bbox 452 5757 1170 5812; baseline -0.006 0"><span class='ocrx_word' id='word_1_704' title='bbox 452 5765 544 5812; x_wconf 89' lang='lat' dir='ltr'><strong>cnt</strong></span> <span class='ocrx_word' id='word_1_705' title='bbox 570 5757 677 5812; x_wconf 84' lang='lat' dir='ltr'><strong>tibi.</strong></span> <span class='ocrx_word' id='word_1_706' title='bbox 1167 5770 1170 5772; x_wconf 51' lang='grc' dir='ltr'><strong><em>τ</em></strong></span> 
     </span>
    </p>
   </div>
   <div class='ocr_carea' id='block_1_94' title="bbox 2025 2939 3711 3003">
    <p class='ocr_par' dir='ltr' id='par_1_94' title="bbox 2025 2939 3711 3003">
     <span class='ocr_line' id='line_1_96' title="bbox 2025 2939 3711 3003; baseline 0.002 -6"><span class='ocrx_word' id='word_1_707' title='bbox 2025 2939 2071 3003; x_wconf 90' lang='lat' dir='ltr'><strong>C</strong></span> <span class='ocrx_word' id='word_1_708' title='bbox 2181 2941 2287 2998; x_wconf 86' lang='lat' dir='ltr'><strong>Sed</strong></span> <span class='ocrx_word' id='word_1_709' title='bbox 2328 2942 2570 2997; x_wconf 88' lang='lat' dir='ltr'><strong>nimirum</strong></span> <span class='ocrx_word' id='word_1_710' title='bbox 2601 2941 2836 2997; x_wconf 84' lang='lat' dir='ltr'><strong>Socratis</strong></span> <span class='ocrx_word' id='word_1_711' title='bbox 2882 2958 3140 2999; x_wconf 89' lang='lat' dir='ltr'><strong>carcerem</strong></span> <span class='ocrx_word' id='word_1_712' title='bbox 3174 2943 3337 3000; x_wconf 88' lang='lat' dir='ltr'><strong>times.</strong></span> <span class='ocrx_word' id='word_1_713' title='bbox 3374 2944 3479 3001; x_wconf 85' lang='lat' dir='ltr'><strong>Hic</strong></span> <span class='ocrx_word' id='word_1_714' title='bbox 3505 2944 3711 3002; x_wconf 79' lang='lat' dir='ltr'><strong>Cicero-</strong></span> 
     </span>
    </p>
   </div>
   <div class='ocr_carea' id='block_1_95' title="bbox 2105 3014 3710 3085">
    <p class='ocr_par' dir='ltr' id='par_1_95' title="bbox 2105 3014 3710 3085">
     <span class='ocr_line' id='line_1_97' title="bbox 2105 3014 3710 3085; baseline 0.001 -15"><span class='ocrx_word' id='word_1_715' title='bbox 2105 3030 2228 3070; x_wconf 90' lang='lat' dir='ltr'><strong>nem</strong></span> <span class='ocrx_word' id='word_1_716' title='bbox 2268 3016 2504 3085; x_wconf 81' lang='lat' dir='ltr'><strong>exagitat</strong></span> <span class='ocrx_word' id='word_1_717' title='bbox 2533 3014 2868 3080; x_wconf 91' lang='lat' dir='ltr'><strong>Lactantius,</strong></span> <span class='ocrx_word' id='word_1_718' title='bbox 2899 3014 3042 3084; x_wconf 85' lang='lat' dir='ltr'><strong>quod</strong></span> <span class='ocrx_word' id='word_1_719' title='bbox 3081 3017 3388 3083; x_wconf 84' lang='lat' dir='ltr'><strong>veritatem,</strong></span> <span class='ocrx_word' id='word_1_720' title='bbox 3422 3033 3498 3073; x_wconf 90' lang='lat' dir='ltr'><strong>nc</strong></span> <span class='ocrx_word' id='word_1_721' title='bbox 3534 3021 3710 3073; x_wconf 78' lang='lat' dir='ltr'><strong>Inertis</strong></span> 
     </span>
    </p>
   </div>
   <div class='ocr_carea' id='block_1_96' title="bbox 2103 3085 3708 3158">
    <p class='ocr_par' dir='ltr' id='par_1_96' title="bbox 2103 3085 3708 3158">
     <span class='ocr_line' id='line_1_98' title="bbox 2103 3085 3708 3158; baseline 0 -16"><span class='ocrx_word' id='word_1_722' title='bbox 2103 3086 2401 3158; x_wconf 77' lang='lat' dir='ltr'><strong>periculum</strong></span> <span class='ocrx_word' id='word_1_723' title='bbox 2449 3085 2640 3149; x_wconf 88' lang='lat' dir='ltr'><strong>adiret,</strong></span> <span class='ocrx_word' id='word_1_724' title='bbox 2691 3087 2928 3141; x_wconf 89' lang='lat' dir='ltr'><strong>noluerit</strong></span> <span class='ocrx_word' id='word_1_725' title='bbox 2973 3085 3232 3142; x_wconf 81' lang='lat' dir='ltr'><strong>Romanis</strong></span> <span class='ocrx_word' id='word_1_726' title='bbox 3260 3088 3576 3145; x_wconf 89' lang='lat' dir='ltr'><strong>declarare.</strong></span> <span class='ocrx_word' id='word_1_727' title='bbox 3603 3090 3708 3145; x_wconf 66' lang='lat' dir='ltr'><strong>Val.</strong></span> 
     </span>
    </p>
   </div>
   <div class='ocr_carea' id='block_1_97' title="bbox 2102 3157 3709 3231">
    <p class='ocr_par' dir='ltr' id='par_1_97' title="bbox 2102 3157 3709 3231">
     <span class='ocr_line' id='line_1_99' title="bbox 2102 3157 3709 3231; baseline 0.004 -20"><span class='ocrx_word' id='word_1_728' title='bbox 2102 3157 2268 3231; x_wconf 58' lang='grc' dir='ltr'><strong>Μαι,</strong></span> <span class='ocrx_word' id='word_1_729' title='bbox 2301 3157 2601 3231; x_wconf 73' lang='lat' dir='ltr'><strong>Xenophon</strong></span> <span class='ocrx_word' id='word_1_730' title='bbox 2629 3166 2684 3212; x_wconf 91' lang='lat' dir='ltr'><strong>et</strong></span> <span class='ocrx_word' id='word_1_731' title='bbox 2707 3158 2971 3231; x_wconf 79' lang='lat' dir='ltr'><strong>Diogenes</strong></span> <span class='ocrx_word' id='word_1_732' title='bbox 2993 3158 3239 3231; x_wconf 78' lang='lat' dir='ltr'><strong>Laertius</strong></span> <span class='ocrx_word' id='word_1_733' title='bbox 3259 3159 3539 3225; x_wconf 88' lang='lat' dir='ltr'><strong>referunt,</strong></span> <span class='ocrx_word' id='word_1_734' title='bbox 3565 3179 3709 3231; x_wconf 82' lang='lat' dir='ltr'><strong>quam</strong></span> 
     </span>
    </p>
   </div>
   <div class='ocr_carea' id='block_1_98' title="bbox 2103 3229 3709 3292">
    <p class='ocr_par' dir='ltr' id='par_1_98' title="bbox 2103 3229 3709 3292">
     <span class='ocr_line' id='line_1_100' title="bbox 2103 3229 3709 3292; baseline 0.003 -7"><span class='ocrx_word' id='word_1_735' title='bbox 2103 3230 2229 3285; x_wconf 84' lang='lat' dir='ltr'><strong>forti</strong></span> <span class='ocrx_word' id='word_1_736' title='bbox 2269 3231 2452 3283; x_wconf 88' lang='lat' dir='ltr'><strong>animo</strong></span> <span class='ocrx_word' id='word_1_737' title='bbox 2501 3229 2756 3284; x_wconf 88' lang='lat' dir='ltr'><strong>Socrates</strong></span> <span class='ocrx_word' id='word_1_738' title='bbox 2807 3229 2874 3283; x_wconf 89' lang='lat' dir='ltr'><strong>ab</strong></span> <span class='ocrx_word' id='word_1_739' title='bbox 2927 3229 3350 3286; x_wconf 87' lang='lat' dir='ltr'><strong>Atheniensibus</strong></span> <span class='ocrx_word' id='word_1_740' title='bbox 3403 3229 3709 3292; x_wconf 77' lang='lat' dir='ltr'><strong>damnatus.</strong></span> 
     </span>
    </p>
   </div>
   <div class='ocr_carea' id='block_1_99' title="bbox 2105 3299 3713 3372">
    <p class='ocr_par' dir='ltr' id='par_1_99' title="bbox 2105 3299 3713 3372">
     <span class='ocr_line' id='line_1_101' title="bbox 2105 3299 3713 3372; baseline 0.004 -19"><span class='ocrx_word' id='word_1_741' title='bbox 2105 3303 2378 3372; x_wconf 84' lang='lat' dir='ltr'><strong>potionem</strong></span> <span class='ocrx_word' id='word_1_742' title='bbox 2431 3301 2686 3372; x_wconf 80' lang='lat' dir='ltr'><strong>venenie</strong></span> <span class='ocrx_word' id='word_1_743' title='bbox 2717 3315 2880 3355; x_wconf 91' lang='lat' dir='ltr'><strong>manu</strong></span> <span class='ocrx_word' id='word_1_744' title='bbox 2907 3299 3178 3356; x_wconf 78' lang='lat' dir='ltr'><strong>carnificis</strong></span> <span class='ocrx_word' id='word_1_745' title='bbox 3231 3305 3540 3372; x_wconf 87' lang='lat' dir='ltr'><strong>acceperit.</strong></span> <span class='ocrx_word' id='word_1_746' title='bbox 3575 3305 3713 3360; x_wconf 77' lang='lat' dir='ltr'><strong>&quot;aut:</strong></span> 
     </span>
    </p>
   </div>
   <div class='ocr_carea' id='block_1_100' title="bbox 2103 3371 3068 3428">
    <p class='ocr_par' dir='ltr' id='par_1_100' title="bbox 2103 3371 3068 3428">
     <span class='ocr_line' id='line_1_102' title="bbox 2103 3371 3068 3428; baseline -0.004 1"><span class='ocrx_word' id='word_1_747' title='bbox 2103 3373 2386 3428; x_wconf 87' lang='lat' dir='ltr'><strong>historiam</strong></span> <span class='ocrx_word' id='word_1_748' title='bbox 2421 3371 2591 3426; x_wconf 90' lang='lat' dir='ltr'><strong>refert</strong></span> <span class='ocrx_word' id='word_1_749' title='bbox 2620 3371 2773 3427; x_wconf 90' lang='lat' dir='ltr'><strong>Plato</strong></span> <span class='ocrx_word' id='word_1_750' title='bbox 2799 3373 2851 3426; x_wconf 94' lang='lat' dir='ltr'><strong>in</strong></span> <span class='ocrx_word' id='word_1_751' title='bbox 2882 3372 3068 3427; x_wconf 79' lang='lat' dir='ltr'><strong>Plued.</strong></span> 
     </span>
    </p>
   </div>
   <div class='ocr_carea' id='block_1_101' title="bbox 2178 3465 3713 3539">
    <p class='ocr_par' dir='ltr' id='par_1_101' title="bbox 2178 3465 3713 3539">
     <span class='ocr_line' id='line_1_103' title="bbox 2178 3465 3713 3539; baseline 0.005 -19"><span class='ocrx_word' id='word_1_752' title='bbox 2178 3465 2244 3520; x_wconf 77' lang='lat' dir='ltr'><strong>Et</strong></span> <span class='ocrx_word' id='word_1_753' title='bbox 2273 3476 2382 3520; x_wconf 86' lang='lat' dir='ltr'><strong>erat</strong></span> <span class='ocrx_word' id='word_1_754' title='bbox 2421 3465 2624 3539; x_wconf 86' lang='lat' dir='ltr'><strong>quidem</strong></span> <span class='ocrx_word' id='word_1_755' title='bbox 2669 3465 2828 3539; x_wconf 80' lang='lat' dir='ltr'><strong>multo</strong></span> <span class='ocrx_word' id='word_1_756' title='bbox 2860 3467 3145 3535; x_wconf 84' lang='lat' dir='ltr'><strong>pulchrius.</strong></span> <span class='ocrx_word' id='word_1_757' title='bbox 3180 3467 3272 3523; x_wconf 89' lang='lat' dir='ltr'><strong>Sic</strong></span> <span class='ocrx_word' id='word_1_758' title='bbox 3297 3467 3596 3539; x_wconf 85' lang='lat' dir='ltr'><strong>legendum</strong></span> <span class='ocrx_word' id='word_1_759' title='bbox 3646 3484 3713 3528; x_wconf 76' lang='lat' dir='ltr'><strong>est</strong></span> 
     </span>
    </p>
   </div>
   <div class='ocr_carea' id='block_1_102' title="bbox 2104 3537 3710 3610">
    <p class='ocr_par' dir='ltr' id='par_1_102' title="bbox 2104 3537 3710 3610">
     <span class='ocr_line' id='line_1_104' title="bbox 2104 3537 3710 3610; baseline 0.004 -18"><span class='ocrx_word' id='word_1_760' title='bbox 2104 3553 2169 3592; x_wconf 83' lang='lat' dir='ltr'><strong>ex</strong></span> <span class='ocrx_word' id='word_1_761' title='bbox 2193 3538 2623 3610; x_wconf 82' lang='lat' dir='ltr'><strong>antiquocodice</strong></span> <span class='ocrx_word' id='word_1_762' title='bbox 2679 3537 2890 3610; x_wconf 77' lang='lat' dir='ltr'><strong>Borion.</strong></span> <span class='ocrx_word' id='word_1_763' title='bbox 2929 3553 3050 3594; x_wconf 91' lang='lat' dir='ltr'><strong>cum</strong></span> <span class='ocrx_word' id='word_1_764' title='bbox 3089 3555 3196 3610; x_wconf 92' lang='lat' dir='ltr'><strong>quo</strong></span> <span class='ocrx_word' id='word_1_765' title='bbox 3226 3540 3259 3594; x_wconf 84' lang='lat'><strong>6</strong></span> <span class='ocrx_word' id='word_1_766' title='bbox 3289 3537 3447 3610; x_wconf 67' lang='lat' dir='ltr'><strong>Reg,</strong></span> <span class='ocrx_word' id='word_1_767' title='bbox 3476 3545 3512 3596; x_wconf 83' lang='lat'><strong>6</strong></span> <span class='ocrx_word' id='word_1_768' title='bbox 3544 3543 3710 3608; x_wconf 84' lang='lat' dir='ltr'><strong>Colb.,</strong></span> 
     </span>
    </p>
   </div>
   <div class='ocr_carea' id='block_1_103' title="bbox 2103 3608 3709 3680">
    <p class='ocr_par' dir='ltr' id='par_1_103' title="bbox 2103 3608 3709 3680">
     <span class='ocr_line' id='line_1_105' title="bbox 2103 3608 3709 3680; baseline 0.002 -17"><span class='ocrx_word' id='word_1_769' title='bbox 2103 3610 2339 3680; x_wconf 88' lang='lat' dir='ltr'><strong>quinque</strong></span> <span class='ocrx_word' id='word_1_770' title='bbox 2395 3609 2657 3674; x_wconf 87' lang='lat' dir='ltr'><strong>Vaticani,</strong></span> <span class='ocrx_word' id='word_1_771' title='bbox 2718 3609 2753 3662; x_wconf 75' lang='lat'><strong>‘2</strong></span> <span class='ocrx_word' id='word_1_772' title='bbox 2794 3608 3030 3665; x_wconf 88' lang='lat' dir='ltr'><strong>Clarom.</strong></span> <span class='ocrx_word' id='word_1_773' title='bbox 3063 3608 3121 3666; x_wconf 80' lang='lat' dir='ltr'><strong>et</strong></span> <span class='ocrx_word' id='word_1_774' title='bbox 3157 3611 3324 3666; x_wconf 90' lang='lat' dir='ltr'><strong>Brun.</strong></span> <span class='ocrx_word' id='word_1_775' title='bbox 3356 3608 3709 3670; x_wconf 73' lang='lat' dir='ltr'><strong>concordant.</strong></span> 
     </span>
    </p>
   </div>
   <div class='ocr_carea' id='block_1_104' title="bbox 2104 3680 3712 3753">
    <p class='ocr_par' dir='ltr' id='par_1_104' title="bbox 2104 3680 3712 3753">
     <span class='ocr_line' id='line_1_106' title="bbox 2104 3680 3712 3753; baseline 0.004 -17"><span class='ocrx_word' id='word_1_776' title='bbox 2104 3681 2171 3736; x_wconf 77' lang='lat' dir='ltr'><strong>Et</strong></span> <span class='ocrx_word' id='word_1_777' title='bbox 2221 3697 2350 3736; x_wconf 89' lang='lat' dir='ltr'><strong>sane</strong></span> <span class='ocrx_word' id='word_1_778' title='bbox 2395 3682 2497 3735; x_wconf 91' lang='lat' dir='ltr'><strong>nisi</strong></span> <span class='ocrx_word' id='word_1_779' title='bbox 2527 3680 2868 3753; x_wconf 89' lang='lat' dir='ltr'><strong>copula_illa,</strong></span> <span class='ocrx_word' id='word_1_780' title='bbox 2923 3690 2996 3742; x_wconf 83' lang='lat' dir='ltr'><strong>et,</strong></span> <span class='ocrx_word' id='word_1_781' title='bbox 3045 3683 3292 3750; x_wconf 90' lang='lat' dir='ltr'><strong>addatur,</strong></span> <span class='ocrx_word' id='word_1_782' title='bbox 3343 3685 3493 3738; x_wconf 88' lang='lat' dir='ltr'><strong>nulla</strong></span> <span class='ocrx_word' id='word_1_783' title='bbox 3553 3697 3712 3753; x_wconf 79' lang='lat' dir='ltr'><strong>potest</strong></span> 
     </span>
    </p>
   </div>
   <div class='ocr_carea' id='block_1_105' title="bbox 2103 3751 3714 3812">
    <p class='ocr_par' dir='ltr' id='par_1_105' title="bbox 2103 3751 3714 3812">
     <span class='ocr_line' id='line_1_107' title="bbox 2103 3751 3714 3812; baseline 0.002 -5"><span class='ocrx_word' id='word_1_784' title='bbox 2103 3761 2357 3808; x_wconf 88' lang='lat' dir='ltr'><strong>constare</strong></span> <span class='ocrx_word' id='word_1_785' title='bbox 2401 3755 2690 3808; x_wconf 91' lang='lat' dir='ltr'><strong>sententia.</strong></span> <span class='ocrx_word' id='word_1_786' title='bbox 2724 3751 3054 3808; x_wconf 72' lang='lat' dir='ltr'><strong>Tuousws.</strong></span> <span class='ocrx_word' id='word_1_787' title='bbox 3084 3784 3154 3794; x_wconf 90' lang='lat'><strong><em>—</em></strong></span> <span class='ocrx_word' id='word_1_788' title='bbox 3187 3753 3278 3808; x_wconf 89' lang='lat' dir='ltr'><strong>Sic</strong></span> <span class='ocrx_word' id='word_1_789' title='bbox 3306 3757 3473 3810; x_wconf 88' lang='lat' dir='ltr'><strong>etiam</strong></span> <span class='ocrx_word' id='word_1_790' title='bbox 3527 3751 3714 3812; x_wconf 80' lang='lat' dir='ltr'><strong>habent</strong></span> 
     </span>
    </p>
   </div>
   <div class='ocr_carea' id='block_1_106' title="bbox 2101 3823 3714 3900">
    <p class='ocr_par' dir='ltr' id='par_1_106' title="bbox 2101 3823 3714 3900">
     <span class='ocr_line' id='line_1_108' title="bbox 2101 3823 3714 3900; baseline 0.002 -22"><span class='ocrx_word' id='word_1_791' title='bbox 2101 3823 2292 3900; x_wconf 88' lang='lat' dir='ltr'><strong>Cauc.,</strong></span> <span class='ocrx_word' id='word_1_792' title='bbox 2321 3824 2672 3900; x_wconf 22' lang='lat' dir='ltr'><strong>Lips.,APal.,</strong></span> <span class='ocrx_word' id='word_1_793' title='bbox 2703 3823 2842 3900; x_wconf 80' lang='lat' dir='ltr'><strong>Jun._</strong></span> <span class='ocrx_word' id='word_1_794' title='bbox 2863 3825 2955 3900; x_wconf 79' lang='lat' dir='ltr'><strong>Sic</strong></span> <span class='ocrx_word' id='word_1_795' title='bbox 2989 3825 3242 3900; x_wconf 86' lang='lat' dir='ltr'><strong>legit_ls.,</strong></span> <span class='ocrx_word' id='word_1_796' title='bbox 3270 3825 3565 3900; x_wconf 85' lang='lat' dir='ltr'><strong>_Thysiana</strong></span> <span class='ocrx_word' id='word_1_797' title='bbox 3602 3831 3714 3883; x_wconf 81' lang='lat' dir='ltr'><strong>cdi-</strong></span> 
     </span>
    </p>
   </div>
   <div class='ocr_carea' id='block_1_107' title="bbox 2104 3895 3714 3966">
    <p class='ocr_par' dir='ltr' id='par_1_107' title="bbox 2104 3895 3714 3966">
     <span class='ocr_line' id='line_1_109' title="bbox 2104 3895 3714 3966; baseline 0.002 -16"><span class='ocrx_word' id='word_1_798' title='bbox 2104 3899 2200 3961; x_wconf 84' lang='lat' dir='ltr'><strong>lin,</strong></span> <span class='ocrx_word' id='word_1_799' title='bbox 2233 3905 2288 3950; x_wconf 89' lang='lat' dir='ltr'><strong>et</strong></span> <span class='ocrx_word' id='word_1_800' title='bbox 2316 3896 2597 3966; x_wconf 85' lang='lat' dir='ltr'><strong>antiquiss.</strong></span> <span class='ocrx_word' id='word_1_801' title='bbox 2624 3911 2712 3950; x_wconf 93' lang='lat' dir='ltr'><strong>an.</strong></span> <span class='ocrx_word' id='word_1_802' title='bbox 2747 3895 2910 3966; x_wconf 86' lang='grc'><strong>1490,</strong></span> <span class='ocrx_word' id='word_1_803' title='bbox 2944 3905 3002 3952; x_wconf 93' lang='lat' dir='ltr'><strong>ut</strong></span> <span class='ocrx_word' id='word_1_804' title='bbox 3036 3895 3090 3953; x_wconf 84' lang='lat' dir='ltr'><strong>et</strong></span> <span class='ocrx_word' id='word_1_805' title='bbox 3129 3895 3473 3956; x_wconf 79' lang='lat' dir='ltr'><strong>Betuleiana.</strong></span> <span class='ocrx_word' id='word_1_806' title='bbox 3546 3901 3605 3954; x_wconf 90' lang='lat' dir='ltr'><strong>ln</strong></span> <span class='ocrx_word' id='word_1_807' title='bbox 3657 3902 3714 3955; x_wconf 72' lang='lat' dir='ltr'><strong>li</strong></span> 
     </span>
    </p>
   </div>
   <div class='ocr_carea' id='block_1_108' title="bbox 2103 3967 2677 4038">
    <p class='ocr_par' dir='ltr' id='par_1_108' title="bbox 2103 3967 2677 4038">
     <span class='ocr_line' id='line_1_110' title="bbox 2103 3967 2677 4038; baseline -0.002 -16"><span class='ocrx_word' id='word_1_808' title='bbox 2103 3983 2234 4022; x_wconf 94' lang='lat' dir='ltr'><strong>mss.</strong></span> <span class='ocrx_word' id='word_1_809' title='bbox 2269 3967 2422 4022; x_wconf 89' lang='lat' dir='ltr'><strong>deest</strong></span> <span class='ocrx_word' id='word_1_810' title='bbox 2451 3969 2677 4038; x_wconf 87' lang='lat' dir='ltr'><strong>quidem.</strong></span> 
     </span>
    </p>
   </div>
   <div class='ocr_carea' id='block_1_109' title="bbox 2176 4059 3714 4132">
    <p class='ocr_par' dir='ltr' id='par_1_109' title="bbox 2176 4059 3714 4132">
     <span class='ocr_line' id='line_1_111' title="bbox 2176 4059 3714 4132; baseline 0.005 -18"><span class='ocrx_word' id='word_1_811' title='bbox 2176 4059 2507 4132; x_wconf 65' lang='lat' dir='ltr'><strong>Philippicas.</strong></span> <span class='ocrx_word' id='word_1_812' title='bbox 2537 4060 2739 4116; x_wconf 89' lang='lat' dir='ltr'><strong>Novem</strong></span> <span class='ocrx_word' id='word_1_813' title='bbox 2771 4062 2823 4116; x_wconf 93' lang='lat' dir='ltr'><strong>in</strong></span> <span class='ocrx_word' id='word_1_814' title='bbox 2860 4061 2929 4117; x_wconf 88' lang='grc' dir='ltr'><strong>Μ.</strong></span> <span class='ocrx_word' id='word_1_815' title='bbox 2979 4060 3276 4118; x_wconf 92' lang='lat' dir='ltr'><strong>Antonium</strong></span> <span class='ocrx_word' id='word_1_816' title='bbox 3336 4061 3544 4122; x_wconf 91' lang='lat' dir='ltr'><strong>Cicero</strong></span> <span class='ocrx_word' id='word_1_817' title='bbox 3587 4069 3714 4121; x_wconf 83' lang='lat' dir='ltr'><strong>scri-</strong></span> 
     </span>
    </p>
   </div>
   <div class='ocr_carea' id='block_1_110' title="bbox 2103 4133 3716 4205">
    <p class='ocr_par' dir='ltr' id='par_1_110' title="bbox 2103 4133 3716 4205">
     <span class='ocr_line' id='line_1_112' title="bbox 2103 4133 3716 4205; baseline 0.005 -19"><span class='ocrx_word' id='word_1_818' title='bbox 2103 4141 2286 4205; x_wconf 91' lang='lat' dir='ltr'><strong>pserat</strong></span> <span class='ocrx_word' id='word_1_819' title='bbox 2315 4133 2628 4205; x_wconf 83' lang='lat' dir='ltr'><strong>invectivas,</strong></span> <span class='ocrx_word' id='word_1_820' title='bbox 2659 4133 2875 4203; x_wconf 90' lang='lat' dir='ltr'><strong>quibus,</strong></span> <span class='ocrx_word' id='word_1_821' title='bbox 2898 4133 2965 4188; x_wconf 89' lang='lat' dir='ltr'><strong>ad</strong></span> <span class='ocrx_word' id='word_1_822' title='bbox 2997 4135 3354 4190; x_wconf 89' lang='lat' dir='ltr'><strong>imitationem</strong></span> <span class='ocrx_word' id='word_1_823' title='bbox 3391 4137 3716 4194; x_wconf 82' lang='lat' dir='ltr'><strong>Demosthe-</strong></span> 
     </span>
    </p>
   </div>
   <div class='ocr_carea' id='block_1_111' title="bbox 2103 4203 3790 4275">
    <p class='ocr_par' dir='ltr' id='par_1_111' title="bbox 2103 4203 3790 4275">
     <span class='ocr_line' id='line_1_113' title="bbox 2103 4203 3790 4275; baseline 0.003 -16"><span class='ocrx_word' id='word_1_824' title='bbox 2103 4203 2207 4269; x_wconf 83' lang='lat' dir='ltr'><strong>nis,</strong></span> <span class='ocrx_word' id='word_1_825' title='bbox 2245 4203 2663 4275; x_wconf 87' lang='lat' dir='ltr'><strong>Philippicarum</strong></span> <span class='ocrx_word' id='word_1_826' title='bbox 2686 4205 2898 4260; x_wconf 89' lang='lat' dir='ltr'><strong>titulum</strong></span> <span class='ocrx_word' id='word_1_827' title='bbox 2927 4205 3074 4261; x_wconf 87' lang='lat' dir='ltr'><strong>fecit.</strong></span> <span class='ocrx_word' id='word_1_828' title='bbox 3109 4206 3287 4273; x_wconf 86' lang='lat' dir='ltr'><strong>Atque</strong></span> <span class='ocrx_word' id='word_1_829' title='bbox 3323 4206 3410 4261; x_wconf 72' lang='lat' dir='ltr'><strong>ha:</strong></span> <span class='ocrx_word' id='word_1_830' title='bbox 3437 4211 3716 4264; x_wconf 84' lang='lat' dir='ltr'><strong>orationes</strong></span> <span class='ocrx_word' id='word_1_831' title='bbox 3787 4209 3790 4218; x_wconf 87' lang='lat'>&#39;</span> 
     </span>
    </p>
   </div>
   <div class='ocr_carea' id='block_1_112' title="bbox 2102 4275 3714 4349">
    <p class='ocr_par' dir='ltr' id='par_1_112' title="bbox 2102 4275 3714 4349">
     <span class='ocr_line' id='line_1_114' title="bbox 2102 4275 3714 4349; baseline 0.003 -18"><span class='ocrx_word' id='word_1_832' title='bbox 2102 4278 2353 4349; x_wconf 77' lang='lat' dir='ltr'><strong>incausa</strong></span> <span class='ocrx_word' id='word_1_833' title='bbox 2385 4275 2622 4344; x_wconf 89' lang='lat' dir='ltr'><strong>fuerunt,</strong></span> <span class='ocrx_word' id='word_1_834' title='bbox 2650 4291 2747 4349; x_wconf 87' lang='lat' dir='ltr'><strong>cur</strong></span> <span class='ocrx_word' id='word_1_835' title='bbox 2787 4277 2856 4332; x_wconf 89' lang='lat' dir='ltr'><strong>ab</strong></span> <span class='ocrx_word' id='word_1_836' title='bbox 2887 4279 3134 4349; x_wconf 90' lang='lat' dir='ltr'><strong>Augusto</strong></span> <span class='ocrx_word' id='word_1_837' title='bbox 3173 4279 3451 4336; x_wconf 89' lang='lat' dir='ltr'><strong>Antonius</strong></span> <span class='ocrx_word' id='word_1_838' title='bbox 3483 4293 3714 4337; x_wconf 79' lang='lat' dir='ltr'><strong>mortem</strong></span> 
     </span>
    </p>
   </div>
   <div class='ocr_carea' id='block_1_113' title="bbox 2109 4346 2740 4403">
    <p class='ocr_par' dir='ltr' id='par_1_113' title="bbox 2109 4346 2740 4403">
     <span class='ocr_line' id='line_1_115' title="bbox 2109 4346 2740 4403; baseline 0 -1"><span class='ocrx_word' id='word_1_839' title='bbox 2109 4346 2388 4402; x_wconf 86' lang='lat' dir='ltr'><strong>Ciceronis</strong></span> <span class='ocrx_word' id='word_1_840' title='bbox 2410 4347 2740 4403; x_wconf 87' lang='lat' dir='ltr'><strong>exoraverit.</strong></span> 
     </span>
    </p>
   </div>
   <div class='ocr_carea' id='block_1_114' title="bbox 2028 4427 3712 4511">
    <p class='ocr_par' dir='ltr' id='par_1_114' title="bbox 2028 4427 3712 4511">
     <span class='ocr_line' id='line_1_116' title="bbox 2028 4427 3712 4511; baseline 0.003 -15"><span class='ocrx_word' id='word_1_841' title='bbox 2028 4427 2083 4488; x_wconf 83' lang='grc' dir='ltr'><strong>Ῑ)</strong></span> <span class='ocrx_word' id='word_1_842' title='bbox 2181 4441 2467 4496; x_wconf 77' lang='grc' dir='ltr'><strong>Βευοεαιω.</strong></span> <span class='ocrx_word' id='word_1_843' title='bbox 2502 4441 2591 4498; x_wconf 90' lang='lat' dir='ltr'><strong>Sic</strong></span> <span class='ocrx_word' id='word_1_844' title='bbox 2614 4441 2836 4498; x_wconf 91' lang='lat' dir='ltr'><strong>omnino</strong></span> <span class='ocrx_word' id='word_1_845' title='bbox 2865 4452 3012 4499; x_wconf 90' lang='lat' dir='ltr'><strong>recte</strong></span> <span class='ocrx_word' id='word_1_846' title='bbox 3045 4458 3187 4499; x_wconf 89' lang='lat' dir='ltr'><strong>mss.</strong></span> <span class='ocrx_word' id='word_1_847' title='bbox 3219 4453 3276 4500; x_wconf 93' lang='lat' dir='ltr'><strong>et</strong></span> <span class='ocrx_word' id='word_1_848' title='bbox 3305 4442 3712 4511; x_wconf 84' lang='lat' dir='ltr'><strong>Parrh.,&#39;Ald.,</strong></span> 
     </span>
    </p>
   </div>
   <div class='ocr_carea' id='block_1_115' title="bbox 2111 4513 3712 4586">
    <p class='ocr_par' dir='ltr' id='par_1_115' title="bbox 2111 4513 3712 4586">
     <span class='ocr_line' id='line_1_117' title="bbox 2111 4513 3712 4586; baseline 0.002 -20"><span class='ocrx_word' id='word_1_849' title='bbox 2111 4513 2256 4586; x_wconf 69' lang='lat' dir='ltr'><strong>Crat.</strong></span> <span class='ocrx_word' id='word_1_850' title='bbox 2279 4556 2294 4579; x_wconf 97' lang='lat'><strong>,</strong></span> <span class='ocrx_word' id='word_1_851' title='bbox 2339 4514 2562 4586; x_wconf 85' lang='lat' dir='ltr'><strong>Gymn.,</strong></span> <span class='ocrx_word' id='word_1_852' title='bbox 2593 4514 2826 4586; x_wconf 87' lang='lat' dir='ltr'><strong>Gryph.,</strong></span> <span class='ocrx_word' id='word_1_853' title='bbox 2859 4514 3061 4581; x_wconf 88' lang='lat' dir='ltr'><strong>Betul.,</strong></span> <span class='ocrx_word' id='word_1_854' title='bbox 3105 4515 3298 4584; x_wconf 63' lang='lat' dir='ltr'><strong>prima;</strong></span> <span class='ocrx_word' id='word_1_855' title='bbox 3331 4516 3712 4581; x_wconf 66' lang='lat' dir='ltr'><strong>Tornesiante,</strong></span> 
     </span>
    </p>
   </div>
   <div class='ocr_carea' id='block_1_116' title="bbox 2109 4584 3712 4657">
    <p class='ocr_par' dir='ltr' id='par_1_116' title="bbox 2109 4584 3712 4657">
     <span class='ocr_line' id='line_1_118' title="bbox 2109 4584 3712 4657; baseline -0.001 -16"><span class='ocrx_word' id='word_1_856' title='bbox 2109 4584 2435 4641; x_wconf 86' lang='lat' dir='ltr'><strong>Thomasius</strong></span> <span class='ocrx_word' id='word_1_857' title='bbox 2465 4595 2520 4640; x_wconf 91' lang='lat' dir='ltr'><strong>et</strong></span> <span class='ocrx_word' id='word_1_858' title='bbox 2549 4584 2861 4657; x_wconf 82' lang='lat' dir='ltr'><strong>sequentes,</strong></span> <span class='ocrx_word' id='word_1_859' title='bbox 2894 4598 2951 4640; x_wconf 91' lang='lat' dir='ltr'><strong>ut</strong></span> <span class='ocrx_word' id='word_1_860' title='bbox 2980 4587 3321 4654; x_wconf 75' lang='lat' dir='ltr'><strong>colizereant,</strong></span> <span class='ocrx_word' id='word_1_861' title='bbox 3353 4588 3712 4643; x_wconf 77' lang='lat' dir='ltr'><strong>discussus...</strong></span> 
     </span>
    </p>
   </div>
   <div class='ocr_carea' id='block_1_117' title="bbox 2110 4657 3712 4728">
    <p class='ocr_par' dir='ltr' id='par_1_117' title="bbox 2110 4657 3712 4728">
     <span class='ocr_line' id='line_1_119' title="bbox 2110 4657 3712 4728; baseline 0.001 -16"><span class='ocrx_word' id='word_1_862' title='bbox 2110 4665 2519 4713; x_wconf 80' lang='lat' dir='ltr'><strong>et...reuocatw.</strong></span> <span class='ocrx_word' id='word_1_863' title='bbox 2547 4657 2828 4728; x_wconf 80' lang='lat' dir='ltr'><strong>Eleganter</strong></span> <span class='ocrx_word' id='word_1_864' title='bbox 2879 4672 3008 4713; x_wconf 87' lang='lat' dir='ltr'><strong>vero</strong></span> <span class='ocrx_word' id='word_1_865' title='bbox 3050 4659 3255 4712; x_wconf 89' lang='lat' dir='ltr'><strong>dictum</strong></span> <span class='ocrx_word' id='word_1_866' title='bbox 3302 4670 3501 4714; x_wconf 88' lang='lat' dir='ltr'><strong>mentes</strong></span> <span class='ocrx_word' id='word_1_867' title='bbox 3546 4661 3615 4714; x_wconf 87' lang='lat' dir='ltr'><strong>ad</strong></span> <span class='ocrx_word' id='word_1_868' title='bbox 3639 4678 3712 4714; x_wconf 76' lang='lat' dir='ltr'><strong>ss-</strong></span> 
     </span>
    </p>
   </div>
   <div class='ocr_carea' id='block_1_118' title="bbox 2110 4729 3712 4796">
    <p class='ocr_par' dir='ltr' id='par_1_118' title="bbox 2110 4729 3712 4796">
     <span class='ocr_line' id='line_1_120' title="bbox 2110 4729 3712 4796; baseline 0.001 -14"><span class='ocrx_word' id='word_1_869' title='bbox 2110 4730 2320 4783; x_wconf 87' lang='lat' dir='ltr'><strong>nitatem</strong></span> <span class='ocrx_word' id='word_1_870' title='bbox 2369 4740 2640 4790; x_wconf 61' lang='lat' dir='ltr'><strong>revocata),</strong></span> <span class='ocrx_word' id='word_1_871' title='bbox 2676 4730 2726 4783; x_wconf 91' lang='lat' dir='ltr'><strong>id</strong></span> <span class='ocrx_word' id='word_1_872' title='bbox 2771 4739 2873 4795; x_wconf 91' lang='lat' dir='ltr'><strong>est,</strong></span> <span class='ocrx_word' id='word_1_873' title='bbox 2918 4729 3159 4796; x_wconf 88' lang='lat' dir='ltr'><strong>saniora,</strong></span> <span class='ocrx_word' id='word_1_874' title='bbox 3205 4731 3442 4786; x_wconf 88' lang='lat' dir='ltr'><strong>rectiora</strong></span> <span class='ocrx_word' id='word_1_875' title='bbox 3471 4735 3712 4786; x_wconf 81' lang='lat' dir='ltr'><strong>consilia.</strong></span> 
     </span>
    </p>
   </div>
   <div class='ocr_carea' id='block_1_119' title="bbox 2110 4799 3718 4872">
    <p class='ocr_par' dir='ltr' id='par_1_119' title="bbox 2110 4799 3718 4872">
     <span class='ocr_line' id='line_1_121' title="bbox 2110 4799 3718 4872; baseline 0 -17"><span class='ocrx_word' id='word_1_876' title='bbox 2110 4799 2200 4855; x_wconf 91' lang='lat' dir='ltr'><strong>Sic</strong></span> <span class='ocrx_word' id='word_1_877' title='bbox 2245 4801 2453 4856; x_wconf 88' lang='lat' dir='ltr'><strong>Hirtius</strong></span> <span class='ocrx_word' id='word_1_878' title='bbox 2479 4801 2539 4854; x_wconf 91' lang='lat' dir='ltr'><strong>B.</strong></span> <span class='ocrx_word' id='word_1_879' title='bbox 2572 4799 2728 4856; x_wconf 81' lang='lat' dir='ltr'><strong>Alex.</strong></span> <span class='ocrx_word' id='word_1_880' title='bbox 2772 4816 2892 4872; x_wconf 90' lang='lat' dir='ltr'><strong>cap.</strong></span> <span class='ocrx_word' id='word_1_881' title='bbox 2923 4799 2996 4855; x_wconf 71' lang='grc'><strong>24</strong></span> <span class='ocrx_word' id='word_1_882' title='bbox 3021 4819 3033 4854; x_wconf 89' lang='lat'>:</span> <span class='ocrx_word' id='word_1_883' title='bbox 3061 4800 3205 4857; x_wconf 85' lang='lat' dir='ltr'><strong>Cives</strong></span> <span class='ocrx_word' id='word_1_884' title='bbox 3234 4803 3303 4856; x_wconf 91' lang='lat' dir='ltr'><strong>ad</strong></span> <span class='ocrx_word' id='word_1_885' title='bbox 3325 4804 3614 4858; x_wconf 84' lang='lat' dir='ltr'><strong>sanitatem</strong></span> <span class='ocrx_word' id='word_1_886' title='bbox 3651 4821 3718 4856; x_wconf 80' lang='lat' dir='ltr'><strong>re-</strong></span> 
     </span>
    </p>
   </div>
   <div class='ocr_carea' id='block_1_120' title="bbox 2109 4871 3296 4928">
    <p class='ocr_par' dir='ltr' id='par_1_120' title="bbox 2109 4871 3296 4928">
     <span class='ocr_line' id='line_1_122' title="bbox 2109 4871 3296 4928; baseline 0.001 -3"><span class='ocrx_word' id='word_1_887' title='bbox 2109 4887 2306 4926; x_wconf 84' lang='lat' dir='ltr'><strong>vocare.</strong></span> <span class='ocrx_word' id='word_1_888' title='bbox 2339 4871 2625 4928; x_wconf 68' lang='lat' dir='ltr'><strong>Bonum.</strong></span> <span class='ocrx_word' id='word_1_889' title='bbox 2843 4871 2850 4872; x_wconf 55' lang='grc'><strong><em>⁷</em></strong></span> <span class='ocrx_word' id='word_1_890' title='bbox 3293 4885 3296 4888; x_wconf 75' lang='lat'><strong>‘</strong></span> 
     </span>
    </p>
   </div>
   <div class='ocr_carea' id='block_1_121' title="bbox 2186 4962 3719 5035">
    <p class='ocr_par' dir='ltr' id='par_1_121' title="bbox 2186 4962 3719 5035">
     <span class='ocr_line' id='line_1_123' title="bbox 2186 4962 3719 5035; baseline 0.004 -18"><span class='ocrx_word' id='word_1_891' title='bbox 2186 4962 2298 5019; x_wconf 85' lang='lat' dir='ltr'><strong>Hoc</strong></span> <span class='ocrx_word' id='word_1_892' title='bbox 2347 4965 2479 5018; x_wconf 88' lang='lat' dir='ltr'><strong>enim</strong></span> <span class='ocrx_word' id='word_1_893' title='bbox 2519 4963 2655 5035; x_wconf 91' lang='lat' dir='ltr'><strong>quod</strong></span> <span class='ocrx_word' id='word_1_894' title='bbox 2694 4963 2853 5020; x_wconf 88' lang='lat' dir='ltr'><strong>oculis</strong></span> <span class='ocrx_word' id='word_1_895' title='bbox 2882 4965 3163 5035; x_wconf 86' lang='lat' dir='ltr'><strong>subjectum</strong></span> <span class='ocrx_word' id='word_1_896' title='bbox 3193 4974 3288 5031; x_wconf 87' lang='lat' dir='ltr'><strong>est,</strong></span> <span class='ocrx_word' id='word_1_897' title='bbox 3331 4974 3441 5021; x_wconf 86' lang='lat' dir='ltr'><strong>etc.</strong></span> <span class='ocrx_word' id='word_1_898' title='bbox 3475 4966 3584 5022; x_wconf 83' lang='lat' dir='ltr'><strong>llic</strong></span> <span class='ocrx_word' id='word_1_899' title='bbox 3607 4968 3719 5023; x_wconf 79' lang='lat' dir='ltr'><strong>Pla-</strong></span> 
     </span>
    </p>
   </div>
   <div class='ocr_carea' id='block_1_122' title="bbox 2109 5036 3720 5108">
    <p class='ocr_par' dir='ltr' id='par_1_122' title="bbox 2109 5036 3720 5108">
     <span class='ocr_line' id='line_1_124' title="bbox 2109 5036 3720 5108; baseline 0.002 -18"><span class='ocrx_word' id='word_1_900' title='bbox 2109 5044 2302 5108; x_wconf 83' lang='lat' dir='ltr'><strong>tonem</strong></span> <span class='ocrx_word' id='word_1_901' title='bbox 2323 5036 2566 5106; x_wconf 90' lang='lat' dir='ltr'><strong>sequitur</strong></span> <span class='ocrx_word' id='word_1_902' title='bbox 2594 5037 2901 5091; x_wconf 88' lang='lat' dir='ltr'><strong>Lactantius</strong></span> <span class='ocrx_word' id='word_1_903' title='bbox 2927 5055 2941 5091; x_wconf 92' lang='lat'><strong>:</strong></span> <span class='ocrx_word' id='word_1_904' title='bbox 2972 5038 3126 5091; x_wconf 87' lang='lat' dir='ltr'><strong>Plato</strong></span> <span class='ocrx_word' id='word_1_905' title='bbox 3157 5037 3452 5108; x_wconf 87' lang='lat' dir='ltr'><strong>siquidem,</strong></span> <span class='ocrx_word' id='word_1_906' title='bbox 3485 5041 3542 5093; x_wconf 86' lang='lat' dir='ltr'><strong>in</strong></span> <span class='ocrx_word' id='word_1_907' title='bbox 3586 5041 3720 5096; x_wconf 84' lang='lat' dir='ltr'><strong>Alci-</strong></span> 
     </span>
    </p>
   </div>
   <div class='ocr_carea' id='block_1_123' title="bbox 2106 5107 3718 5178">
    <p class='ocr_par' dir='ltr' id='par_1_123' title="bbox 2106 5107 3718 5178">
     <span class='ocr_line' id='line_1_125' title="bbox 2106 5107 3718 5178; baseline 0.002 -16"><span class='ocrx_word' id='word_1_908' title='bbox 2106 5107 2265 5162; x_wconf 90' lang='lat' dir='ltr'><strong>biade</strong></span> <span class='ocrx_word' id='word_1_909' title='bbox 2294 5107 2527 5162; x_wconf 90' lang='lat' dir='ltr'><strong>hominis</strong></span> <span class='ocrx_word' id='word_1_910' title='bbox 2574 5111 2862 5163; x_wconf 89' lang='lat' dir='ltr'><strong>essentiam</strong></span> <span class='ocrx_word' id='word_1_911' title='bbox 2907 5113 3084 5178; x_wconf 90' lang='lat' dir='ltr'><strong>posuit</strong></span> <span class='ocrx_word' id='word_1_912' title='bbox 3136 5108 3186 5162; x_wconf 92' lang='lat' dir='ltr'><strong>in</strong></span> <span class='ocrx_word' id='word_1_913' title='bbox 3235 5111 3417 5163; x_wconf 88' lang='lat' dir='ltr'><strong>anima</strong></span> <span class='ocrx_word' id='word_1_914' title='bbox 3475 5112 3718 5167; x_wconf 80' lang='lat' dir='ltr'><strong>intellec-</strong></span> 
     </span>
    </p>
   </div>
   <div class='ocr_carea' id='block_1_124' title="bbox 2108 5177 3719 5249">
    <p class='ocr_par' dir='ltr' id='par_1_124' title="bbox 2108 5177 3719 5249">
     <span class='ocr_line' id='line_1_126' title="bbox 2108 5177 3719 5249; baseline 0.003 -16"><span class='ocrx_word' id='word_1_915' title='bbox 2108 5184 2234 5234; x_wconf 88' lang='lat' dir='ltr'><strong>tiva.</strong></span> <span class='ocrx_word' id='word_1_916' title='bbox 2265 5177 2521 5232; x_wconf 82' lang='lat' dir='ltr'><strong>Altamen</strong></span> <span class='ocrx_word' id='word_1_917' title='bbox 2550 5195 2745 5249; x_wconf 91' lang='lat' dir='ltr'><strong>corpus</strong></span> <span class='ocrx_word' id='word_1_918' title='bbox 2777 5195 2886 5233; x_wconf 83' lang='lat' dir='ltr'><strong>non</strong></span> <span class='ocrx_word' id='word_1_919' title='bbox 2908 5177 2992 5233; x_wconf 84' lang='lat' dir='ltr'><strong>est</strong></span> <span class='ocrx_word' id='word_1_920' title='bbox 3023 5191 3223 5233; x_wconf 90' lang='lat' dir='ltr'><strong>tantum</strong></span> <span class='ocrx_word' id='word_1_921' title='bbox 3268 5181 3719 5245; x_wconf 85' lang='lat' dir='ltr'><strong>instrumentum;</strong></span> 
     </span>
    </p>
   </div>
   <div class='ocr_carea' id='block_1_125' title="bbox 2106 5250 3722 5322">
    <p class='ocr_par' dir='ltr' id='par_1_125' title="bbox 2106 5250 3722 5322">
     <span class='ocr_line' id='line_1_127' title="bbox 2106 5250 3722 5322; baseline 0.001 -18"><span class='ocrx_word' id='word_1_922' title='bbox 2106 5265 2297 5305; x_wconf 86' lang='lat' dir='ltr'><strong>verum</strong></span> <span class='ocrx_word' id='word_1_923' title='bbox 2341 5259 2424 5304; x_wconf 92' lang='lat' dir='ltr'><strong>est</strong></span> <span class='ocrx_word' id='word_1_924' title='bbox 2468 5250 2536 5305; x_wconf 92' lang='lat' dir='ltr'><strong>de</strong></span> <span class='ocrx_word' id='word_1_925' title='bbox 2592 5251 2828 5305; x_wconf 86' lang='lat' dir='ltr'><strong>essentia</strong></span> <span class='ocrx_word' id='word_1_926' title='bbox 2875 5252 3041 5320; x_wconf 91' lang='lat' dir='ltr'><strong>ipsius</strong></span> <span class='ocrx_word' id='word_1_927' title='bbox 3073 5251 3332 5317; x_wconf 90' lang='lat' dir='ltr'><strong>hominis,</strong></span> <span class='ocrx_word' id='word_1_928' title='bbox 3375 5255 3468 5322; x_wconf 88' lang='lat' dir='ltr'><strong>qui</strong></span> <span class='ocrx_word' id='word_1_929' title='bbox 3519 5255 3722 5309; x_wconf 82' lang='lat' dir='ltr'><strong>duabus</strong></span> 
     </span>
    </p>
   </div>
   <div class='ocr_carea' id='block_1_126' title="bbox 2107 5323 3721 5392">
    <p class='ocr_par' dir='ltr' id='par_1_126' title="bbox 2107 5323 3721 5392">
     <span class='ocr_line' id='line_1_128' title="bbox 2107 5323 3721 5392; baseline 0.003 -15"><span class='ocrx_word' id='word_1_930' title='bbox 2107 5330 2321 5377; x_wconf 89' lang='lat' dir='ltr'><strong>constat</strong></span> <span class='ocrx_word' id='word_1_931' title='bbox 2351 5323 2611 5391; x_wconf 88' lang='lat' dir='ltr'><strong>partibus,</strong></span> <span class='ocrx_word' id='word_1_932' title='bbox 2654 5337 2881 5391; x_wconf 90' lang='lat' dir='ltr'><strong>corpore</strong></span> <span class='ocrx_word' id='word_1_933' title='bbox 2911 5324 3122 5378; x_wconf 88' lang='lat' dir='ltr'><strong>scilicet</strong></span> <span class='ocrx_word' id='word_1_934' title='bbox 3147 5335 3308 5392; x_wconf 90' lang='lat' dir='ltr'><strong>atque</strong></span> <span class='ocrx_word' id='word_1_935' title='bbox 3350 5326 3541 5377; x_wconf 83' lang='lat' dir='ltr'><strong>anima</strong></span> <span class='ocrx_word' id='word_1_936' title='bbox 3575 5329 3721 5381; x_wconf 83' lang='lat' dir='ltr'><strong>intel-</strong></span> 
     </span>
    </p>
   </div>
   <div class='ocr_carea' id='block_1_127' title="bbox 2107 5393 3724 5467">
    <p class='ocr_par' dir='ltr' id='par_1_127' title="bbox 2107 5393 3724 5467">
     <span class='ocr_line' id='line_1_129' title="bbox 2107 5393 3724 5467; baseline 0.002 -19"><span class='ocrx_word' id='word_1_937' title='bbox 2107 5393 2298 5467; x_wconf 81' lang='lat' dir='ltr'><strong>leCtiva</strong></span> <span class='ocrx_word' id='word_1_938' title='bbox 2331 5411 2344 5447; x_wconf 92' lang='lat'><strong>:</strong></span> <span class='ocrx_word' id='word_1_939' title='bbox 2376 5393 2468 5467; x_wconf 74' lang='lat' dir='ltr'><strong>sed</strong></span> <span class='ocrx_word' id='word_1_940' title='bbox 2500 5393 2812 5467; x_wconf 80' lang='lat' dir='ltr'><strong>Lactantius</strong></span> <span class='ocrx_word' id='word_1_941' title='bbox 2837 5393 3328 5467; x_wconf 84' lang='lat' dir='ltr'><strong>denominationem</strong></span> <span class='ocrx_word' id='word_1_942' title='bbox 3363 5396 3495 5450; x_wconf 81' lang='lat' dir='ltr'><strong>facit</strong></span> <span class='ocrx_word' id='word_1_943' title='bbox 3553 5415 3587 5452; x_wconf 72' lang='grc' dir='ltr'><strong>ιι</strong></span> <span class='ocrx_word' id='word_1_944' title='bbox 3641 5415 3724 5467; x_wconf 83' lang='lat' dir='ltr'><strong>po—</strong></span> 
     </span>
    </p>
   </div>
   <div class='ocr_carea' id='block_1_128' title="bbox 2108 5463 3722 5537">
    <p class='ocr_par' dir='ltr' id='par_1_128' title="bbox 2108 5463 3722 5537">
     <span class='ocr_line' id='line_1_130' title="bbox 2108 5463 3722 5537; baseline 0.001 -18"><span class='ocrx_word' id='word_1_945' title='bbox 2108 5463 2233 5519; x_wconf 89' lang='lat' dir='ltr'><strong>tiori</strong></span> <span class='ocrx_word' id='word_1_946' title='bbox 2281 5473 2335 5537; x_wconf 90' lang='lat' dir='ltr'><strong>et</strong></span> <span class='ocrx_word' id='word_1_947' title='bbox 2377 5464 2608 5537; x_wconf 88' lang='lat' dir='ltr'><strong>digniori</strong></span> <span class='ocrx_word' id='word_1_948' title='bbox 2659 5476 2837 5536; x_wconf 89' lang='lat' dir='ltr'><strong>parte;</strong></span> <span class='ocrx_word' id='word_1_949' title='bbox 2879 5466 3057 5519; x_wconf 88' lang='lat' dir='ltr'><strong>anima</strong></span> <span class='ocrx_word' id='word_1_950' title='bbox 3095 5467 3240 5520; x_wconf 89' lang='lat' dir='ltr'><strong>enim</strong></span> <span class='ocrx_word' id='word_1_951' title='bbox 3295 5477 3380 5521; x_wconf 89' lang='lat' dir='ltr'><strong>est</strong></span> <span class='ocrx_word' id='word_1_952' title='bbox 3445 5463 3722 5537; x_wconf 78' lang='lat' dir='ltr'><strong>potissima</strong></span> 
     </span>
    </p>
   </div>
   <div class='ocr_carea' id='block_1_129' title="bbox 2107 5536 3726 5607">
    <p class='ocr_par' dir='ltr' id='par_1_129' title="bbox 2107 5536 3726 5607">
     <span class='ocr_line' id='line_1_131' title="bbox 2107 5536 3726 5607; baseline 0.004 -19"><span class='ocrx_word' id='word_1_953' title='bbox 2107 5551 2234 5607; x_wconf 90' lang='lat' dir='ltr'><strong>pars</strong></span> <span class='ocrx_word' id='word_1_954' title='bbox 2285 5536 2538 5601; x_wconf 90' lang='lat' dir='ltr'><strong>hominis,</strong></span> <span class='ocrx_word' id='word_1_955' title='bbox 2571 5545 2625 5591; x_wconf 91' lang='lat' dir='ltr'><strong>et</strong></span> <span class='ocrx_word' id='word_1_956' title='bbox 2675 5552 2737 5592; x_wconf 78' lang='lat' dir='ltr'><strong>ex</strong></span> <span class='ocrx_word' id='word_1_957' title='bbox 2775 5537 2863 5591; x_wconf 87' lang='lat' dir='ltr'><strong>illa</strong></span> <span class='ocrx_word' id='word_1_958' title='bbox 2896 5540 3110 5592; x_wconf 84' lang='lat' dir='ltr'><strong>elucent</strong></span> <span class='ocrx_word' id='word_1_959' title='bbox 3154 5536 3454 5605; x_wconf 48' lang='lat' dir='ltr'><strong>praecipua</strong></span> <span class='ocrx_word' id='word_1_960' title='bbox 3497 5540 3726 5596; x_wconf 81' lang='lat' dir='ltr'><strong>hominis</strong></span> 
     </span>
    </p>
   </div>
   <div class='ocr_carea' id='block_1_130' title="bbox 2107 5607 3729 5679">
    <p class='ocr_par' dir='ltr' id='par_1_130' title="bbox 2107 5607 3729 5679">
     <span class='ocr_line' id='line_1_132' title="bbox 2107 5607 3729 5679; baseline 0.002 -16"><span class='ocrx_word' id='word_1_961' title='bbox 2107 5607 2415 5679; x_wconf 89' lang='lat' dir='ltr'><strong>dignitates.</strong></span> <span class='ocrx_word' id='word_1_962' title='bbox 2454 5607 2556 5675; x_wconf 89' lang='lat' dir='ltr'><strong>Qui</strong></span> <span class='ocrx_word' id='word_1_963' title='bbox 2585 5608 2737 5679; x_wconf 91' lang='lat' dir='ltr'><strong>plura</strong></span> <span class='ocrx_word' id='word_1_964' title='bbox 2773 5613 2942 5672; x_wconf 87' lang='lat' dir='ltr'><strong>volet,</strong></span> <span class='ocrx_word' id='word_1_965' title='bbox 2977 5609 3224 5663; x_wconf 88' lang='lat' dir='ltr'><strong>consulat</strong></span> <span class='ocrx_word' id='word_1_966' title='bbox 3249 5608 3449 5663; x_wconf 76' lang='lat' dir='ltr'><strong>Isaeum</strong></span> <span class='ocrx_word' id='word_1_967' title='bbox 3493 5610 3554 5666; x_wconf 87' lang='lat' dir='ltr'><strong>in</strong></span> <span class='ocrx_word' id='word_1_968' title='bbox 3600 5616 3729 5668; x_wconf 84' lang='lat' dir='ltr'><strong>netis</strong></span> 
     </span>
    </p>
   </div>
   <div class='ocr_carea' id='block_1_131' title="bbox 2108 5678 3729 5761">
    <p class='ocr_par' dir='ltr' id='par_1_131' title="bbox 2108 5678 3729 5761">
     <span class='ocr_line' id='line_1_133' title="bbox 2108 5678 3729 5761; baseline 0.005 -28"><span class='ocrx_word' id='word_1_969' title='bbox 2108 5678 2558 5761; x_wconf 29' lang='lat' dir='ltr'><strong>adLLactantium.</strong></span> <span class='ocrx_word' id='word_1_970' title='bbox 2583 5678 2695 5738; x_wconf 83' lang='lat' dir='ltr'><strong>Has</strong></span> <span class='ocrx_word' id='word_1_971' title='bbox 2734 5679 3036 5736; x_wconf 87' lang='lat' dir='ltr'><strong>addidimus</strong></span> <span class='ocrx_word' id='word_1_972' title='bbox 3066 5680 3134 5736; x_wconf 89' lang='lat' dir='ltr'><strong>ad</strong></span> <span class='ocrx_word' id='word_1_973' title='bbox 3165 5680 3327 5735; x_wconf 85' lang='lat' dir='ltr'><strong>linem</strong></span> <span class='ocrx_word' id='word_1_974' title='bbox 3370 5682 3546 5754; x_wconf 86' lang='lat' dir='ltr'><strong>hujus</strong></span> <span class='ocrx_word' id='word_1_975' title='bbox 3581 5684 3729 5741; x_wconf 79' lang='lat' dir='ltr'><strong>volu-</strong></span> 
     </span>
    </p>
   </div>
   <div class='ocr_carea' id='block_1_132' title="bbox 2110 5765 2290 5810">
    <p class='ocr_par' dir='ltr' id='par_1_132' title="bbox 2110 5765 2290 5810">
     <span class='ocr_line' id='line_1_134' title="bbox 2110 5765 2290 5810; baseline -0.017 0"><span class='ocrx_word' id='word_1_976' title='bbox 2110 5765 2290 5810; x_wconf 81' lang='lat' dir='ltr'><strong>minis.</strong></span> 
     </span>
    </p>
   </div>
  </div>
