3790 6274
379 313 486 370 267

1447 303 1634 360 FIRM.
1672 302 2040 362 LACTANTll
2076 303 2282 361 DIVIN.
2312 302 2557 361 INSTlT.

3579 297 3710 354 268

374 441 444 479 an
474 438 570 480 eos
590 421 682 494 qui
708 421 925 476 nullam.
955 417 1059 474 Sed
1093 414 1350 490 (utdixi)
1376 415 1532 473 venia
1553 417 1775 474 concedi
1796 425 1975 488 potest
1998 419 2053 478 A
2078 432 2347 474 summum
2396 416 2494 473 fuit
2536 416 2787 472 humanae
2827 411 3109 484 sapientiae
3155 412 3391 469 assecuti
3432 419 3605 479 sunt,
3639 422 3706 469 ut

382 514 666 585 imperitis,
696 519 750 567 et
781 510 871 580 qui
903 523 964 564 se
989 507 1263 578 sapientes
1311 521 1418 562 non
1440 521 1562 562 esse
1581 505 1982 564 fateanturzhis

391 624 519 663 vero
551 621 655 661 non
688 611 864 674 potest
887 601 976 673 qui
1001 643 1016 667 ,
1050 598 1366 672 sapientiam
1403 596 1665 671 professi,
1698 598 1981 657 stultitiam

388 697 564 769 potius
591 693 876 751 exhibent.
904 691 1021 749 Non
1069 706 1189 749 sum
1219 688 1468 763 equidem
1498 701 1605 747 tam
1652 691 1896 764 iniquus,
1924 701 1984 750 ut

386 807 482 849 eos
509 801 691 861 putem
714 788 958 845 divinare
978 786 1219 859 potuisse
1234 829 1251 855 ,
1277 794 1336 842 ut
1360 786 1641 843 veritatem
1660 802 1755 856 per
1774 787 1982 857 seipsos

385 886 728 952 invenirent;
754 880 901 955 quod
929 882 1047 939 fieri
1076 896 1178 953 ego
1226 895 1334 936 non
1378 895 1537 951 posse
1560 877 1843 937 confiteor.
1872 880 1983 937 Sed

383 976 488 1033 hoc
511 978 579 1034 ab
610 976 693 1031 his
724 975 897 1046 exigo,
947 972 1089 1044 quod
1120 972 1336 1028 ratione
1363 971 1479 1043 ipsa
1502 980 1763 1044 praestare
1794 983 1983 1044 potue-

386 1077 530 1127 runt.
571 1068 838 1124 Facerent
886 1065 1029 1122 enim
1052 1060 1413 1136 prudentius.|
1436 1064 1484 1120 si
1518 1074 1573 1120 et
1624 1063 1985 1136 intelligerent

383 1181 505 1225 esse
524 1165 758 1237 aliquam
785 1176 971 1220 veram
992 1160 1336 1233 religionem,
1367 1168 1423 1217 et
1454 1159 1605 1217 falsis
1632 1159 1980 1231 impugnatis,

382 1268 568 1332 aperte
608 1256 1043 1330 pronuntiarent,
1072 1270 1367 1326 eam,qua:
1393 1270 1523 1313 vera
1564 1263 1739 1323 esset,
1787 1254 1856 1311 ah
1886 1254 1983 1312 ho-

381 1353 616 1410 minibus
640 1367 750 1409 non
776 1350 970 1408 teneri.

453 1444 563 1502 Sed
610 1442 841 1500 moverit
866 1456 961 1498 eos
988 1441 1219 1498 fortasse
1248 1439 1417 1506 illud,
1444 1438 1588 1511 quod
1632 1438 1679 1495 si
1704 1453 1811 1510 qua
1854 1452 1981 1496 vera

379 1545 524 1595 esset
560 1536 749 1607 religio
770 1576 788 1603 ,
816 1540 1065 1592 exereret
1088 1548 1147 1589 se
1175 1546 1239 1588 ac
1265 1529 1604 1600 vindicaret,
1636 1544 1738 1587 nec
1763 1538 1981 1599 patere-

379 1638 466 1686 tur
491 1644 613 1686 esse
654 1626 800 1683 aliud
838 1625 1154 1698 quidquam.
1184 1623 1383 1680 Videre
1425 1623 1571 1679 enim
1616 1622 1769 1679 nullo
1817 1621 1981 1678 modo

377 1728 645 1794 poterant,
676 1727 975 1791 quare,aut
993 1732 1023 1771 a
1051 1731 1179 1788 quo,
1211 1725 1266 1773 et
1289 1714 1743 1785 quemadmodum
1770 1714 1981 1787 Religio

2082 508 2445 583 intelligerent
2473 507 2603 580 quid
2629 522 2739 565 non
2759 505 2831 563 sit
2859 523 2875 561 :
2906 503 3036 562 illud
3054 505 3269 578 assequi
3296 504 3705 576 nequiverunt,

2082 610 2140 656 ut
2166 600 2411 658 dicerent
2438 599 2566 672 quid
2612 598 2703 656 sit.
2730 598 2866 655 Nota
2896 596 3172 654 Ciceronis
3214 611 3325 654 vox
3362 605 3449 653 est
3498 594 3655 668 (Lib.
3683 612 3706 653 ι

2083 692 2147 750 de
2200 693 2406 751 Natura
2433 691 2722 766 deorum):
2755 710 2775 746 ι
2817 690 3028 748 Utinam
3061 699 3170 747 tam
3222 688 3382 748 facile
3426 706 3563 747 vera
3616 690 3706 747 in-

2081 788 2268 845 venire
2316 803 2554 860 possem,
2582 802 2744 859 quam
2779 784 2912 842 falsa
2940 783 3283 841 convincere.
3326 804 3346 837 ι
3370 782 3537 854 Quod
3568 784 3705 855 quia

2085 880 2226 937 vires
2255 880 2504 936 humanae
2531 877 2857 936 conditionis
2885 876 3117 946 excedit,
3141 876 3259 948 ejus
3302 875 3473 932 ofﬁcii
3520 873 3705 931 facul-

2084 982 2166 1030 tas
2193 972 2349 1030 nobis
2373 982 2457 1030 est
2496 972 2772 1040 attributa,
2812 968 3009 1043 quibus
3047 966 3266 1025 tradidit
3309 967 3455 1025 Deus
3516 968 3705 1024 scien-

2085 1067 2212 1122 tiam
2257 1063 2535 1132 veritatis;
2586 1062 2674 1120 cui
2723 1061 3057 1135 explicandae
3077 1068 3309 1133 quatuor
3351 1060 3705 1132 posteriores

2082 1159 2206 1216 libri
2247 1159 2505 1216 servient.
2531 1156 2682 1216 Nunc
2725 1157 2944 1215 interim
2973 1156 3130 1226 falsa,
3160 1165 3219 1213 ut
3267 1155 3575 1229 carpimus,
3605 1155 3706 1214 de-
3788 1200 3790 1229 ε

2086 1263 2348 1325 legamus.

2681 1340 2932 1401 CAPUT.
2985 1342 3076 1400 lV.

2085 1437 2163 1494 De
2201 1436 2528 1505 Simulacris,
2568 1438 2979 1509 ornamentisque
3034 1437 3378 1507 templorum,
3426 1447 3482 1495 et
3520 1453 3707 1494 eorum

2352 1538 2663 1603 contemptu,
2688 1532 2843 1587 etiam
2861 1530 2926 1586 ab
2946 1530 3075 1602 ipsis
3088 1528 3394 1587 Gentilibus.

2155 1624 2294 1694 Quid
2319 1625 2483 1697 igitur
2510 1625 2807 1697 maiestatis
2853 1633 3079 1697 possunt
3122 1622 3327 1683 habere
3365 1624 3705 1694 simulacra,

2085 1734 2204 1789 quae
2236 1717 2457 1774 fuerunt
2515 1717 2570 1773 in
2611 1716 2927 1774 homunculi
2987 1725 3277 1789 potestate,
3320 1718 3409 1773 vel
3456 1726 3527 1773 ut
3555 1716 3706 1772 aliud

381 1830 508 1870 vera
562 1811 991 1883 opprimeretur;
1021 1808 1165 1880 quod
1191 1817 1277 1864 est
1316 1807 1485 1864 divini
1529 1808 1877 1876 sacramenti,
1927 1806 2062 1869 etB
2090 1811 2299 1879 tierent,
2332 1810 2420 1866 vel
2467 1818 2526 1866 ut
2566 1810 2789 1867 omnino
2845 1825 2953 1867 non
3004 1809 3232 1867 ﬁerent?
3274 1807 3493 1868 Idcirco
3560 1810 3706 1882 apud

383 1904 622 1963 caelestis
652 1902 855 1960 arcani.
886 1901 944 1957 ld
967 1916 1126 1969 vero,
1155 1902 1256 1957 nisi
1282 1901 1571 1970 doceatur,
1615 1901 1811 1973 aliquis
1841 1901 1982 1958 scire

372 1998 523 2053 nullo
550 2005 705 2067 pacto
738 2002 934 2065 potest.
979 1993 1202 2049 Summa
1250 1994 1329 2049 rei
1353 1994 1468 2049 base
1498 2002 1582 2050 est
1611 2012 1625 2047 :
1655 1992 1890 2066 imperiti
1927 2002 1984 2050 ct

379 2088 696 2158 insipientes
739 2085 903 2142 falsas
934 2084 1225 2157 religiones
1255 2100 1352 2155 pro
1387 2092 1529 2142 veris
1572 2085 1811 2155 habent,
1856 2086 1981 2156 quia

382 2195 557 2249 neque
587 2192 769 2234 verant
802 2177 1003 2244 sciunt,
1037 2192 1214 2248 neque
1257 2176 1447 2233 falsam
1494 2178 1813 2249 intelligunt.
1845 2178 1981 2235 Pru-

375 2271 652 2327 dentiores
678 2285 828 2338 vero,
859 2270 983 2339 quia
1010 2284 1191 2325 veram
1219 2270 1468 2326 nesciunt
1492 2310 1508 2336 ,
1540 2281 1633 2325 aut
1659 2272 1710 2325 in
1734 2272 1818 2337 iis,
1848 2285 1981 2341 quas

376 2362 541 2420 falsas
566 2378 690 2420 esse
740 2362 1079 2434 intelligunt,
1134 2372 1514 2433 perseverant,
1555 2374 1614 2419 ut
1660 2364 1980 2436 aliquidgte-

375 2473 505 2514 nere
534 2457 840 2523 videantur,
869 2465 962 2512 aut
981 2457 1201 2512 omnino
1225 2456 1358 2512 nihil
1382 2458 1593 2525 colunt,
1626 2473 1696 2514 ne
1734 2458 1979 2515 incidant

379 2551 432 2607 in
465 2565 729 2616 errorem,
752 2564 874 2606 cum
920 2550 974 2605 id
1003 2550 1176 2619 ipsum
1205 2551 1432 2605 maximi
1469 2550 1539 2605 sit
1561 2552 1763 2607 erroris
1814 2552 1976 2606 vitam

314 2673 328 2685 -
371 2642 634 2714 pecudum
662 2644 762 2699 sub
792 2643 958 2714 ﬁgura
989 2642 1225 2699 hominis
1252 2644 1706 2702 imitari.Falsum
1735 2661 1863 2702 vero
1890 2648 1976 2702 in-

373 2736 635 2806 telligere,
668 2744 753 2790 est
781 2733 998 2805 quidem
1029 2735 1326 2806 sapientiai,
1379 2737 1475 2791 sed
1522 2735 1793 2794 humanae.
1824 2737 1976 2794 Ultra

374 2829 518 2887 hunc
543 2829 771 2901 gradum
798 2828 1019 2900 procedi
1046 2829 1116 2884 ab
1142 2828 1363 2885 homine
1406 2845 1514 2885 non
1543 2842 1757 2901 potest;
1792 2833 1974 2904 itaque

372 2920 525 2976 multi
547 2919 992 2992 philosophorum
1042 2920 1332 2991 religiones
1362 2921 1454 2993 (ut
1484 2920 1677 2993 docui)
1735 2922 1975 2980 sustule-

365 3021 495 3067 runt
525 3028 541 3066 :
568 3027 762 3067 verum
791 3019 970 3067 autem
999 3011 1140 3067 scire
1187 3012 1385 3068 divina:
1406 3022 1491 3070 est
1529 3015 1825 3083 sapientiae.
1861 3016 1971 3072 Ho-

256 3151 316 3173 ,,
366 3120 456 3161 mo
481 3115 660 3161 autem
696 3120 792 3176 per
816 3104 1053 3174 seipsum
1084 3106 1369 3176 pervenire
1395 3106 1462 3162 ad
1510 3106 1652 3163 hanc
1679 3109 1962 3166 scientiam

2085 1906 2363 1964 Horatium
2397 1905 2618 1977 Priapus
2659 1906 2730 1962 ita
2756 1905 3019 1978 loquitur:

2208 1997 2337 2062 Olim
2363 2005 2564 2049 truncus
2582 2011 2718 2049 eram
2741 1997 2967 2062 ﬁculnus,
2991 1997 3166 2062 inutile
3186 1996 3407 2061 lignum;

2206 2061 2326 2135 Qum
2341 2062 2481 2135 faber
2504 2061 3008 2135 incertuskscampu‘m
3028 2061 3285 2135 faceretne
3304 2062 3582 2135 Priapum,

2206 2124 2377 2176 Maluit
2403 2137 2517 2175 esse
2540 2125 2709 2175 deum.
2731 2123 2873 2175 Deus
2888 2123 3003 2175 inde
3028 2136 3147 2188 ego,
3168 2123 3330 2175 furum
3354 2123 3647 2188 aviquue

2207 2186 2418 2239 Maxima
2441 2187 2667 2237 formido.

2082 2272 2211 2340 Quis
2239 2288 2345 2326 non
2373 2270 2443 2326 sit
2471 2279 2619 2324 tanto
2652 2270 2755 2326 hoc
2776 2268 3002 2326 custode
3029 2269 3295 2326 securus?
3320 2268 3508 2327 Fures
3539 2272 3697 2327 enim

2084 2376 2190 2422 tam
2211 2365 2363 2423 stulti
2384 2372 2532 2433 sunt,
2560 2364 2832 2435 ut.Priapi
2876 2364 3196 2435 tentiginem
3231 2364 3503 2433 timeant;
3565 2380 3696 2421 cum

2080 2474 2210 2515 aves
2238 2460 2389 2530 ipsae,
2420 2471 2553 2530 quas
2576 2467 2784 2515 terrore
2809 2456 2963 2513 falcis
2983 2466 3076 2513 aut
3101 2456 3338 2529 inguinis
3366 2457 3530 2530 abigi
3560 2461 3706 2515 exis-
3728 2449 3747 2467 ’

2082 2554 2307 2619 timaut,
2366 2551 2671 2608 simulacris
2723 2550 3069 2617 fabrefactis,
3123 2551 3177 2607 id
3218 2560 3342 2621 est,
3399 2553 3706 2611 hominum

2079 2646 2239 2716 plane
2266 2642 2551 2710 similibus,
2587 2642 2843 2707 insidant,
2874 2642 3175 2710 nidiﬁccnt,
3212 2643 3534 2714 inquinent.
3584 2644 3696 2702 Sed

2078 2736 2319 2803 Flaccus,
2362 2745 2423 2793 ut
2451 2734 2674 2807 satyrici
2701 2735 2961 2791 carminis
2990 2736 3245 2806 scriptor,
3275 2736 3472 2793 derisit
3510 2737 3702 2794 homi-

2078 2846 2204 2886 num
2231 2830 2541 2886 vanitatem.
2575 2826 2775 2883 Verum
2815 2826 2853 2882 ii
2890 2828 2982 2899 qui
3026 2827 3250 2894 faciunt,
3280 2829 3490 2885 seriam
3518 2845 3592 2887 se
3618 2830 3702 2887 fa-

2074 2938 2203 2980 cere
2240 2937 2355 2979 rem
2383 2922 2689 2992 opinantur.
2721 2918 2964 2990 Denique
3002 2929 3158 2990 poeta
3187 2921 3484 2990 maximus,
3519 2920 3698 2980 homo

2073 3016 2129 3071 in
2148 3014 2360 3071 caeteris
2387 3013 2643 3085 prudens,
2676 3013 2729 3066 in
2764 3012 2867 3068 hoc
2889 3012 3009 3069 solo
3035 3027 3144 3069 non
3172 3014 3407 3085 poetice,
3434 3016 3553 3073 sed
3573 3019 3697 3074 ani-

2075 3111 2197 3167 liter
2252 3107 2524 3180 desipuit;
2569 3122 2693 3163 cum
2750 3107 2803 3162 in
2847 3104 2953 3162 illis
3000 3106 3463 3166 emeudatissimis
3535 3110 3700 3170 libris

363 3216 472 3257 non
497 3207 695 3272 potest,
729 3198 832 3255 nisi
863 3198 1123 3256 doceatur
1148 3214 1181 3255 a
1210 3200 1340 3257 Deo.
1382 3199 1459 3256 Ita
1486 3200 1792 3274 philosophi
1823 3203 1967 3275 quod
1990 3194 2038 3259 C
2071 3205 2234 3261 etiam
2258 3202 2374 3260 ﬁeri
2415 3201 2519 3259 hoc
2541 3201 2734 3273 jubet:

1743 3338 2101 3408 VARIORUM
2139 3339 2366 3400 ΝΟΤιΕ.

360 3478 496 3535 odor
518 3478 606 3533 ille
625 3475 886 3546 sapientite
929 3474 1253 3546 tamisuauis,
1306 3484 1413 3527 tam
1439 3473 1705 3545 jucundus
1731 3474 1964 3546 afﬂaret,

365 3550 512 3604 nullo
553 3545 704 3602 modo
730 3546 996 3602 senserint.
1037 3545 1320 3601 Bunentv.

439 3619 659 3677 ϐοηθεάὶ
684 3628 865 3692 potest.
913 3617 1000 3692 Ita‘
1034 3617 1373 3692 reposuimus
1403 3630 1469 3692 e_x
1511 3617 1762 3692 omnibus
1802 3635 1971 3692 prope

366 3709 496 3748 mss.
541 3701 595 3747 et
618 3685 890 3746 nonnullis
918 3685 1112 3744 editisf
1141 3685 1337 3742 Cmteri
1362 3687 1561 3759 vulgati
1592 3699 1647 3745 et
1687 3685 1960 3748 duo-mss.

364 3778 473 3821 rec.
486 3806 500 3830 ,
529 3772 716 3835 posset.

438 3855 505 3910 Et
529 3857 617 3927 qui
645 3871 700 3911 se
712 3854 976 3927 sapientes
1002 3868 1104 3927 non
1112 3856 1538 3927 essefateantur.
1569 3854 1660 3927 Sic
1680 3854 1961 3927 legendum

361 3944 429 3985 ex
454 3923 680 3998 utroque
707 3923 1058 3998 Bononiensi,
1108 3923 1315 3998 Regiis,
1357 3925 1549 3998 caue,
1591 3923 1755 3998 Ta_x.,
1784 3927 1956 3998 Lips.,

364 3998 479 4054 Pal.
510 4007 564 4053 et
590 3992 750 4053 editis
792 3997 937 4060 1533.,
982 3992 1366 4066 Thys.,’Gall.,
1396 3994 1617 4066 Spark.,
1645 3992 1869 4064 Cellae,
1897 3992 1961 4055 ac

362 4069 574 4139 negatio
624 4066 868 4139 ponenda
903 4076 987 4121 est
1007 4078 1132 4139 ante
1161 4082 1293 4133 esse,
1347 4082 1452 4122 non
1484 4068 1794 4126 immediate
1838 4079 1964 4126 ante

363 4137 641 4212 fateantur,
657 4138 867 4194 sicutin
897 4137 1169 4192 nonnullis
1189 4152 1320 4194 mss.
1350 4148 1406 4193 et
1425 4139 1603 4194 editis.

435 4229 688 4285 Potuisse.
709 4228 785 4283 Ita
817 4228 1026 4283 restitui
1049 4244 1115 4284 ex
1141 4231 1350 4284 cunctis
1370 4244 1507 4299 pene
1534 4245 1665 4286 mss.
1688 4242 1744 4288 et
1770 4236 1965 4289 veteri-

360 4302 460 4356 bus
487 4302 645 4426 ed‘itli’s
663 4302 800 4384 bene
820 4298 1021 4355 multis.
1046 4299 1107 4354 lu
1135 4301 1165 4353 7
1194 4298 1412 4372 scriptis
1443 4302 1777 4374 totidemque
1802 4304 1963 4362 editis

363 4387 501 4428 rec..
570 4389 593 4426 ε
631 4387 785 4426 uisse.

462 4414 475 4427 ο
487 4412 501 4438 ν
532 4411 620 4426 "DV
631 4411 785 4426 νουσιν.

2069 3479 2312 3638 (ἦ)ᾕῖιέιέ⁹
2338 3479 2729 3638 ἔξυὲάςιιάιιηι.
2774 3551 2911 3638 Quia
2943 3565 3299 3638 neque‘c‘aro,
3333 3567 3527 3638 neque
3556 3571 3695 3613 san-

2088 3623 2185 3706 guis
2216 3631 2391 3750 poteSt
2416 3621 2687 3678 Chi-istum
2736 3623 2978 3679 revelare
2996 3663 3011 3689 ,
3033 3621 3142 3679 Sed
3170 3623 3333 3681 Pater
3351 3621 3449 3696 qui
3474 3626 3545 3683 in
3571 3642 3691 3686 cte-

2088 3710 2132 3750 ts
2153 3710 2212 3750 es
2243 3738 2255 3749 .

2140 3788 2279 3856 Quid
2304 3804 2406 3843 non
2443 3789 2576 3844 sit...
2603 3805 2757 3853 quam
2779 3788 2904 3859 quid
2932 3788 3017 3843 sit.
3053 3788 3131 3845 Ex
3161 3787 3299 3857 Cic.,
3330 3788 3410 3846 lib
3449 3791 3536 3850 de
3562 3794 3690 3850 Nat.

2065 3857 2248 3938 d_eor._,_
2270 3874 2391 3938 cap.
2424 3860 2516 3938 9.1.
2548 3902 2563 3926 ,
2596 3861 2690 3915 fin.
2726 3857 2865 3928 Quid
2913 3876 3016 3915 non
3066 3861 3133 3915 sit
3157 3861 3331 3930 citius,
3360 3880 3536 3934 quam
3562 3867 3695 3938 quid

2065 3932 2161 3995 sit,
2194 3930 2429 3986 dixerim.
2456 3932 2737 3987 Bassum.

2139 4021 2278 4089 Quid
2303 4023 2461 4094 igitur
2488 4022 2766 4094 majeslalis
2796 4032 3026 4093 possunt,
3057 4033 3164 4080 etc.
3185 4023 3323 4081 Vide
3347 4025 3420 4081 de
3446 4026 3548 4084 his
3576 4029 3693 4087 dis-

2065 4104 2334 4168 serentem
2372 4095 2424 4168 in
2464 4097 2609 4168 notis
2639 4094 2939 4168 [stistinet
2979 4096 3269 4166 ipsummet
3297 4096 3692 4168 Lactantium,

2068 4164 2161 4219 lib.
2182 4164 2255 4239 de
2277 4162 2365 4239 Ira
2384 4165 2500 4232 Dei,
2522 4180 2641 4239 cap.
2662 4165 2753 4239 i6,
2784 4167 2872 4221 ubi
2893 4168 2967 4221 ait
2996 4162 3113 4233 eos,
3137 4168 3332 4237 quibus
3344 4162 3694 4239 persuasum

2067 4243 2150 4311 est
2182 4235 2289 4311 l_)eo
2316 4236 2828 4311 placerejustitiam,
2858 4239 3105 4311 venerari
3130 4235 3256 4294 eum
3288 4235 3564 4311 precibus
3594 4260 3691 4301 as-

2069 4306 2260 4371 siduis,
2284 4317 2338 4362 et
2360 4306 2729 4375 frequentibus
2760 4311 2919 4375 votis,
2950 4310 3002 4364 ei
3046 4309 3186 4363 dona
3211 4319 3266 4366 et
3286 4306 3577 4370 sacrificia
3604 4318 3694 4373 of.

2064 4375 2226 4450 ferre,
2252 4378 2411 4449 justis
2440 4375 2671 4450 denique
2703 4381 2955 4448 operibus
2983 4395 3106 4443 eum
3133 4381 3426 4438 demereri.

433 4443 671 4498 Ratione.
703 4440 1219 4529 Idemnetia‘m’docet
1237 4442 1508 4513 Apostol.,
1540 4446 1709 4517 Epist.
1746 4446 1814 4501 ad
1842 4447 1949 4504 Ro-
1976 4468 2035 4529 Β

360 4530 532 4578 man.,
561 4529 612 4570 c.
644 4529 683 4575 ι,
718 4530 770 4568 v.
805 4512 895 4578 19,
921 4512 1013 4579 ΞΟ,
1045 4513 1137 4578 21,
1168 4522 1274 4569 etc.

433 4585 560 4641 Esse
586 4586 812 4659 aliquam
840 4600 1012 4639 veram
1053 4585 1367 4659 religionem.
1408 4586 1594 4659 Veram
1623 4590 1840 4659 reposui
1888 4605 1954 4647 ex

360 4656 429 4713 27
461 4672 590 4712 mss.
620 4657 998 4725 veteribusque
1023 4655 1214 4721 editis,
1240 4657 1415 4713 tribus
1444 4655 1724 4727 Romanis,
1756 4660 1950 4718 Venet.

330 4730 339 4739 ‘
365 4728 526 4794 M90,
557 4728 755 4791 Betul.,
776 4728 963 4795 Torn.,
985 4726 1292 4804 lsoubronw
1314 4730 1526 4804 quibus
1548 4726 1715 4804 deest
1747 4734 1957 4804 religio-

362 4816 477 4872 nem
503 4816 521 4853 :
547 4814 706 4872 quam
739 4812 926 4872 vocem
979 4798 1217 4872 (absque
1237 4798 1467 4872 _veram)
1513 4800 1715 4858 habent
1758 4798 1890 4859 mss.
1916 4804 1955 4859 2

362 4870 623 4943 gonon,
647 4870 839 4943 Cpauc_.,
899 4870 1184 4943 Bostoclt.,
1228 4870 1537 4943 Jun.,edit.
1588 4873 1807 4941 Thom.,
1853 4875 1951 4943 Is.,

361 4941 552 5011 Thys.,
584 4940 746 5006 Gall.,
772 4938 966 5007 Spark.
992 4940 1291 5011 Utramque
1315 4942 1515 4999 habent
1539 4958 1670 4999 mss.
1707 4938 1949 5002 Vatican.

361 4957 443 4997 In
484 4957 552 5009 s.,
584 4957 746 5006 σθω,
772 4957 966 5007 δριιτκ.
996 4957 1291 5011 Utramque
1316 4957 1515 4999 nanent
1539 4958 1670 4999 mss.
1712 4957 1949 5002 vatican.

360 5022 417 5090 et
440 4957 745 5090 ﬁmbriam
767 5011 925 5090 editis
945 5011 1097 5090 aldi,
1123 5011 1312 5090 basin,
1336 5012 1565 5090 G_raplt.,
1591 5013 1762 5090 Crat.,
1787 5016 1954 5090 Gym-

362 5086 496 5147 nim,
536 5082 759 5146 Cellar.,
787 5081 1001 5138 Walch.
1032 5082 1101 5136 Et
1123 5081 1477 5140 inducendam
1509 5101 1632 5142 esse
1659 5081 1949 5145 dictionem

361 5173 531 5210 veram
578 5152 854 5210 contendit
900 5153 1252 5219 Thomasius;
1308 5157 1431 5225 quia
1456 5157 1557 5213 etsi
1601 5174 1782 5214 veram
1828 5160 1953 5216 reli-

360 5228 573 5301 gionem
625 5226 958 5296 ignorarent,
984 5235 1159 5301 tamen
1203 5227 1437 5301 aliquam
1467 5243 1589 5301 esse
1634 5232 1950 5301 religionem

362 5293 666 5367 intelligere
690 5304 1019 5366 potuerunt:
1049 5295 1117 5350 ad
1143 5293 1246 5352 hoc
1281 5293 1425 5353 enim
1468 5293 1950 5359 demonstrandum

359 5369 514 5437 longa
546 5367 800 5433 deinceps
821 5367 1066 5422 oratione
1092 5367 1259 5423 utitur
1299 5369 1627 5426 Lactantius.

434 5436 862 5513 Sacramenli.__ld
886 5446 971 5513 est
999 5439 1260 5513 mysterii.
1310 5440 1418 5513 Aut
1468 5443 1715 5513 intelligit
1763 5459 1951 5502 sacras

356 5512 666 5566 christiana:
715 5509 989 5577 religionis
1045 5511 1404 5578 acrimonias,
1456 5523 1550 5568 aut
1598 5509 1815 5569 sclerum
1856 5532 1948 5573 sa-

357 5584 572 5653 pientiae
621 5582 957 5657 mysterium,
987 5579 1057 5637 de
1107 5594 1212 5652 qua
1261 5582 1459 5641 Paulus
1496 5585 1521 5641 Ι
1561 5585 1629 5643 ad
1672 5585 1947 5657 Corinth.,

2132 4449 2399 4524 Ficulnus.
2421 4449 2686 4524 ﬁculnus
2719 4452 3042 4524 proverbiali
3068 4452 3237 4523 Iigura
3265 4454 3557 4524 signiﬁcat
3590 4459 3688 4514 in-

2059 4522 2189 4600 utile
2216 4520 3019 4600 ctufragjleuFiculnuslignum
3056 4520 3278 4600 otiinino
3315 4520 3683 4600 contempti-

2056 4592 2174 4668 hi|e_
2189 4602 2244 4648 et
2270 4592 2771 4668 t'ragi_le.AC:eterum
2789 4592 3095 4668 huiusmodi
3113 4595 3311 4668 figuras
3338 4592 3687 4668 Prispoi-um

2054 4735 2343 4811 irriserunt
2362 4735 2549 4811 poetae
2576 4746 2809 4811 veteres,
2835 4747 2901 4811 ut!
2922 4738 3109 4811 videre
3137 4746 3222 4811 est
3248 4739 3303 4794 in
3329 4735 3583 4811 antiquo
3610 4745 3689 4800 li-

2055 4808 2221 4871 bello,
2253 4808 2337 4886 cui
2353 4809 2558 4886 _tit_ulus
2582 4818 2668 4886 est
2695 4809 2935 4880 Priapeia
2957 4851 2973 4878 ,
3002 4810 3117 4865 sive
3142 4808 3489 4867 diversorum
3533 4831 3690 4886 poe-

2054 4887 2229 4934 tarum
2260 4878 2314 4933 in
2346 4877 2600 4952 Priapum
2637 4877 2830 4936 Lusus.
2961 4877 2965 4878 ⁷
3359 4903 3364 4906 -

2128 4970 2256 5040 Quis
2283 4989 2384 5045 non
2399 4974 2482 5045 sit,
2508 4980 2614 5029 etc.
2639 4972 2752 5030 Non
2770 4973 3267 5031 esthemistichium
3286 4974 3684 5045 horatianum,

2053 5053 2112 5098 nt
2140 5046 2194 5098 in
2223 5044 2541 5128 quibusdam
2570 5045 2854 5128 impressis
2879 5045 3244 5128 existimatum
3259 5058 3541 5128 apparet,
3575 5044 3683 5110 sed

2054 5130 2212 5184 prosa
2239 5114 2407 5187 ipsius
2435 5114 2694 5173 Lactantii
2720 5117 2922 5173 ironice
2943 5117 3233 5189 loquentis.
3259 5114 3449 5175 Isaias.

2123 5206 2461 5281 Tentiginem.
2488 5209 2718 5281 Prurigo
2737 5210 2955 5267 veneris
2980 5217 3084 5277 est,
3113 5225 3222 5281 quo
3250 5210 3421 5268 verbo
3447 5220 3511 5269 et
3547 5214 3686 5274 Vir-

2051 5278 2209 5350 gilius
2233 5278 2288 5334 et
2316 5279 2566 5336 Horatius
2596 5278 2835 5338 utuntur.

2130 5373 2383 5430 insidant.
2419 5376 2509 5448 δίο
2534 5375 2654 5446 lego
2688 5389 2812 5448 cum
2841 5376 3235 5447 antiquioribus
3258 5385 3317 5433 et
3346 5378 3683 5448 potioribus

2050 5460 2182 5524 mss.
2216 5446 2653 5524 Reg._,__Bonon.,
2680 5448 2713 5502 4
2740 5446 2893 5524 Colb‘.
2924 5446 3284 5524 alii_sque:__in
3332 5446 3368 5524 4
3404 5450 3588 5524 833.,
3646 5458 3675 5512 1

2049 5518 2227 5593 (301b,,
2276 5519 2306 5593 1
2335 5519 2695 5593 _Clarom.-et_
2721 5520 2972 5593 omnibus
3001 5519 3116 5575 fere
3134 5519 3316 5593 editis,
3346 5518 3682 5593 insideant;

767 5587 957 5647 crium,
987 5587 1057 5637 de
1107 5594 1212 5652 qua
1261 5587 1459 5641 Paulus
1496 5587 1521 5641 Ι
1561 5587 1629 5643 ad
1672 5587 1947 5657 Corinth.,
2050 5589 2104 5645 in
2129 5590 2249 5645 aliis
2274 5590 2310 5646 5
2335 5589 2492 5660 Reg.,
2523 5590 2551 5644 1
2581 5587 2761 5659 Colb.,
2791 5591 2820 5646 1
2850 5590 3115 5656 Clarom.,
3142 5591 3419 5660 insidiant,
3454 5587 3675 5665 prave:

767 5650 820 5705 7.
2127 5660 2188 5705 In
2236 5661 2331 5705 hnc
2363 5661 2492 5705 mla-
2527 5660 2602 5705 Ila
2653 5663 2859 5705 restitui
2890 5678 2956 5705 px
3002 5662 3257 5705 nmnihm:
3286 5678 3401 5705 mea
3458 5678 3517 5705 ns
3550 5681 3650 5705 παι

349 5669 410 5710 ca
459 5696 470 5707 .
503 5669 541 5708 ιι
594 5666 732 5707 vers.
768 5660 820 5705 7.

533 5697 677 5808 puero,
704 5721 1123 5808 nisi‘doceatur,
1165 5736 1266 5782 etc.
1293 5728 1591 5808 AAdversus
1631 5730 1949 5808 Snclnianos

2144 5660 2189 5716 ’n
2236 5661 2331 5716 hoc
2363 5661 2492 5716 solo.
2527 5660 2604 5718 Ita
2652 5663 2861 5719 restitui
2890 5678 2960 5719 ex
3002 5662 3257 5717 omnibus
3286 5678 3421 5721 mss.
3454 5660 3521 5721 et
3550 5681 3676 5727 vet.

2144 5743 2177 5808 t_.
2209 5731 2366 5790 Rom.
2397 5731 2611 5806 Vulgati
2640 5733 2837 5791 habent
2860 5734 3060 5798 solum;
3087 5735 3115 5789 1
3144 5731 3415 5804 Clarum,
3447 5740 3679 5797 solm-

354 5797 549 5853 militat
577 5795 691 5851 hmo
716 5796 976 5853 sententia
999 5837 1014 5864 ,
1047 5805 1236 5872 estque
1277 5799 1540 5873 Apostolo
1590 5800 1887 5861 conformis
1924 5804 1949 5862 l
2046 5803 2219 5861 modo.

2056 4661 2110 4739 in
2134 4661 2532 4739 Gazoph‘ylacia
2561 4679 2658 4720 sua
2684 4661 3005 4739 retulerunt
3031 4661 3254 4734 eruditi,
3308 4682 3446 4739 quas
3466 4661 3690 4731 'etiam
3788 4661 3790 4739 ξ
