3790 6274
95 287 202 343 ἑὸῗὶ

218 404 283 476 Et
299 411 466 476 custos
483 406 644 476 furum
667 418 815 474 atque
838 413 1149 476 aviumLcum
1174 410 1301 462 falce
1324 412 1535 476 saligna,

219 450 815 533 ῑίὲῐιῖιέὦιίίίἐιὲἱέἑέζτέῐ
825 450 1191 538 ιῖλίᾖῖὶῆῖέρίἶ

89 594 336 652 Aderant
367 614 496 671 ergo
518 601 786 670 mortalia,
815 611 874 659 ut
901 618 929 658 a
959 603 1281 662 mortalibus
1303 605 1468 662 facta.
1497 604 1696 677 Frangi

90 693 257 760 enim,
283 697 542 764 cremari,
585 699 763 766 perire
784 711 1032 772 possunt.
1066 701 1202 757 Nam
1232 711 1288 759 et
1329 702 1486 758 tectis
1512 712 1696 760 vetus-

94 793 202 839 tate
235 786 536 845 labentibus
566 805 713 862 saepe
743 793 1038 852 comminui
1065 794 1260 864 solent,
1299 804 1353 850 et
1373 803 1694 866 consumpta

91 875 343 933 incendio
370 879 680 940 dilabuntur
727 886 779 940 in
811 886 1074 956 cinerem,
1109 898 1162 944 et
1189 888 1508 962 plerumque
1538 890 1556 959 (
1585 891 1688 944 nisi

81 986 187 1026 sua
211 972 320 1030 illis
345 977 658 1048 magnitudo
689 980 1021 1048 subvenerit,
1059 993 1150 1038 aut
1179 984 1424 1040 custodia
1456 985 1686 1054 diligens

80 1067 364 1143 sepserit)
397 1071 459 1125 in.
481 1073 720 1143 prmdam
749 1075 955 1134 furibus
985 1077 1204 1134 cedunt.
1245 1077 1376 1146 Quae
1413 1077 1576 1149 igitur
1605 1079 1687 1138 in—

80 1162 239 1216 sania
270 1172 374 1233 est,
405 1181 466 1221 ea
501 1167 710 1236 timere,
736 1185 835 1241 pro
854 1171 1046 1241 quibus
1063 1180 1156 1227 aut
1172 1172 1360 1240 ruinae,
1391 1183 1483 1228 aut
1509 1173 1684 1243 ignes,

75 1265 176 1310 aut
218 1255 356 1313 furta
392 1261 723 1318 timeantur?
769 1263 899 1332 Qua:
953 1265 1186 1330 vanitas,
1214 1265 1450 1335 aliquam
1491 1266 1558 1321 ab
1603 1265 1687 1324 his

76 1363 308 1418 sperare
346 1355 588 1422 tutelam,
634 1372 757 1428 qua:
789 1357 926 1412 tueri
967 1358 1259 1429 semetipsa
1292 1372 1399 1414 non
1425 1359 1686 1428 possunt?

74 1441 214 1509 Qua:
256 1448 608 1518 perversitas,
638 1449 705 1505 ad
733 1465 920 1508 eorum
953 1451 1202 1522 praesidia
1219 1452 1536 1519 decurrere,
1565 1469 1686 1524 quae

71 1534 216 1606 ipsa,
253 1553 378 1594 cum
421 1542 720 1610 violantur,
771 1543 944 1599 inulta
989 1553 1140 1615 sunt,
1188 1543 1294 1600 nisi
1321 1559 1353 1600 a
1381 1544 1684 1603 colentibus

1170 287 1376 348 LIBER
1417 291 1480 348 ll.
1527 290 1613 346 DE
1654 288 1937 348 ORIGINE
1974 287 2296 347 ERRORIS.

1724 413 1776 471 Α
1803 409 2175 468 vindicentur?
2210 408 2307 466 Ubi
2340 421 2473 480 ergo
2503 407 2700 462 veritas
2727 407 2850 463 est?
2892 406 2981 464 ubi
3020 407 3164 464 nulla
3194 408 3274 464 vis
3308 411 3402 464 nd-

3295 293 3403 349 270

1803 503 1972 558 hiberi
1999 512 2172 573 potest
2214 500 2517 572 Religioni;
2558 499 2649 556 ubi
2681 499 2838 566 nihil,
2869 498 3010 571 quod
3053 500 3241 559 violari
3269 517 3398 572 pos-

1800 599 1890 665 sit,
1922 606 2177 669 apparet;
2211 595 2301 653 ubi
2328 595 2670 666 sacrilegium
2699 594 2811 652 ﬁeri
2849 611 2953 652 non
2985 605 3180 668 potest.

1873 711 2141 782 Quidquid
2170 719 2350 768 autem
2383 709 2559 768 oculis
2589 709 2947 780 manibusque
2969 710 3272 780 subjectum
3291 721 3397 781 est,

1797 804 1851 859 id
1880 819 2026 871 vero,
2060 804 2180 874 quia
2211 803 2404 874 fragile
2431 810 2537 869 est,
2573 803 2642 858 ab
2679 802 2826 858 omni
2857 803 3065 860 ratione
3113 804 3396 860 immorta-

1795 896 1960 950 litatis
1991 905 2073 950 est
2101 895 2358 951 alienum.
2380 893 2602 950 Frustra
2637 893 2798 965 igitur
2817 892 3067 950 homines
3087 909 3242 959 auro,
3263 895 3397 950 ebo-

1796 1002 1875 1053 re,
1906 987 2115 1057 gemnis
2144 985 2277 1042 deos
2304 986 2561 1040 excolunt
2582 993 2636 1040 et
2662 995 2966 1052 exornant;
2993 987 3144 1057 quasi
3175 1001 3302 1042 vero
3331 1004 3399 1042 ex

1795 1077 1879 1134 his
1901 1079 2062 1136 rebus
2091 1079 2253 1136 ullam
2275 1079 2484 1149 possint
2509 1093 2709 1148 capere
2736 1079 3091 1148 voluptatem.
3117 1079 3247 1148 Quis
3270 1096 3399 1136 usus

1793 1184 1874 1229 est
1912 1174 2269 1243 pretiosorum
2297 1187 2584 1229 munerum
2617 1171 2753 1229 nihil
2781 1172 3144 1228 sentientibus
3163 1171 3186 1226 ’ἶ
3214 1188 3280 1228 an
3306 1173 3398 1230 ille

1794 1267 1888 1337 qui
1919 1265 2192 1323 mortuis?
2222 1265 2347 1327 Pari
2379 1265 2524 1322 enim
2556 1264 2766 1322 ratione
2794 1263 3171 1319 defunctorum
3202 1279 3399 1334 corpo-

1789 1373 1866 1424 ra,
1891 1357 2152 1414 odoribus
2177 1373 2241 1413 ac
2274 1357 2530 1430 pretiosis
2560 1355 2802 1412 vestibus
2840 1355 2972 1411 illita
3001 1363 3055 1410 et
3085 1356 3396 1421 convoluta,

1791 1452 1942 1508 humi
1986 1451 2248 1521 condunt,
2299 1467 2402 1524 qua
2447 1451 2578 1507 deos
2626 1450 2918 1520 honorant,
2951 1450 3041 1523 qui
3067 1466 3244 1524 neque
3274 1465 3397 1506 cum

1789 1545 2003 1616 ﬁerent,
2030 1546 2364 1617 sentiebant,
2399 1561 2575 1620 neque
2600 1560 2724 1604 cum
2753 1545 3025 1616 coluntur,
3049 1546 3261 1614 sciunt;
3297 1562 3396 1606 nec

1450 1681 1814 1740 VARIORUM
1851 1681 2078 1740 NOTAE).

148 1817 217 1893 Et
245 1828 435 1893 custos.
463 1818 712 1893 Carmina
739 1820 1093 1893 suntYirgilii
1131 1823 1184 1876 in
1211 1838 1262 1876 tv
1292 1822 1609 1893 Georgioor.
1715 1825 1764 1886 B
1793 1834 2031 1893 paganos
2058 1828 2206 1890 patet
2230 1836 2297 1876 ex
2327 1820 2502 1893 Plinio
2556 1819 2789 1893 second.
2849 1821 2943 1876 lib.
2990 1836 3042 1887 v,
3088 1822 3256 1892 Epist.
3292 1827 3391 1882 16:

149 1889 580 1962 Hellespontiaci.
604 1890 830 1962 Priapus
849 1889 1124 1947 colebatur
1144 1893 1280 1960 apud
1308 1889 1683 1962 Lampsacum,

65 1976 194 2028 ante
244 1961 495 2033 Straboni
544 1961 671 2015 urbs
715 1962 944 2033 insignis
985 1973 1072 2016 est
1121 1961 1490 2030 Hellesponti;
1538 1965 1682 2021 unde

65 2033 304 2102 Priapus
345 2041 400 2086 et
443 2031 862 2101 Lampsacenus,
895 2044 951 2086 et
993 2033 1459 2102 Heliaspontiacus
1503 2035 1684 2091 dictus

61 2114 172 2158 est.
212 2106 290 2159 De
321 2118 429 2174 quo
451 2104 573 2158 vide
612 2103 863 2159 Ovidium
904 2104 997 2159 lib.
1034 2119 1088 2158 vr
1135 2105 1440 2171 Fastorum,
1471 2117 1524 2162 et
1549 2109 1682 2162 Lac-

65 2176 306 2230 tantium
327 2190 446 2245 cap.
471 2175 533 2230 2t
564 2175 685 2230 libri
711 2192 748 2229 ι.

145 2267 351 2323 Tutela.
424 2269 797 2324 Emmenessio
866 2269 933 2323 ad
1005 2268 1060 2323 h.
1133 2268 1169 2322 l.
1250 2269 1514 2340 Virgilii,
1594 2281 1675 2324 tu-

61 2340 172 2393 tela
221 2350 306 2396 est
350 2341 539 2412 imago.
605 2340 710 2396 Sed
760 2355 888 2396 num
939 2355 1030 2412 ea,
1061 2356 1168 2412 vox
1228 2352 1426 2409 praeter
1467 2342 1680 2412 insigne

62 2413 287 2476 navale,
321 2421 379 2465 ut
442 2411 590 2467 Lact.
652 2413 742 2468 lib.
774 2429 815 2478 ι,
865 2427 915 2467 c.
973 2411 1064 2476 ll,
1118 2411 1339 2478 dictum,
1401 2412 1453 2468 id
1504 2411 1683 2468 valeat

59 2483 283 2538 dubito.
315 2482 408 2538 Est
438 2483 598 2553 igitur
625 2483 710 2538 hic
729 2483 946 2553 pr0prie
967 2483 1215 2552 defmsio,
1243 2492 1302 2537 ut
1327 2499 1395 2538 ex
1422 2483 1558 2538 inl‘ra
1583 2484 1673 2538 hic

58 2564 319 2623 apparet,
355 2554 476 2608 ubi:
511 2555 639 2619 Qua:
662 2557 857 2608 vanitas
880 2555 940 2608 ab
963 2555 1041 2608 his
1066 2570 1272 2624 sperare
1291 2555 1538 2623 tutelam,
1568 2571 1682 2623 qua:

61 2625 204 2679 tueri
235 2627 510 2697 semetipsa
536 2643 636 2682 non
666 2628 914 2697 possunt?
949 2625 1158 2682 Arnob.
1192 2625 1229 2697 l.
1264 2642 1323 2688 ιι,
1357 2643 1413 2696 p.
1450 2627 1558 2683 89:
1594 2627 1682 2680 Dii

58 2697 196 2750 certi
242 2699 572 2823 certltizsapud
603 2714 690 2753 vos
718 2696 902 2756 habent
924 2697 1128 2765 tutelas,
1163 2696 1419 2766 licentiae,
1455 2709 1680 2768 potesta-

61 2778 167 2823 tes.
197 2778 307 2823 etc.
378 2785 468 2823 un.

61 2778 167 2832 tes,
197 2778 307 2824 etc.
334 2778 468 2824 BUN.

142 2859 400 2926 Cremari,
434 2862 602 2931 perire
631 2868 865 2931 possunt.
923 2860 1013 2917 Sic
1052 2875 1176 2916 cum
1227 2861 1384 2916 editis
1405 2860 1681 2930 Gymnic.,

59 2930 334 2999 Tornes.,
387 2930 890 2998 soubrq'Cellan,
947 2947 1137 2987 onmes
1186 2948 1318 2988 mss.
1376 2933 1680 2999 rotundius,

60 3019 236 3071 quam
264 3004 372 3058 duo
397 3019 510 3060 rec.
543 3004 676 3074 Heg.
711 3013 766 3058 et
818 3005 1003 3059 caueri
1049 3003 1200 3069 editi,
1231 3005 1448 3059 cremari
1470 3013 1681 3075 possunt

1792 1890 1918 1945 Non
1948 1908 2158 1960 possum
2188 1890 2680 1960 exprimereﬁverbis
2739 1901 2986 1958 quantum
3026 1890 3187 1947 animi
3215 1898 3398 1953 vulnus

1789 1963 2098 2036 acceperim,
2123 1979 2238 2015 cum
2255 1959 2441 2014 audivi
2456 1959 2772 2036 ‘Fundinum
2799 1963 2966 2036 ipsum
2991 1965 3392 2036 praecipientem,

1787 2032 1998 2110 quodin
2029 2043 2209 2110 vestes,
2235 2032 2568 2101 margaritas,
2611 2041 2660 2085 et
2686 2047 2911 2110 gemmas
2933 2034 3103 2110 fuerat
3134 2032 3396 2110 irrogata;-

1785 2104 2026 2178 [ωαψς
2054 2105 2107 2156 in
2135 2105 2308 2178 th_ura,
2341 2112 2389 2156 et
2414 2111 2694 2174 unguenta,
2715 2111 2762 2157 et
2787 2104 2970 2159 odores
2987 2104 3390 2178 impenderetur,

1786 2174 1868 2229 Ex
1896 2172 2050 2230 Ovid.
2080 2189 2137 2228 tv
2166 2174 2311 2230 Fast.
2345 2192 2359 2227 :

1909 2288 2185 2351 Osculaque
2206 2287 2445 2351 applicuit
2466 2290 2626 2400 posito
2641 2303 2872 2352 suprema
2896 2289 3108 2359 feretro,

1968 2349 2132 2400 Atoue
2154 2351 2222 2400 ait
2248 2365 2260 2400 ε
2291 2351 2445 2400 invito
2487 2359 2622 2400 rater
2645 2353 2899 2400 adempte-
2919 2354 3046 2400 vale-

1968 2349 2132 2413 Atque
2154 2351 2222 2401 ait
2238 2349 2445 2401 Einvito
2467 2349 2622 2418 frater
2645 2349 2899 2418 adempte,
2919 2354 3046 2406 vale.

1911 2411 2222 2476 Arsurosque
2243 2419 2380 2462 artus
2415 2415 2578 2463 unxit.

1783 2526 1838 2573 et
1863 2516 2089 2585 Apuleio
2121 2515 2318 2598 :A_pol.:
2352 2513 2420 2568 Et
2449 2516 2493 2598 si
2515 2516 2653 2598 thus,
2687 2525 2734 2570 et
2761 2518 2973 2598 casiam,
3017 2530 3066 2574 et
3105 2528 3390 2598 myrrham,

1785 2598 2092 2665 raptoresque
2115 2587 2168 2641 id
2201 2587 2584 2665 genushodores
2625 2589 2793 2658 funeri
2831 2598 3031 2644 tantum
3067 2587 3263 2665 emptos
3299 2587 3391 2653 ar;

1783 2659 2008 2723 bitreris,
2030 2676 2147 2732 cum
2177 2669 2232 2732 et
2256 2657 2631 2732 medicamento
2644 2667 2896 2732 parentur
2921 2672 2967 2713 et
2994 2657 3269 2732 sacri/icio.
3295 2671 3394 2726 llic

1787 2745 1915 2803 mos
1933 2739 2017 2803 est
2033 2728 2599 2803 antiquissimus,etab
2619 2727 2888 2803 [Egyptiis
2917 2727 3180 2803 originem
3201 2743 3393 2796 traxis-

1789 2815 1850 2856 se
1870 2801 2100 2882 videtur.
2127 2797 2384 2886 Sicenim
2403 2797 2603 2886 Ocnes.
2625 2797 2771 2886 etalt
2800 2819 2812 2852 :
2842 2797 3096 2886 Prwcepit
3140 2808 3392 2886 (Joseph)

1786 2873 1944 2950 seruis
1976 2873 2082 2950 suis
2123 2871 2354 2937 medicis,
2398 2880 2455 2950 ut
2500 2870 2812 2950 aromatibus
2854 2870 3121 2950 condirent
3147 2870 3390 2950 ‘patrem'.

1790 2942 1922 2998 Vide
1943 2944 2104 3017 etiam
2126 2958 2340 3017 versum
2362 2941 2608 2996 ultimum
2636 2941 2859 3017 hujusce
2879 2947 3089 3017 capitis.
3113 2941 3395 3017 Quomodo

1784 3015 2135 3087 autenrhmc
2188 3014 2402 3087 tierent,
2455 3021 2676 3087 narrant
2725 3013 3030 3070 Herodotus
3073 3013 3166 3074 lib.
3227 3039 3286 3087 tt,
3341 3037 3395 3082 et

61 3091 128 3127 ac
155 3079 362 3157 perire;
392 3075 445 3129 in
469 3075 597 3131 edit.
619 3075 794 3157 Betui.
828 3084 931 3157 est,
962 3075 1198 3157 cremari,
1235 3076 1400 3156 perire
1453 3085 1674 3157 possent.
1707 3077 1751 3146 C
1786 3085 1942 3140 Diod,
1969 3086 2149 3157 sicut,
2186 3083 2302 3139 Βίι),
2339 3084 2477 3157 nisi,
2507 3083 2600 3157 ιη),
2636 3100 2697 3149 ιι,
2731 3099 2854 3153 cap,
2897 3087 2950 3140 5,
2984 3093 3136 3157 Apud
3175 3075 3392 3154 mima;

143 3145 234 3198 Ea
271 3149 470 3210 timere,
503 3163 594 3214 pro
624 3147 827 3216 quibus,
875 3155 979 3200 etc.
1012 3146 1128 3200 Non
1173 3146 1496 3202 inconcinne
1527 3154 1682 3202 notat

66 3218 313 3273 Gallaeus
344 3228 466 3288 post
491 3218 846 3284 Gronovium,
867 3222 1067 3272 rectius
1091 3219 1206 3274 lore
1234 3219 1276 3272 si
1307 3217 1557 3272 deleatur
1587 3232 1682 3271 vo-

66 3289 192 3343 cuia
224 3305 338 3358 pro,
372 3298 428 3344 et
467 3291 689 3360 legatur,
723 3305 783 3344 ea
824 3291 998 3344 timere
1035 3289 1216 3359 quibus
1256 3300 1346 3342 aut
1373 3290 1558 3355 ruinaz,
1589 3299 1680 3343 aut

68 3361 238 3432 ignes,
267 3371 358 3414 aut
397 3362 534 3429 furta
583 3361 875 3414 timeantur.
919 3361 1012 3417 Sic
1063 3361 1206 3430 apud
1237 3360 1431 3416 Silium
1461 3361 1577 3416 Ital.
1608 3389 1680 3401 —-

203 3471 444 3523 Extrema
467 3474 608 3522 simul
631 3474 871 3538 gentique
897 3474 1112 3537 urbique
1139 3474 1396 3524 timebant.

149 3582 349 3649 Quibus
557 3582 845 3636 timeantur.
917 3578 1113 3636 Caeteri
1161 3580 1348 3650 scripti
1397 3588 1452 3636 et
1500 3581 1672 3647 editi,

69 3671 170 3720 pro
217 3653 413 3722 quibus,
471 3655 546 3707 uti
596 3651 786 3711 Celsus
822 3652 860 3707 l.
901 3667 983 3720 II],
1009 3666 1060 3708 c.
1103 3652 1192 3720 11,
1226 3667 1320 3723 pro
1361 3652 1542 3723 quibus
1570 3669 1676 3706 me-

68 3726 293 3780 tuimus.
327 3724 602 3780 BUNEIAN.

145 3806 394 3873 Sperare.
423 3805 500 3859 Ita
527 3821 650 3860 cum
673 3803 906 3861 Cellario
934 3811 988 3860 et
1015 3802 1266 3858 Walchio
1305 3803 1427 3874 lego
1462 3817 1529 3859 ex
1554 3818 1675 3858 om-

68 3877 236 3931 nibus
277 3891 409 3930 mss.
468 3884 522 3931 et
556 3876 685 3931 edit.
745 3876 914 3929 Paris.
969 3874 1128 3946 1525,
1176 3873 1672 3946 Cratq’Gymnic”

71 3948 269 4014 Torn.,
297 3948 522 4014 Snubr.,
551 3946 774 4010 Cellar.,
807 3946 1019 4002 Walch.
1052 3945 1110 3999 In
1153 3944 1282 4000 edit.
1318 3944 1474 4002 Rom)
1509 3945 1671 4014 M70,

70 4019 324 4085 Fasitcl.,
351 4020 566 4090 Egnat.,
584 4019 802 4083 Thom.,
833 4017 926 4081 13.,
950 4017 1145 4089 Thys.,
1167 4017 1385 4090 Spark.,
1413 4027 1666 4090 spectare;

72 4105 176 4145 nec
221 4089 702 4160 maleﬁSpectare,
760 4105 856 4160 pro
878 4101 1166 4160 expectare,
1214 4089 1392 4144 forsan
1438 4089 1671 4160 germina

73 4161 346 4218 Lactantii
383 4159 568 4228 lectio,
613 4162 707 4232 qui
755 4159 1066 4230 frequenter
1109 4161 1290 4232 verbis
1336 4159 1669 4232 simplicibus

74 4235 246 4288 utitur
285 4248 383 4303 pro
411 4230 747 4303 ccinpositis,
799 4242 855 4286 ut
900 4233 1128 4303 observo
1169 4231 1320 4303 alias.
1349 4263 1418 4272 —
1448 4230 1672 4303 Sperare

75 4301 310 4359 tutelam'.
371 4301 615 4359 Imitatur
676 4303 1004 4375 Cyprianum
1063 4301 1128 4375 ad
1187 4302 1513 4375 Demetrian.
1569 4302 1665 4356 fol.

73 4376 180 4456 528
212 4393 225 4429 :
255 4375 457 4456 Pudeat
499 4387 694 4456 teneas
709 4373 892 4442 colere,
950 4373 1211 4456 quos_ipse
1257 4373 1488 4456 defendis
1511 4413 1542 4456 λ
1569 4390 1666 4442 pu-

1784 3158 1946 3211 etiam
1967 3156 2109 3237 hunc
2126 3171 2332 3237 morem
2354 3155 2653 3237 obtinuisse
2673 3165 2961 3237 constatex
2984 3155 3217 3237 Matthtei
3237 3182 3388 3237 xxvi,

1785 3243 1928 3283 vers.
1965 3229 2055 3291 10,
2086 3239 2218 3291 elc.,
2249 3226 2448 3299 deinde
2477 3225 2916 3299 adChristianos
2956 3235 3218 3299 pervenit.
3251 3225 3389 3294 Ter-1

1785 3300 1900 3354 tull.
1927 3299 1994 3354 de
2017 3299 2330 3370 ldololatraz
2352 3297 2522 3350 Etiam
2540 3297 2828 3352 hominibus
2855 3300 2924 3353 ad
2948 3297 3204 3370 pigmenta
3221 3311 3386 3364 medi-

1781 3371 1991 3436 cinalia,
2023 3370 2166 3426 nobis
2188 3370 2616 3442 quoqueipsuper
2647 3370 2930 3442 adsolatia
2955 3376 3236 3442 sepultura:
3272 3384 3391 3435 usui

1780 3453 1922 3516 sunt;
1947 3443 2073 3516 item
2113 3439 2344 3516 Apol._c.
2378 3439 2468 3494 42.
2509 3439 2620 3494 Nec
2654 3441 2994 3498 solummodo
3013 3439 3170 3516 ungi,
3201 3466 3387 3508 verum

1781 3513 2132 3638 otiatilaviqiri
2160 3512 2410 3566 solebant
2435 3525 2664 3580 corpora
2693 3521 3033 3570 mortuorum
3060 3531 3074 3570 :
3099 3512 3228 3576 hinc
3261 3521 3387 3578 Vir-

1781 3600 1830 3638 αι
1857 3625 1870 3638 .
1974 3600 2039 3638 ne
2105 3625 2116 3636 .
2149 3599 2235 3638 v1:

1779 3586 1870 3654 gil.
1902 3583 2116 3639 [Eneid
2149 3599 2199 3637 γι
2223 3601 2235 3638 :

1904 3697 2188 3760 Corpusque
2203 3694 2367 3745 lavant
2387 3692 2620 3756 frigentis
2641 3701 2693 3743 et
2714 3703 2926 3756 ungunt.

1779 3803 1880 3858 Hic
1908 3801 2164 3857 abluendi
2198 3802 2333 3856 ritus
2362 3800 2526 3855 etiam
2573 3800 2625 3852 in
2671 3799 2937 3867 primitiva
2974 3803 3210 3861 Ecclesia
3243 3809 3385 3866 obti-

1778 3874 1913 3951 nuit,
1941 3884 2002 3951 ut
2028 3881 2332 3951 constatnex
2353 3875 2607 3925 Actorum
2633 3885 2851 3951 capra,
2871 3889 2927 3951 _v.
2949 3875 3037 3942 57,
3057 3876 3147 3951 ubi
3169 3879 3382 3951 legitur,

1777 3945 2060 3999 Tabitham
2110 3945 2216 3998 vita
2254 3945 2488 3996 iunctam
2537 3940 2824 3996 confestim
2871 3940 3034 4000 lotam
3070 3940 3254 4005 fuisse.
3301 3940 3387 4008 at

1776 4015 2290 4071 KlRCﬂHANNO.—El
2320 4014 2408 4087 hic
2437 4027 2555 4068 mos
2583 4013 2878 4069 etiamnum
2908 4030 3242 4087 perseverat,
3274 4039 3382 4080 non

1778 4089 1939 4142 modo
1988 4089 2039 4141 in
2093 4087 2344 4140 omnibus
2387 4085 2500 4138 fere
2549 4085 2934 4141 monachorum
2965 4103 3027 4143 ac
3069 4085 3383 4150 monialinnt

1776 4160 2055 4222 cacnnhiis,
2088 4160 2180 4213 sed
2202 4165 2256 4212 et
2277 4157 2434 4224 vulgo
2459 4157 2510 4208 in
2535 4155 2808 4209 nonnullis
2828 4160 3128 4225 provinciis
3157 4177 3219 4216 ac
3246 4165 3382 4223 diae-

1773 4231 2010 4300 cesibus,
2044 4239 2101 4282 ut
2128 4231 2178 4283 in
2203 4227 2521 4300 Ahrincensi
2557 4267 2572 4291 ,
2633 4226 2686 4300 in
2740 4226 3043 4300 Yascitania
3075 4243 3132 4288 et
3171 4235 3225 4290 in
3275 4237 3380 4292 Bc-

1773 4317 1978 4355 nearno
1998 4298 2129 4370 'crga
2162 4309 2405 4353 mortuos
2424 4299 2609 4370 laicos.
2644 4299 2718 4353 De
2749 4298 2832 4354 his
2857 4303 3004 4368 plura
3023 4303 3381 4367 disseruimus

1773 4372 1825 4426 in
1853 4369 2132 4426 [litterario
2179 4380 2363 4424 nostro
2401 4369 2668 4434 liturgicn,
2717 4371 2910 4438 gallicc
2949 4374 3116 4440 edito,
3158 4377 3380 4436 Parisiis

75 4447 192 4502 deat
222 4448 447 4502 tutelam
476 4447 538 4501 de
561 4449 624 4500 iis
662 4440 900 4517 sperare,
934 4440 1057 4526 quos
1085 4440 1138 4498 tu
1165 4445 1274 4514 ipse
1312 4440 1484 4526 tueris.
1510 4440 1668 4526 Smpe
1694 4465 1745 4524 D
1771 4458 1912 4526 anno
1948 4443 2102 4524 l718.
2141 4443 2215 4525 Ita
2244 4441 2481 4526 Joannes
2507 4456 2580 4526 LE
2606 4440 2774 4526 Bittis.

71 4535 304 4588 sperare,
347 4529 594 4589 spectare,
643 4515 906 4589 eaipectare
931 4515 1002 4589 in
1045 4531 1174 4589 mss.
1207 4515 1461 4569 confundi
1493 4517 1666 4589 docui

73 4586 137 4644 ad
161 4586 427 4658 apum,
448 4604 564 4659 cap.
585 4589 672 4644 διε
693 4587 768 4642 Ab
787 4588 864 4642 his
886 4587 1092 4658 aliquod
1105 4602 1328 4659 sperare
1350 4586 1670 4659 praesidium.

66 4661 152 4716 Ad
196 4657 316 4716 rem
344 4657 691 4716 ConlfLact.
724 4659 785 4714 L.
826 4676 879 4713 v.
910 4657 1028 4728 cap.
1055 4657 1152 4713 2οῖ
1193 4669 1248 4714 et
1290 4657 1485 4713 Justin.
1516 4657 1670 4713 Mart.

65 4732 234 4804 Apol.
267 4732 300 4786 ι
327 4743 458 4787 sect.
490 4732 544 4799 9,
573 4731 663 4785 ﬁn.
689 4740 744 4787 et
765 4739 876 4785 not.
907 4729 1110 4785 Grahii.
1162 4729 1291 4804 Bus_.

145 4806 284 4870 Qum
335 4805 462 4858 tueri
506 4805 773 4873 semetipsa
818 4819 920 4856 non
980 4811 1208 4870 possunt.
1253 4801 1342 4873 Sic
1371 4815 1498 4873 mss.
1537 4799 1674 4854 anti-

62 4877 300 4945 quiores
323 4885 375 4930 et
397 4875 644 4945 meliores
664 4872 787 4929 eum
809 4873 1058 4929 omnibus
1077 4873 1254 4945 editis.
1274 4872 1472 4942 Scripti
1489 4885 1676 4945 recen-

62 4943 246 5002 tiores
278 4946 318 5000 2
343 4946 514 5017 Regii,
543 4949 575 5002 4
603 4944 867 5014 Colbert.,
900 4945 1048 5012 Em.,
1075 4943 1267 5012 Brnn.,
1307 4959 1420 5015 quae
1462 4943 1593 4997 tueri
1623 4958 1677 4997 se

61 5019 226 5074 nullo
256 5019 410 5072 modo
439 5027 668 5089 possunt.

145 5091 372 5143 Ad.....
423 5086 662 5159 prwsidia
731 5089 1027 5159 decurrere.
1071 5086 1141 5143 Ut
1207 5103 1500 5141 succurrere
1531 5129 1546 5153 ,
1593 5094 1678 5141 est

61 5177 241 5232 Opem
299 5158 462 5226 terre,
516 5161 594 5215 sic
642 5160 908 5232 decurrere
961 5158 1029 5212 ad
1087 5159 1360 5232 prtesidia,
1380 5169 1464 5232 est
1492 5174 1674 5232 opem,

58 5229 342 5288 auxilium
377 5233 678 5300 implorare.
709 5231 768 5285 L.
802 5247 860 5299 tt,
892 5245 941 5286 c.
975 5232 1062 5293 M,
1087 5229 1122 5282 l.
1151 5246 1229 5295 vr,
1261 5244 1309 5284 c.
1340 5229 1429 5294 10,
1469 5229 1671 5300 jungit:

59 5305 139 5358 ad
185 5304 324 5356 alios
360 5303 658 5368 decurrisse,
703 5301 997 5372 prasidium
1037 5301 1355 5370 implorasse.
1391 5301 1522 5355 BUN.

153 5373 423 5428 Excolunt
477 5385 523 5428 et
568 5371 835 5428 exornant.
879 5371 1056 5428 Unum
1133 5373 1359 5427 alterum
1412 5371 1673 5441 explicat.

62 5446 207 5502 Vid.
281 5454 393 5500 not.
455 5445 508 5499 6.
577 5461 697 5514 cap.
742 5446 831 5506 15,
879 5444 971 5498 ubi
1019 5443 1100 5498 bis
1134 5485 1148 5508 ,
1199 5442 1476 5498 simulacra
1526 5459 1679 5497 exco-

64 5521 207 5573 lere.
281 5515 374 5571 Sic
421 5516 720 5588 Cyprianus
789 5517 826 5588 l.
890 5531 948 5588 tt,
1007 5530 1093 5584 ep.
1137 5515 1172 5568 2
1220 5515 1286 5569 ad
1353 5515 1675 5588 Donatum:

63 5592 258 5656 Quum
288 5586 524 5642 scieris'te
538 5603 642 5642 esse
665 5586 1014 5642 excolendum
1033 5587 1219 5658 magis,
1240 5595 1286 5641 te
1301 5587 1466 5656 potius
1489 5601 1678 5640 ornan-

61 5663 228 5716 dum.
266 5658 404 5713 BUN.

149 5729 292 5785 Pari
328 5730 463 5784 enim
501 5731 696 5784 ratione
742 5731 1095 5800 defunctorum
1141 5745 1361 5798 corpora
1411 5728 1676 5800 odoribus,

60 5814 187 5864 etc.
230 5800 529 5858 Uncturam
562 5798 892 5857 mortuorum
920 5801 973 5858 in
1005 5816 1104 5857 usu
1135 5800 1298 5857 fuisse
1334 5799 1496 5855 etiam
1538 5798 1680 5871 apud

1847 4516 1918 4568 Ac
1969 4515 2201 4582 pretiosis
2246 4513 2480 4566 vestibus.
2544 4511 2790 4582 vestibus
2833 4514 2991 4566 etiam
3043 4525 3379 4574 mortuorum

1775 4581 2004 4654 corpora
2028 4585 2321 4640 induebant
2351 4582 2560 4651 pagani.
2580 4581 2748 4654 Quem
2770 4597 2973 4637 morem
3001 4585 3145 4639 salse
3167 4587 3378 4646 deridet

1775 4651 2044 4712 Lucianus
2060 4657 2127 4711 de
2145 4658 2306 4719 luctu,
2327 4654 2571 4724 alludens
2587 4651 2651 4724 ad
2677 4661 2919 4724 veterum
2934 4659 3372 4724 superstitiOnem

1776 4728 2198 4783 existimantium
2225 4736 2465 4797 mortuos
2487 4723 2538 4777 in
2564 4722 2748 4797 inferis
2772 4739 2949 4797 rigere
2975 4722 3178 4797 absque
3211 4734 3382 4787 vesti-

1775 4800 1896 4862 bus,
1929 4812 1983 4853 et
2019 4800 2214 4868 frigore
2252 4794 2480 4868 confici;
2526 4792 2628 4868 sed
2651 4863 2660 4868 Α
2681 4803 2734 4845 et
2768 4792 3103 4868 ilerndotus
3135 4800 3286 4857 Musa
3318 4820 3371 4858 v.

1777 4870 1902 4926 Haec
1930 4862 2478 4936 erartt'ercnlorum
2507 4862 2719 4917 deliria.
2766 4863 2898 4919 Nam
2927 4867 3175 4936 Romani,
3213 4884 3269 4928 ut
3307 4892 3376 4930 ex

1778 4941 2124 5009 sequentibus
2159 4935 2380 5006 patebit,
2412 4934 2740 4987 aliovorsum
2789 4934 3171 5008 respexerunt,
3208 4948 3378 5001 vesti.

1776 5012 2254 5085 businvolventes
2296 5015 2557 5085 mortuos,
2604 5019 2831 5085 quorum
2883 5023 3227 5085 communem
3277 5032 3375 5085 per

1778 5083 1944 5138 totam
1973 5083 2108 5136 adeo
2137 5081 2340 5134 Italiam
2363 5074 2810 5132 amictuml‘uisse
2841 5087 3040 5149 togam,
3070 5081 3252 5139 docuit
3275 5074 3374 5143 hos

1777 5155 2049 5210 Juvenalis
2076 5154 2265 5223 Satyra
2290 5151 2324 5204 ’5
2351 5168 2363 5203 :

1873 5270 1996 5332 ljars
2014 5281 2188 5330 magna
2206 5265 2385 5328 Italite,
2407 5265 2450 5332 si
2472 5276 2645 5332 verum
2670 5263 2998 5330 admittimus,
3025 5267 3073 5316 in
3090 5281 3187 5332 qua

1871 5331 2026 5382 Nemo
2051 5327 2214 5392 togam
2239 5327 2385 5378 sumit
2405 5327 2497 5378 nisi
2523 5335 2762 5378 mortuus.

1780 5436 1851 5493 Et
1879 5434 2153 5498 Martialis,
2189 5433 2279 5488 lib.
2315 5449 2391 5499 ιχ,
2423 5432 2701 5503 Epigram.
2736 5433 2838 5500 58,

1904 5547 1967 5598 Et
1990 5545 2178 5610 pallens
2201 5553 2315 5609 toga
2333 5549 2512 5597 mortui
2538 5547 2754 5598 tribulis.

1782 5653 2062 5723 Apuleius,
2097 5650 2189 5725 lib.
2222 5666 2238 5704 ι
2276 5649 2506 5725 Florida
2541 5650 2681 5704 Nam
2714 5652 2819 5706 illic
2835 5670 3033 5725 quoque
3058 5656 3252 5711 viderat
3281 5664 3378 5715 ho-

1781 5727 1970 5804 minem
1997 5724 2299 5804 prwsidere,
2341 5723 2595 5804 hominem
2636 5723 2954 5804 depugnare,
2986 5737 3154 5798 togam
3185 5747 3378 5804 quoque

1784 5795 1961 5867 parari
1987 5805 2033 5849 et
2061 5803 2172 5849 voto
2203 5804 2250 5850 ct
2274 5794 2474 5865 funeri;
2503 5794 2622 5848 item
2648 5796 2807 5864 pallio
2837 5794 3085 5854 cadavera
3116 5794 3305 5872 operiri
3336 5817 3385 5866 et
