3790 6274
350 330 464 386 Ξῖὕ

1447 327 1633 384 FIRM.
1677 325 2015 384 LACTANT.
2063 328 2261 385 DlVlN.
2296 328 2536 386 lNSTlT.

3570 331 3677 384 E76

423 445 563 514 Quid
592 445 752 501 Caius
789 442 1022 499 Verres?
1051 457 1211 513 quem
1239 443 1466 509 Tullius,
1496 452 1781 498 accusator
1809 444 1945 512 ejus,
1979 446 2026 506 Α
2056 444 2232 499 Marce
2247 443 2409 508 Tulli,
2437 444 2540 500 hoc
2561 451 2662 510 est,
2683 444 2748 500 ad
2769 445 3064 510 hominem,
3090 446 3254 503 Siculi
3277 447 3673 518 confugerunt;

352 541 530 596 eidem
562 539 835 610 Dionysio,
867 545 922 591 et
974 535 1266 604 Phalaridi,
1296 547 1351 592 et
1403 537 1667 608 tyrannis,
1699 539 1950 592 omnibus

352 643 650 704 comparat.
682 631 868 685 Nonne
895 645 1110 686 omnem
1143 629 1381 685 Siciliam
1409 630 1742 699 compilavit,
1768 630 1948 685 subla-

351 727 423 782 tis
469 725 698 780 deorum
752 722 1099 788 simulacris,
1173 724 1613 793 ornamentisque
1669 721 1952 776 fanorum?

352 819 596 875 Otiosum
623 823 708 871 est
729 815 979 886 persequi
1002 815 1230 885 singula.
1259 814 1437 872 Unum
1472 817 1602 871 libet
1627 830 1953 870 commemo-

347 924 474 967 rare
498 908 652 978 (Vid.
712 907 910 962 Verria.
940 905 1015 980 ιν)
1048 908 1101 961 in
1129 923 1234 977 quo
1257 917 1539 962 accusator
1567 907 1816 962 omnibus
1838 907 1952 962 elo-

349 1002 588 1073 quentia:
618 1001 842 1064 viribus,
878 1000 1024 1056 omni
1054 1001 1288 1072 denique
1309 1010 1508 1057 conatu
1536 1001 1686 1057 vocis
1725 1010 1779 1055 et
1824 1016 1945 1056 cor-

347 1096 500 1167 poris
523 1095 847 1164 deploravit,
878 1095 947 1150 de
971 1095 1174 1151 Cerere
1197 1095 1496 1161 Catinensi,
1548 1096 1632 1150 vel
1664 1095 1905 1151 Ennensi
1934 1115 1948 1160 ;

350 1200 578 1257 quarum
601 1185 822 1240 alterius
853 1193 997 1240 tanta
1021 1185 1120 1240 fuit
1144 1187 1354 1256 religio,
1375 1196 1433 1241 ut
1458 1186 1607 1242 adire
1631 1187 1816 1257 templi
1837 1187 1952 1256 ejus

351 1289 559 1334 secreta
582 1278 887 1348 penetralia
917 1279 1048 1334 viris
1075 1279 1224 1335 nefas
1265 1289 1441 1347 esset;
1473 1281 1696 1337 alterius
1716 1282 1947 1352 antiqui-

349 1378 434 1425 tas
460 1379 628 1433 tanta,
657 1381 715 1426 ut
741 1386 932 1428 omnes
984 1372 1221 1428 historiae
1279 1373 1566 1444 loquantur
1595 1374 1764 1444 ipsam
1793 1371 1949 1429 deam

347 1465 532 1535 fruges
546 1465 601 1518 in
628 1465 794 1520 Ennae
818 1467 933 1522 solo
951 1467 1181 1536 primum
1210 1469 1503 1538 reperisse,
1535 1469 1807 1542 filiamque
1835 1470 1952 1538 ejus

348 1558 613 1627 virginem
641 1573 707 1614 ex
737 1558 928 1614 eodem
961 1558 1083 1614 loco
1099 1568 1329 1630 raptam.
1363 1561 1604 1632 Denique
1621 1561 1953 1617 Gracchanis

349 1651 707 1719 temporibus,
740 1651 949 1706 turbata
980 1652 1252 1723 republica
1280 1661 1336 1708 et
1381 1653 1737 1709 seditionibus
1769 1665 1821 1709 et
1865 1669 1954 1709 os-

351 1742 533 1811 tentis,
564 1756 687 1798 cum
721 1753 992 1813 repertum
1035 1754 1179 1800 esset
1208 1745 1258 1799 in
1291 1747 1620 1801 carminibus
1673 1746 1951 1818 Sibyllinis

2055 535 2306 604 quoniam
2331 534 2565 592 triennio
2595 538 2940 606 suntexperti
2970 537 3102 592 deos
3128 538 3248 592 illos
3271 538 3405 593 nihil
3458 537 3674 593 valere.

2054 629 2253 684 Essent
2281 630 2424 684 enim
2454 629 2778 694 stultissimi,
2804 631 2846 685 si
2867 631 2932 686 ad
2961 645 3056 686 eos
3087 631 3156 686 ob
3186 631 3570 687 defendendas
3594 633 3677 686 in-

2050 719 2222 790 jurias
2255 720 2530 776 hominum
2557 721 2944 791 confugissent,
2971 724 3059 792 qui
3090 721 3218 777 Caio
3241 722 3395 778 Verri
3431 739 3536 778 nec
3575 739 3675 793 pro

2058 813 2258 880 seipsis
2279 811 2400 866 irati
2429 828 2552 868 esse
2576 821 2885 884 potuerunt.
2922 816 2990 869 At
3036 816 3180 869 enim
3220 813 3420 871 Verres
3449 817 3523 871 ob
3559 818 3675 872 haec

2055 903 2296 961 facinora
2337 908 2624 962 damnatus
2649 917 2750 963 est.
2785 907 2903 963 Non
2933 923 3062 979 ergo
3105 908 3177 962 dil
3229 909 3669 976 vindicaverunt,

2056 1001 2149 1056 sed
2182 1001 2456 1057 Ciceronis
2485 1001 2770 1069 industria,
2792 1018 2894 1072 qua
2926 1004 3012 1058 vel
3065 1002 3381 1058 defensores
3427 1003 3553 1074 ejus
3577 1019 3674 1074 op-

2055 1094 2269 1163 pressit,
2303 1094 2386 1149 vel
2431 1095 2618 1164 gratite
2648 1094 2865 1149 restitit.
2900 1093 3059 1163 Quid,
3113 1094 3260 1165 quod
3304 1095 3448 1166 apud
3487 1097 3669 1166 ipsum

2056 1187 2279 1244 Verrem
2305 1204 2412 1244 non
2446 1187 2543 1243 fuit
2565 1189 2653 1243 illa
2682 1189 2979 1255 damnatio,
3010 1190 3104 1244 sed
3132 1189 3370 1245 vacatio?
3401 1199 3668 1261 utquem-

2055 1280 2348 1336 admodum
2400 1281 2658 1353 Dionysio
2711 1280 2936 1335 deorum
2979 1281 3150 1349 spolia
3198 1279 3432 1351 gestanti
3460 1281 3539 1335 dii
3575 1281 3672 1334 im-

2055 1374 2312 1428 mortales
2341 1374 2536 1430 bonam
2581 1374 2844 1429 dederant
2894 1373 3314 1443 navigationem,
3366 1374 3448 1428 sic
3499 1373 3668 1429 etiam

2057 1466 2214 1522 Verri
2241 1467 2439 1522 bonam
2469 1469 2704 1538 quietem
2736 1468 2992 1523 tribuisse
3020 1468 3323 1535 videantur,
3352 1467 3404 1522 in
3448 1483 3560 1539 qua
3589 1485 3669 1522 sa-

2056 1558 2294 1630 crilegiis
2323 1561 2436 1614 suis
2451 1561 2741 1631 tranquille
2771 1560 2872 1615 frui
2904 1571 3108 1630 posset.
3141 1560 3275 1615 Nam
3304 1560 3668 1616 frementibus
3693 1594 3723 1629 ._

2056 1661 2242 1722 postea
2273 1653 2521 1708 civilibus
2566 1653 2746 1720 bellis,
2795 1653 2894 1708 sub
2933 1652 3156 1709 obtentu
3206 1653 3580 1708 damnationis
3607 1644 3730 1710 ab

2057 1749 2206 1802 omni
2232 1747 2475 1817 periculo
2500 1757 2554 1803 et
2575 1758 2720 1802 metu
2743 1757 3008 1811 remotus,
3037 1747 3266 1802 aliorum
3289 1762 3486 1817 graves
3508 1762 3667 1801 casus

349 1833 781 1904 antiquissimam
821 1833 1074 1890 Cererem
1105 1835 1306 1892 debere
1345 1837 1567 1907 placari,
1615 1838 1772 1908 legati
1823 1847 1946 1892 sunt
1977 1841 2023 1900 B
2051 1849 2106 1896 et
2131 1841 2469 1897 miserabiles
2498 1840 2674 1897 exitus
2709 1839 2981 1906 audiebat,
3014 1849 3067 1895 et
3085 1839 3173 1910 qui
3201 1838 3470 1894 cecidisse
3519 1840 3666 1894 solus

349 1925 562 1981 Ennam
595 1927 764 1982 missi.
801 1928 927 1982 Haac
984 1929 1142 1999 igitur
1168 1930 1333 1985 Ceres
1379 1932 1462 1986 vel
1511 1931 1944 2002 religiosissima,

352 2033 512 2088 quam
586 2019 766 2076 videre
819 2021 1057 2076 maribus
1115 2038 1183 2078 ne
1235 2023 1493 2080 adorandi
1545 2025 1763 2095 quidem
1825 2041 1947 2095 gra-

349 2114 424 2167 tia
474 2113 689 2177 licebat,
736 2115 819 2169 vel
885 2116 1293 2185 antiquissima,
1348 2132 1508 2187 quam
1563 2117 1793 2173 Senatus
1844 2117 1950 2170 Po-

347 2206 616 2277 pulusque
673 2208 945 2264 Romanus
982 2209 1262 2266 sacrificiis
1314 2211 1576 2282 donisque
1622 2212 1946 2279 placaverat,

349 2316 416 2355 ex
470 2301 680 2356 arcanis
728 2311 783 2356 et
835 2304 1059 2357 vetustis
1114 2303 1509 2374 penetralibus,
1541 2304 1726 2361 aCaio
1763 2305 1946 2369 Verre,

349 2392 611 2447 immissis
676 2393 971 2448 latronibus
1037 2397 1252 2462 servis,
1320 2397 1536 2466 impune
1583 2396 1788 2451 sublata
1847 2406 1947 2452 est.

350 2482 498 2539 Idem
551 2500 680 2539 vero
731 2501 851 2540 cum
894 2486 1190 2541 affirmaret
1236 2503 1294 2542 se
1342 2504 1370 2542 a
1425 2489 1660 2554 Siculis,
1712 2499 1768 2543 ut
1819 2505 1949 2544 cau-

350 2589 466 2630 sam
507 2577 798 2645 provincire
840 2577 1156 2646 susciperet,
1207 2585 1438 2644 oratum,
1495 2580 1578 2633 his
1625 2581 1803 2636 verbis
1825 2595 1952 2635 usus

352 2674 476 2722 est:
511 2684 528 2724 ς
566 2666 700 2728 Sese
723 2667 834 2737 jam
880 2685 947 2723 ne
977 2668 1110 2724 deos
1136 2670 1352 2740 quidem
1387 2672 1437 2728 in
1468 2672 1579 2727 suis
1606 2672 1848 2738 urbibus,
1884 2673 1952 2728 ad

352 2773 489 2830 quos
533 2761 907 2831 confugerent,
963 2761 1189 2828 habere;
1247 2763 1393 2833 quod
1433 2779 1622 2820 eorum
1667 2766 1950 2822 simulacra

353 2852 692 2908 sanctissima
717 2852 776 2908 C.
812 2853 1008 2910 Verres
1029 2871 1097 2910 ex
1122 2855 1362 2912 delubris
1383 2848 1808 2928 religiosissimis
1835 2873 1953 2915 sus-

351 2945 600 3000 tulisset:
641 2965 660 3000 ι
691 2947 842 3016 quasi
870 2963 998 3002 vero
1017 2949 1061 3003 si
1093 2947 1288 3006 Verres
1316 2965 1382 3005 ex
1412 2951 1634 3006 urbibus
1688 2950 1954 3012 delubris-

357 3051 459 3104 que
481 3038 796 3104 sustulerat,
823 3039 893 3092 de
930 3040 1071 3094 casio
1093 3056 1305 3110 quoque
1327 3042 1638 3096 sustulerat.
1667 3040 1824 3099 Unde
1849 3059 1948 3114 ap-

354 3139 509 3196 paret
564 3130 694 3190 istos
725 3130 867 3202 deos,
899 3131 1028 3184 nihil
1069 3131 1264 3186 habere
1308 3135 1358 3186 in
1415 3148 1474 3188 se
1510 3135 1742 3204 amplius
1793 3151 1951 3206 quam

2063 1931 2332 1987 universis
2385 1931 2654 1987 stantibus
2709 1930 3026 1994 videbatur,
3094 1929 3140 1984 is
3207 1944 3336 1984 vero
3389 1931 3662 1985 universis

2061 2023 2374 2079 cadentibus
2418 2025 2567 2078 solus
2633 2023 2823 2089 stetit,
2887 2020 3058 2078 donec
3122 2022 3273 2077 illum
3341 2031 3396 2077 et
3473 2023 3666 2093 opibus

2061 2118 2343 2188 sacrilegio
2390 2119 2556 2187 partis
2603 2125 2658 2172 et
2724 2118 2829 2171 vita
2887 2117 3178 2182 satiatum,
3250 2131 3314 2172 ac
3386 2126 3665 2172 senectute

2062 2207 2392 2272 confectum,
2419 2207 2744 2278 proscriptio
2767 2208 3115 2263 triumviralis
3161 2207 3423 2273 auferret,
3477 2208 3662 2264 eadem

2063 2301 2270 2357 scilicet
2290 2315 2410 2370 quae
2431 2299 2664 2354 Tullium
2692 2299 2902 2354 violatae
2929 2299 3156 2354 deorum
3186 2299 3489 2369 majestatis
3518 2300 3660 2354 ulto-

2061 2409 2196 2449 rem.
2228 2394 2365 2460 Quin
2396 2393 2555 2446 etiam
2583 2393 2705 2447 felix
2739 2392 2790 2445 in
2807 2405 2872 2447 eo
2895 2390 3152 2462 ipso;fult,
3178 2391 3319 2461 quod
3350 2401 3480 2447 ante
3509 2408 3657 2447 suam

2062 2494 2290 2540 mortem
2319 2484 2748 2539 crudelissimum
2777 2485 2981 2538 exitum
3011 2485 3092 2538 sui
3143 2484 3480 2539 accusatoris
3521 2487 3661 2540 audi

2061 2576 2136 2630 vit
2153 2593 2166 2639 ;
2183 2576 2284 2629 diis
2301 2575 2556 2630 videlicet
2572 2574 3063 2645 providentibus,ut
3081 2575 3377 2645 sacrilegus
3405 2591 3472 2631 ac
3489 2578 3661 2646 praedo

2060 2669 2151 2725 ille
2181 2669 2498 2739 religionum
2549 2684 2792 2734 suarum,
2850 2684 2954 2728 non
2987 2678 3117 2724 ante
3145 2679 3453 2730 moreretur
3506 2685 3656 2740 quam

2062 2763 2313 2818 solatium
2341 2762 2409 2818 de
2432 2763 2633 2820 ultione
2655 2765 2907 2832 cepisset.

2679 2852 2911 2910 CAPUT
2974 2854 3037 2911 V.

2065 2947 2216 3015 Quod
2244 2946 2381 3002 solus
2402 2946 2627 3002 omnium
2657 2955 2852 3001 creator
2874 2945 3016 3004 Deus
3037 2955 3108 3002 est
3133 2948 3393 3015 colendus,
3421 2967 3522 3005 non
3551 2967 3657 3006 vero

2132 3041 2394 3105 elementa,
2423 3057 2512 3094 nec
2534 3057 2751 3111 corpora
2769 3040 2990 3095 cwlestia
3015 3060 3028 3095 :
3055 3037 3433 3113 Refellit'urque
3463 3043 3660 3100 Stoico-

2134 3151 2247 3190 rum
2271 3135 2540 3200 sententia,
2567 3136 2652 3205 qui
2681 3135 2858 3192 stellas
2887 3144 2934 3189 et
2962 3145 3104 3189 astra
3138 3136 3256 3190 deos
3282 3148 3486 3207 putant.

359 3221 640 3276 materiam
671 3221 739 3277 de
757 3237 860 3292 qua
883 3232 1010 3280 sunt
1039 3225 1302 3284 fabricati.
1332 3225 1440 3280 Nec
1475 3226 1742 3284 immerito
1771 3229 1837 3284 ad
1880 3239 1951 3297 te,
1983 3221 2029 3285 C
2131 3229 2346 3297 Quanto
2370 3228 2531 3298 igitur
2556 3229 2758 3284 rectius
2787 3241 2890 3296 est,
2921 3230 3136 3286 omissis
3165 3231 3572 3291 insensibilibus
3603 3247 3650 3290 et

1721 3415 2074 3474 VARIOllUM
2113 3416 2342 3473 NOTAE.

429 3574 726 3630 Accusator.
756 3573 869 3630 Cic.
893 3575 943 3631 in
965 3574 1148 3638 Verr..
1185 3585 1288 3636 act.
1322 3593 1394 3642 vr,
1425 3577 1476 3632 in
1505 3577 1628 3634 fine.

433 3666 708 3722 Catinensi.
744 3668 818 3722 Ita
859 3670 1076 3736 reposui
1129 3685 1194 3727 ex
1225 3685 1356 3728 mss.
1406 3673 1702 3734 codicibus,
1749 3687 1804 3730 et
1843 3685 1949 3730 vet.

361 3737 704 3816 edi_tis__llom.
737 3739 894 3816 illini},
932 3741 1088 3796 M70.
1130 3741 1341 3816 _l)icitur
1386 3744 1546 3816 etiam
1601 3760 1627 3797 a
1657 3745 1955 3816 Pomponio

357 3809 492 3864 Mela
517 3810 735 3874 Catina;
765 3827 792 3866 a
821 3811 1083 3867 Cicerone
1117 3811 1299 3867 Catina
1328 3815 1412 3868 vel
1442 3811 1644 3876 Catina.
1674 3809 1852 3872 ποι.ἰί
1902 3819 1953 3872 ἱη

361 3881 587 3935 Verrem
619 3883 668 3934 in
700 3884 834 3944 line;
865 3892 919 3936 et
941 3884 1071 3937 Silio
1095 3884 1186 3938 lib.
1217 3901 1330 3940 xm.
1385 3885 1528 3941 Multi
1583 3889 1710 3941 editi
1755 3888 1956 3943 habent

361 3950 653 4006 Catanensi.
677 3951 859 4006 Catina
885 3969 1012 4008 vero
1058 3969 1196 4008 nunc
1245 3966 1324 4010 est
1371 3957 1566 4011 Catena
1604 3958 1670 4012 ad
1719 3960 1952 4015 radicem

363 4021 543 4100 Aitnrc
589 4023 810 4100 montis,
841 4039 870 4077 a
899 4025 1057 4100 cujus
1090 4027 1512 4098 conflagratione
1539 4030 1762 4084 multum
1798 4046 1953 4100 passa

363 4102 448 4147 est
477 4092 560 4147 his
583 4094 784 4149 ultimis
813 4092 1163 4166 tempOribus.

439 4185 685 4258 Ennensi.
716 4184 882 4254 "Em,
931 4189 1102 4253 Enna,
1147 4191 1276 4245 urbs
1309 4192 1357 4244 in
1391 4191 1691 4245 meditullio
1739 4191 1959 4258 Sicilim,

366 4255 526 4312 etiam
555 4256 834 4313 Strabonis
856 4269 911 4314 et
955 4261 1103 4315 Melae
1154 4263 1496 4327 testimoniis,
1556 4261 1770 4316 Cereris
1814 4255 1960 4318 cultu

365 4327 596 4400 nobilis:
615 4329 703 4382 Sic
721 4331 878 4384 etiam
895 4332 1035 4400 apud
1055 4333 1408 4388 Claudianum
1430 4344 1483 4389 et
1505 4333 1694 4389 Silium
1717 4333 1962 4390 Italicum

365 4398 531 4453 Ceres
557 4399 740 4455 Ennea
774 4398 1094 4457 nominatur.

2061 3589 2145 3634 est
2176 3578 2454 3632 sustulerit.
2479 3578 2536 3632 In
2568 3579 2633 3631 12
2660 3577 3151 3648 impresslslegitur
3181 3579 3491 3634 sustulisset.

2138 3651 2215 3702 Ad
2245 3660 2309 3714 te,
2343 3649 2516 3704 Marce
2540 3649 2702 3722 Tulli,
2734 3649 2945 3722 Itocgest,
2964 3653 3032 3722 ad
3051 3651 3323 3705 hominem.
3353 3651 3442 3707 Sic
3475 3653 3656 3722 legitur

2065 3721 2115 3774 in
2149 3722 2384 3794 antiquis
2413 3737 2542 3794 mss.
2569 3721 2798 3794 Bonum;
2827 3720 2880 3773 in
2913 3720 3420 3794 editisquilmsdam
3456 3720 3656 3794 legeba-

2064 3801 2150 3845 tur
2181 3811 2193 3847 :
2226 3792 2305 3844 Ad
2327 3803 2391 3855 te,
2423 3792 2596 3845 Marce
2615 3791 2776 3855 Tulli,
2808 3795 2903 3844 hoc
2929 3793 3089 3844 estad
3117 3795 3342 3859 teipsum
3377 3791 3651 3858 hominem,

2062 3864 2204 3932 quod
2229 3865 2404 3917 minus
2436 3873 2580 3918 recte
2613 3872 2695 3917 est
2719 3871 2935 3933 propter
2985 3864 3228 3918 inutilem
3262 3867 3652 3935 repetitionem,

2064 3943 2121 3987 ut
2151 3943 2332 3988 monet
2361 3935 2704 3988 Tltomasius.

2138 4031 2444 4085 Potuerunt.
2475 4031 2549 4084 lta
2582 4030 2790 4085 τεθειιὶιυί
2833 4046 2898 4086 ex
2928 4046 3056 4084 mss.
3106 4031 3362 4086 omnibus
3403 4042 3458 4088 et
3509 4033 3656 4088 editis

2065 4102 2223 4156 Rom.
2255 4102 2408 4156 H70.
2443 4101 2640 4167 Paris.,
2664 4099 2834 4165 Crat.,
2887 4102 3078 4165 Torn.,
3115 4102 3413 4165 Soubron.,
3464 4102 3652 4158 Ccllar.

2064 4173 2121 4228 In
2152 4173 2272 4227 Ald.
2305 4174 2464 4238 1515,
2494 4181 2597 4240 est,
2624 4182 2897 4241 poterunt;
2922 4175 2972 4226 in
2999 4173 3211 4228 caneris
3239 4176 3494 4245 vulgatis,
3525 4188 3651 4246 pote-

2067 4254 2203 4298 rant.

2141 4334 2426 4388 Damnatus
2454 4343 2543 4388 est.
2577 4333 3002 4404 Quadragenties
3029 4335 3170 4390 enim
3198 4339 3511 4392 sestertium
3537 4339 3655 4393 abs-

2069 4407 2285 4470 tulerat,
2304 4405 2655 4469 testeCicer.,
2677 4406 2844 4473 Plut.,
2870 4418 3110 4467 auctore,
3130 4408 3424 4477 interprete
3448 4410 3653 4474 Budaco,

439 4490 660 4546 Alterius
691 4501 832 4545 tanta
863 4495 960 4561 fuit
989 4494 1185 4565 religio.
1219 4495 1473 4560 Alterius,
1503 4493 1837 4551 Catanensis.
1888 4497 1962 4554 De
1990 4509 2040 4568 ι)
2069 4477 2248 4532 "mes
2279 4480 2620 4568 δεδίθτ,¹ί¹¹¹¹¹⁵
2650 4477 2699 4531 id
2723 4487 2832 4568 is"
2889 4480 3224 4568 SFP'S"‘%““‘3
3276 4480 3440 4568 mini“
3473 4498 3655 4568 ἕπεθ’

364 4561 625 4631 religione
649 4563 765 4631 ejus
792 4561 904 4619 Cic.
935 4565 987 4619 d.
1026 4567 1058 4618 Ι.
1085 4561 1208 4636 cap.
1245 4570 1332 4621 45.
1362 4565 1529 4622 CELL.

440 4652 758 4708 Gracchanis
789 4656 1117 4726 temporibus.
1149 4655 1283 4712 Cum
1303 4657 1519 4713 Tiberio
1546 4656 1793 4713 Graccho
1821 4661 1965 4714 occi-

367 4737 449 4798 so,
475 4740 789 4798 magnorum
818 4728 1176 4794 periculorum
1206 4737 1380 4784 metus
1402 4745 1467 4783 ex
1491 4729 1718 4783 ostentis
1747 4739 1963 4798 porten-

368 4794 605 4849 deretur.
639 4797 716 4852 Ex
755 4797 1019 4852 Cicerone
1039 4798 1107 4853 de
1137 4799 1282 4854 Clar.
1308 4815 1386 4854 or.
1422 4816 1471 4856 c.
1500 4801 1592 4855 45.
1626 4794 1864 4856 CELLAn.
1895 4831 1964 4842 —

366 4865 579 4990 Deditis
630 4870 986 4924 seditionibus
1035 4871 1377 4927 Ennensibus
1418 4871 1540 4927 vide
1594 4871 1802 4928 Livium
1862 4875 1966 4929 De-

371 4950 430 4990 ca
481 4979 494 4990 .
527 4952 604 4990 tv.

371 4950 494 4991 080.
527 4952 604 4991 IV.

440 5006 610 5062 Ceres.
643 5009 717 5066 De
745 5009 962 5072 Cereris
992 5011 1136 5066 cultu
1159 5013 1280 5067 vide
1310 5027 1466 5082 supra
1491 5013 1628 5069 libro
1651 5031 1686 5080 ι,
1719 5029 1838 5083 cap.
1868 5015 1960 5070 21.

440 5098 566 5156 Caio
628 5102 798 5172 Verre.
852 5099 1019 5158 Cneio
1069 5103 1328 5172 Pompeio
1359 5105 1586 5172 primum
1617 5115 1673 5159 et
1703 5105 1771 5159 M.
1805 5105 1964 5160 Cras-

370 5186 433 5226 so
454 5173 608 5228 Coss.
633 5171 793 5247 Caius
817 5173 1010 5227 Verres
1030 5171 1336 5241 perfunctus
1360 5171 1650 5244 qua-stum,
1673 5179 1961 5247 legatione,

367 5253 601 5313 praetura
647 5245 873 5308 urbana,
905 5259 1025 5298 cum
1071 5260 1188 5298 eam
1239 5261 1333 5313 per
1362 5248 1647 5301 triennium
1679 5245 1961 5312 tenuisset,

369 5323 530 5384 atque
580 5315 632 5368 in
683 5333 746 5369 ea
780 5315 1286 5390 fuissetlibidinose,
1322 5333 1516 5390 avare,
1565 5319 1964 5390 crudeliterque

367 5395 643 5460 versatusl
657 5385 1073 5460 repetundarum
1107 5402 1282 5460 reuss
1315 5388 1508 5443 Siculis
1535 5391 1833 5460 postulatus
1857 5385 1959 5445 est.

371 5455 567 5510 Extant
612 5456 643 5508 7
673 5455 947 5510 Ciceronis
993 5465 1178 5511 contra
1233 5458 1454 5514 Verrem
1506 5455 1796 5516 orationes.
1855 5463 1963 5518 Sed

369 5527 512 5602 quod
554 5527 620 5579 ad
663 5529 1234 5602 praesensgnegotium
1254 5530 1463 5596 attinet,
1495 5543 1643 5587 sexta
1673 5550 1780 5602 prae.
1803 5542 1966 5589 crete-

367 5598 446 5722 {ils
503 5597 727 5722 legendq
775 5608 876 5652 εει.
911 5598 1176 5655 Scribitur
1223 5601 1444 5657 historia
1495 5597 1719 5659 etiam'a
1750 5605 1964 5661 Valerio

394 5684 404 5720 ι
452 5683 525 5722 .t.
559 5681 676 5722 can.
745 5708 756 5720 .

394 5681 463 5722 ID.
489 5683 525 5733 ι,
559 5681 676 5736 cap.
705 5681 756 5722 1.

441 5762 520 5834 De
548 5765 672 5819 coelo
700 5783 895 5834 quoque
929 5769 1218 5824 sustulerat.
1251 5769 1342 5827 Sic
1366 5771 1575 5826 restitui
1603 5787 1672 5827 ex
1697 5773 1966 5829 veteribus

366 5832 544 5900 editis,
567 5832 882 5908 cunctisque
903 5855 1032 5896 mss.
1065 5840 1285 5911 dempto
1338 5856 1444 5896 uno
1492 5840 1827 5911 Colbertino,
1876 5846 1962 5900 cui

2068 4565 2187 4602 rum
2242 4558 2661 4614 coronatorum,
2715 4559 3060 4618 compntante
3121 4549 3310 4606 eodem
3374 4550 3592 4607 Budzeo.

2144 4639 2260 4704 Qua
2315 4639 2391 4694 vel
2446 4639 2757 4711 defensores.
2806 4639 2901 4711 Ms.
2960 4640 3136 4694 tBon.
3205 4643 3376 4711 antiq.
3427 4653 3481 4697 et
3531 4643 3652 4698 edit.

2068 4709 2306 4785 Walclt.,
2341 4709 2638 4785 quaealia".
2671 4720 2725 4765 et
2753 4709 2840 4785 ed.
2858 4712 3007 4785 ΑΜ.
3031 4712 3224 4776 I’aris.,
3249 4709 3480 4784 Graphq
3503 4717 3652 4785 quia;

2069 4783 2195 4837 edit.
2223 4781 2380 4836 Rom.
2411 4781 2569 4846 1468,
2601 4797 2703 4847 qua
2731 4782 2808 4834 vel
2832 4782 3246 4852 deprehensores.

2144 4875 2244 4940 Qui
2266 4875 2522 4951 cecidisse.
2559 4875 2633 4951 De
2682 4875 3080 4951 triumvirorum
3111 4880 3507 4951 proscriptione
3550 4882 3657 4951 lege

2070 4945 2298 5018 Eutrop.
2327 4947 2419 5000 lib.
2452 4962 2542 5012 vn;
2586 4947 2879 5018 Appianum
2911 4949 3002 5002 lib.
3038 4945 3284 5017 tv;'Plnt.
3322 4945 3375 5006 in
3409 4945 3654 5018 Antonio,

2069 5017 2215 5092 Flor.
2244 5018 2336 5092 lib_.
2358 5033 2439 5092 _1v,
2470 5033 2590 5084 cap.
2624 5017 2866 5092 fi_;70ros1
2900 5019 2992 5075 lil).
3019 5037 3092 5086 vr,
3127 5035 3246 5092 cap.
3280 5023 3370 5089 18;
3408 5024 3655 5079 Velleium

2070 5088 2279 5166 Patere.
2306 5088 2472 5166 _lib_._u
2527 5103 2578 5143 et
2623 5090 2781 5166 alios.
2809 5089 3077 5166 “Nuspiam
3128 5088 3329 5166 tamen.
3358 5088 3515 5165 quod
3568 5111 3658 5166 ego

2070 5159 2260 5234 sciam,
2287 5159 2356 5213 de
2383 5159 2546 5234 Verre
2575 5161 2779 5234 mentio
2802 5161 2878 5215 lit.
2904 5162 3108 5234 Forsan
3135 5165 3184 5218 id
3213 5159 3416 5234 legerat
3443 5159 3658 5223 Laetab-

2073 5232 2176 5284 tius
2205 5232 2254 5284 in
2289 5232 2503 5302 scriptis
2542 5231 2858 5302 quibusdam
2883 5233 3198 5302 deperditis.

2143 5324 2433 5396 Stantibus.
2464 5323 2518 5377 Id
2559 5325 2878 5396 est,isalvis.
2908 5326 3179 5396 Exprimit
3205 5328 3528 5386 Ciceronem
3569 5332 3654 5387 lib.

2068 5410 2123 5466 vi
2171 5395 2235 5448 ad
2271 5395 2457 5449 Famil.
2482 5411 2570 5466 ep.
2596 5395 2650 5450 6.
2681 5395 2956 5451 BUNEHAN.
2986 5395 3058 5438 4—
3099 5399 3359 5456 Universis
3395 5405 3655 5458 stantibus.

2072 5465 2161 5522 Sic
2194 5467 2313 5536 lego
2335 5482 2454 5520 cum
2484 5465 2614 5522 edit.
2649 5468 2836 5526 Torn..
2872 5470 3400 5532 Soubrou.,Walch.
3433 5479 3661 5531 cunctis-

2069 5553 2173 5606 que
2197 5554 2328 5616 mss.
2351 5550 2544 5616 praeter
2569 5539 2604 5590 ‘2
2636 5554 2742 5594 rec.
2781 5541 3062 5610 “eget”
3091 5541 3219 5596 edit.
3254 5545 3306 5598 in
3339 5545 3538 5616 quibus
3565 5559 3659 5611 est,

2070 5609 2301 5663 omnibus
2331 5609 2601 5663 stantibus.

2145 5702 2349 5769 Quanto
2386 5704 2542 5783 igitur
2585 5705 2771 5783 rectius
2815 5717 2904 5761 est.
2934 5707 3058 5783 Mss.
3092 5725 3108 5763 ι
3139 5709 3347 5783 Bonon.
3405 5713 3607 5783 antiq.,
3643 5717 3659 5768 l

2070 5774 2304 5896 C‘IRI'OH‘L
2333 5786 2386 5829 et
2410 5774 2624 5896 Cotton.
2678 5777 2869 5834 habent
2905 5796 2918 5832 :
2957 5778 3156 5844 Quanto
3202 5781 3360 5851 igitur
3410 5774 3668 5840 honestius

2070 5858 2099 5896 ρ
2147 5856 2249 5896 rect
2276 5859 2334 5896 us
2364 5861 2414 5896 es
2443 5879 2455 5896 .

2070 5856 2118 5898 Η
2147 5856 2334 5900 rectius
2364 5856 2455 5900 est.
