3790 6274
4 2639 338 2715 rimanti.»

397 253 504 315 979

1492 251 1674 308 FIMI.
1719 248 2083 307 LACTANTII
2124 248 2329 307 DIVIN.
2370 243 2615 304 INSTIT.

3594 228 3710 287 280

398 377 561 432 valet.
591 372 723 432 Nam
750 374 793 431 si
822 373 951 430 deos
977 386 1096 429 esse
1124 372 1323 428 idcirco
1350 372 1664 442 opinantur,
1705 370 1826 440 quia
1859 384 1981 425 cer-
2010 372 2061 431 Α
2088 383 2195 423 mre
2224 368 2394 437 pictas
2421 364 2731 433 efﬁctasque
2751 357 2974 417 vidisset
2995 397 3010 426 ,
3044 370 3143 414 suo
3174 354 3263 412 illa
3291 352 3524 411 consilio
3582 366 3711 407 mo—

401 479 484 523 tos
530 478 583 522 et
632 464 978 521 rationabiles
1023 477 1214 519 cursus
1255 462 1486 525 habent,
1533 468 1736 516 errant.
1769 460 1849 515 Ex
1887 459 1988 515 hoc

399 564 542 620 enim
569 567 789 629 apparet
818 558 949 612 deos
979 571 1085 611 non
1114 572 1234 611 esse
1253 598 1267 623 ,
1315 555 1459 627 quod
1490 555 1797 610 exorbitare
1824 553 1930 609 illis
1956 568 1986 608 a

398 650 710 726 pra-stitutis
734 648 1015 704 itineribus
1033 664 1137 703 non
1164 649 1305 702 licet.
1329 646 1595 702 Cteterum
1619 646 1663 701 si
1685 645 1757 700 dii
1782 652 1984 711 essent,

396 746 503 800 huc
523 752 684 812 atque
706 741 831 796 illuc
854 741 1050 811 passim
1075 739 1191 795 sine
1214 740 1321 794 ulla
1341 738 1666 794 necessitate
1688 735 1983 801 ferrentur,

393 839 533 894 sicut
559 836 865 891 animantes
904 836 955 890 in
1009 844 1149 889 terra
1173 876 1187 900 ,
1218 849 1444 904 quarum
1472 833 1595 904 quia
1638 831 1821 887 libera:
1861 838 1989 883 sunt

390 927 731 994 voluntates,
782 928 884 981 huc
922 935 1082 997 atque
1121 925 1247 981 illuc
1278 932 1559 995 vagantur,
1609 933 1666 978 ut
1710 922 1898 988 libuit,
1934 930 1989 976 et

394 1037 500 1092 quo
522 1035 791 1091 quamque
813 1034 966 1075 mens
990 1018 1236 1086 duxerit,
1261 1033 1327 1074 co
1356 1018 1545 1074 fertur.
1571 1017 1689 1073 Non
1716 1025 1800 1071 est
1827 1016 1990 1087 igitur

391 1124 658 1168 astrorum
692 1122 872 1167 motus
902 1111 1272 1177 voluntarius,
1302 1111 1398 1166 sed
1445 1110 1817 1178 necessarius,
1863 1109 1988 1179 quia

393 1204 704 1275 priestitntis
749 1202 959 1274 legibus
1003 1203 1305 1274 ofﬁciisque
1344 1202 1674 1258 deserviunt.
1720 1201 1823 1257 Sed
1865 1217 1988 1255 cum

395 1297 693 1367 disputaret
717 1298 785 1352 de
814 1296 1064 1352 cursibus
1094 1298 1365 1361 siderum,
1391 1311 1528 1368 quos
1552 1311 1619 1352 ex
1648 1295 1764 1366 ipsa
1808 1310 1988 1350 rerum

395 1405 460 1445 ac
487 1401 789 1461 temporum
836 1391 1191 1460 congruentia
1219 1390 1556 1461 intelligebat
1586 1404 1694 1444 non
1723 1403 1847 1445 esse
1880 1387 1991 1443 for-

396 1486 593 1551 tuitos,
625 1485 951 1540 existimavit
994 1484 1330 1541 voluntarios
1370 1500 1521 1553 esse,
1577 1495 1849 1556 tamquam
1879 1500 1986 1541 non

394 1587 617 1648 possent
660 1590 765 1633 tam
811 1579 1101 1649 disposite,
1152 1590 1259 1634 tam
1307 1580 1556 1636 ordinate
1599 1581 1837 1645 moveri.
1885 1579 1988 1635 nisi

397 1686 589 1727 sensus
616 1672 722 1726 illis
754 1673 958 1728 inesset
985 1671 1147 1728 ofﬁcii
1176 1673 1258 1727 sui
1286 1674 1483 1728 sciens.
1517 1674 1563 1728 0
1602 1688 1763 1743 quam
1795 1671 1991 1728 difﬁci-

2090 460 2204 516 veri
2231 458 2475 524 diceret,
2507 470 2571 511 ac
2613 469 2721 509 non
2768 452 2948 523 potius
2986 447 3208 506 artiﬁcis
3238 446 3503 519 ingenio?
3546 445 3710 500 Inest

2090 567 2221 622 ergo
2242 549 2514 606 sideribus
2535 548 2671 602 ratio
2688 545 2756 601 ad
2779 542 3119 615 peragendos
3140 548 3351 597 meatus
3369 554 3504 595 suos
3527 547 3665 607 apta
3689 552 3708 590 :

2090 645 2184 701 sed
2214 644 2307 699 Dei
2335 652 2417 699 est
2450 642 2538 697 illa
2565 640 2704 695 ratio
2726 678 2743 706 ,
2776 638 2867 709 qui
2910 647 2965 693 et
2995 635 3155 702 fecit,
3198 643 3256 691 et
3295 634 3435 704 regit
3474 630 3706 694 omnia,

2092 753 2197 794 non
2230 737 2471 806 ipsorum
2495 732 2735 788 siderum
2752 771 2769 799 ,
2801 744 2921 801 qua:
2947 736 3258 784 moventur.
3284 724 3419 780 Nam
3449 723 3499 779 si
3527 722 3706 778 solem

2091 840 2239 886 stare
2267 827 2564 892 voluisset,
2588 834 2884 897 perpetuus
2912 822 3100 891 utique
3129 818 3244 874 dies
3265 824 3433 873 esset.
3461 814 3637 881 Item,
3660 814 3709 870 si

2091 932 2273 978 motus
2298 931 2445 975 aSIra
2472 932 2579 973 non
2603 916 2892 981 haberent,
2913 914 3036 983 quis
3058 911 3272 967 dubitet
3298 909 3707 980 sempiternam

2091 1028 2303 1073 noctem
2336 1014 2502 1070 fuisse
2530 1010 2802 1067 futuram?
2834 1007 2940 1065 Sed
2989 1015 3050 1063 ut
3092 1005 3203 1062 diei
3229 1020 3294 1061 ac
3321 1003 3502 1060 noctis
3554 1002 3761 1079 vices.‘

2091 1120 2309 1177 essent,
2343 1107 2549 1165 moveri
2577 1121 2640 1162 ea
2668 1102 2843 1159 voluit
2874 1121 2888 1158 :
2923 1109 2979 1158 et
3010 1110 3118 1156 tam
3165 1100 3316 1156 varie
3344 1096 3602 1165 moveri,
3651 1106 3708 1153 ut

2093 1220 2200 1261 non
2232 1202 2394 1258 modo
2420 1201 2559 1258 lucis
2587 1214 2651 1254 ac
2678 1197 3023 1254 tenebrarum
3052 1203 3253 1250 mutuae
3290 1192 3709 1249 vicissitudines

2093 1299 2290 1354 ﬁerent
2309 1339 2323 1363 ,
2356 1296 2553 1366 quibus
2579 1292 2782 1349 laboris
2821 1300 2877 1346 et
2905 1289 3106 1361 quietis
3127 1291 3335 1345 alterna
3360 1288 3551 1358 spatia
3579 1301 3713 1342 con-

2094 1396 2331 1448 starent:
2360 1386 2454 1442 sed
2486 1385 2652 1441 etiam
2678 1383 2894 1454 frigoris
2920 1393 2974 1437 et
3004 1381 3221 1447 caloris,
3257 1390 3318 1435 ut
3342 1379 3700 1436 diversorum

2096 1492 2399 1551 temporum
2443 1478 2521 1532 vis
2550 1491 2614 1532 ac
2643 1484 2881 1545 potestas
2900 1516 2916 1543 ,
2947 1474 3036 1530 vel
3075 1474 3433 1544 generandis,
3469 1474 3566 1529 vel
3597 1488 3706 1529 ma-

2097 1573 2337 1630 turandis
2364 1570 2606 1643 frugibus
2633 1567 2967 1624 conveniret.
2992 1566 3167 1636 Quam
3198 1566 3484 1622 solertiam
3504 1565 3711 1621 divina:

2096 1664 2382 1737 potestatis
2422 1664 2474 1718 in
2522 1659 2898 1717 machinandis
2928 1658 3211 1714 itineribus
3239 1669 3564 1724 astrorum,
3595 1658 3711 1729 quia

396 1766 461 1820 iis
490 1776 571 1819 cst
613 1766 985 1836 ignorantibus
1014 1768 1246 1830 veritas,
1283 1776 1337 1821 et
1364 1782 1523 1837 quam
1566 1765 1739 1822 facilis
1772 1766 1975 1822 scienti-

2156 1755 2400 1827 tilosophi
2426 1768 2531 1809 non
2560 1752 2842 1816 videbant,
2871 1751 3121 1806 animalia
3148 1766 3270 1808 esse
3312 1752 3507 1807 sidera
3541 1760 3700 1821 puta-

396 1859 517 1913 bus!
568 1858 624 1913 Si
674 1870 886 1926 motus,
919 1859 1113 1930 inquit,
1147 1869 1418 1914 astrorum
1454 1859 1659 1915 fortuiti
1688 1874 1793 1915 nou
1826 1869 1990 1926 sunt,

398 1950 533 2005 nihil
557 1950 701 2005 aliud
726 1960 913 2017 restat,
941 1952 1041 2005 nisi
1077 1960 1135 2006 ut
1158 1952 1448 2006 voluntarii
1475 1952 1620 2018 sint;
1648 1954 1814 2006 immo
1841 1967 1992 2019 vero,

402 2056 461 2099 ut
515 2060 620 2100 non
678 2061 801 2101 esse
845 2044 1098 2100 fortuitos
1142 2046 1484 2101 manifestum
1515 2056 1639 2114 est,
1673 2048 1745 2102 ita
1776 2063 1874 2103 nec
1903 2062 1997 2103 vo-

402 2138 683 2194 luntarios.
715 2139 998 2207 Quomodo
1046 2139 1205 2210 igitur
1234 2142 1287 2194 in
1316 2140 1670 2195 conﬁciendis
1714 2140 1997 2196 itincribus

400 2232 764 2285 constantiam
803 2246 959 2286 suam
988 2231 1242 2287 servant?
1268 2230 1534 2286 Nimirum
1571 2233 1728 2299 Deus,
1762 2232 1996 2288 universi

397 2329 613 2397 artifex,
638 2330 716 2384 sic
749 2329 837 2384 illa
869 2329 1168 2399 disposuit,
1202 2331 1280 2385 sic
1310 2328 1648 2384 machinatus
1677 2338 1760 2384 est
1781 2370 1795 2393 ,
1821 2337 1878 2383 ut
1902 2344 1999 2399 per

396 2423 568 2491 spatia
595 2421 716 2475 caeli
753 2420 934 2475 divina
966 2431 1019 2475 et
1046 2420 1354 2475 admirabili
1384 2423 1594 2477 ratione
1616 2422 1995 2487 decurrerent,

395 2515 462 2569 ad
495 2513 809 2569 cfﬁciendas
837 2513 1246 2568 succedentium
1280 2512 1382 2567 sibi
1425 2522 1736 2583 temporum
1767 2513 2000 2569 varieta-

402 2618 505 2663 tes.
543 2611 621 2661 An
649 2606 1003 2662 Archimedes
1032 2606 1243 2661 Siculus
1276 2620 1516 2661 concavo
1554 2619 1664 2661 tere
1694 2605 2001 2660 similitudi-

302 2699 379 2750 L“:
402 2718 524 2758 nem
567 2701 752 2757 mundi
782 2718 845 2756 ac
894 2702 1116 2771 ﬁguram
1151 2701 1325 2770 potuit
1346 2699 1643 2755 machinari
1664 2741 1678 2766 ,
1707 2700 1759 2753 in
1787 2714 1895 2769 quo
1926 2701 1998 2754 ita

400 2796 572 2851 solem
606 2811 669 2849 ac
699 2796 878 2849 lunam
911 2792 1251 2864 composuit,
1286 2804 1344 2847 ut
1371 2793 1667 2862 inrequales
1698 2802 1877 2847 motus
1898 2833 1914 2859 ,
1943 2799 2000 2846 et

400 2888 714 2944 coelestibus
766 2887 971 2942 similes
1021 2886 1513 2952 conversionibus,
1567 2886 1795 2956 singulis
1845 2884 1997 2956 quasi

399 2983 591 3038 diebus
621 2981 937 3045 efﬁcerent,
970 2993 1024 3035 et
1054 2997 1161 3035 non
1189 2979 1352 3035 modo
1381 2993 1639 3035 accessus
1666 2978 1801 3034 solis
1827 2986 1882 3033 et
1910 2991 1999 3032 re-

398 3088 619 3137 cessus,
654 3073 737 3128 vel
790 3073 1121 3128 incrementa
1153 3072 1649 3141 diminutionesque
1690 3072 1835 3126 lunae
1858 3112 1873 3136 ,
1906 3086 2000 3127 ve-

2099 1861 2293 1910 veruut
2335 1870 2351 1920 ;
2379 1862 2652 1923 tamquam
2681 1848 2906 1919 pedibus
2929 1888 2943 1913 ,
2964 1855 3020 1903 et
3038 1857 3254 1918 sponte,
3276 1861 3388 1903 non
3411 1846 3611 1902 divina
3637 1863 3713 1901 ra-

2101 1948 2248 2003 tione
2270 1944 2645 2016 procederent.
2669 1941 2780 1997 Cur
2806 1949 2985 1996 autem
3009 1940 3101 1995 illa
3121 1939 3531 2010 excogitaverit
3554 1939 3710 2004 Deus,

2101 2039 2220 2110 quis
2238 2052 2346 2092 non
2363 2035 2654 2105 intelligit?
2675 2033 2899 2090 Scilicet
2919 2048 2989 2087 ne
3009 2031 3140 2087 solis
3158 2031 3362 2087 lumine
3379 2030 3712 2091 decedente.

2104 2132 2328 2187 nimium
2377 2144 2519 2185 caeca
2553 2143 2663 2183 nox
2690 2126 2842 2182 tetris
2871 2134 3035 2196 atque
3074 2124 3426 2180 horrentibus
3470 2123 3715 2180 tenebris

2103 2225 2521 2294 ingravesceret,
2545 2228 2873 2290 noceretque
2887 2217 3206 2273 viventibus.
3229 2215 3418 2288 Itaque
3433 2228 3497 2273 et
3519 2216 3712 2273 caelum

2102 2296 2263 2371 é'imiu
2294 2314 2426 2369 mira
2453 2312 2715 2367 varietate
2740 2308 3008 2375 distinxit,
3033 2318 3087 2364 et
3111 2307 3367 2364 tenebras
3392 2309 3557 2379 ipsas
3584 2302 3739 2364 mul-'

2107 2408 2171 2462 tis
2222 2406 2550 2476 minutisque
2595 2403 2887 2458 luminibus
2916 2401 3254 2470 temperavit.
3289 2399 3523 2467 Quanto
3556 2402 3711 2472 igitur

2110 2499 2251 2555 Naso
2279 2497 2628 2566 prudentius,
2679 2510 2838 2566 quam
2879 2492 3001 2559 illi,
3031 2492 3121 2563 qui
3154 2490 3437 2562 sapientiae
3490 2493 3714 2549 studere

2104 2606 2164 2647 se
2194 2599 2415 2662 putant,
2448 2588 2544 2660 qtti
2575 2587 2743 2643 sentit
2772 2600 2801 2639 a
2833 2584 2946 2639 Deo
2969 2584 3170 2639 lumina
3197 2582 3323 2651 illa,
3351 2591 3415 2638 ut
3444 2582 3714 2639 honorem

2106 2682 2446 2738 tenebrarum
2477 2678 2853 2749 depellerent,
2900 2676 3181 2732 instituta!
3213 2675 3263 2730 Is
3289 2690 3417 2731 eum
3462 2675 3709 2741 librum,

2103 2791 2209 2845 quo
2236 2773 2508 2845 ψαινόμενα
2533 2770 2773 2827 breviter
2798 2768 3238 2841 comprehendit,
3267 2769 3353 2824 his
3381 2768 3577 2826 tribus
3604 2783 3713 2825 ver-

2102 2865 2250 2921 sibus
2279 2864 2585 2920 terminavit
2617 2880 2631 2918 :

2257 2955 2352 3019 :l‘ot
2368 2967 2603 3019 numero,
2621 2954 2805 3019 talique
2822 2953 2958 3005 Deus
2981 2954 3239 3006 simulacra
3256 2953 3420 3017 ﬁgura

2257 3018 2489 3082 Imposuit
2513 3018 2660 3081 creto,
2681 3018 2877 3082 perque
2900 3023 3032 3082 atras
3052 3030 3221 3080 sparsa
3243 3020 3492 3068 tenebras

2259 3079 2399 3131 Clara
2419 3079 2660 3144 pruinosa5
2673 3079 2820 3143 jussit
2837 3081 2957 3130 dare
2980 3079 3162 3129 lumina
3186 3083 3335 3130 nocti.

400 3181 518 3219 rum
547 3164 707 3218 etiam
740 3163 1044 3231 stellarum,
1075 3164 1162 3218 vel
1186 3164 1569 3230 inerrantium,
1593 3162 1679 3218 vel
1704 3177 1991 3232 vagarum,
2019 3175 2067 3240 ρ
2102 3162 2253 3231 Quod
2279 3166 2326 3221 si
2356 3165 2471 3219 ﬁeri
2502 3181 2607 3218 non
2636 3174 2833 3234 potest,
2868 3174 2926 3219 ut
2953 3163 3123 3219 stella:
3161 3164 3237 3219 dii
3268 3168 3407 3231 sint;
3443 3179 3598 3236 ergo
3626 3179 3711 3220 nec

399 3257 643 3327 dispares
661 3272 852 3312 cursus
879 3257 1026 3312 orbis
1059 3257 1182 3322 ille,
1213 3256 1341 3312 dum
1375 3257 1638 3323 vertitur,
1669 3256 1994 3312 exhiberet?

402 3349 545 3403 Deus
572 3363 702 3418 ergo
733 3349 822 3404 illa
853 3364 978 3403 vera
1008 3363 1117 3403 non
1148 3349 1323 3419 potuit
1354 3348 1653 3403 machinari
1677 3359 1731 3402 et
1774 3347 1995 3405 efﬁcere

399 3457 520 3512 quae
552 3442 726 3511 potuit
753 3442 972 3496 solertia
1007 3441 1244 3495 hominis
1276 3440 1576 3496 imitatione
1603 3439 1900 3496 simulare?

477 3534 736 3591 Utrumne
762 3532 926 3606 igitur
951 3536 1174 3601 stoicus,
1213 3534 1260 3589 si
1285 3545 1554 3589 astrorum
1588 3532 1789 3603 ﬁguras
1815 3533 1870 3587 in
1900 3532 1993 3588 illo

2096 3256 2180 3312 sol
2208 3256 2448 3326 quidem,
2480 3272 2583 3312 nec
2614 3257 2739 3312 luna
2770 3256 2844 3312 dii
2873 3272 2996 3312 esse
3037 3266 3296 3327 possunt,
3328 3259 3612 3328 quoniam
3640 3259 3711 3313 ln-

2095 3348 2330 3405 minibus
2353 3359 2646 3416 astrorum,
2678 3365 2784 3405 non
2814 3351 3023 3404 ratione
3048 3349 3326 3416 diﬁ‘erunt,
3359 3350 3460 3406 sed
3494 3354 3711 3423 magni-

2093 3441 2300 3497 tudine.
2333 3441 2486 3511 Quod
2536 3444 2581 3497 si
2630 3442 2683 3497 hi
2729 3442 2804 3497 dii
2858 3459 2962 3498 non
3011 3454 3173 3511 sunt;
3206 3458 3339 3514 ergo
3370 3459 3473 3500 nec
3508 3446 3709 3502 ccelum

2092 3533 2331 3603 quidem,
2365 3534 2420 3590 in
2447 3549 2553 3605 quo
2582 3534 2672 3591 illa
2702 3536 2885 3592 omnia
2911 3537 3277 3594 continentur.

1736 3665 2103 3726 VARIORUM
2140 3667 2374 3727 NOTAE.

466 3793 838 3851 Rationnbites.
889 3792 1018 3848 Mss.
1065 3790 1231 3846 Brun.
1264 3789 1578 3854 rationales;
1608 3798 1662 3846 et
1691 3789 1773 3845 sic
1800 3787 1981 3859 legere

394 3868 634 3925 malebat
664 3864 944 3921 Francius.

464 3937 792 3993 Exorbitare.
827 3934 1084 4006 Cyprian.
1108 3933 1200 3987 lib.
1228 3934 1280 3988 1.
1314 3947 1399 4003 ep.
1434 3932 1522 3987 12.
1551 3929 1866 3986 Exorbitans
1887 3939 1931 3986 et
1953 3948 1984 3985 a

387 4011 472 4065 vin
500 4009 722 4064 veritatis
754 4005 1012 4061 exerrans.
1056 4005 1183 4059 Bon.

470 4078 697 4134 Possint.
726 4078 783 4132 ld
811 4086 914 4137 est.
943 4076 1058 4131 sine
1087 4075 1293 4140 ordine,
1323 4075 1440 4131 sine
1471 4075 1633 4129 certis
1671 4073 1895 4143 legibus,
1926 4083 1988 4129 ut

393 4152 554 4209 libuit
584 4169 597 4203 :
639 4151 779 4203 sicut
820 4148 996 4202 omnia
1030 4149 1211 4213 verba,
1241 4157 1531 4201 contextus
1558 4145 1808 4212 produnt.
1848 4144 1986 4199 Noto

395 4225 462 4278 ad
492 4225 528 4278 l.
558 4238 615 4288 ιι,
649 4237 764 4287 cap.
798 4218 851 4284 6,
883 4229 937 4273 et
962 4219 1026 4272 ad
1056 4220 1090 4272 I.
1123 4233 1200 4280 III,
1232 4234 1351 4288 cap.
1384 4217 1435 4271 9.
1472 4216 1602 4271 Bon.

468 4293 539 4349 Ut
579 4293 740 4346 libuit.
774 4290 850 4345 ita
895 4306 1083 4345 omnes
1107 4290 1235 4345 editi
1265 4299 1320 4344 et
1355 4303 1494 4344 mss.
1528 4295 1721 4356 praeter
1746 4302 1841 4344 sex
1867 4301 1979 4343 rec.

390 4365 444 4419 in
472 4364 665 4425 quibus
692 4372 804 4429 est,
833 4371 885 4415 ut
913 4361 1048 4416 libet.

461 4435 542 4490 Eo
573 4438 751 4505 fertur.
780 4433 906 4488 Mss.
935 4433 971 4486 2
998 4447 1131 4498 rec.,
1154 4436 1406 4505 feruntur.

463 4500 585 4561 Non
622 4517 694 4560 est
732 4505 889 4576 igitur
914 4500 1166 4576 astrorum
1197 4513 1360 4576 motus
1390 4501 1728 4576 voluntarius.
1752 4500 1987 4576 Veteres

387 4580 575 4634 moveri
600 4573 768 4631 sidera
790 4575 1058 4637 dicebant,
1072 4589 1194 4628 cum
1212 4574 1521 4643 oriebantur
1542 4573 1625 4627 vel
1651 4574 1986 4643 occidebant,

465 4650 695 4720 0/ﬁcii...
718 4649 902 4720 sciens.
931 4644 1000 4701 Ut
1028 4645 1064 4698 Ι.
1095 4661 1154 4720 ιι,
1185 4659 1304 4715 cap.
1332 4646 1413 4709 14,
1431 4641 1622 4698 Rerum
1641 4645 1790 4697 scias.
1812 4641 1982 4714 Epist.

390 4716 604 4791 cap."5,
632 4734 801 4773 rerum
826 4719 1057 4791 scientes.
1097 4716 1232 4791 pun.

461 4784 540 4846 "Au
572 4788 920 4853 Archimedes,
952 4799 1058 4841 etc.
1089 4784 1201 4841 Cic.
1234 4784 1451 4841 Tuscul.
1501 4802 1539 4840 ι.
1573 4785 1704 4840 Nam
1730 4800 1852 4841 cum
1883 4787 1984 4841 Ar-

387 4863 686 4927 chimedes,
745 4858 906 4922 lunzc,
960 4858 1121 4927 solis,
1169 4858 1387 4925 quinque
1408 4858 1688 4912 errantium
1732 4869 1900 4912 motus
1930 4860 1983 4914 in

385 4936 643 5004 sphaeram
672 4925 912 5004 illigavit,
942 4925 1104 5004 e/Zecit
1131 4927 1285 5004 idem,
1323 4929 1458 4996 quod
1481 4929 1569 4983 ille
1595 4929 1683 5004 qui
1704 4929 1757 4982 in
1787 4927 1981 4986 Timwo

384 4997 634 5058 mundum
661 4997 932 5065 aediﬁcavit
974 4997 1205 5053 Platonis
1237 4998 1392 5066 Deus,
1428 5010 1482 5053 ut
1512 5000 1769 5064 tarditate,
1798 5004 1981 5055 celeri.

386 5085 489 5128 tate
512 5070 976 5140 dissimillimasque
996 5080 1162 5124 motus
1186 5087 1287 5123 una
1304 5079 1495 5140 regeret
1522 5072 1782 5125 conversio
1805 5087 1825 5126 :
1844 5073 1981 5141 quod

382 5146 428 5201 si
454 5146 506 5198 in
532 5144 625 5196 hoc
651 5141 838 5195 mundo
866 5142 975 5195 sine
1003 5140 1109 5196 Deo
1137 5142 1248 5210 fieri
1278 5158 1377 5195 non
1408 5152 1586 5211 potest,
1615 5159 1677 5195 ne
1702 5142 1754 5195 in
1775 5140 1978 5210 sphaera

382 5215 589 5284 quidem
627 5213 829 5268 eosdem
875 5222 1038 5284 motus
1087 5212 1410 5266 Archimedes
1437 5214 1545 5267 sine
1569 5214 1738 5267 divino
1772 5215 1976 5284 ingenio

382 5282 626 5354 potuisset
664 5285 872 5338 imitari.
899 5283 1006 5338 Jul.
1040 5284 1284 5350 Firmic.,
1314 5284 1405 5338 lib.
1440 5301 1513 5346 vl,
1547 5300 1665 5353 cap.
1688 5286 1722 5339 3
1746 5282 1871 5339 :Hic
1900 5297 1975 5341 est

381 5358 471 5412 ille
500 5366 690 5421 noster,
719 5356 866 5424 cujus
890 5356 1093 5427 ingenio
1119 5357 1322 5424 sphaera
1345 5357 1593 5427 fabricata
1632 5357 1745 5409 caeli
1774 5356 1974 5426 lapsum

377 5438 426 5482 et
455 5429 681 5482 omnium
714 5426 958 5480 siderum
989 5442 1167 5479 cursus
1196 5426 1426 5495 exemplo
1466 5427 1652 5481 divina:
1678 5427 1974 5483 imitationis

376 5499 616 5554 ostendit.
650 5498 867 5569 Solinus
894 5512 1014 5566 cap.
1038 5500 1104 5552 21
1144 5515 1155 5550 :
1190 5497 1289 5551 llic
1319 5499 1498 5553 domus
1525 5499 1862 5562 Archimedis,
1885 5500 1973 5569 qui

361 5573 519 5642 juxta
566 5571 794 5625 siderum
832 5568 1156 5642 disciplinam
1205 5571 1550 5625 machinarius
1602 5568 1967 5642 commentator

2088 3789 2272 3870 laudat
2297 3807 2416 3864 cap.
2445 3794 2660 3870 14,4lib.
2685 3794 2754 3870 de
2774 3796 2965 3870 Anima
2997 3795 3241 3867 :Specta,
3266 3797 3466 3867 inquit,
3501 3810 3708 3870 portat-

2082 3864 2391 3943 tosissimum
2424 3866 2741 3943 Archimedis
2777 3864 3201 3938 muniﬁcentiam,
3230 3864 3710 3943 organum'hgdro-

2086 3933 2239 4015 ticum
2261 3934 2397 4004 dico,
2431 3946 2503 3991 tot
2533 3939 2775 4003 membra,
2809 3947 2879 3993 tot
2905 3933 3094 4015 partes,
3128 3933 3199 3995 tot
3221 3933 3621 4012 compagines',
3651 3955 3708 3997 tot

2087 4006 2271 4080 itinera
2296 4021 2502 4075 vocum,
2548 4019 2618 4062 tot
2664 4006 2968 4080 compendia
2993 4028 3256 4078 sonorum,
3292 4006 3360 4066 tot
3390 4006 3708 4069 commercia

2090 4076 2378 4153 modorum,
2410 4088 2495 4153 tot
2498 4080 2651 4153 acies,
2676 4076 2789 4153 etc.
2813 4080 3099 4138 BARTHIUS.
3127 4076 3296 4149 Hujus
3326 4084 3582 4153 sphaera:
3608 4103 3708 4141 me-

2091 4147 2245 4201 minit
2272 4150 2430 4203 etiam
2457 4148 2647 4206 Cicero
2694 4152 2790 4206 lib.
2815 4168 2852 4207 ιι
2874 4155 2942 4209 de
2960 4154 3159 4209 Natura
3181 4147 3432 4217 deorum,
3461 4168 3524 4211 et
3568 4158 3663 4214 lib.
3683 4175 3707 4211 ιτ

2091 4217 2382 4300 Inscttlan.
2427 4221 2818 4300 Qu.t_'stiont_tm.
2868 4225 3002 4300 Yide
3048 4223 3638 4300 etiamClaudianum
3666 4231 3705 4283 in

2090 4288 2490 4370 Epigrammate
2518 4292 2585 4349 de
2606 4293 2952 4370 Archimede.
2983 4296 3424 4370 -7_Archi_medes.
3458 4304 3709 4370 Apptret

2091 4358 2429 4415 Lactantium
2459 4367 2765 4433 respexisse
2790 4367 2856 4421 ad
2882 4367 2995 4422 Cic.
3019 4367 3111 4421 lib.
3145 4383 3184 4422 ιι
3207 4368 3277 4423 de
3302 4370 3423 4424 Nat.
3442 4358 3705 4428 deo-runt.

2008 4450 2063 4511 ι)
2089 4446 2139 4484 c.
2159 4434 2226 4511 $.56
2251 4449 2269 4485 :
2296 4434 2976 4511 Archimedemarbitrantur
2996 4440 3111 4509 plus
3125 4438 3341 4495 valuisse
3360 4442 3416 4493 in
3432 4441 3707 4497 imitandis

2093 4504 2310 4582 spiciam:
2332 4508 2759 4582 conversionibus,
2805 4526 2958 4581 quam
2996 4504 3252 4566 'naturam
3301 4512 3355 4565 in
3394 4512 3703 4582 efﬁciendis.

2094 4575 2300 4629 Add.c.
2332 4577 2420 4632 54.
2454 4577 2731 4634 Bessum.

2165 4645 2455 4729 inter/uates
2483 4652 2769 4729 _ntatus._[_)e
2790 4652 2873 4707 his
2903 4652 3024 4709 vide
3044 4653 3301 4729 Plinium,
3324 4653 3420 4729 lib.
3451 4668 3522 4710 ιι.

2162 4719 2606 4794 (Ιοιιυενεὶρηξριιδ.
2664 4722 2868 4794 idest
2914 4726 3250 4794 regressibus
3287 4719 3429 4780 solis
3469 4727 3560 4783 ab
3610 4743 3705 4784 uno

2088 4787 2332 4869 Tropico
2353 4791 2420 4845 ad
2446 4793 2631 4869 alium.
2663 4792 2797 4869 Vide
2827 4787 3058 4869 Plinium
3091 4797 3185 4852 lib.
3218 4812 3372 4869 ιιι-ιιι.

2171 4858 2263 4915 γει
2314 4862 2671 4918 inerrantium.
2730 4865 2855 4920 llatae
2901 4868 3060 4922 lectio
3118 4877 3201 4922 est
3253 4866 3505 4924 omnium
3574 4888 3704 4927 mss.

2089 4930 2396 5010 (dempto!
2430 4933 2758 5010 Oxonjensi)
2785 4948 2836 5010 e_t
2870 4950 3112 5010 veterum
3141 4939 3176 4992 2
3205 4939 3337 5010 edit.
3372 4938 3583 5010 Rom.,
3611 4944 3707 4999 Ve-

2086 5012 2221 5079 net.,
2259 5002 2429 5079 1490,
2459 5020 2522 5059 ac
2570 5002 2775 5079 B_e_tul.',
2809 5008 2880 5064 Is.
2901 5050 2917 5077 ,
2949 5008 3167 5079 Spark.,
3206 5008 3433 5074 Golian.
3464 5002 3702 5073 Valch..

2162 5084 2267 5141 est,
2299 5076 2545 5157 fixat'ut‘n.
2576 5077 2702 5157 Edit
2729 5073 2911 5149 plures
2931 5073 3478 5157 ha'bent,'errantium,
3510 5089 3699 5141 male:

2081 5144 2224 5228 idem
2256 5144 2396 5228 enim
2419 5155 2588 5228 est-ac
2605 5144 2955 5228 rénvngarumﬁ
2979 5153 3120 5223 quod
3137 5144 3412 5224 sequitur,
3449 5144 3569 5225 pro
3600 5174 3703 5228 qua

2081 5223 2166 5269 est
2188 5217 2480 5286 vagantium
2510 5219 2561 5273 in
2598 5220 2625 5273 1
2651 5217 2793 5275 Clar.
2824 5232 2879 5277 et
2911 5217 3129 5279 Colton.

2153 5286 2327 5367 Solem
2346 5300 2504 5367 stare.
2543 5289 2672 5367 Vide
2694 5293 2923 5367 Plinium
2954 5294 3045 5350 lib.
3075 5310 3113 5351 ιι
3140 5337 3155 5361 ,
3193 5309 3313 5367 cap.
3349 5295 3439 5351 i9.

2150 5359 2409 5444 Animatia
2438 5361 2854 5444 essensidera.”ln
2881 5381 2989 5436 quo
3028 5359 3213 5423 errore
3257 5359 3353 5421 fuit
3396 5378 3454 5425 et
3501 5369 3704 5444 Orige-

2078 5443 2179 5504 nes_
2192 5431 2253 5504 in
2289 5431 2425 5504 libro
2447 5433 2514 5504 de
2541 5432 2841 5504 Principiis.

2149 5499 2462 5574 Minutisque
2487 5499 2788 5574 iumittibus.
2817 5507 3003 5574 Quoad
3048 5511 3260 5567 oculum
3304 5513 3543 5571 scilicet.

2144 5573 2439 5647 Φαινόμενσι.
2462 5573 2558 5628 Hic
2578 5575 2753 5632 Ovidii
2777 5573 2934 5647 liber,
2957 5583 3071 5637 sive
3088 5583 3386 5645 translatio
3427 5601 3499 5640 ex
3530 5589 3692 5642 Arati

360 5640 480 5717 fuit.
515 5642 626 5698 Nec
657 5654 832 5717 tamen
858 5642 956 5717 hac
981 5640 1225 5697 machina
1256 5642 1430 5717 solum
1459 5641 1838 5717 celebrisgfuit,
1865 5641 1964 5717 sed
2073 5640 2831 5717 Pltwltotltqnls,ﬂtieStlmplus
2852 5640 2954 5707 est.
2988 5640 3112 5707 limo
3139 5652 3383 5708 carmina
3409 5670 3474 5709 ex
3513 5640 3695 5714 Arato

349 5711 470 5785 aliis
492 5717 543 5768 iu
565 5713 846 5769 01)8ἰι1ἰοιιθ
866 5711 1256 5785 Syracusarum
1283 5712 1352 5767 ab
1369 5714 1618 5768 omnibus
1643 5712 1952 5785 celebratis.

333 5782 468 5839 Item
518 5785 829 5855 hydraulica
879 5782 1125 5841 machina
1170 5786 1421 5855 quapiam
1450 5825 1464 5851 ,
1511 5798 1671 5854 quam
1717 5783 1947 5839 Tertull.

2070 5714 2467 5857 git-urescecar‘gfetitg
2480 5714 2801 5847 Plutarchus
2830 5724 2924 5780 lib.
2954 5738 2989 5779 ιι
3039 5722 3107 5781 de
3133 5722 3533 5798 PbiIOSOphor.
3568 5729 3695 5787 Pla-
