3790 6274
152 301 266 366 981

792 443 1023 506 CAPUT
1060 444 1150 504 VI.

159 577 324 647 Quod
349 596 442 636 nec
470 579 695 637 mundus
725 588 894 648 totus,
944 599 1036 637 nec
1069 582 1315 639 elementa
1348 581 1450 637 sint
1476 580 1644 650 Deus,
1673 597 1764 637 nec

845 674 1093 729 animata.

234 807 412 866 Simili
439 809 603 865 modo
630 809 676 865 si
706 818 870 878 terra,
901 826 1064 883 quam
1092 811 1383 875 calcamus,
1424 826 1583 883 quam
1615 812 1763 868 subi-

154 902 345 974 gimus
374 911 429 959 et
451 903 681 959 colimus
707 904 773 959 ad
806 905 1025 970 victum,
1055 905 1190 961 deus
1211 920 1317 960 non
1350 914 1453 971 est,
1473 920 1573 960 nec
1589 906 1765 976 campi

154 997 385 1069 quidem
415 1012 478 1052 ac
503 1006 717 1053 montes
746 997 821 1053 dii
854 1008 1014 1054 erunt
1040 1018 1053 1054 :
1081 999 1178 1056 sed
1205 1000 1248 1054 si
1268 999 1321 1053 hi
1341 1013 1447 1054 non
1469 1008 1617 1067 sunt,
1636 1014 1765 1070 ergo

155 1103 237 1144 ne
263 1088 421 1144 tellus
451 1088 667 1159 quidem
701 1089 949 1144 universa
992 1090 1136 1145 Deus
1174 1089 1345 1146 videri
1393 1099 1588 1161 potest.
1631 1088 1762 1145 Item

153 1181 210 1236 si
242 1196 402 1253 aqua,
430 1197 549 1252 quae
578 1182 745 1237 servit
770 1182 1131 1239 animantibus
1151 1182 1219 1237 ad
1247 1197 1400 1237 usum
1431 1182 1647 1238 bibendi
1674 1190 1767 1238 aut

151 1274 399 1339 lavandi,
433 1274 566 1329 deus
599 1291 706 1329 nnn
734 1285 839 1342 est,
871 1290 970 1331 nec
1000 1275 1176 1331 fontes
1204 1274 1440 1347 quidem,
1474 1291 1541 1331 ex
1570 1275 1766 1346 quibus

152 1381 304 1437 aqua
338 1365 572 1435 proﬂuit.
605 1366 663 1422 Si
694 1365 871 1422 fontes
898 1382 1007 1422 non
1035 1376 1193 1435 sunt,
1232 1382 1333 1423 nec
1373 1364 1599 1422 ﬂumina
1644 1366 1765 1437 qui-

151 1458 311 1525 dem,
345 1474 465 1529 quae
487 1462 555 1515 dc
584 1460 818 1516 fontibus
849 1460 1201 1531 colliguntur.
1227 1460 1282 1516 Si
1311 1459 1531 1516 ﬂumina
1552 1474 1767 1531 quoque

151 1550 237 1604 dii
284 1566 393 1604 nou
441 1560 595 1619 sunt,
647 1567 778 1622 ergo
817 1563 871 1606 et
915 1567 1085 1619 mare,
1140 1552 1282 1620 quod
1338 1569 1404 1608 ex
1458 1552 1767 1607 ﬂuminibus

149 1653 399 1711 constat,
436 1643 581 1700 Deus
611 1643 795 1700 haberi
830 1661 935 1699 non
966 1654 1163 1715 potest.
1196 1644 1349 1713 Quod
1376 1647 1421 1700 si
1454 1660 1628 1716 neque
1656 1660 1768 1701 coe-

150 1735 303 1805 lum,
338 1752 515 1808 neque
546 1745 710 1804 terra,
763 1752 939 1809 neque
987 1752 1157 1806 mare,
1211 1754 1330 1809 quae
1371 1738 1554 1794 mundi
1586 1748 1767 1809 partes

1258 307 1461 367 LIBER
1500 307 1566 365 Π.
1605 306 1696 367 DE
1734 306 2009 368 ORIGINE
2047 309 2361 369 ERRORIS.

1789 436 1846 495 Α
1868 442 2108 485 sensum.
2142 429 2546 501 Propositiones
2584 427 2799 502 quidem
2837 443 2983 487 verte
3005 435 3163 497 sunt,
3197 437 3254 488 et
3281 430 3461 486 sensi-

3355 309 3466 372 282

1865 521 1975 578 bile
2002 538 2157 590 esse,
2189 524 2333 595 quod
2371 538 2535 581 sensu
2577 524 2861 595 praeditum
2900 524 3116 595 gignat,
3164 533 3220 578 et
3256 521 3462 580 habere

1867 629 2111 682 sensum,
2144 616 2299 688 cujus
2327 632 2453 689 pars
2477 633 2639 673 sensu
2664 624 2821 672 aucta
2858 616 2927 671 sit
2954 634 2968 671 :
2997 616 3092 672 sed
3134 616 3463 687 assumptio-

1868 724 1965 764 nes
1991 709 2161 775 lalsm,
2194 711 2389 781 quibus
2419 720 2734 782 argumenta
2762 708 3112 777 concludunt,
3142 709 3267 780 quia
3286 724 3463 782 neque

1869 802 2107 858 mundus
2131 813 2356 875 generat
2381 802 2653 860 hominem
2676 845 2692 871 ,
2732 818 2907 875 neque
2934 802 3098 881 homo
3128 803 3310 858 mundi
3343 817 3467 875 pars

1868 906 1973 953 est.
2005 896 2136 951 Nam
2167 897 2439 953 hominem
2467 912 2495 951 a
2528 895 2795 967 principio
2832 896 2974 951 idem
3015 895 3158 952 Deus
3185 893 3345 963 fecit,
3373 893 3467 967 qui

1868 998 1925 1045 et
1952 990 2208 1044 mundum
2233 1004 2247 1042 :
2274 996 2330 1044 et
2354 1004 2461 1044 non
2489 998 2574 1043 est
2599 988 2781 1043 mundi
2806 1002 2929 1058 pars
2953 987 3135 1053 homo,
3168 988 3307 1042 sicut
3343 1000 3469 1041 cor-

1871 1083 2020 1151 poris
2051 1080 2389 1146 membrum;
2419 1089 2593 1150 pulest
2623 1084 2767 1135 enim
2795 1080 3027 1135 mundus
3056 1093 3177 1134 esse
3213 1079 3332 1135 sine
3366 1077 3468 1134 ho-

1869 1174 2037 1239 mine,
2068 1174 2208 1229 sicut
2247 1172 2395 1241 urbs,
2426 1183 2481 1228 et
2530 1173 2742 1228 domus.
2787 1172 2949 1243 Atqui
2988 1180 3040 1226 ut
3082 1170 3275 1226 domus
3311 1170 3469 1226 unius

1870 1273 2106 1330 hominis
2135 1274 2500 1330 habitaculum
2527 1284 2643 1342 est,
2690 1282 2746 1329 et
2789 1272 2916 1328 urbs
2958 1271 3118 1327 unius
3150 1269 3359 1341 populi;
3391 1268 3471 1325 sic

1867 1374 1922 1423 et
1973 1366 2207 1423 mundus
2254 1366 2587 1422 domicilium
2638 1366 2799 1422 totius
2848 1366 3064 1436 generis
3107 1363 3348 1418 humani.
3400 1361 3473 1417 Et

1869 1459 2016 1516 aliud
2047 1470 2164 1529 est,
2225 1460 2368 1532 quod
2414 1460 2686 1525 incolitur,
2727 1458 2871 1513 aliud
2929 1457 3071 1529 quod
3112 1456 3314 1511 incolit.
3360 1452 3470 1511 Sed

1870 1551 1969 1619 illi,
1999 1552 2126 1607 dum
2158 1552 2375 1607 student
2404 1550 2477 1619 id,
2508 1550 2652 1622 quod
2679 1550 2814 1605 falso
2844 1556 3231 1620 susceperant,
3263 1545 3463 1604 conlir-

1870 1660 2040 1713 mare,
2075 1654 2131 1700 et
2158 1643 2467 1701 sensibilem
2507 1657 2629 1699 esse
2660 1642 2917 1697 mundum
2940 1682 2956 1709 ,
2984 1650 3041 1697 et
3078 1641 3282 1708 Deum,
3312 1652 3472 1709 argu-

1871 1747 2182 1793 mentorum
2212 1751 2432 1792 suorum
2460 1735 2847 1806 consequentia
2879 1750 2985 1789 non
3016 1733 3291 1789 viderunt.
3334 1730 3470 1787 Nam

149 1838 313 1892 sunt,
343 1828 417 1883 dii
444 1843 567 1885 esse
598 1840 858 1899 possunt;
894 1844 1024 1901 ergo
1057 1845 1124 1885 ne
1154 1829 1386 1885 mundus
1416 1830 1639 1900 quidem
1678 1839 1762 1885 ιο·
1792 1834 1843 1894 Β
1871 1831 1917 1885 si
1944 1830 2128 1885 mundi
2160 1846 2284 1902 pars
2313 1840 2399 1887 est
2425 1830 2617 1896 homo,
2669 1840 2724 1884 et
2767 1828 3039 1884 sensibilis
3078 1836 3162 1883 est
3205 1824 3468 1895 mundus’,

150 1927 251 1975 tus
279 1921 421 1975 Deus
448 1931 553 1987 est,
583 1936 743 1991 quem
775 1920 934 1976 iidem
965 1922 1067 1991 ipsi
1100 1922 1280 1987 stoici,
1317 1928 1373 1975 et
1407 1923 1761 1990 animantem,

153 2023 215 2071 et
242 2015 541 2085 sapientem
571 2029 694 2069 esse
719 2014 1091 2080 contendunt,
1134 2023 1189 2069 et
1230 2022 1515 2084 propterea
1547 2014 1715 2068 Deum
1747 2032 1760 2069 :

154 2106 216 2159 in
252 2120 357 2176 quo
387 2115 496 2160 tam
530 2106 904 2162 inconstantes
937 2104 1176 2170 luerunt,
1208 2113 1266 2160 ut
1291 2105 1424 2159 nihil
1464 2106 1665 2160 dictum
1694 2106 1766 2161 sit

152 2197 234 2254 ab
261 2198 345 2254 his
371 2197 513 2268 quod
545 2214 652 2254 non
696 2199 765 2254 ab
793 2198 985 2255 iisdem
1015 2198 1177 2254 luerit
1205 2213 1474 2254 eversum.
1504 2198 1592 2255 Sic
1617 2199 1763 2253 enim

153 2301 609 2365 argumentantur
638 2311 651 2346 :
684 2292 827 2350 Fieri
869 2308 974 2349 non
1023 2308 1179 2364 posse
1201 2335 1216 2360 ,
1264 2301 1320 2346 ut
1360 2305 1519 2347 sensu
1548 2299 1759 2358 careat,

155 2385 311 2459 quod
345 2385 621 2441 sensibilia
652 2402 717 2441 ex
748 2401 807 2441 se
836 2396 1077 2457 generat.
1124 2384 1353 2441 Mundus
1383 2392 1560 2439 autem
1595 2398 1761 2454 gene-

155 2489 251 2536 rat
275 2478 574 2547 hominem,
606 2480 699 2551 qui
730 2488 814 2535 est
839 2494 999 2535 sensu
1028 2478 1321 2550 praeditus;
1351 2493 1480 2549 ergo
1508 2488 1562 2534 et
1588 2480 1763 2548 ipsum

156 2572 479 2628 sensibilem
510 2586 653 2629 esse.
696 2572 828 2628 Item
855 2590 869 2627 :
897 2572 1024 2627 Siue
1061 2586 1224 2628 sensu
1262 2586 1383 2628 esse
1426 2586 1531 2627 non
1570 2586 1764 2644 posse,

158 2664 321 2735 cujus
352 2679 476 2736 pars
504 2664 698 2719 habeat
728 2678 981 2729 sensum;
1014 2663 1176 2734 igitur
1200 2664 1321 2735 quia
1352 2663 1511 2720 homo
1538 2664 1768 2720 sensibi-

159 2754 236 2811 lis
264 2764 371 2825 est,
404 2756 566 2812 etiam
610 2754 836 2823 mundo,
882 2754 1035 2826 cujus
1080 2769 1207 2825 pars
1250 2754 1411 2810 homo
1440 2765 1542 2821 est,
1589 2755 1769 2812 inesse

1869 1920 1994 1990 quia
2050 1923 2211 1975 homo
2259 1922 2459 1975 sentit:
2493 1935 2623 1990 ergo
2675 1920 2797 1989 quia
2844 1917 3090 1972 mortalis
3138 1924 3222 1972 est
3268 1916 3465 1985 homo,

1869 2014 2117 2067 mortalis
2138 2015 2206 2067 sit
2236 2023 2290 2068 et
2319 2013 2553 2068 mundus
2579 2026 2800 2068 necesse
2828 2024 2940 2080 eSt;
2971 2026 3073 2067 nec
3094 2019 3298 2066 tantum
3324 2025 3472 2067 mor-

1873 2105 2015 2171 talis,
2041 2105 2136 2160 scd
2160 2115 2213 2161 et
2234 2107 2485 2162 omnibus
2506 2106 2714 2163 morbis
2735 2116 2788 2163 et
2809 2105 3147 2180 passiouibus
3171 2105 3466 2174 subjectus.

1943 2196 2013 2251 Et
2034 2212 2064 2252 e
2093 2201 2400 2255 contrario:
2425 2200 2481 2257 Si
2505 2200 2649 2257 Deus
2679 2209 2764 2258 est
2785 2201 3041 2269 mundus,
3064 2208 3119 2255 et
3144 2208 3326 2270 partes
3351 2198 3472 2267 ejus

1874 2292 2060 2362 utique
2108 2294 2445 2350 immortales
2473 2306 2635 2363 sunt;
2685 2312 2817 2367 ergo
2864 2304 2921 2352 et
2974 2295 3137 2349 homo
3184 2293 3327 2348 Deus
3355 2300 3470 2358 est,

1871 2386 1995 2456 quia
2030 2401 2155 2455 pars
2182 2398 2267 2443 est
2300 2389 2386 2457 (ut
2416 2388 2622 2461 dicitis)
2655 2389 2864 2444 mundi.
2915 2388 2971 2443 Si
3000 2387 3197 2452 homo;
3243 2400 3371 2457 ergo
3418 2391 3477 2440 et

1868 2478 2139 2547 jumenta,
2173 2490 2228 2534 et
2260 2481 2497 2550 pecudes
2518 2522 2532 2547 ,
2567 2489 2623 2536 et
2638 2490 2834 2536 caetera
2856 2493 3054 2549 genera
3075 2477 3390 2545 bestiarum,
3419 2484 3476 2532 et

1872 2572 2075 2639 avium,
2106 2581 2161 2628 ct
2179 2574 2437 2644 piscium;
2470 2575 2725 2645 quoniam
2749 2583 2803 2628 et
2826 2572 2914 2627 illa
2936 2570 3129 2626 eodem
3152 2568 3315 2623 modo
3345 2582 3471 2624 scn—

1875 2665 2032 2731 tiunt,
2064 2676 2117 2722 et
2154 2667 2340 2722 tnundi
2387 2677 2572 2737 partes
2611 2675 2756 2720 sunt.
2788 2667 2858 2720 At
2886 2664 2991 2719 hoc
3021 2662 3304 2718 tolerabile
3347 2669 3472 2717 est:

1875 2772 1999 2813 nam
2026 2768 2080 2814 et
2109 2758 2227 2815 haec
2255 2760 2441 2816 colunt
2460 2758 2723 2832 Egyptii.
2755 2757 2863 2815 Sed
2886 2770 2974 2813 res
2999 2770 3066 2812 eo
3091 2754 3376 2827 pervenit,
3410 2762 3469 2809 ut

1488 2892 1869 2967 VAntonuu,
1890 2894 2123 2952 nom.

240 3035 308 3092 Si
327 3041 482 3101 terra,
509 3049 675 3113 quam
688 3032 969 3113 calcamus,
999 3040 1123 3113 etc.‘
1157 3029 1624 3113 bnlnlttennationes
1654 3040 1765 3086 ter-

1976 3036 2175 3113 Natura
2212 3038 2462 3108 deorum,
2498 3040 2706 3097 scilicet
2748 3050 2928 3113 partes
2971 3042 3157 3098 mundi
3199 3057 3308 3099 non
3352 3056 3475 3098 esse

162 3122 286 3163 ram
338 3102 609 3176 tamquam
644 3105 800 3176 deant
832 3107 1071 3159 coluere.
1096 3102 1142 3159 A
1171 3103 1469 3176 Phrygibus
1490 3103 1766 3176 colebatur

164 3179 271 3234 sub
304 3173 524 3233 nomine
554 3177 744 3242 Rheae,
762 3174 1014 3248 Cybeles,
1045 3184 1149 3229 ctc.
1174 3173 1380 3248 assym
1414 3173 1593 3227 itidem
1619 3174 1763 3248 illam

165 3265 269 3321 pro
289 3248 389 3304 dea
405 3249 680 3321 habuere,
711 3245 848 3302 teste
864 3245 1135 3301 Macrohio
1164 3246 1279 3321 Sat.
1322 3245 1414 3299 lib.
1442 3261 1478 3307 ι,
1511 3259 1629 3312 cap.
1660 3247 1763 3301 25:

165 3317 371 3392 Assyrii
395 3319 523 3387 Deo,
558 3336 706 3392 quem
741 3317 1411 3392 summummaximumque
1443 3326 1764 3392 uenerantur,

165 3387 324 3447 Adad
362 3408 542 3446 nomen
571 3387 829 3445 dederunt
855 3404 873 3442 :
902 3388 1215 3458 subjungunt
1245 3387 1405 3441 eidem
1440 3388 1587 3440 deam
1605 3429 1621 3455 ,
1671 3403 1767 3442 no-

166 3466 309 3518 mine
330 3462 632 3528 Adargatim
649 3504 665 3528 ,
708 3476 1009 3528 omnemque
1031 3468 1327 3528 potestatem
1356 3468 1655 3512 cunctarum
1682 3476 1767 3513 re-

162 3552 285 3589 rum
318 3536 397 3588 his
448 3530 647 3587 duobus
694 3532 1008 3595 attribuunt,
1055 3530 1213 3583 solent
1258 3539 1542 3595 terramque
1583 3530 1771 3583 intelli-

165 3618 366 3677 gentes.
397 3604 842 3677 Egyptiiﬂetiam
877 3602 953 3677 ill_i
1002 3601 1218 3677 divinos
1265 3600 1512 3677 detulere
1537 3603 1771 3677 honores

167 3670 275 3732 sub
303 3670 521 3732 nomine.
541 3670 720 3740 lsidis,
751 3683 889 3729 teste
918 3673 1107 3730 Servio
1138 3672 1189 3725 in
1237 3688 1327 3727 vni
1355 3671 1573 3727 IEueid.
1603 3690 1615 3725 :
1647 3670 1769 3737 Isis,

168 3749 368 3814 inquit,
400 3749 578 3818 lingua
593 3745 967 3818 Egyptiorum
1006 3754 1104 3818 est_
1119 3753 1276 3808 terra,
1313 3759 1482 3818 quani
1510 3741 1625 3818 lsin
1668 3758 1775 3796 esse

165 3812 371 3874 volunt.
425 3812 555 3873 Item
607 3812 843 3872 Mdc'rnb.
891 3816 1005 3872 Sat.
1038 3816 1126 3876 l7,
1157 3829 1276 3883 cap.
1308 3812 1379 3868 20
1410 3832 1422 3868 :
1455 3812 1559 3867 lsis
1592 3814 1776 3880 juncta

162 3891 424 3961 religione
449 3888 752 3955 celebratur,
784 3904 898 3961 qua:
926 3896 998 3942 est
1022 3886 1099 3961 uel
1138 3896 1312 3961 terra,_
1344 3883 1423 3938 vel
1461 3896 1647 3961 natura
1689 3900 1774 3938 re-

161 3954 290 4016 runi
331 3961 597 4031 subiacens
633 3954 750 4015 soli.
796 3954 1056 4016 Germani
1098 3958 1258 4031 etiam
1299 3955 1436 4031 hanc
1476 3954 1630 4009 deam
1679 3969 1774 4009 co-

164 4034 352 4097 luere,
387 4027 446 4088 ut
488 4042 717 4086 testatur
742 4031 981 4093 Tacitus,
1028 4029 1116 4099 qui
1157 4027 1477 4099 dicitrillam
1511 4037 1774 4089 vocatam,

164 4102 454 4159 Hert/tam.
488 4103 605 4157 Vid.
638 4102 827 4168 Voss.,
857 4102 923 4156 de
945 4098 1099 4167 ldul.,
1132 4113 1251 4169 cap.
1284 4098 1372 4153 55.

248 4198 425 4265 Quam
450 4198 728 4268 subigimus
759 4206 811 4268 et
831 4196 1046 4250 colimus
1071 4193 1141 4268 ad
1168 4192 1373 4247 victum.
1419 4192 1493 4246 lta
1538 4192 1777 4246 restitui-

164 4286 301 4326 mus
329 4286 395 4325 ex
424 4265 693 4325 veteribus
750 4267 911 4324 editis
964 4265 1283 4330 cunctisque
1333 4280 1463 4319 mss.
1517 4274 1713 4333 praeter
1764 4279 1778 4318 t

168 4341 394 4397 Bonon.
428 4342 594 4411 antiq.
648 4342 700 4395 in
752 4355 859 4411 quo
897 4337 1052 4393 deest
1079 4346 1127 4391 et
1156 4337 1387 4390 colimus.
1426 4336 1498 4389 lle
1531 4335 1631 4388 hoc
1647 4334 1780 4387 Cato

169 4412 329 4482 apud
359 4410 696 4475 Ciceronem,
725 4410 792 4465 de
820 4410 1132 4466 Senectute.

1878 3120 2053 3180 partes
2083 3110 2196 3165 Dei.

1944 3179 2086 3251 Ergo
2132 3198 2194 3235 ne
2247 3182 2467 3237 mundus
2513 3184 2715 3253 quidem
2763 3193 2897 3241 totus
2942 3184 3084 3241 Deus
3129 3193 3223 3241 est.
3266 3185 3345 3241 De
3370 3184 3474 3241 hac

1872 3256 2162 3308 Sloicorum
2206 3256 2472 3308 sententia
2522 3256 2642 3310 vide
2696 3256 3015 3312 Ciceronem
3065 3259 3117 3312 in
3167 3273 3222 3311 tv
3264 3257 3471 3312 Acade-

1872 3326 2130 3397 nticarum
2159 3323 2458 3391 Qumstinn.
2496 3326 2720 3381 Mundus
2752 3339 2867 3382 erat
2908 3329 3105 3385 Stoicis
3153 3330 3295 3383 Deus
3330 3329 3466 3397 ipse.

1872 3395 2297 3470 Yitlsplutarch.
2320 3439 2334 3462 ,
2388 3397 2458 3452 de
2504 3398 2640 3453 l’hil.
2685 3399 2830 3454 Plac.
2853 3442 2868 3466 ,
2908 3400 3000 3455 lib.
3028 3416 3064 3464 ι,
3096 3414 3217 3470 cap.
3248 3402 3283 3456 5
3310 3395 3366 3455 et
3400 3400 3465 3463 7;

1873 3467 2177 3536 Epiphan.,
2210 3469 2414 3524 llmres.
2470 3470 2680 3536 praefat.
2729 3488 2741 3523 :
2783 3472 3021 3533 Seneca,
3071 3467 3273 3537 Qumst.
3330 3480 3470 3537 nat.,

1874 3539 1966 3593 lib.
2010 3555 2071 3612 tt,_
2094 3554 2211 3609 cap.
2245 3539 2355 3594 45:
2395 3539 2479 3594 Vis
2519 3540 2682 3595 Deum
2713 3543 2957 3595 mundum
2988 3543 3208 3597 vocare?
3236 3560 3335 3596 non
3366 3541 3473 3612 fal-

1876 3612 2014 3665 leris.
2048 3610 2168 3682 Ipse
2194 3612 2327 3665 enim
2357 3621 2429 3666 est
2469 3621 2627 3664 totum
2675 3614 2811 3680 quod
2854 3613 3024 3675 vides.
3068 3624 3198 3667 totus
3240 3610 3472 3682 operibus

1875 3683 1980 3807 {ubis
2023 3681 2216 3736 inditus
2248 3691 2294 3736 et
2340 3699 2393 3735 se
2440 3692 2728 3736 sustentans
2774 3685 2819 3736 vi
2866 3699 2980 3738 sua.
3016 3684 3195 3738 Manil.
3226 3681 3470 3754 AStron.,

1900 3770 1911 3805 ι
1957 3792 1967 3805 .
2000 3768 2018 3807 ι
2050 3770 2062 3805 :

1900 3768 2062 3807 ιυ.ι;

2003 3867 2106 3926 Qua
2126 3871 2293 3930 pateat
2311 3867 2541 3930 mundum
2565 3865 2731 3915 divino
2754 3867 2957 3917 numine
2976 3868 3126 3929 verti,

2003 3927 2166 3993 Atque
2189 3932 2350 3993 ipsum
2372 3941 2486 3979 esse
2509 3927 2691 3980 Deum.

1877 4036 1965 4093 Sic
1992 4045 2046 4092 et
2073 4035 2205 4091 Cato
2234 4036 2374 4107 apud
2401 4036 2695 4103 Lucanum,
2714 4036 2811 4091 lib.
2844 4050 2897 4090 tx
2932 4052 2945 4089 :

1973 4150 2172 4214 Jupiter
2198 4155 2275 4201 cst
2290 4150 2633 4213 quodcumque
2659 4148 2818 4213 vides,
2835 4148 3179 4213 quodcumque
3199 4152 3440 4200 movetur.

1957 4277 2340 4345 Propositiones
2363 4275 2564 4346 quidem
2588 4289 2721 4346 vera:
2746 4283 2930 4346 sunt...
2978 4273 3068 4328 sed
3106 4272 3477 4342 assumptione:

1888 4344 2441 4420 {ulsm’Ciccrouiano
2470 4362 2620 4401 more
2647 4345 2883 4420 loquitur
2909 4344 3238 4407 Lactantius,
3272 4358 3474 4420 propo-

1887 4415 2248 4490 sitioneutque
2270 4428 2421 4473 vocat
2444 4433 2562 4473 eam
2589 4417 2885 4487 syllogismi
2911 4424 3121 4490 partem
3138 4430 3296 4483 quam
3321 4415 3478 4490 scho-

260 4503 371 4558 Nec
399 4506 564 4573 campi
589 4502 995 4573 quidem.Lego,
1022 4519 1083 4557 ne
1104 4501 1274 4572 campi
1301 4500 1525 4570 quidem,
1555 4508 1612 4555 ut
1640 4499 1777 4556 Ven.
1806 4491 1861 4553 D
1890 4492 2059 4547 lastici
2116 4483 2379 4573 uiatorem
2403 4483 2685 4572 nominant
2705 4483 2821 4551 [et
2854 4483 3290 4573 ‘assﬂutnptiunem
3349 4483 3479 4538 dicit

176 4575 351 4635 1495.
382 4575 469 4630 97.
503 4577 635 4631 BUN.

256 4647 390 4702 Item
415 4649 458 4700 si
477 4664 627 4717 aqua.
653 4647 772 4701 Prae
793 4646 1000 4700 cunctis
1020 4644 1271 4717 gentibus
1289 4643 1775 4717 prmcip‘ue‘aquam

175 4720 426 4776 venerati
454 4714 704 4773 videnlur
732 4717 969 4789 Egyptii
994 4716 1278 4789 etPersa}.
1317 4714 1680 4789 Depriuribus
1705 4715 1777 4769 ita

175 4789 470 4848 Plutarch.
513 4790 607 4845 lib.
652 4790 719 4845 de
773 4785 854 4843 ls.‘
882 4785 954 4842 ret
984 4785 1120 4842 Osir.
1152 4806 1163 4840 :
1202 4786 1353 4840 Nihil
1390 4787 1442 4838 iu
1483 4786 1677 4853 majore
1704 4793 1776 4838 est

177 4860 456 4932 Egyptiis
492 4862 703 4926 honore,
736 4877 886 4932 quam
912 4858 1085 4913 Nilus.
1120 4859 1160 4912 E
1190 4858 1387 4932 nostris
1417 4855 1774 4932 Athanasius,

178 4928 283 5003 qui
302 4928 594 5001 Egyptius
624 4928 885 5001 ipse'l‘uit,
920 4932 1069 5003 Orat.
1103 4941 1249 5003 cont.
1281 4928 1483 5003 Gentes
1510 4946 1522 4978 :
1553 4928 1777 4997 Alii/iu-

176 4998 294 5059 nias
324 5015 368 5057 et
390 4998 581 5073 Tonles,
611 4998 657 5059 et
678 5004 903 5057 omnium
926 4998 1406 5073 maximegyptii
1427 5015 1611 5073 aquam
1640 5013 1776 5073 prce-

179 5077 338 5146 ripue
353 5068 594 5146 venerati,
610 5076 828 5146 deosque
842 5073 1125 5146 appellunt.
1148 5068 1407 5127 Similiter
1425 5069 1532 5125 Jul.
1556 5068 1775 5124 Firtnic.

181 5146 257 5202 de
290 5144 415 5216 Err.
446 5144 584 5216 prnl‘.
614 5144 785 5216 Relig.
815 5145 1055 5199 Vossws.

265 5215 378 5271 Nec
396 5211 558 5288 {outer
581 5211 804 5283 quidem.
825 5216 904 5271 Ex
924 5216 1114 5288 60th.,
1130 5212 1277 5288 Lips.
1299 5211 1597 5288 tert.,Ven_.
1618 5211 1776 5288 Mil,

188 5289 372 5355 Bost.,
396 5283 462 5343 ne
483 5291 647 5357 fontes
672 5289 897 5357 quidem,
928 5299 983 5340 ut
1010 5286 1160 5340 multi
1192 5284 1311 5357 libri
1339 5302 1350 5336 :
1382 5299 1447 5357 ne
1477 5284 1636 5357 tellus
1661 5283 1772 5357 qui~

188 5363 332 5425 dent,
359 5353 424 5414 ne
444 5353 662 5431 ﬂumina
684 5353 935 5431 quidem,
988 5373 1051 5410 ne
1099 5356 1319 5431 mundus
1343 5353 1565 5431 [quidem
1590 5370 1607 5406 :
1640 5353 1783 5431 unde

188 5448 256 5488 ne
283 5423 469 5486 clelum
495 5432 697 5501 quidem
711 5423 1093 5499 corrigendum
1116 5428 1315 5497 putavi.
1336 5424 1491 5501 (igni.
1511 5423 1782 5501 Graeviutn

188 5512 250 5558 el.
270 5502 430 5567 alios,
467 5493 533 5557 ad
564 5502 632 5557 de
662 5502 730 5556 Μ.
769 5493 918 5556 Ρθνὲ.
975 5514 1096 5569 cap.
1117 5493 1187 5566 ’4,
1234 5506 1344 5550 uol.
1388 5494 1420 5551 8
1463 5505 1519 5550 et
1556 5502 1667 5551 unt.
1716 5493 1784 5548 ad

190 5575 346 5632 Lact.
377 5573 472 5628 lib.
504 5590 575 5635 Vt,
607 5588 726 5643 cap.
763 5572 848 5627 15.
880 5571 1010 5643 llus.

268 5643 386 5699 Nec
414 5646 630 5715 flumina
653 5639 877 5714 quidem.
904 5642 1008 5698 Pro
1037 5657 1101 5715 ne
1134 5639 1363 5715 _repos_u_i
1410 5654 1500 5691 nec
1541 5651 1609 5715 est
1652 5651 1783 5691 mss.

192 5720 231 5774 2
263 5708 425 5787 lteg.,
452 5720 487 5772 ὅ
514 5708 690 5778 (ὶυΙδξ,
718 5715 881 5770 Brun.
935 5724 989 5772 et
1018 5711 1178 5769 editis
1207 5708 1386 5765 multis
1421 5728 1432 5762 :
1462 5708 1605 5779 quod
1644 5723 1785 5777 pra:-

197 5788 450 5847 cedentia
479 5790 777 5856 requirunt.

252 5857 387 5927 Qua:
416 5848 596 5912 mundi
626 5866 794 5927 partes
818 5865 951 5913 sunt.
980 5854 1184 5911 Eadem
1217 5868 1369 5910 mens
1399 5860 1482 5909 est
1508 5848 1787 5907 Ciceronis

1886 4578 2046 4634 quam
2076 4556 2383 4618 scholastici
2407 4563 2653 4613 minorem
2680 4566 2891 4613 vocant.
2918 4556 3003 4611 Ex
3026 4556 3181 4611 15.450.

1953 4658 2184 4712 Mundus
2209 4655 2547 4711 domicilium.
2589 4653 2677 4710 Sic
2713 4654 2921 4716 Cicero,
2956 4650 3047 4706 lib.
3080 4664 3136 4704 Ill
3162 4648 3229 4703 de
3256 4646 3480 4702 Finibus

1879 4730 1974 4784 ait:
2011 4729 2264 4782 blandum
2292 4738 2461 4781 autem
2491 4734 2691 4781 censent
2718 4725 2821 4794 regi
2849 4723 3052 4777 numine
3069 4722 3299 4794 deorum,
3332 4735 3478 4794 eum-

1877 4817 1975 4871 que
2000 4817 2106 4855 esse
2134 4801 2279 4866 quasi
2306 4813 2622 4852 communem
2655 4789 2827 4849 urbem
2853 4805 2898 4847 et
2925 4794 3179 4871 civitatem
3218 4789 3480 4871 hominum

1880 4862 1928 4926 et
1954 4862 2201 4934 deorum;
2228 4880 2274 4924 et
2301 4884 2706 4939 unumquemque
2759 4876 2988 4921 nostrum
3018 4865 3128 4933 ejus
3170 4862 3345 4916 mundi
3375 4878 3482 4918 esse

1917 4953 2093 4997 artem.

1880 4961 2113 5068 ’κιᾝέΖᾶ
2140 5012 2276 5081 quod
2299 5011 2495 5065 incolit.
2540 5010 2616 5065 [ta
2660 5024 2724 5064 ex
2753 5007 3004 5081 omnibus
3036 5021 3167 5081 mss.
3199 5014 3252 5061 et
3282 5003 3480 5081 veteri-

1881 5086 1983 5141 bus
2022 5076 2183 5141 editis
2220 5083 2451 5139 restitui.
2507 5082 2564 5137 In
2606 5080 2849 5152 pluribus
2895 5078 3172 5148 impressis
3214 5087 3298 5132 est
3336 5076 3475 5129 colit.

1884 5157 2018 5229 Vide
2051 5156 2430 5229 praecedentia.
2476 5226 2486 5229 _
2709 5222 2752 5229 _
3046 5219 3079 5229 η
3342 5217 3372 5229 _,

1959 5219 2622 5298 ConsequentiaLReimn].
2654 5265 2668 5290 ,
2709 5222 2989 5298 Termes,
3038 5219 3477 5298 Censequentiant.

1885 5299 2029 5355 Idem
2061 5290 2271 5355 Reimm
2297 5317 2310 5353 :
2342 5296 2479 5369 Ergo
2502 5295 2811 5351 etJumeuta
2829 5310 2849 5359 ;
2895 5293 3054 5348 bene.
3081 5290 3213 5345 Bun.

1960 5392 2065 5447 Sed
2110 5402 2175 5445 et.
2228 5394 2478 5447 Omnium
2526 5406 2655 5446 mss.
2701 5398 2814 5457 est;
2862 5387 2952 5443 sed
2982 5386 3135 5440 etiam
3174 5381 3477 5447 editorum,

1888 5472 2085 5535 pragtcr
2115 5464 2342 5518 Torues.
2374 5472 2429 5519 et
2457 5463 2725 5535 Soubron.

1959 5533 2201 5588 Jumenla
2230 5544 2276 5588 et
2304 5536 2539 5604 pecudes.
2569 5532 2721 5601 Quod
2751 5529 3116 5604 conﬁrmatur
3146 5540 3209 5581 ex
3241 5520 3480 5593 Epistula

1890 5606 2037 5661 Pauli
2063 5606 2129 5661 ad
2163 5602 2415 5672 Romam,
2449 5622 2567 5675 cap.
2592 5622 2631 5671 t,
2660 5620 2713 5658 v.
2742 5602 2833 5659 εδ.

1966 5702 2105 5757 Nam
2132 5711 2178 5755 et
2209 5703 2316 5756 hcec
2342 5700 2514 5753 colunt
2545 5697 2805 5769 Aigyptii.
2837 5691 3259 5769 Absurdioribus
3286 5702 3475 5769 super-

1893 5774 2202 5831 stitionibus
2229 5771 2461 5825 maxime
2487 5761 2704 5825 addicti.
2750 5767 2824 5820 De
2850 5761 3319 5833 superstitionibus
3350 5761 3476 5813 reli-

1892 5829 2055 5918 giosis
2082 5841 2459 5916 Egyptiorum
2489 5840 2610 5897 vide
2651 5829 2977 5894 Herodotum
3006 5834 3098 5890 lib.
3132 5847 3200 5899 tt;
3254 5829 3473 5886 Cicero-
