3790 6274
150 366 265 424 283

1234 370 1444 428 LIBER
1482 370 1546 427 ll.
1586 370 1676 427 DE
1713 369 1996 432 ORIGINE
2034 371 2352 433 ERRORIS.

3350 376 3457 434 286

149 483 200 539 si
226 483 408 555 aliqua
445 500 506 541 re
530 483 811 559 indigent?
859 483 945 539 vel
975 483 1325 559 incorruptos
1348 528 1364 555 ,
1406 487 1450 543 si
1491 485 1752 560 voluptati
1782 495 1832 555 Α
1859 496 2018 558 putas
2043 528 2059 555 ,
2088 502 2219 560 ergo
2244 504 2349 545 non
2376 489 2573 546 credis.
2639 488 2764 549 ideo
2793 488 2936 553 enim
2976 490 3203 563 quieris,
3254 501 3308 551 ιιι
3336 508 3454 549 eam

149 574 358 632 habent
401 592 464 632 ea
490 578 546 633 in
583 577 780 650 quibus
807 576 1130 649 appetendis
1173 579 1442 652 cupiditas
1470 579 1751 638 hominum

150 685 267 727 non
321 672 594 728 immerito
642 671 973 727 damnatur?
1011 671 1248 730 Veniunt
1287 675 1449 746 igitur
1473 675 1540 730 ad
1577 675 1711 731 deos
1737 717 1750 742 ,

147 779 261 820 non
297 773 404 820 tam
434 765 716 837 religionis
754 765 926 836 gratia
949 809 965 834 ,
1015 781 1135 837 quae
1166 765 1314 821 nulla
1343 777 1517 838 potest
1546 781 1668 824 esse
1699 767 1751 822 in
1787 817 1791 822 .

146 858 320 913 rebus
346 858 488 915 male
521 858 690 930 partis
719 866 774 915 et
798 858 1257 930 corruptibilibus,
1291 875 1451 931 quam
1480 868 1537 916 ut
1563 876 1752 916 aurum

146 951 327 1007 oculis
350 951 641 1019 hauriant,
671 952 903 1008 nitorem
928 952 1143 1023 levigati
1174 953 1479 1021 marmoris,
1505 962 1599 1010 aut
1624 955 1755 1012 ebo-

142 1044 230 1100 ris
264 1046 567 1119 aspiciant;
608 1055 667 1102 ut
689 1046 925 1121 insignes
951 1046 1146 1117 lapillis
1178 1055 1233 1103 et
1256 1048 1526 1106 coloribus
1550 1060 1750 1119 vestes,

145 1137 241 1193 vel
283 1137 537 1194 distincta
589 1130 819 1211 gemmis
850 1137 1179 1210 fulgentibus
1224 1140 1416 1215 pocula
1465 1142 1755 1200 insatiabili

139 1233 614 1305 contemplatione
635 1242 994 1289 contrectent.
1026 1233 1095 1289 Et
1126 1242 1325 1305 quanto
1352 1234 1554 1291 fuerint
1596 1251 1754 1292 orna-

136 1324 287 1380 tiora
316 1326 539 1397 templa,
563 1335 619 1381 et
638 1325 947 1397 pulchriora
973 1324 1285 1394 simulacra,
1310 1335 1464 1383 tanto
1491 1328 1612 1401 plus
1640 1344 1751 1384 ma-

130 1416 363 1489 jestatis
390 1418 595 1477 habere
622 1418 923 1475 creduntur
953 1437 966 1471 :
996 1417 1137 1476 adeo
1171 1420 1367 1492 religio
1398 1435 1586 1476 eorum
1619 1421 1755 1478 nihil

139 1509 301 1565 aliud
330 1523 434 1578 εει,
467 1527 628 1582 quam
652 1511 794 1578 quod
820 1511 1086 1591 cupiditas
1117 1511 1352 1570 humana
1384 1513 1631 1571 miratur.

215 1601 321 1658 Ha:
347 1613 474 1659 sunt
497 1604 811 1676 religiones,
841 1620 975 1676 quas
995 1605 1094 1660 sibi
1123 1620 1152 1659 a
1182 1605 1476 1678 majoribus
1506 1606 1617 1661 suis
1650 1616 1757 1662 tra-

135 1694 291 1750 ditas
330 1696 761 1767 pertinacissime
786 1695 926 1752 tueri
950 1712 1014 1757 ac
1040 1696 1335 1754 defendere
1365 1708 1713 1770 perseverant
1742 1718 1755 1754 :

129 1805 244 1846 nec
260 1788 616 1848 considerant
643 1790 830 1861 quales
860 1789 1001 1863 sint;
1043 1790 1136 1846 sed
1169 1805 1237 1846 ex
1269 1792 1372 1847 hoc
1400 1792 1650 1863 probatas
1671 1800 1757 1847 at»

1856 578 2120 651 sequaris,
2151 595 2275 636 cum
2297 581 2588 638 inveneris.
2622 582 2934 643 Docetecre
2955 592 3006 640 tc
3035 585 3172 641 ratio
3198 600 3305 643 non
3332 601 3455 645 esse

1856 687 2013 728 veras
2042 672 2329 745 religiones
2357 673 2599 731 deorum.
2632 674 2770 743 Quid
2793 675 2993 733 facies?
3023 675 3327 748 majoresne
3354 694 3454 749 po.

1857 766 1986 834 tius,
2015 782 2082 821 an
2114 767 2379 825 rationem
2410 769 2695 840 sequeris?
2726 784 2846 839 qua:
2882 768 3100 841 quidem
3134 770 3227 826 tibi
3254 786 3361 829 non
3389 772 3457 833 ab

1855 862 1962 919 alio
1993 862 2258 921 insinuata
2285 904 2300 930 ,
2349 863 2445 919 sed
2472 880 2500 916 a
2548 873 2599 923 te
2640 864 2758 934 ipso
2793 864 3014 920 inventa
3058 872 3112 921 et
3140 864 3313 921 electa
3340 874 3456 937 est,

1854 972 1979 1015 cum
2010 971 2202 1017 omnes
2228 957 2517 1029 religiones
2548 958 2804 1017 radicitus
2831 958 3040 1014 eruisti.
3089 958 3147 1016 Si
3192 960 3456 1019 rationem

1854 1049 2047 1116 mavis,
2067 1046 2349 1104 discedere
2378 1057 2428 1103 te
2453 1063 2678 1109 necesse
2706 1057 2789 1105 cst
2815 1049 2883 1103 ab
2904 1049 3160 1106 institutis
3186 1059 3240 1107 et
3266 1059 3456 1109 aucto-

1854 1140 2015 1203 ritate
2045 1139 2343 1211 majorum;
2373 1141 2627 1211 quoniam
2656 1140 2709 1199 id
2755 1141 2931 1197 solum
2962 1151 3166 1199 rectum
3199 1152 3281 1201 est
3311 1144 3456 1219 quod

1854 1233 1996 1288 ratio
2024 1231 2341 1309 praescribit.
2376 1231 2469 1288 Sin
2501 1242 2681 1287 autem
2706 1233 2875 1305 pietas
2900 1235 3138 1304 majores
3160 1236 3312 1307 sequi
3336 1250 3458 1293 sua-

1855 1322 1982 1390 det,
2011 1322 2181 1380 fatere
2209 1323 2389 1395 igitur,
2421 1333 2475 1381 et
2504 1325 2697 1380 stultos
2726 1325 2848 1383 illos
2877 1324 3042 1382 fuisse
3063 1368 3079 1394 ,
3121 1327 3210 1397 qui
3241 1328 3460 1398 excogi-

1857 1417 1983 1472 tatis
2021 1424 2207 1471 contra
2257 1416 2523 1471 rationem
2556 1416 2904 1489 religionibus
2938 1418 3278 1484 servierunt,
3329 1429 3383 1475 et
3410 1429 3462 1477 te

1858 1509 2100 1579 ineptum
2130 1509 2220 1580 qui
2270 1508 2322 1565 id
2354 1510 2519 1575 colas,
2552 1510 2695 1581 quod
2722 1508 2917 1566 falsum
2947 1526 3069 1567 esse
3100 1512 3457 1568 convinceris.

1858 1599 1964 1657 Sed
1993 1611 2171 1663 tamen
2204 1603 2459 1673 quoniam
2489 1602 2646 1659 nobis
2674 1612 2955 1674 tantopere
2986 1603 3247 1675 majorum
3264 1621 3459 1662 nomen

1859 1696 2508 1767 apponiturJvideamus
2556 1697 2771 1753 tandem
2827 1698 2917 1768 qui
2976 1697 3176 1753 fuerint
3229 1699 3460 1769 majores

1861 1790 1962 1858 illi,
1997 1805 2025 1845 a
2057 1806 2285 1865 quorum
2314 1791 2634 1849 auctoritate
2659 1790 2863 1851 discedi
2891 1789 3041 1851 nefas
3070 1791 3302 1846 ducitur.

129 1898 248 1955 que
275 1896 436 1938 veras
456 1895 579 1938 esse
604 1880 918 1950 confidunt,
964 1881 1108 1954 quod
1147 1897 1238 1939 eas
1267 1890 1481 1938 veteres
1521 1883 1756 1939 tradide-
1781 1894 1831 1963 Β
1931 1884 2194 1947 Romulus
2243 1885 2431 1943 urbem
2463 1884 2814 1951 conditurus,
2866 1892 3111 1953 pastores
3157 1885 3296 1941 inter
3323 1899 3459 1957 quos

128 1985 295 2044 runt,
321 1982 581 2045 tantaque
610 1982 694 2030 est
738 1975 1030 2031 auctoritas
1060 1976 1359 2042 vetustatis,
1393 1987 1453 2031 ut
1482 1975 1754 2050 inquirere

27 2074 71 2085 '°
134 2071 197 2127 in
231 2085 356 2126 eam
385 2068 563 2124 scelus
587 2081 708 2123 csse
735 2068 964 2123 dicatur.
994 2067 1180 2139 Itaque
1205 2067 1441 2123 creditur
1457 2067 1503 2123 ei
1530 2068 1748 2140 passim,

132 2170 424 2234 tamquam
458 2159 686 2231 cognitae
727 2159 958 2215 veritati.
993 2159 1231 2233 Denique
1259 2159 1399 2231 apud
1435 2159 1749 2217 Ciceronem

134 2259 227 2315 sic
255 2257 393 2314 dicit
419 2254 574 2312 Cotta
605 2253 810 2310 Lucilio
843 2273 854 2307 :
886 2272 905 2305 ι
947 2254 1142 2323 liabes,
1186 2254 1370 2319 Balbe,
1404 2253 1531 2327 quid
1570 2254 1748 2325 Cotta,

137 2349 279 2421 quid
309 2348 546 2422 pontifex
580 2346 794 2403 sentiat.
821 2346 928 2403 Fac
958 2361 1102 2402 nunc
1129 2362 1228 2418 ego
1270 2347 1563 2420 intelligam
1585 2391 1601 2418 ,
1623 2349 1749 2424 quid

138 2454 203 2500 tu
247 2444 489 2510 sentias;
533 2459 564 2499 a
620 2451 671 2497 te
712 2442 856 2498 enim
891 2442 1211 2514 philosopho
1241 2443 1505 2499 rationem
1532 2443 1753 2517 religio—

140 2536 241 2593 nis
269 2536 516 2608 accipere
552 2534 758 2602 debeo,
797 2534 1088 2605 majoribus
1118 2542 1295 2591 autem
1321 2536 1520 2593 nostris
1546 2577 1560 2604 ,
1592 2537 1753 2592 etiam

142 2632 306 2689 nulla
336 2631 545 2686 ratione
572 2629 802 2699 reddita,
822 2628 1044 2689 rationis
1072 2637 1154 2687 est
1179 2628 1455 2684 credere.»
1473 2627 1528 2684 Si
1555 2629 1755 2705 credis,

144 2740 252 2780 cur
283 2737 418 2795 ergo
458 2722 721 2777 rationem
768 2720 1033 2793 requiris,
1083 2734 1205 2790 quae
1236 2727 1413 2791 potest
1446 2719 1665 2775 efficere
1691 2735 1760 2775 ne

144 2816 392 2875 credas?
441 2815 497 2874 Si
526 2830 656 2872 vero
704 2817 970 2872 rationem
1013 2814 1266 2886 requiris,
1310 2827 1367 2872 et
1410 2815 1758 2889 quaerendam

1862 1976 2534 2046 adoleveratconvocavit,
2563 1991 2792 2046 cumque
2838 1976 2884 2031 is
2930 1991 3188 2035 numerus
3215 1978 3458 2034 conden-

1861 2067 1946 2123 da:
1976 2068 2093 2129 urbi
2124 2083 2308 2139 parum
2333 2067 2560 2127 idoneus
2590 2067 2890 2137 videretur,
2920 2068 3199 2129 constituit
3226 2070 3457 2143 asylum.

1860 2160 1940 2221 Eo
1969 2161 2167 2233 passim
2198 2161 2563 2234 confugerunt
2582 2177 2649 2223 ex
2673 2162 2913 2223 finitimis
2942 2163 3075 2219 locis
3097 2162 3316 2237 pessimi
3343 2165 3464 2235 qui-

1859 2269 1984 2326 que,
2013 2254 2130 2313 sine
2157 2254 2267 2312 ullo
2291 2255 2617 2311 conditionis
2644 2255 2976 2313 discrimine.
3014 2246 3373 2317 lta‘contlavit
3397 2274 3462 2315 ex

1860 2347 1948 2403 his
1973 2349 2225 2405 omnibus
2255 2349 2509 2421 populum
2535 2367 2548 2417 ;
2589 2349 2823 2422 legitque
2854 2351 2905 2406 in
2937 2359 3184 2407 senatum
3207 2392 3223 2420 ,
3247 2366 3342 2407 eos
3372 2353 3462 2422 qui

1862 2450 2020 2511 aetate
2048 2443 2364 2510 anteibant,
2397 2451 2453 2499 et
2477 2443 2666 2500 Patres
2708 2442 2992 2514 appellavit
3020 2484 3035 2508 ,
3077 2457 3303 2513 quorum
3334 2458 3465 2501 con-

1863 2535 1984 2597 silio
2023 2547 2237 2607 gereret
2279 2535 2481 2595 omnia.
2516 2534 2593 2589 De
2629 2549 2738 2609 quo
2776 2544 2966 2595 senatu
3005 2533 3317 2606 Propertius
3344 2534 3466 2591 Ele-

1861 2628 2064 2701 giaium
2097 2627 2330 2701 scriptor
2352 2628 2468 2683 haec
2495 2625 2730 2698 loquitur
2758 2643 2772 2681 :

1986 2765 2205 2816 Buecina
2224 2764 2437 2826 cogebat
2456 2764 2642 2826 priscos
2656 2764 2718 2813 ad
2741 2763 2896 2826 verba
2913 2761 3166 2821 Quirites:

2054 2775 2205 2816 iccina
2321 2775 2437 2813 enat
2456 2776 2642 2826 priscos
2656 2775 2718 2813 an
2741 2775 2896 2815 verna
2913 2775 3128 2821 Quirites

2054 2775 2356 2885 Centurifﬁli
2380 2827 2429 2876 in
2453 2833 2591 2891 prato
2614 2839 2747 2892 saepe
2768 2825 2984 2883 Senatus
3003 2831 3128 2885 erat.

1478 2953 1844 3019 VARIORUM
1880 2954 2113 3015 ΝΟΤΔΕ.

232 3095 479 3167 Nitorent
495 3093 696 3167 levigati
704 3093 1017 3167 marmoris,
1048 3099 1156 3148 etc.
1177 3090 1570 3167 Vide_'l‘ertull._
1592 3092 1749 3162 Apol.
1780 3091 1827 3155 C

150 3183 283 3247 cap.
307 3166 409 3247 de,
446 3161 640 3247 iustiti.
673 3164 1022 3247 Mart.n;Apol.
1052 3180 1112 3247 ii,
1142 3177 1241 3247 pro
1280 3161 1622 3247 Christianis;

232 3234 380 3294 Adeo
400 3238 577 3308 religio
605 3253 802 3308 eorum.
828 3234 925 3308 Sic
953 3234 1287 3308 restituiinus
1301 3250 1366 3308 ex
1393 3249 1523 3289 mss.
1540 3234 1574 3290 9
1598 3234 1754 3308 Reg,

147 3312 190 3365 2
240 3305 661 3377 Bonon.,plur.
720 3307 918 3370 Vatic.,
959 3305 1191 3367 6Colb..
1234 3306 1551 3368 2Clarom.,
1608 3305 1754 3377 Em.,

150 3382 396 3439 Cantab.
421 3421 438 3447 ,
480 3379 708 3445 Christ.,
764 3378 980 3433 Cotton.
1005 3420 1019 3441 ,
1053 3376 1310 3444 Bailliol.,
1340 3386 1394 3430 et
1432 3377 1563 3431 edit.
1594 3376 1754 3432 Rom.

152 3454 310 3510 14⁵10
336 3470 351 3506 :
373 3446 618 3520 impressi
650 3452 683 3505 8
706 3492 720 3516 ,
753 3450 881 3520 adeo
906 3449 1088 3520 religio
1119 3448 1363 3520 deorum;
1421 3446 1614 3518 Egnat.
1663 3463 1758 3504 seu

150 3524 291 3580 Ald.
319 3518 485 3588 i515,
519 3522 690 3578 Paris.
721 3519 886 3587 {525,
919 3518 1147 3589 Graph.,
1180 3536 1248 3574 an
1276 3519 1391 3574 ideo
1430 3520 1614 3591 religio
1641 3520 1762 3574 deo-

155 3613 307 3650 rum.

242 3667 426 3722 Scelus
467 3680 574 3719 esse
613 3665 829 3721 dicatur.
880 3662 970 3719 Sic
1008 3660 1293 3731 legendum
1333 3669 1417 3719 est
1445 3675 1509 3716 ex
1534 3670 1762 3732 utroque

153 3739 307 3794 Bon.
340 3736 549 3801 codice,
594 3745 647 3789 ct
675 3735 842 3791 tribus
874 3733 1202 3807 Vaticanis;_
1226 3734 1369 3807 quia,
1413 3732 1582 3802 inquit
1618 3732 1760 3807 Th0:

151 3810 409 3872 masius,
456 3807 597 3862 docti
638 3815 693 3862 et
717 3809 986 3881 sapientes
1010 3803 1478 3881 cumsimulareut
1505 3817 1562 3857 se
1586 3804 1763 3881 magni

151 3881 356 3936 facere
380 3889 621 3934 veterum
648 3873 1020 3932 auctoritatem
1049 3917 1063 3943 ,
1098 3873 1330 3928 dicebant
1355 3874 1569 3944 quidem
1589 3876 1764 3929 scelus

152 3966 289 4007 esse
322 3951 376 4005 in
408 3965 527 4005 eam
557 3950 827 4020 inquirere
847 3989 863 4016 ,
893 3963 996 4020 non
1030 3955 1205 4001 tamen
1238 3946 1287 3998 id
1318 3946 1495 4020 scelus
1523 3946 1764 4020 essedu-

151 4025 375 4089 cebant,
407 4036 529 4076 cum
557 4015 699 4090 smpe
729 4021 825 4090 ipsi
850 4015 1038 4072 multa
1076 4016 1607 4090 Asuorumutnajqrttm
1638 4015 1765 4071 irri-

150 4086 387 4150 derent.
426 4093 535 4147 Nec
579 4086 763 4146 solunt—
778 4091 976 4144 dicatur
1005 4088 1200 4143 habent
1225 4088 1435 4142 codices
1464 4087 1501 4143 2
1530 4086 1761 4154 Βοιιοιι.,

150 4167 193 4220 5
224 4164 405 4220 Vatic.
438 4206 453 4233 ,
502 4164 596 4218 sed
640 4172 694 4217 et
733 4161 766 4216 5
799 4159 976 4233 Colb.,
1004 4158 1331 4233 .lun.,‘Lip_s.
1358 4200 1373 4223 ,
1403 4158 1568 4224 Tax.,
1602 4157 1737 4233 Ultr.

152 4199 611 4304 ῖςιξιΐῗξηιιιςιῑΐ,
640 4199 1129 4304 ιῑοξιοῑιῖῒιξιῑῖ
1142 4199 1551 4304 ’_2“'d;}.3..§."‘e‘i_
1553 4199 1706 4304 1.3.1:
1724 4199 1768 4285 ξ

146 4319 279 4363 vet.
311 4298 483 4363 ’liom.
536 4298 607 4361 ac
644 4305 712 4359 ls.
737 4346 753 4372 ,
793 4302 930 4359 Call.
952 4344 966 4368 ,
1012 4300 1213 4373 Spark.
1236 4343 1251 4367 ,
1281 4298 1765 4373 Cellar.,_Walch.;

151 4382 328 4448 quasi
389 4381 462 4434 ita
499 4376 681 4432 dicant
710 4371 1261 4448 paganorumeruditi
1284 4413 1297 4435 ,
1332 4372 1432 4427 etsi
1456 4371 1613 4448 aliter
1638 4388 1767 4426 sen-

153 4443 334 4507 tiant.
366 4451 425 4505 in
448 4449 661 4520 scriptis
688 4443 725 4502 μί
746 4443 903 4517 Ε’θεη
935 4444 963 4498 1
990 4443 1167 4510 Colb.,
1202 4443 1367 4498 Brun.
1397 4451 1455 4498 et
1479 4443 1512 4498 8
1542 4443 1771 4513 impres—

152 4524 265 4585 sis,
296 4523 539 4577 ducatur.

246 4594 480 4649 Passim.
507 4590 565 4648 Id
584 4600 687 4659 est,
713 4600 938 4655 temere,
962 4587 1081 4643 sine
1108 4586 1214 4642 ulla
1246 4586 1471 4643 ratione.
1507 4585 1625 4641 Vid.
1656 4595 1771 4642 not.

155 4684 297 4738 sup.
334 4665 454 4738 et_l.
488 4679 567 4738 ιιι,
595 4678 644 4718 c.
672 4663 727 4718 9.
761 4661 891 4738 Rus.
940 4672 945 4677 '

1799 4485 1853 4553 D

1932 3089 2031 3149 Sin
2058 3100 2228 3147 autem
2256 3092 2418 3162 pietas
2460 3093 2685 3162 majores
2729 3093 2869 3163 sequi
2902 3093 3101 3151 suadet.
3134 3093 3461 3154 Thomasius

1861 3171 2012 3217 notat
2042 3164 2165 3223 huic
2191 3166 2475 3222 sententia:
2499 3164 2794 3225 minoribus
2817 3165 3011 3222 litteris
3044 3167 3095 3223 in
3119 3167 3302 3221 codice
3325 3168 3461 3223 Bon.

1862 3232 1980 3306 tunc
2006 3234 2170 3295 verba
2198 3234 2362 3290 fuisse
2383 3236 2746 3306 superscripta
2782 3253 2796 3294 :
2842 3235 2938 3291 Sin
2956 3246 3123 3295 autem
3144 3240 3328 3293 veritas
3355 3256 3465 3294 ma-

1852 3305 2033 3379 jor_e_st
2061 3321 2175 3379 qua:
2200 3306 2399 3379 suadet.
2432 3305 2634 3379 Verum
2676 3306 2729 3363 in
2778 3307 3057 3379 nulloalio
3087 3309 3273 3365 codice
3303 3311 3460 3367 nobis

1861 3376 2081 3449 quidem
2107 3378 2223 3449 viso
2254 3379 2323 3434 ita
2357 3377 2615 3445 habetur;
2646 3393 2810 3449 quare
2839 3378 2969 3435 nihil
2995 3379 3308 3437 mutandum
3336 3397 3464 3436 cen-

1862 3447 2088 3502 suimus.
2123 3448 2291 3504 ϐΑιι..
2312 3481 2383 3489 -
2408 3451 2577 3517 Quam
2604 3447 2888 3505 lectionem
2918 3449 3189 3511 immutari
3217 3467 3322 3507 non
3349 3453 3464 3508 vult

1863 3517 2451 3593 Thomasiushpropter
2512 3520 2715 3576 codicis
2765 3522 3156 3593 antiquitatem.
3194 3520 3460 3593 Attamen

1864 3589 2165 3645 minoribus
2192 3589 2385 3646 litteris
2412 3592 2605 3660 legitur
2630 3592 2680 3647 in
2713 3589 2909 3655 eodeni
2932 3592 3145 3649 codice:
3177 3592 3274 3649 Sin
3290 3604 3461 3649 autem

1866 3661 2049 3733 verﬂas
2086 3661 2252 3733 major
2276 3671 2368 3725 est,
2396 3678 2509 3732 qum
2538 3662 2736 3728 suadet,
2770 3662 2929 3732 fatere
2950 3664 3121 3733 igitur.

1938 3729 2292 3791 Fatere.'Sic
2345 3729 2557 3799 reposui
2605 3748 2670 3786 ex
2716 3729 2844 3788 mss.
2896 3742 2950 3787 et
2970 3729 3258 3791 'vetcribus
3303 3733 3463 3790 editis

1866 3799 2023 3873 Rom.
2050 3801 2105 3855 In
2135 3805 2341 3858 ueteris
2369 3803 2726 3873 vnlgalisfcst,
2760 3803 2953 3871 fateris.

1942 3871 2261 3937 servierunt.
2297 3871 2547 3932 Omnium
2591 3872 2701 3927 fere
2725 3889 2852 3931 mss.
2881 3884 2982 3931 est.
3005 3872 3062 3927 in
3096 3888 3226 3929 mss.
3254 3872 3377 3929 Jun.
3409 3885 3463 3931 et

1869 3942 1922 3997 in
1956 3954 2060 3997 vet.
2087 3944 2246 3999 editis
2275 3960 2389 4008 sex,
2423 3944 2682 4010 serviunt;
2715 3945 2765 4001 in
2790 3960 2885 4000 sex
2912 3945 3029 4003 aliis
3055 3948 3266 3999 excusis
3292 3987 3306 4009 ,
3357 3962 3462 4001 ser-

1868 4014 2070 4068 vierint.
2098 4044 2168 4055 —
2211 4016 2508 4070 Servierint.
2542 4014 2653 4073 Hoc
2681 4017 2877 4071 rectius
2897 4057 2911 4082 ,
2944 4032 3104 4082 quam
3136 4017 3291 4073 unius
3323 4016 3457 4073 Bon.

1871 4084 2044 4141 Reim.
2088 4095 2143 4142 et
2181 4084 2345 4141 Gnth.
2373 4088 2687 4151 servierunt,
2738 4097 2829 4141 aut
2876 4084 2999 4141 edd.
3040 4086 3278 4151 Sublac.,
3305 4087 3457 4144 Rost.

1869 4156 2005 4227 Ven.
2046 4158 2318 4225 1471—97,
2368 4157 2566 4223 Paris.,
2618 4155 2992 4227 Junt.,Crat.,
3040 4157 3188 4224 Ald.,
3244 4160 3460 4227 Parrh.,

1871 4226 2091 4298 Gymn.,
2120 4231 2360 4284 serviunt.
2405 4229 2535 4283 Buu.

1956 4301 2108 4375 Quod
2129 4302 2318 4375 falsum
2347 4316 2452 4375 esse
2472 4300 2801 4355 convinceris.
2858 4298 2931 4375 Ita
2964 4300 3089 4375 iegg
3116 4315 3236 4375 cum
3270 4316 3397 4375 iuss.
3424 4302 3461 4375 75

1872 4370 2082 4445 Regiis,
2129 4370 2360 4445 quorum
2410 4371 2517 4445 duo
2556 4372 2975 4445 suiit_veterritn_i
3001 4412 3014 4435 ,
3042 4373 3079 4445 _7
3114 4372 3250 4445 Vat.,
3282 4370 3463 4445 λιϐρι-

1877 4440 2015 4506 bert.
2064 4440 2287 4514 aliisque
2314 4443 2517 4510 multis,
2553 4458 2616 4497 ac
2649 4442 2715 4497 l0
2745 4452 2849 4505 vet.
2879 4440 3096 4514 cdit._ln
3124 4442 3339 4511 scriptis
3369 4444 3455 4504 19,

1880 4521 2020 4576 inter
2048 4530 2183 4585 quos
2204 4512 2291 4569 est
2321 4517 2340 4567 1
2378 4515 2583 4568 Bono".
2624 4515 2816 4585 antiq.,
2845 4521 2899 4571 et
2930 4512 2980 4566 in
3009 4512 3042 4567 6
3071 4514 3345 4585 impressis
3380 4530 3463 4566 rc-

1880 4581 2208 4648 centioribus
2237 4594 2337 4649 est,
2362 4585 2654 4639 conviceris.
2683 4581 2932 4639 Attamen
2963 4593 3110 4652 putat
3142 4581 3462 4638 Thomasius

1874 4678 1940 4718 ex
1971 4664 1997 4719 1
2030 4659 2232 4713 Bonon.
2267 4668 2319 4710 et
2353 4656 2387 4709 5
2418 4654 2685 4710 Vaticanis
2712 4655 2996 4725 legendum
3027 4668 3175 4719 csse,
3201 4654 3349 4726 quod;
3366 4654 3468 4726 [al-

247 4723 476 4793 Lucilio.
526 4723 599 4790 Ita
645 4734 950 4790 restitutum
981 4745 1047 4785 ex
1074 4729 1324 4784 omnibus
1360 4727 1531 4787 fcrme
1562 4744 1691 4784 mss.
1722 4737 1777 4789 et
1875 4749 1989 4789 sum
2020 4747 2126 4785 esse
2145 4727 2437 4783 conviceris.
2489 4728 2553 4780 Et
2585 4729 2717 4789 hoc,
2750 4723 2939 4793 inquit,
2968 4726 3197 4780 refertur
3224 4725 3291 4783 ad
3311 4723 3465 4782 Cice-

157 4811 363 4867 editis.
418 4807 473 4861 lu
521 4809 544 4862 l
580 4805 714 4875 Reg.
771 4817 976 4875 rec._ac
1004 4798 1511 4875 4editis,_Lucillo;
1558 4800 1609 4875 in
1638 4802 1771 4875 edit.

1875 4817 2063 4865 ronem
2096 4800 2396 4858 dicentem:
2434 4797 2534 4866 Qui
2564 4814 2623 4852 ea
2644 4798 2706 4851 ob
2737 4798 2972 4867 pietatem
3002 4795 3321 4868 sequebatur,
3351 4814 3466 4868 qua:

158 4882 416 4951 Graph.,
449 4871 688 4933 Lucillio'.
722 4876 845 4951 “(DC
865 4873 1144 4951 Ciceronis
1168 4872 1331 4951 verba
1354 4880 1481 4926 sunt
1508 4888 1574 4928 ex
1598 4872 1690 4929 lib.
1719 4889 1778 4929 ιιι
1876 4876 2021 4951 falsa
2040 4888 2146 4951 esse
2178 4871 2471 4951 conviceret.

161 4954 247 5009 de
276 4943 412 5008 Nat.
436 4950 679 5014 deorum,
698 4963 802 5002 non
832 4948 987 5016 longe
1007 4960 1039 5016 a
1067 4943 1346 5016 principio.

1958 4946 2232 5002 Videamus
2261 4941 2484 4997 tandem.
2528 4939 2657 4996 Mss.
2689 4939 2750 4995 ιι
2783 4948 2839 4995 et
2860 4938 2893 4995 6
2935 4947 3043 4994 vet.
3072 4940 3202 4996 edit.
3233 4953 3330 5010 pro
3356 4949 3470 4997 tau-

251 5023 438 5077 Balbe.
496 5010 688 5075 Balbus
736 5028 820 5073 est
870 5010 985 5093 ipse
1023 5010 1261 5070 Lucilius
1307 5014 1439 5088 (vid.
1469 5030 1588 5091 cap.
1614 5015 1694 5143 δὲ,
1724 5025 1781 5075 et
1880 5017 2020 5086 dem,
2049 5022 2515 5095 repetunttamen,
2541 5012 2687 5094 quod
2714 5010 2955 5093 proxime
2988 5013 3283 5081 praecessit.

251 5106 340 5143 illa
371 5101 455 5143 est
481 5092 620 5143 idem
664 5091 923 5143 pontifex.
963 5084 1076 5143 Cic.
1107 5085 1174 5142 de
1202 5085 1321 5141 Nat:
1354 5087 1577 5143 deorum
1607 5087 1639 5143 li
1687 5104 1775 5143 .1.
1953 5087 2186 5143 Asulunt.
2214 5083 2291 5140 De
2315 5098 2421 5143 nuo
2468 5083 2588 5137 vrde
2631 5084 2945 5143 Dionvsium
3005 5083 3283 5143 iialvcarn.

163 5094 340 5150 Cotta
371 5101 455 5149 est
481 5092 620 5148 idem
664 5084 923 5163 pomiferi.
963 5084 1076 5143 Cic.
1107 5085 1174 5142 de
1202 5084 1327 5141 Nati
1354 5084 1577 5143 deorum
1607 5087 1639 5143 li

164 5182 301 5224 can.
331 5164 426 5220 2‘2.

246 5182 501 5291 ἓῖαῗῖίηὶε
528 5245 600 5290 est
627 5234 844 5289 credere.
894 5232 1105 5288 Absunt
1148 5245 1175 5284 a
1205 5229 1477 5286 Ciceronis
1513 5229 1664 5289 libris
1691 5247 1779 5286 ra-

172 5311 344 5365 tionis
372 5318 475 5374 est;
509 5322 607 5361 nec
634 5321 762 5361 vero
788 5305 1072 5377 displicent
1093 5301 1343 5377 Grutero.
1370 5301 1518 5377 Cen}.

263 5382 397 5448 Qua:
424 5372 625 5445 quidem
658 5377 746 5430 tibi
792 5372 978 5448 uoriab
1005 5375 1117 5448 alio»
1136 5374 1414 5448 insinuata.
1440 5374 1559 5448 ‘Sic
1587 5372 1784 5448 habent

180 5441 325 5509 mss.
358 5451 393 5505 2
423 5441 652 5516 Bonon.,
683 5448 815 5502 Tax.
840 5488 856 5514 ,
891 5447 1020 5503 Pen.
1046 5486 1059 5511 ,
1086 5446 1121 5501 5
1149 5445 1407 5517 V_atic.,5
1431 5441 1610 5517 Coll»,
1638 5444 1780 5517 Enn,

182 5523 377 5587 Cant.,
403 5520 595 5587 Cauc.,
619 5514 752 5584 PaL,
779 5517 965 5596 Lips.,_
983 5515 1491 5596 Rostogh.._Ult.;_2
1521 5514 1781 5596 Clarum,

184 5596 364 5652 Brun.
408 5601 463 5648 et
504 5602 710 5646 veteres
751 5591 880 5644 edit.
930 5589 1088 5643 Rom.
1114 5627 1130 5652 ,
1170 5588 1377 5653 Paris.,
1427 5587 1496 5641 ls.
1525 5627 1539 5651 ,
1588 5587 1785 5655 aliique

182 5667 349 5737 Regii
375 5671 602 5733 quatuor
628 5670 682 5717 et
705 5660 976 5737 nonnullrc
1004 5659 1269 5737 editiones
1290 5667 1475 5713 carent
1504 5657 1592 5712 illa
1624 5671 1787 5728 nega-

184 5729 333 5797 tiva.
364 5729 484 5804 quae
515 5733 827 5804 necessario,
845 5740 928 5804 est
952 5729 1215 5804 addenda,
1239 5738 1307 5804 ut
1334 5744 1526 5804 sensus
1554 5737 1780 5804 constet.

267 5799 456 5864 Ειεὲια
486 5815 577 5858 est.
624 5802 748 5858 Mss.
809 5801 1074 5870 Mtelala
1113 5811 1205 5855 ert.
1239 5799 1434 5859 Verum
1463 5799 1786 5857 Thomasius

180 5889 353 5956 putat
378 5875 661 5946 legendum
694 5886 814 5929 esse
846 5868 1048 5927 :Elala
1073 5880 1166 5925 eu.

1687 5104 1775 5161 .1,

1953 5082 2186 5159 Asylum.
2214 5083 2291 5140 De
2315 5098 2421 5159 quo
2468 5083 2588 5137 vide
2605 5082 2945 5159 _Dionysium
2986 5083 3317 5156 tilalycarnq
3376 5082 3468 5138 Li-

1879 5154 2072 5225 viumi,
2106 5154 2449 5214 Plutarchum
2500 5164 2553 5210 et
2601 5154 2944 5211 Strabonem.

1959 5224 2179 5287 Passim.
2213 5229 2462 5285 Perottus
2498 5227 2549 5282 in
2577 5227 2752 5282 Cornu
2781 5229 2970 5295 sopite,
2999 5225 3086 5282 ed.
3118 5225 3235 5281 Ald.
3294 5224 3336 5279 ἱ.
3367 5225 3475 5283 844

1883 5304 2074 5376 passim
2115 5301 2202 5356 hic
2248 5300 2474 5376 exponit
2527 5314 2622 5367 per
2651 5294 2895 5376 undique.
2942 5297 3056 5353 lino
3085 5294 3349 5376 significat
3380 5296 3468 5376 hic

1881 5366 2188 5436 indistincte,
2216 5366 2338 5441 sine
2356 5366 2574 5437 ordine;
2598 5372 2738 5441 quod
2766 5366 2994 5427 suadent
3020 5368 3203 5436 verba,
3230 5366 3338 5423 sine
3366 5367 3471 5420 ullo

1886 5445 2202 5502 discrimine.
2232 5440 2365 5497 BUN.

1957 5514 2280 5583 Propertius.
2306 5512 2421 5567 Lib.
2447 5527 2517 5577 tv,
2542 5509 2724 5582 Elegia
2747 5512 2795 5575 1,
2816 5510 2868 5566 in
2887 5525 2988 5581 qua
3008 5516 3247 5583 veterum
3277 5507 3473 5583 Roma-

1886 5578 2081 5645 norum
2104 5584 2455 5655 frugalitatem
2484 5578 2707 5655 cumisfui
2732 5578 2985 5655 temporis
3014 5582 3144 5639 luxu
3173 5578 3397 5655 confert.

1962 5653 2442 5727 Buccina'cogebnt,
2476 5662 2578 5727 etc.
2602 5654 2697 5709 llic
2724 5653 2856 5727 ordo
2876 5663 2957 5727 est
2987 5653 3471 5727 manuscriptorum

1888 5741 1941 5789 et
1963 5740 2066 5785 vet.
2100 5721 2364 5783 editurum
2398 5744 2410 5781 :
2442 5725 2623 5797 plures
2655 5726 2848 5797 vulgati
2880 5723 3024 5797 prius
3066 5721 3332 5797 disticlion
3378 5738 3474 5793 po-

1887 5802 2101 5873 steriori
2134 5807 2353 5873 Δ[ιοιιμιιι
2380 5792 2518 5853 loco.
2553 5796 2646 5857 llis
2675 5792 2914 5857 versibus
2945 5794 3220 5873 significat
3242 5792 3471 5873 Proper-

1890 5870 2022 5941 tius,
2068 5859 2267 5943 priinos
2301 5859 2582 5926 ‘Senatores
2625 5879 2731 5923 non
2776 5875 2901 5921 usos
2942 5859 3109 5921 fuisse
3152 5859 3287 5934 togis
3340 5859 3475 5935 pra:-~
