3790 6274
301 321 410 388 287

428 441 594 509 Curia,
618 443 865 509 prietexto
883 451 995 506 quae
1015 453 1148 509 nunc
1167 441 1310 509 nitet
1315 441 1413 492 alta
1429 440 1641 504 Senatu,

491 505 698 558 Pellitos
715 507 888 556 habuit
903 505 1084 556 rustica
1107 505 1254 555 corda
1277 505 1471 555 Patres.

307 611 375 670 Ili
400 620 526 670 sunt
547 611 754 678 Patres,
787 625 1018 682 quorum
1049 606 1282 666 decretis
1301 607 1498 664 eruditi
1528 620 1592 662 ac
1614 602 1907 677 prudentes

305 705 410 762 viri
459 702 810 760 devotissime
847 701 1129 769 serviunt,
1176 699 1340 772 idque
1377 714 1565 754 verum
1605 711 1669 753 ac
1706 700 1905 752 immu-

305 797 470 853 tabile
497 793 675 850 omnis
715 795 1004 864 posteritas
1029 793 1268 864 judicet,
1318 791 1462 864 quod
1490 799 1705 846 centum
1736 787 1908 860 pelliti

305 904 466 946 senes
513 897 774 944 statutum
822 903 945 944 esse
969 887 1297 955 voluerunt,
1327 900 1464 958 quos
1489 895 1670 941 tamen
1693 925 1709 952 ,
1755 892 1816 938 ut
1851 881 1905 937 in

304 985 479 1056 primo
503 983 646 1040 libro
672 982 872 1039 dictum
901 991 1002 1048 est,
1033 996 1152 1053 cap.
1181 981 1272 1047 2‘2,
1302 979 1600 1051 Pompilius
1633 976 1822 1044 illexit,
1845 985 1909 1032 ut

302 1093 434 1136 vera
457 1077 742 1134 crederent
775 1091 896 1133 esse
947 1091 1099 1131 sacra
1159 1089 1278 1146 quae
1319 1074 1435 1146 ipse
1490 1071 1756 1128 tradebat.
1812 1069 1909 1124 Est

305 1186 461 1241 vero,
489 1185 586 1226 cur
603 1171 816 1226 illorum
838 1169 1130 1226 auctoritas
1157 1166 1292 1224 tanti
1311 1166 1574 1224 habeatur
1593 1180 1623 1220 a
1649 1163 1904 1236 posteris,

303 1280 440 1338 quos
489 1279 690 1332 nemo,
737 1279 862 1320 cum
913 1263 1190 1330 viverent,
1221 1277 1397 1335 neque
1421 1274 1685 1328 summus,
1733 1273 1908 1332 neque

305 1355 524 1413 iniimus
549 1355 810 1413 afﬁnitate
836 1357 1029 1429 dignos
1048 1355 1312 1428 judicavit
1337 1355 1362 1408 Ἰ

934 1469 1162 1528 CAPUT
1201 1469 1338 1526 VIII.

307 1587 386 1644 De
411 1587 630 1644 rationis
657 1603 756 1644 usu
783 1590 839 1644 in
872 1587 1123 1661 religione
1149 1605 1167 1654 ;
1195 1587 1356 1660 deque
1380 1585 1614 1654 somniis,
1647 1583 1903 1656 auguriis,

689 1681 933 1750 oraculis,
965 1680 1249 1752 talibusque
1279 1679 1546 1752 portentis.

1349 322 1538 385 FIRM.
1579 318 1947 382 LAC'I‘ANTII
1984 318 2190 380 DIVIN.
2231 317 2477 381 INSTI’I‘.

1917 438 1974 502 Α
1995 435 2235 494 humani.
2272 436 2450 505 Quare
2474 431 2618 492 cum’
2643 419 2860 506 sapere,
2886 430 2942 489 id
2971 438 3075 499 est,
3111 431 3406 488 veritatem
3441 427 3642 506 quae-ﬁ

3497 309 3610 372 283

2008 543 2152 597 rere,
2183 501 2434 584 omnibus
2456 527 2527 582 sit
2557 501 2821 590 innatum,
2855 524 3174 596 sapientiam
3202 525 3304 579 sibi
3332 501 3649 586 ειιΙὶιιιιιιιιᾸ

2006 621 2098 692 qui
2119 623 2237 677 sine
2266 621 2376 676 ullo
2395 618 2601 691 judicio
2623 619 2842 674 inventa
2879 618 3144 687 majorum
3169 615 3424 684 probant,
3456 611 3617 708 etab
3633 601 3660 708 ί

2006 713 2127 771 aliis
2161 715 2428 784 pecudum
2479 727 2636 769 more
2683 712 2976 767 ducuntur.
3003 709 3110 767 Sed
3159 708 3264 765 hoc
3317 723 3415 764 eos
3445 705 3611 771 fallit,

2007 807 2147 878 quod
2175 808 2438 878 majorum
2467 805 2687 860 nomine
2709 805 2906 876 posito,
2933 819 3040 859 non
3069 811 3261 874 putant
3281 800 3400 858 ﬁeri
3423 815 3613 872 posse,

2007 905 2065 951 ut
2091 905 2184 952 aut
2213 896 2312 968 ipsi
2335 896 2456 968 plus
2495 895 2726 966 sapiant,
2755 895 2880 965 quia
2909 894 3151 951 minores
3197 901 3486 958 vocantur,
3519 898 3617 946 aut

2008 985 2085 1041 illi
2115 987 2472 1057 desipuerint,
2495 985 2620 1058 quia
2651 985 2888 1055 majores
2917 987 3286 1042 nominantur.
3307 984 3444 1054 Quid
3477 998 3617 1052 ergo

2008 1078 2256 1149 impedit,
2287 1079 2416 1150 quin
2443 1079 2512 1135 ab
2544 1077 2676 1149 ipsis
2702 1092 2984 1133 sumamus
3009 1077 3356 1148 exemplum;
3391 1083 3448 1131 ut
3472 1088 3616 1146 quo.

2007 1171 2172 1227 modo
2219 1171 2332 1240 illi,
2366 1188 2486 1243 qua:
2535 1171 2670 1227 falsa
2717 1172 3056 1238 invenerant,
3085 1171 3320 1243 posteris
3373 1168 3618 1226 tradide-

2007 1271 2153 1332 runt,
2185 1267 2264 1322 sic
2292 1281 2414 1334 nos,
2447 1265 2538 1338 qui
2593 1281 2781 1322 verum
2839 1266 3168 1334 invenimus,
3227 1264 3460 1336 posteris
3495 1278 3620 1320 me-

2007 1359 2142 1416 liora
2170 1359 2486 1416 tradamus?
2511 1359 2772 1432 Superest
2796 1361 2987 1431 ingens
3022 1359 3269 1431 quaestio,
3305 1358 3462 1429 cujus
3492 1356 3616 1413 dis-

2008 1452 2218 1523 putatio
2256 1466 2364 1507 non
2410 1451 2479 1507 ab
2520 1452 2758 1524 ingenio,
2795 1452 2891 1510 sed
2921 1467 2954 1508 a
2981 1451 3214 1508 scientia
3262 1451 3430 1512 venit.
3487 1465 3615 1520 qua:

2010 1542 2251 1613 pluribus
2306 1543 2626 1614 explicanda
2676 1543 2801 1612 erit,
2833 1557 2901 1600 ne
2943 1541 3073 1614 quid
3121 1541 3346 1598 omnino
3383 1541 3614 1596 dubium

2010 1635 2364 1707 relinquatur.
2396 1634 2530 1691 Nam
2579 1635 2810 1692 fortasse
2853 1635 3048 1705 aliquis
3075 1633 3140 1689 ad
3185 1635 3273 1690 illa
3316 1633 3616 1704 confugiat,

2009 1743 2130 1798 qua:
2157 1745 2189 1785 a
2237 1730 2418 1785 multis
2443 1739 2500 1786 et
2539 1744 2647 1785 non
2691 1729 2869 1785 dubiis
2922 1727 3208 1784 traduntur
3251 1725 3619 1793 auctoribus;

379 1817 560 1886 Quare
609 1826 844 1888 oportet,
889 1817 944 1874 in
974 1831 1038 1874 ea
1065 1832 1123 1874 re
1150 1817 1386 1874 maxime
1409 1817 1464 1872 in
1489 1829 1594 1888 qua
1613 1816 1739 1872 vitae
1765 1814 1903 1872 ratio
1931 1826 1980 1888 Β
2005 1835 2100 1878 eos
2129 1821 2451 1894 ipsos,jquos
2475 1821 2758 1878 docuimus
2783 1822 2919 1878 deos
2949 1835 3054 1877 non
3086 1836 3230 1889 esse,
3260 1821 3607 1890 majestatem

257 1985 268 1992 .
308 1917 582 1978 versatur,
605 1909 706 1966 sibi
737 1925 1008 1981 quemque
1031 1909 1337 1977 conlidere,
1371 1924 1578 1980 suoque
1602 1908 1807 1980 judicio
1835 1923 1900 1964 ac
2001 1929 2154 1973 suam
2186 1931 2424 1987 persaepe
2451 1915 2771 1982 ostendisse,
2793 1924 2850 1972 et
2877 1915 3156 1987 prodigiis,
3191 1923 3248 1971 et
3275 1914 3526 1981 somniis,
3551 1923 3606 1968 et

235 2001 248 2067 ζ
309 2001 544 2072 propriis
591 2002 841 2058 sensibus
888 2001 1060 2074 magis
1106 2003 1205 2057 niti
1251 2001 1320 2058 ad
1370 2001 1798 2072 investigandam
1848 2009 1904 2056 et

235 2076 251 2184 ς
309 2094 752 2166 perpendendam
777 2095 1104 2162 veritatem;
1145 2109 1306 2166 quam
1333 2081 1662 2150 °credentem
1714 2092 1904 2149 alienis

239 2195 252 2267 ξ
310 2188 590 2244 erroribus
615 2187 790 2260 decipi
825 2197 1098 2260 tamquam
1147 2189 1324 2260 ipsum
1347 2189 1574 2244 rationis
1601 2198 1900 2259 expertem.

239 2275 255 2352 i
310 2278 473 2336 Dedit
502 2280 753 2337 omnibus
780 2281 924 2337 Deus
973 2297 1070 2350 pro
1097 2282 1239 2337 virili
1281 2283 1531 2352 portione
1561 2283 1904 2352 sapientiam,

312 2381 370 2428 ut
395 2381 451 2429 et
480 2373 717 2430 inaudita
761 2375 1090 2447 investigare
1111 2386 1356 2448 possent,
1385 2384 1441 2432 et
1465 2377 1646 2432 audita
1667 2391 1907 2450 perpen-

311 2463 462 2522 dere.
490 2465 602 2523 Nee
639 2467 762 2539 quia
811 2482 911 2523 nos
956 2468 1033 2524 illi
1087 2469 1424 2540 temporibus
1475 2479 1906 2537 antecesserunt,

2007 2011 2264 2081 auguriis,
2290 2019 2345 2065 et
2369 2009 2624 2064 oraculis.
2669 2009 2734 2064 Et
2761 2023 2893 2065 sane
2917 2009 3088 2064 multa
3135 2008 3449 2064 enumerari
3483 2021 3614 2074 pos-

2011 2110 2138 2157 sunt
2168 2101 2326 2173 digna
2381 2101 2679 2158 miraculo:
2710 2101 2766 2157 in
2817 2101 3006 2172 primis
3059 2099 3212 2168 illud,
3245 2099 3389 2172 quod
3415 2099 3614 2156 Accius

2011 2193 2214 2250 Navius
2243 2211 2488 2252 summus
2533 2195 2740 2267 Augur,
2775 2211 2898 2251 cum
2951 2195 3309 2266 Tarquinium
3361 2194 3613 2249 Priscum

2013 2298 2407 2358 commoneret,
2433 2298 2490 2345 ut
2515 2289 2647 2344 nihil
2678 2289 2802 2344 novi
2828 2287 3012 2344 facere
3038 2287 3445 2360 inciperet,nisi
3467 2287 3623 2357 prius

2009 2390 2158 2438 esset
2187 2382 2558 2455 inauguratus,
2579 2383 2738 2455 eique
2765 2398 2860 2440 rex
2890 2383 3022 2438 artis
3046 2383 3168 2452 ejus
3195 2381 3422 2440 elevans
3454 2381 3618 2437 fidem

2010 2476 2239 2545 diceret,
2257 2486 2316 2532 ut
2337 2477 2604 2534 consultis
2633 2477 2824 2532 avibus
2849 2475 3186 2532 renuntiaret
3210 2475 3336 2542 sibi,
3368 2482 3622 2530 utrumne

311 2559 576 2628 sapientia
623 2575 841 2630 quoque
889 2568 1340 2630 antecesserunt;
1394 2577 1515 2631 quae
1559 2562 1604 2617 si
1653 2561 1911 2620 omnibus
2005 2567 2122 2625 ﬁeri
2144 2579 2328 2640 posset
2352 2569 2404 2626 id
2423 2569 2696 2641 quodipse
2717 2568 3270 2638 animoconcepisset,
3287 2565 3617 2623 afﬁrmaret-

244 2650 255 2729 ξ
312 2650 594 2721 ωίιιιαιίιει·
617 2651 798 2720 datur,
820 2652 1072 2723 occupari
1100 2652 1168 2708 ab
1196 2651 1644 2710 antecedentibus
1674 2667 1784 2708 non
1809 2668 1911 2726 po-

255 2732 264 2818 ἷ
313 2753 439 2802 test.
485 2743 768 2802 Illibabilis
818 2755 904 2803 est
948 2756 1220 2818 tamquam
1266 2747 1360 2802 lux
1407 2755 1464 2803 et
1511 2747 1726 2805 claritas
1754 2748 1910 2818 solis,

325 2841 450 2913 quia
472 2850 529 2899 ut
557 2843 637 2899 sol
664 2843 972 2913 oculorum,
1000 2843 1079 2902 sic
1105 2843 1369 2917 sapientia
1420 2845 1605 2900 lumen
1635 2853 1718 2900 est
1739 2843 1921 2900 cordis

2010 2677 2116 2734 que
2167 2661 2368 2720 Navius
2389 2678 2584 2736 posse:
2618 2662 2764 2734 Cape
2791 2663 2950 2734 igitur
2986 2663 3146 2728 hanc,
3175 2661 3368 2734 inquit,
3413 2667 3612 2728 cotem,

2022 2768 2253 2826 eamque
2281 2755 2541 2812 novacula
2571 2754 2790 2812 dissice.
2818 2755 2888 2810 At
2918 2753 3008 2810 ille
3058 2753 3438 2810 incunc1anter
3463 2765 3620 2810 arce-

2027 2847 2108 2920 pit
2135 2862 2200 2904 ac
2220 2849 2414 2905 secuit.

1625 2981 1995 3040 VARIORUM
2037 2984 2272 3042 NOTAE.

315 3120 535 3177 textatis
553 3161 568 3177 .
625 3123 720 3177 sed

314 3161 720 3248 ἶπὶέἱὲῗέηῖΐ
732 3161 1194 3262 ρὲῑὶἒέῗῖἢλιὲἱῖ
1208 3161 1497 3248 Ἄὶἱὲῗπίίέἷῖ
1524 3161 1598 3246 εη’
1615 3161 1870 3262 ἲππῖηίύυς
1893 3235 1910 3259 ,

316 3278 452 3334 quas
477 3263 616 3330 vidi,
655 3260 916 3333 Propertii
955 3264 1280 3319 editionibus
1317 3263 1547 3319 disticon
1586 3262 1727 3318 istud
1759 3260 1918 3318 Curia

317 3347 582 3406 praetexto,
607 3344 734 3397 etc.,
761 3335 1091 3404 prteponitur
1113 3335 1236 3392 huic
1255 3350 1269 3390 :
1289 3334 1519 3406 Buecina
1533 3335 1760 3406 cogebat,
1783 3343 1914 3403 etc.,

318 3405 414 3478 sed
460 3407 575 3478 lucc
616 3421 832 3478 sensum
881 3423 986 3460 non
1035 3417 1259 3463 mutant.
1309 3405 1444 3462 Vide
1491 3405 1648 3477 igitur
1689 3407 1916 3478 Proper-

319 3475 449 3531 tium
479 3475 616 3531 libro
643 3493 713 3541 Iv,
745 3477 923 3547 Elegia
954 3478 1005 3531 1.

395 3547 502 3600 Pro
529 3547 664 3619 uirili
689 3548 941 3619 portione.
988 3547 1046 3603 Id
1075 3558 1153 3603 est
1183 3549 1500 3619 aequaliter;
1527 3563 1762 3619 namque
1791 3563 1916 3619 por-

319 3617 498 3672 tiones
526 3617 708 3672 viriles
734 3618 1107 3688 jurisconsulti
1149 3630 1206 3674 ut
1237 3617 1524 3690 plurimum
1569 3617 1810 3690 aequales
1833 3621 1916 3675 in-

320 3697 708 3761 terpretantur,
735 3705 855 3756 quae
877 3690 1084 3745 scilicet
1108 3705 1206 3760 pro
1235 3707 1460 3747 numero
1484 3705 1837 3761 personarum
1859 3699 1919 3747 et

317 3759 372 3814 in
402 3761 576 3834 capita
599 3761 1017 3834 constituantur,
1051 3759 1384 3834 ut’totfiant.
1405 3759 1535 3833 quot
1560 3771 1766 3834 suntet
1789 3778 1916 3834 per-

317 3830 1035 3906 8ριιειι.-Βεξ1·υι.ιειυξ.-Ριό
1059 3833 1195 3888 uirili
1235 3830 1484 3906 portione.
1518 3834 1654 3889 Hinc
1685 3830 1916 3890 Laclan-

320 3901 444 3974 tius,
477 3901 768 3971 Sapientia,
801 3903 992 3974 inquit,
1037 3901 1270 3960 omnibus
1317 3907 1596 3974 aequaliter
1631 3907 1784 3959 datur
1812 3922 1827 3968 ;
1861 3915 1918 3960 et

319 3971 358 4027 I.
392 3987 468 4040 Ill,
503 3987 553 4029 c.
597 3975 670 4030 55
700 3992 715 4028 :
750 3971 1022 4043 Sapientia
1047 3977 1158 4030 sine
1204 3977 1312 4032 ullo
1360 3971 1652 4032 discrimine
1681 3977 1917 4032 omnibus

318 4045 439 4116 data
460 4053 554 4109 est,
583 4057 688 4100 etc.
718 4045 900 4100 Addas
925 4046 1148 4116 reliqua.
1174 4047 1300 4104 Bon.

393 4113 846 4190 Occupari...uon
863 4113 1053 4187 potest.
1077 4118 1368 4190 Eleganter
1401 4119 1630 4184 Seneca,
1687 4134 1774 4188 ep.
1821 4119 1912 4182 55.

320 4185 464 4260 iin._:
495 4185 654 4260 Patet
681 4185 912 4260 carnibus
959 4191 1142 4245 veritas
1174 4185 1203 4246 ἶ
1219 4192 1443 4246 nondum
1489 4199 1563 4244 est
1603 4185 1911 4260 occupata;

318 4255 535 4330 multum
559 4273 621 4330 ea:
636 4258 752 4330 illa,
777 4261 926 4314 etiam
957 4260 1166 4330 futuris,
1195 4263 1428 4316 relictum
1461 4273 1555 4316 est.
1585 4255 1754 4316 CBLL.

393 4325 691 4384 lllibabilis.
746 4330 860 4386 Vox
893 4325 1122 4386 maxime
1153 4349 1294 4387 rara.
1327 4333 1452 4388 Mss.
1507 4335 1528 4386 1
1557 4331 1737 4397 Cnlb.,
1767 4333 1911 4398 Em.,

319 4396 937 4474 Cantaltrig.,_illabills_;
966 4405 988 4456 I
1027 4405 1195 4474 Lips.,
1232 4405 1440 4458 illibalis
1469 4420 1482 4468 ζ
1515 4396 1786 4471 Gronov.,
1821 4396 1916 4459 Ita-1

319 4470 456 4525 bilis.
481 4471 846 4528 -——lllibabilis.
885 4472 942 4528 Id
971 4485 1074 4534 est.
1093 4470 1238 4528 nihil
1263 4491 1333 4531 ex
1361 4490 1424 4530 ea
1447 4474 1674 4530 delibari
1704 4487 1792 4528 aut
1820 4477 1916 4531 de—

321 4543 468 4606 cerpi
493 4553 687 4607 potest.
743 4547 906 4600 Docte
945 4543 1251 4600 Gronovius
1297 4546 1364 4600 ad
1402 4545 1624 4600 Seneca:
1660 4561 1748 4614 ep.
1797 4547 1867 4601 85
1898 4587 1914 4610 ,

322 4628 374 4683 p.
409 4615 513 4686 517
547 4633 560 4668 :
597 4615 928 4686 Οειιιιλτυιί,
951 4619 1088 4682 quod
1115 4617 1179 4670 ab
1209 4617 1312 4670 alio
1343 4618 1565 4670 sumitur
1589 4627 1637 4670 et
1667 4634 1927 4686 propaga-

321 4696 404 4778 tur
430 4684 711 4811 siueBillt'us
737 4688 967 4751 (lesione,
997 4688 1170 4742 (auten
1191 4704 1224 4742 a
1253 4688 1446 4742 lumine
1467 4684 1786 4743 accenditur.
1824 4687 1924 4744 Ubi

323 4770 498 4811 n.ura.
583 4773 670 4811 un.

323 4770 498 4825 pzura.
538 4770 670 4812 nun.

392 4824 573 4882 Cordis
598 4828 830 4882 humani.
886 4827 943 4882 Id
994 4837 1100 4891 est,
1133 4829 1326 4884 anima!
1357 4837 1581 4892 nostra},
1617 4829 1926 4887 intellectus

321 4899 486 4954 nostri
515 4917 528 4952 :
554 4899 788 4968 loquitur
811 4899 1293 4967 Lactantiusﬁnore
1312 4899 1920 4956 Ilebrteorum.WAt.cn.

391 4969 662 5023 Pecudum
716 4986 875 5023 more.
925 4969 1132 5026 Seneca
1165 4971 1274 5026 Vit.
1329 4971 1504 5028 Beat..
1535 4986 1584 5026 c.
1620 4973 1644 5026 I
1684 4989 1696 5025 :
1729 4971 1813 5025 Ne
1835 4989 1924 5043 pe-

321 5057 495 5096 corum
523 5044 627 5092 ritu
657 5056 928 5114 sequantur
949 5043 1358 5114 antecedentium
1385 5059 1610 5114 gregem,
1639 5055 1923 5113 pergentes,

321 5128 422 5166 non
453 5126 554 5180 qua
595 5113 840 5176 eundum,
869 5112 958 5166 sed
991 5130 1092 5183 qua
1132 5115 1304 5169 itur...
1337 5112 1536 5184 aptium
1576 5115 1676 5167 rati
1704 5112 1784 5178 ea,
1813 5130 1928 5182 qua:

321 5196 508 5256 magno
538 5197 749 5236 assensu
795 5194 1000 5256 recepta
1027 5195 1146 5238 sunt
1173 5201 1484 5256 quarumque
1524 5185 1757 5256 exempla
1785 5187 1926 5241 nobis

321 5253 484 5306 multa
503 5261 749 5318 sunt,uec
774 5255 844 5308 ad
865 5253 1254 5323 rationem,sed
1279 5257 1347 5311 ad
1373 5253 1774 5312 similitudinem
1798 5258 1928 5312 viviw

323 5339 455 5377 mus.
476 5323 628 5378 Conf.
663 5324 724 5379 L.
757 5341 817 5390 ιι,
845 5342 894 5382 c.
923 5328 978 5384 3.

399 5394 648 5469 Minores.
684 5396 738 5450 Id
761 5407 866 5463 est,
913 5397 1138 5466 posteri,
1162 5413 1214 5454 c.
1247 5399 1332 5456 15.
1367 5398 1458 5454 Sic
1479 5413 1622 5468 stepe
1641 5397 1922 5469 Virgilius,

324 5465 390 5521 ad
422 5482 580 5542 quem
609 5465 858 5542 Servius,
883 5465 1525 5542 Erytltrteus,Tattbman.
1549 5465 1722 5526 Cerda
1742 5465 1922 5542 plura;

323 5547 382 5593 et
401 5537 466 5592 ad
497 5538 746 5595 Juvenal.
773 5540 888 5594 Sat.
921 5537 976 5605 I,
1002 5541 1126 5596 148.
1159 5542 1383 5598 ΒιαΑιτ.

399 5607 528 5686 Qum
555 5611 690 5686 [nisa
719 5613 1036 5686 invenerant.
1061 5610 1418 5686 Scitclegitur
1445 5614 1625 5684 quwin
1655 5627 1789 5668 mss.
1825 5613 1928 5686 Ile-

322 5681 444 5753 giis,
477 5683 528 5753 in
555 5681 610 5748 5,
639 5681 820 5752 Colb.,
845 5683 1032 5753 60th.,
1069 5689 1092 5742 1
1120 5681 1356 5742 Claroin.
1393 5681 1710 5742 ae'vetcrilt.
1743 5685 1922 5738 editis.

328 5751 385 5808 In
415 5753 454 5829 ᾗ
477 5751 655 5818 Colb.,
675 5757 713 5829 1
743 5751 977 5829 Clarum.
1009 5751 1174 5814 Brun.
1204 5769 1259 5814 et
1286 5758 1652 5829 vulgatisrec.
1683 5767 1786 5822 est,
1816 5755 1924 5829 qui.

407 5823 473 5878 Et
498 5827 749 5896 auguriis.
779 5827 1016 5902 Auguria
1047 5845 1154 5888 non
1181 5829 1364 5887 solum
1380 5823 1535 5901 'apud
1559 5827 1800 5892 Graecos,
1827 5823 1926 5885 sed

767 3121 1038 3198 pellibus,
1087 3135 1256 3198 more
1277 3121 1632 3198 rusticorum,
1681 3135 1909 3198 quorum
1939 3118 1983 3182 C
2018 3125 2260 3198 etapud
2303 3125 2562 3198 barbaras
2595 3139 2840 3198 quasque
2887 3125 3132 3198 nationes
3165 3125 3216 3182 in
3251 3127 3433 3198 pretio
3453 3125 3621 3194 fuere,

2020 3193 2248 3260 Elian”
2309 3201 2343 3252 t.
2391 3213 2426 3252 ιι
2469 3193 2806 3264 νδτ.⁷Ηίει“.,
2843 3213 2892 3253 c.
2953 3200 3041 3254 51.
3095 3193 3265 3253 llanc'
3289 3199 3356 3253 ad
3408 3193 3627 3254 Grmcos

2019 3267 2299 3340 scientiam
2357 3283 2613 3340 manasse
2653 3268 2901 3325 tradente
2957 3268 3244 3340 Telegono,
3291 3270 3466 3338 primo
3511 3273 3627 3340 ejus

2020 3337 2336 3414 i_nventore.
2409 3339 2642 3409 prodidit
2714 3339 2906 3414 Suidags
2958 3341 3018 3414 in
3077 3337 3230 3396 'voce
3292 3337 3476 3414 Tuli".
3542 3337 3622 3396 'At

1993 3408 2231 3464 ‘Etrusci
2274 3425 2342 3481 se
2391 3408 2640 3466 auctores
2716 3411 3114 3480 prmtlicaliant,
3181 3408 3626 3481 repertor-iamque

2019 3481 2284 3538 extitisse.
2313 3480 2506 3554 Tagem
2529 3482 3036 3554 quemdam.0vid.,
3062 3483 3097 3538 Ι.
3124 3499 3195 3538 xv
3220 3480 3580 3555 Metamorph.
3609 3502 3622 3538 :

2143 3597 2397 3662 Indigenas
2419 3597 2598 3648 dixere
2623 3597 2832 3662 'I‘agem,
2858 3599 2942 3660 qui
2966 3599 3155 3662 primus
3175 3596 3439 3648 Etruscam

2142 3659 2354 3710 Edocuit
2375 3667 2582 3724 gentem
2605 3659 2750 3711 casus
2767 3659 3200 3724 ap'er’tre’futuros.

2017 3762 2119 3830 Qui
2148 3763 2298 3833 plura
2333 3762 2401 3818 de
2417 3763 2652 3832 auguriis
2675 3762 2808 3830 vult,
2833 3761 2989 3818 adeat
3016 3763 3416 3834 Dempsterum,
3438 3777 3502 3818 ex
3526 3777 3628 3834 quo

2019 3834 2134 3890 lucc
2150 3831 2462 3889 hausimus.
2494 3831 2757 3904 Exempla
2789 3849 2909 3904 qua:
2936 3831 3238 3904 sequuntur
3259 3850 3322 3890 ex
3361 3831 3628 3890 Cicerone

2017 3907 2356 3978 potissimum
2379 3905 2895 3978 desumptagsuntex
2929 3905 3080 3978 libris
3098 3905 3167 3960 de
3180 3905 3382 3978 Natura
3399 3905 3624 3978 deorum

2019 3975 2073 4032 et
2103 3977 2168 4031 de
2193 3977 2553 4032 Divinatione.
2582 3975 2718 4032 Vide
2747 3976 2910 4030 etiam
2948 3977 3218 4032 Valerium
3248 3977 3492 4044 Momm,
3517 3977 3557 4031 Ι.
3585 3992 3623 4042 ι.

2018 4062 2068 4102 c.
2103 4050 2136 4102 4
2168 4056 2222 4102 et
2252 4059 2501 4102 sentient.

2090 4118 2273 4172 Accius
2298 4118 2516 4173 Navius.
2547 4118 2623 4174 Ita
2653 4133 2846 4174 omnes
2875 4118 3046 4175 ferme
3075 4133 3207 4174 mss.
3229 4127 3284 4174 et
3315 4119 3630 4175 edit.lBon.

2018 4192 2186 4262 antiq.
2219 4191 2320 4262 eti
2353 4188 2565 4262 CtlIIl.__a
2584 4190 2821 4262 secunda
2852 4207 3037 4262 manu,
3073 4189 3311 4246 Nautius.
3345 4189 3634 4262 Aliquibus

2018 4260 2218 4332 dicitur
2263 4260 2441 4315 Actius
2493 4259 2719 4315 Navius.
2779 4263 2832 4316 In
2879 4261 2914 4316 2
2963 4262 3097 4332 Reg.
3149 4271 3235 4316 est
3273 4259 3633 4332 Attusjapnd

2018 4330 2338 4387 Ciceronem
2389 4333 2690 4402 vulgatum,
2722 4332 2891 4386 Attius
2913 4330 3136 4388 Navius.
3174 4333 3250 4388 De
3275 4333 3375 4388 hac
3399 4330 3634 4388 historia

2022 4403 2144 4458 vide
2171 4401 2308 4470 Cic.,
2340 4402 2377 4456 1.
2409 4419 2447 4458 ιι
2491 4401 2561 4458 de
2586 4403 2710 4458 Nat.
2741 4404 2921 4467 deor.,
2955 4414 3010 4460 et
3035 4404 3070 4458 Ι.
3109 4421 3122 4458 t
3163 4403 3230 4460 de
3266 4404 3634 4459 Divinatione.

1939 4510 1996 4572 D
2021 4473 2181 4572 1131'?
2212 4475 2264 4572 i.“
2289 4474 2600 4572 .If‘."i3:.'.:_‘
2627 4475 2860 4572 alii"???
2891 4476 2928 4572 ':
2952 4491 2996 4572 ἐ
3038 4489 3088 4572 ‘i'
3113 4476 3196 4572 5.5.
3230 4475 3634 4572 ¹3Ῑὲἶ¹ῗξὲςέ¹³δ⁶

2027 4560 2205 4610 carn.,
2226 4546 2259 4598 I.
2289 4561 2344 4600 ιιι
2371 4562 2386 4608 ;
2418 4543 2598 4600 Valer.
2633 4545 2884 4614 Martinu,
2915 4547 2952 4601 I.
2981 4562 3017 4613 ι,
3049 4561 3100 4602 c.
3130 4547 3198 4602 de
3226 4543 3526 4614 Austi'iciis.

2104 4615 2318 4670 Facere.
2373 4615 2497 4672 Haec
2522 4632 2625 4672 vox
2655 4617 2808 4672 abest
2839 4633 2868 4672 a
2912 4634 3016 4674 ms.
3042 4617 3196 4674 Cant.
3234 4633 3337 4674 nec
3361 4617 3488 4674 inde
3511 4632 3638 4674 sen-

2029 4701 2124 4759 sus
2150 4689 2352 4742 delicit.
2387 4690 2639 4743 Attamen
2667 4689 2884 4744 codices
2926 4705 3063 4759 quos
3109 4690 3239 4744 mihi
3269 4689 3455 4744 videre
3485 4690 3636 4744 licuit

2029 4758 2252 4842 habent,
2281 4761 2449 4832 facere
2489 4760 2755 4831 inciperet,
2788 4773 2842 4814 ut
2867 4758 3063 4832 legitur
3091 4760 3145 4816 in
3171 4761 3272 4816 hac
3298 4770 3485 4817 nostra
3511 4761 3629 4817 edi-

2031 4841 2198 4885 tione.

2104 4901 2224 4956 Nisi
2253 4901 2397 4972 prius
2424 4909 2553 4956 esset
2595 4900 2955 4975 inauguratus.
2980 4902 3330 4975 Inaugurare,
3364 4903 3471 4960 hoc
3511 4903 3634 4975 loco

2029 4981 2135 5037 est,
2167 4975 2390 5045 auguria
2419 4973 2732 5045 consulere.
2791 4973 3256 5045 Inaugurabantur
3297 4976 3460 5030 etiam
3515 4974 3637 5030 loca

2028 5043 2246 5112 quando
2273 5043 2753 5116 consecrabantur.
2811 5044 2877 5099 Et
2914 5043 3034 5116 quia
3076 5045 3246 5101 creati
3289 5045 3637 5116 magistratus

2030 5129 2256 5168 munera
2284 5115 2388 5168 sibi
2433 5113 2678 5184 delegata
2711 5116 2831 5170 sine
2878 5113 3118 5186 auguriis
3145 5133 3252 5172 non
3278 5113 3522 5181 adibant,
3561 5118 3640 5171 in-

2029 5185 2454 5254 augurahantur,
2490 5185 2593 5240 hoc
2631 5196 2734 5252 est,
2760 5198 2817 5240 ut
2871 5185 3032 5243 hodie
3057 5188 3291 5244 barbare
3313 5190 3632 5255 loquuntur,

2028 5255 2620 5312 investiehantur.Vide
2643 5259 2710 5312 ad
2741 5257 2856 5314 haec
2877 5257 3120 5314 Francis.
3165 5259 3475 5326 Petrarch.,
3505 5260 3548 5314 ι.
3577 5275 3629 5315 ιτ

2033 5327 2162 5382 Iter.
2197 5327 2384 5391 Mem.,
2419 5337 2578 5382 tract.
2603 5328 2658 5394 5,
2689 5344 2740 5383 c.
2765 5329 2819 5384 5.
2851 5329 2986 5384 Βετ.

2107 5397 2336 5485 Eamque
2366 5399 2614 5485 nova-cule
2637 5400 2844 5455 dissice.
2883 5401 2974 5456 Sic
2999 5400 3203 5485 Italith
3235 5416 3366 5485 mss.
3397 5417 3594 5458 omnes
3620 5423 3634 5485 Ξ

2031 5479 2192 5542 atque
2221 5471 2290 5523 ita
2314 5469 2601 5542 legendum
2629 5486 2751 5526 esse
2775 5487 2974 5528 censeo
2998 5488 3119 5528 cum
3145 5471 3226 5529 Cl.
3253 5473 3517 5539 Puteano,
3545 5469 3635 5542 qui

2031 5541 2252 5596 verbum
2311 5541 2434 5604 hoc,
2468 5541 2697 5606 dissicio,
2732 5543 2946 5598 erudite
2976 5543 3212 5612 expliCat
3245 5563 3256 5597 :
3307 5545 3462 5612 quasi
3490 5541 3640 5600 diee-

2031 5626 2121 5668 res
2149 5612 2366 5684 disseco.
2395 5613 2521 5667 Ilazc
2549 5629 2654 5668 vox
2685 5614 2765 5667 sic
2795 5614 3022 5684 legenda
3051 5615 3194 5684 apud
3226 5625 3510 5670 auctorem
3543 5631 3641 5670 no-

2032 5693 2202 5756 strum
2233 5682 2598 5756 Lactantium,
2631 5684 2780 5756 lant.
2812 5682 2870 5740 cI
2894 5686 2976 5749 l7,
2999 5682 3105 5740 non
3129 5687 3330 5756 disjice,
3357 5698 3414 5740 ut
3443 5687 3642 5742 vitiose

2032 5755 2287 5826 impressi
2315 5753 2429 5810 fere
2457 5769 2649 5811 omnes
2679 5755 2912 5824 habent,
2947 5757 2992 5812 si
3035 5753 3278 5826 excipias
3309 5767 3492 5814 tamen
3523 5759 3644 5813 edi-

2035 5827 2236 5882 tionem
2263 5825 2526 5882 Rostoch.
2554 5826 2682 5884 anni
2704 5827 2868 5897 M76,
2900 5843 3021 5900 quas
3065 5829 3228 5886 habet
3267 5828 3458 5885 dissice
3483 5846 3502 5885 :
3533 5845 3646 5901 qua
