3790 6274
163 348 261 408 505

1204 335 1411 395 LIBER
1446 333 1511 393 ll.
1548 333 1639 392 DE
1675 332 1958 393 ORIGINE
1997 335 2318 398 ERRORIS.

3328 333 3432 399 306

160 463 310 518 homo
336 454 426 513 Dei
454 466 643 523 opera,
685 450 856 508 noluit
881 466 1006 509 eum
1033 451 1294 510 inducere
1321 453 1375 508 in
1402 450 1547 507 hunc
1565 464 1723 505 mun-
1749 452 1806 517 Α
1827 464 1965 520 opus
1991 460 2160 510 totum
2190 454 2420 512 sublime
2441 462 2496 512 et
2516 453 2800 513 excelsum
2830 453 3066 521 videres,
3097 466 3282 512 nonne
3310 455 3433 514 haec

155 555 291 616 dum,
328 546 425 604 nisi
452 545 700 617 perfectis
730 545 1005 604 omnibus.
1045 546 1153 602 Sed
1183 562 1253 603 ne
1292 545 1472 602 induci
1508 542 1727 615 quidem

155 652 386 720 poterat:
414 639 685 713 quomodo
711 640 858 696 enim
887 641 1244 708 subsisteret,
1286 656 1409 697 cum
1438 639 1728 697 fabricare-

156 752 231 797 tur
249 737 474 806 desuper
492 734 716 801 omium,
744 742 998 805 terraque
1016 734 1204 791 subter
1225 733 1541 790 fundaretur
1560 749 1574 800 ;
1604 746 1729 787 cum

151 831 367 888 fortasse
394 826 635 891 humida,
663 825 754 882 vel
781 825 965 882 nimiis
995 826 1267 898 rigorihus
1299 833 1573 897 torporata
1598 838 1733 881 con-

149 930 479 989 crescerent,
515 921 596 976 vel
638 920 811 993 igneis
847 919 1126 976 caloribus
1153 922 1363 976 incocta
1400 930 1455 976 et
1501 918 1733 975 solidata

148 1013 521 1072 durescerent?
550 1012 659 1069 Aut
678 1012 951 1085 quomodo
979 1012 1204 1080 viveret,
1234 1013 1353 1071 sole
1377 1012 1621 1069 nondum
1648 1012 1730 1067 in-

146 1109 345 1171 stituto,
376 1119 475 1161 nec
500 1103 742 1176 frugibus
765 1146 781 1174 ,
827 1119 928 1162 nec
965 1104 1290 1161 animalibus
1332 1105 1515 1161 natis?
1547 1104 1734 1177 Itaque

142 1213 357 1258 necesse
415 1197 511 1253 fuit
564 1198 839 1254 hominem
892 1207 1172 1270 postremo
1224 1198 1385 1266 fieri,
1444 1214 1569 1256 cum
1618 1199 1732 1272 jam

143 1291 336 1350 mundo
372 1289 692 1361 cacterisque
721 1290 887 1347 rebus
914 1305 1107 1347 manus
1147 1306 1358 1347 summa
1387 1301 1533 1349 esset
1560 1292 1736 1363 impo-

66 1412 111 1454 δ)
139 1386 256 1442 sita.
286 1383 535 1454 Denique
562 1395 768 1437 sancta:
803 1381 1001 1438 litterae
1027 1381 1229 1438 docent
1268 1382 1540 1439 hominem
1569 1382 1736 1442 fuisse

138 1477 383 1534 ultimum
429 1474 527 1531 Dei
570 1487 746 1545 opus,
779 1482 835 1530 et
857 1476 937 1531 sic
963 1476 1241 1532 inductum
1285 1474 1451 1533 fuisse
1495 1476 1550 1531 in
1591 1476 1738 1534 hunc

135 1569 419 1636 mundum,
452 1568 607 1640 quasi
647 1569 704 1624 in
745 1567 967 1625 domum
1000 1568 1112 1640 jam
1156 1578 1396 1641 paratam
1437 1579 1494 1626 et
1530 1570 1734 1629 instru-

132 1673 270 1723 ctam
298 1683 313 1719 :
345 1662 492 1719 illius
511 1663 658 1718 enim
680 1677 841 1719 causa
864 1662 1007 1719 facta
1032 1673 1159 1720 sunt
1175 1664 1378 1720 omnia.
1406 1663 1554 1721 Idem
1571 1666 1736 1722 etiam

133 1763 303 1829 poeta:
331 1755 595 1810 fatentur.
614 1752 838 1810 Ovidius
875 1755 1169 1826 (principio
1198 1753 1413 1810 Metam.
1447 1755 1469 1828 )
1494 1758 1736 1827 perfecto

1831 542 1929 600 tibi
1959 544 2316 604 humanarum
2343 549 2535 604 virium
2559 549 2781 604 modum
2808 549 3121 604 viderentur
3144 549 3433 618 excedere,

1834 639 1963 708 quia
1994 639 2085 695 illa
2116 657 2225 697 non
2270 651 2379 698 tam
2410 642 2612 699 viribus
2641 656 2803 714 quam
2829 641 3041 699 ratione
3077 650 3239 715 atque
3266 643 3437 700 artifi-

1832 728 1919 785 cio
1941 728 2080 786 facta
2105 746 2227 789 esse
2256 734 2538 790 nescires?

1907 819 2060 889 Quod
2092 823 2138 878 si
2170 823 2365 894 homo,
2405 825 2457 880 in
2485 838 2592 896 quo
2619 824 2756 881 nihil
2786 825 3085 897 perfectum
3124 833 3228 893 est,
3257 833 3440 885 tamen

1834 913 1955 984 plus
1983 913 2147 971 efficit
2188 917 2432 985 ratione,
2466 933 2629 990 quam
2665 919 2811 974 vires
2840 917 2961 990 ejus
2989 918 3200 990 exiguae
3227 919 3441 990 patian-

1834 1012 1953 1074 tur,
1984 1007 2111 1078 quid
2137 1017 2220 1065 est
2246 1025 2344 1066 cur
2373 1010 2691 1068 incredibile
2719 1011 2817 1067 tibi
2845 1026 2968 1068 esse
2997 1012 3276 1078 videatur,
3307 1028 3435 1070 cum

1834 1097 2066 1154 mundus
2094 1098 2294 1156 dicitur
2319 1102 2491 1159 factus
2520 1117 2551 1158 a
2582 1103 2725 1172 Deo,
2758 1105 2813 1158 in
2842 1119 2969 1175 quo,
3002 1105 3128 1175 quia
3161 1105 3433 1177 perfectus

1834 1201 1937 1260 est,
1968 1208 2069 1250 nec
2097 1196 2363 1265 sapientia
2394 1206 2572 1267 potest
2600 1198 2801 1254 habere
2832 1198 3125 1254 terminum
3144 1241 3160 1266 ,
3203 1214 3303 1255 nec
3329 1198 3445 1255 for-

1833 1284 2007 1341 titudo
2032 1289 2386 1344 mensuram?
2405 1287 2581 1360 Opera
2603 1290 2775 1360 ipsius
2800 1290 3055 1347 videntur
3075 1292 3269 1349 oculis.
3295 1291 3445 1360 Quo-

1837 1381 2001 1439 modo
2028 1393 2209 1440 autem
2237 1385 2331 1442 illa
2356 1385 2586 1456 fecerit,
2636 1402 2704 1444 ne
2730 1396 2912 1443 mente
2932 1388 3148 1457 quidem
3177 1387 3393 1445 videtur
3423 1405 3441 1444 :

1836 1475 1960 1545 quia
1986 1518 2001 1543 ,
2042 1486 2102 1533 ut
2131 1477 2362 1535 Hermes
2390 1480 2497 1547 ait,
2538 1480 2768 1535 mortale
2794 1479 3114 1546 immortali,
3146 1480 3444 1550 temporale
3472 1499 3513 1518 ν

1836 1579 2130 1640 perpetuo,
2174 1572 2533 1645 corruptibile
2574 1573 2889 1643 incorrupto
2927 1572 3295 1643 propinquare
3331 1587 3445 1629 nou

1838 1669 2055 1731 potest,
2090 1663 2143 1719 id
2173 1672 2256 1720 est
2285 1665 2512 1737 pr0pius
2540 1664 2800 1721 accedere
2835 1674 2891 1720 et
2928 1664 3282 1735 intelligentia
3313 1663 3443 1719 sub-

1839 1756 2016 1825 sequi.
2042 1755 2114 1812 Et
2154 1756 2278 1813 ideo
2309 1764 2583 1814 terrenum
2615 1756 2799 1812 adhuc
2827 1756 3024 1811 animal
3064 1770 3245 1811 rerum
3275 1755 3445 1812 cccle-
3476 1766 3500 1913 Ξ

1839 1849 1995 1904 stium
2026 1849 2461 1913 perspectionem
2500 1864 2609 1904 non
2644 1848 2821 1913 capit,
2849 1847 2973 1913 quia
3009 1861 3241 1913 corpore
3276 1846 3436 1913 quasi

128 1851 232 1922 jam
274 1848 522 1917 mundo,
563 1856 620 1904 et
644 1846 914 1904 universis
941 1847 1264 1905 animalibus
1299 1846 1577 1920 ﬁguratis,
1623 1849 1728 1908 hoc
1755 1847 1806 1911 B
1832 1849 1995 1904 stium
2026 1849 2461 1920 perspectionem
2500 1864 2609 1904 non
2644 1848 2821 1918 capit,
2849 1847 2973 1917 quia
3009 1861 3241 1917 corpore
3276 1846 3436 1915 quasi

131 1940 332 1999 addidit
361 1958 374 1995 :

245 2056 480 2120 Sanctius
503 2055 582 2120 his
604 2055 804 2119 animal,
828 2057 1110 2120 mentisque
1133 2056 1360 2120 capacius
1381 2056 1495 2108 altae

242 2119 441 2184 Deerat
457 2116 638 2182 adhuc,
661 2124 713 2168 et
734 2116 868 2182 quod
889 2116 1129 2170 dominari
1152 2116 1207 2170 in'
1220 2127 1405 2171 cetera
1428 2128 1622 2184 posset;

244 2183 404 2234 Natus
424 2180 573 2232 homo
585 2180 680 2232 εει.

129 2291 273 2350 Adeo
300 2290 455 2348 nefas
478 2290 899 2349 existimandum
930 2300 1015 2349 est
1040 2306 1105 2349 ea
1134 2291 1366 2348 scrutari
1387 2334 1401 2360 ,
1441 2306 1565 2364 quae
1585 2292 1727 2350 Deus

127 2385 288 2441 voluit
313 2398 438 2441 esse
462 2385 676 2441 celata!
708 2385 909 2441 Verum
939 2385 1031 2443 ille
1064 2400 1172 2442 non
1204 2383 1458 2443 audiendi
1488 2393 1583 2441 aut
1610 2384 1724 2442 dis-

127 2479 273 2535 cendi
302 2477 487 2534 studio
524 2477 864 2550 requirebat,
905 2478 1002 2535 sed
1038 2477 1357 2547 refellendi;
1401 2478 1528 2551 quia
1555 2477 1728 2535 confi—

126 2570 279 2627 debat
306 2570 591 2627 neminem
628 2570 685 2626 id
721 2584 886 2642 posse
913 2570 1118 2628 dicere.
1164 2571 1331 2640 Quasi
1369 2586 1499 2628 vero
1527 2586 1594 2628 ex
1624 2571 1727 2628 hoc

128 2664 413 2736 putandum
441 2664 539 2731 sit,
565 2678 675 2721 non
697 2677 821 2721 esse
838 2665 956 2721 haec
983 2663 1249 2721 divinitus
1269 2664 1434 2732 facta,
1461 2665 1582 2736 quia
1599 2680 1728 2736 quo-

126 2758 278 2814 modo
305 2757 448 2814 facta
475 2757 609 2825 sint,
642 2772 749 2814 non
780 2766 959 2829 potest
977 2757 1273 2829 pervideri.
1301 2756 1386 2813 An
1411 2768 1491 2825 tu,
1522 2757 1567 2813 si
1596 2757 1729 2814 edu-

127 2861 267 2911 catus
288 2852 342 2909 in
372 2854 549 2910 domo
576 2851 869 2909 fabrefacta
899 2860 955 2909 et
987 2861 1202 2923 ornata,
1236 2853 1443 2909 nullam
1470 2865 1727 2921 umquam

128 2944 374 3002 fabricam
404 2945 666 3012 vidisses,
691 2945 913 3001 domum
939 2945 1088 3002 illam
1117 2953 1366 3018 putasses
1396 2960 1505 3001 non
1534 2944 1604 3000 ab
1631 2943 1728 3000 ho-

129 3037 263 3096 mine
299 3054 423 3097 esse
462 3039 824 3105 mdiiicatam;
874 3039 999 3112 quia
1025 3081 1041 3105 ,
1091 3038 1366 3111 quomodo
1407 3037 1724 3106 aedificetur,

129 3131 437 3202 ignorares?
475 3131 630 3189 Idem
659 3131 900 3203 profecto
930 3132 1001 3189 de
1036 3131 1199 3188 domo
1224 3146 1497 3203 quaereres
1516 3174 1532 3201 ,
1581 3129 1727 3203 quod

132 3244 262 3286 nunc
286 3229 355 3286 de
383 3227 600 3284 mundo
642 3227 920 3299 requiris;
961 3226 1156 3298 quibus
1193 3227 1478 3295 manibus,
1530 3224 1726 3296 quibus
1753 3242 1801 3309 α

132 3320 462 3379 ferramentis
484 3321 659 3377 homo
686 3329 831 3376 tanta
856 3328 1001 3376 esset
1025 3334 1190 3391 opera
1216 3319 1466 3386 molitus;
1488 3318 1724 3374 maxime

133 3414 174 3470 si
188 3430 312 3473 saxa
336 3412 605 3488 ingentia,
629 3414 893 3471 immensa
914 3421 1199 3482 caementa,
1224 3421 1403 3469 vastas
1425 3412 1726 3480 columnas,

1831 1942 2080 1998 custodia
2108 1953 2320 2013 septum
2350 1949 2596 2009 tenetur,
2632 1938 2922 2011 quominus
2952 1938 3131 1995 soluto
3159 1953 3224 1995 ac
3252 1937 3433 1996 libero
3475 1946 3490 2093 ἐ

1831 2049 1991 2092 sensu
2018 2044 2206 2093 cernat
2235 2036 2438 2092 omnia.
2474 2033 2623 2092 Sciat
2650 2033 2812 2093 igitur
2839 2047 3003 2093 quam
3030 2031 3213 2093 inepte
3242 2029 3428 2093 faciat.

1828 2049 1991 2092 sensu
2018 2044 2206 2093 cernat
2235 2036 2438 2092 omnia.
2474 2033 2623 2092 Sciat
2650 2033 2812 2105 igitur
2839 2029 3428 2113 qughnipeptel'ggi‘a‘t,

2854 2108 3013 2115 ...νιος-ιω-
3022 2108 3103 2114 “,4

3134 2108 3321 2116 m

3328 2109 3478 2117 κιο-ν...-

1787 2172 1805 2185 ν
1829 2129 1918 2206 qui
1955 2142 2044 2185 res
2082 2128 2475 2184 inenarrabiles
2504 2126 2722 2198 quaerit.
2768 2124 2884 2180 Hoc
2922 2133 3006 2181 est
3039 2124 3185 2181 enim
3219 2122 3443 2181 modum

1828 2129 1918 2206 qui
1955 2142 2044 2185 res
2082 2128 2475 2184 inenarrabiles
2504 2128 2722 2198 quaerit.
2769 2128 2884 2180 Hoc
2922 2133 3006 2181 est
3039 2128 3185 2181 enim
3219 2128 3443 2181 modum

1828 2221 2155 2278 conditionis
2184 2236 2297 2278 suae
2323 2219 2652 2291 transgredi,
2670 2233 2770 2275 nec
2795 2217 3116 2290 intelligere,
3151 2231 3437 2288 quousque
3466 2128 3487 2287 I

1830 2316 2039 2373 homini
2079 2316 2241 2373 liceat
2284 2315 2566 2373 accedere.
2620 2313 2863 2384 Denique
2895 2327 3018 2368 cum
3059 2312 3299 2382 aperiret
3339 2309 3485 2384 ho-i

1828 2410 1960 2465 mini
1988 2409 2279 2466 veritatem
2311 2407 2454 2463 Deus
2477 2447 2494 2475 ,
2528 2422 2591 2463 ea
2622 2407 2741 2462 sola
2769 2406 2914 2460 scire
2943 2418 3045 2460 nos
3075 2403 3281 2470 voluit,
3319 2417 3444 2474 quae

1828 2501 2073 2559 interfuit
2123 2502 2401 2557 hominem
2447 2500 2590 2556 scire
2634 2497 2701 2553 ad
2739 2496 2902 2552 vitam
2948 2494 3435 2565 consequendam:
3471 2500 3517 2565 ,ί

1829 2610 1952 2667 qua:
1981 2608 2114 2650 vero
2143 2593 2210 2649 ad
2238 2592 2509 2649 curiosam
2539 2599 2593 2646 et
2621 2587 2903 2661 profanam
2931 2585 3283 2657 cupiditatem
3315 2600 3438 2657 per-

1831 2688 2096 2755 tinebant,
2127 2687 2387 2754 reticuit,
2418 2694 2475 2739 ut
2499 2698 2697 2740 arcana
2727 2692 2930 2738 essent.
2963 2679 3102 2749 Quid
3133 2692 3263 2749 ergo
3293 2693 3444 2749 qua:-

1830 2783 1929 2848 ris,
1951 2797 2072 2853 qua:
2102 2795 2202 2836 nec
2254 2788 2408 2851 potes
2437 2778 2596 2843 scire,
2624 2789 2725 2832 nec
2764 2775 2811 2830 si
2838 2774 3013 2840 scias,
3054 2771 3263 2828 beatior
3298 2769 3441 2827 fias!

1831 2876 2076 2934 Perfecta
2112 2885 2196 2932 est
2233 2876 2286 2930 in
2317 2873 2538 2930 homine
2578 2870 2842 2943 sapientia
2868 2910 2883 2937 ,
2936 2868 2982 2922 si
3012 2875 3069 2924 et
3109 2867 3280 2923 Deum
3315 2878 3441 2923 esse

1829 2988 1993 3030 unum
2012 3014 2029 3043 ,
2053 2971 2195 3028 etab
2227 2970 2347 3041 ipso
2371 2983 2494 3026 esse
2522 2967 2660 3024 facta
2687 2964 2937 3022 universa
2966 2967 3277 3034 cognoscat.

2459 3080 2690 3139 CAPUT
2716 3079 2788 3136 Χ.

1831 3200 1912 3258 De
1950 3201 2143 3257 mundo
2191 3199 2401 3272 ejusque
2445 3194 2708 3269 partibus,
2764 3190 3024 3248 elementis
3068 3197 3117 3246 et
3159 3196 3440 3259 tempesta-

2542 3288 2697 3344 tibus.

1908 3428 2063 3487 Nunc
2095 3428 2351 3501 quoniam
2389 3424 2746 3484 refutavimus
2781 3437 2879 3481 eos
2920 3420 3013 3495 qui
3041 3420 3111 3479 de
3152 3417 3358 3477 mundo
3386 3424 3448 3476 et

1476 3566 1566 3622 VA
1576 3565 1844 3625 RIORUM
1881 3564 2116 3623 ΝΟΤᾹΞ.

138 3707 300 3773 flost.,
323 3709 501 3775 Pier.,
534 3706 726 3764 Parrh.
759 3703 931 3772 Crat,
963 3704 1112 3770 Ald.,
1143 3703 1368 3776 Gymu.,
1395 3702 1623 3760 Tornes.
1655 3704 1727 3760 At
1828 3701 2207 3776 luminaribus,
2237 3654 2440 3776 herbis,
2471 3699 2759 3776 fructibus,
2799 3695 3165 3776 animantibus
3204 3692 3443 3776 denique

137 3780 266 3851 male
292 3780 559 3837 Thomas.
586 3788 640 3836 et
661 3786 947 3851 sequentes
977 3777 1294 3851 omiserunt.

201 3850 304 3907 Sed
328 3870 393 3908 ne
419 3846 912 3923 perspiceret'lromo
939 3865 1094 3921 opera
1120 3846 1250 3917 Dei,
1296 3854 1401 3903 etc.
1459 3846 1615 3902 Falsa
1646 3854 1731 3902 est

137 3921 245 3977 huic
274 3921 555 3981 Lactantii
578 3922 866 3978 sententia.

204 3994 394 4052 Nimiis
421 3995 684 4067 rigoribus
715 4003 996 4067 torporata.
1028 3991 1116 4047 Sic
1146 4003 1336 4046 omnes
1365 3987 1488 4044 edd.
1534 3997 1732 4067 praeter

136 4076 236 4121 vet.
257 4068 418 4123 Rom.
457 4059 516 4121 I'n
550 4067 758 4121 cunctis
785 4059 956 4121 ferme
984 4078 1114 4119 mss.
1139 4070 1221 4117 est
1246 4068 1537 4131 corporale,
1585 4059 1728 4130 quod

137 4150 249 4211 cum
278 4139 541 4211 rigoribus
570 4138 745 4211 minus
772 4137 1041 4211 convenit.
1092 4133 1200 4211 Sed
1221 4141 1277 4189 et
1302 4148 1424 4211 cap.
1455 4145 1571 4201 seq.
1606 4140 1726 4211 post

135 4204 346 4264 initiuni
372 4210 689 4266 Lactantius
719 4208 904 4280 scribit
935 4204 1426 4280 frigoribus_e_t_gelu
1454 4211 1653 4272 torpet;
1675 4210 1731 4258 et

138 4283 409 4347 torporaoit
437 4282 606 4337 etiam
630 4279 902 4349 Turpilius
930 4275 1064 4333 diiit
1091 4276 1233 4347 apud
1260 4275 1513 4331 NOnium.

209 4344 329 4408 Sole
354 4353 592 4407 nondum
622 4344 873 4407 instituto.
903 4344 1226 4406 Thumasius
1253 4349 1400 4418 legit,
1425 4355 1485 4400 ut
1513 4345 1574 4418 ing
1589 4344 1725 4399 Bon.

137 4434 190 4480 et
212 4425 238 4479 1
268 4423 514 4480 Clarom.
542 4464 558 4489 ,
589 4424 698 4478 sofo
719 4422 944 4477 nondum
966 4420 1196 4475 instituto
1217 4460 1233 4483 ,
1263 4416 1405 4489 quod
1439 4416 1610 4487 magis
1640 4431 1732 4489 c9-

140 4496 340 4551 hmrere
383 4487 674 4552 videantur
704 4494 981 4565 sequentia
1020 4487 1354 4565 dqfrugib'us
1390 4498 1445 4544 et
1487 4487 1731 4565 animali-

1831 3775 1997 3842 vivis,
2030 3788 2150 3828 sese
2178 3765 2521 3842 moventibus
2550 3771 2604 3842 in
2636 3784 2781 3836 aere,
2811 3768 2965 3842 aquis
2994 3775 3048 3821 et
3068 3774 3236 3832 terra,
3258 3765 3448 3834 utique

1832 3846 1884 3902 ei
1916 3836 2147 3907 solitudo
2173 3841 2364 3898 fuisset
2392 3841 2742 3911 permolesta,
2786 3848 2841 3894 et
2865 3836 3112 3911 defectus
3139 3849 3448 3911 rerumne-

1832 3906 2190 3972 cessariarum
2233 3906 2550 3970 felicitatem
2590 3910 2897 3981 ejusrvarie
2935 3908 3226 3981 turbasset:
3278 3906 3442 3981 Plura

1835 3990 1927 4056 qui
1981 3988 2160 4049 volet,
2210 3987 2353 4056 legat
2419 3976 2656 4056 Philonis
2691 3980 3145 4056 _Cos_rnopmiam,_
3182 3976 3435 4056 Gregorii

1834 4050 2065 4130 Nysseni
2095 4050 2389 4130 lihrnrnde
2422 4054 2656 4130 hominis
2683 4050 2931 4123 Opificio,
2965 4066 3085 4130 cap.
3115 4051 3170 4130 ἓ,
3206 4050 3440 4104 Ambro-

1838 4120 1904 4186 sii
1935 4129 2150 4198 epistol.
2185 4128 2251 4183 ad
2287 4127 2700 4198 Herontiannm,
2733 4120 2856 4195 qua:
2882 4131 2967 4178 est
2995 4123 3088 4198 5S.
3118 4120 3370 4198 Passus.

1913 4192 2181 4268 Quomodo
2221 4199 2523 4266 wdiﬁcetur.
2570 4196 2650 4268 lta_
2692 4192 2823 4250 mss.
2854 4209 2922 4268 es
2952 4194 3147 4268 quibus
3182 4192 3298 4268 duq
3320 4198 3450 4268 sunt

1836 4260 2078 4328 omnium
2134 4260 2495 4340 antiquissimi
2536 4268 2571 4340 Vl
2625 4266 2847 4340 Bon._et_
2888 4266 2926 4340 i_
2962 4260 3122 4340 Reg,
3171 4264 3206 4340 _4
3252 4260 3446 4340 _ColbL,

1836 4343 1987 4407 Jun.,
2037 4343 2200 4398 Brun.
2233 4330 2287 4397 et
2332 4339 2679 4411 quamplures
2712 4338 2872 4411 editi.
2908 4336 2986 4411 ln_
3007 4330 3382 4411 [scriptiset
3409 4332 3448 4387 2

1839 4402 2068 4485 vulgatis
2111 4422 2195 4470 est
2240 4402 2572 4485 (ediﬁcqtur;
2621 4409 2675 4463 in
2706 4407 2742 4461 2
2769 4423 2900 4485 m_s_s.
2930 4406 3087 4485 _Reg.
3137 4412 3192 4459 et
3223 4405 3259 4485 lg
3294 4402 3445 4485 liips.

1838 4472 2226 4554 (adiﬁcantur;
2271 4472 2381 4539 in't
2410 4472 2648 4538 Claram.
2681 4493 2746 4534 ac
2768 4478 2902 4534 edit.
2929 4472 3163 4533 Torhes.
3212 4483 3268 4530 et
3309 4472 3451 4529 Sou-

140 4506 340 4551 uerrere
383 4506 674 4552 videantur
704 4506 981 4565 sequentia
1020 4506 1089 4546 (le
1116 4506 1195 4546 Iru
1237 4506 1354 4545 tDtts
1390 4506 1445 4544 et
1487 4506 1731 4544 antmau—
1838 4506 2183 4554 watpcaretur
2206 4506 2226 4551 ;
2271 4506 2325 4539 ιιι

138 4565 234 4621 hns
256 4610 270 4631 ,
319 4583 444 4639 quae
476 4567 531 4621 in
555 4566 674 4621 solo
705 4576 1009 4639 versantur.
1063 4562 1179 4632 Ego
1199 4506 1492 4639 factionem
1518 4558 1732 4639 caeteris
1757 4536 1811 4596 D
1835 4559 1993 4639 brqu.
2024 4557 2330 4639 [abriqatun

138 4629 385 4693 omnibus
427 4653 562 4693 mss.
594 4646 650 4693 et
677 4637 954 4707 impressis
979 4629 1516 4707 receptamexhibui.
1563 4629 1735 4685 Caete-

140 4724 252 4762 rum
276 4711 341 4764 de
364 4711 491 4766 solo
519 4750 532 4772 ,
560 4710 675 4764 sive
700 4702 843 4764 terra
866 4749 880 4773 ,
912 4702 1221 4762 Lactantius
1246 4704 1357 4774 jam
1397 4702 1605 4774 dixerat
1634 4742 1647 4765 ,
1679 4711 1736 4757 et

140 4780 402 4836 rationem
435 4781 717 4836 Thomasii
760 4772 893 4834 nihil
925 4778 1123 4833 habere
1154 4772 1411 4832 momenti
1450 4772 1732 4843 intelliget,

141 4852 225 4921 qui
250 4861 459 4922 textum
484 4852 793 4922 inspexerit.
819 4849 1010 4905 lsmus.

210 4921 497 4979 Hominem
542 4914 701 4991 fuisse
727 4923 965 4977 uitiatum
1006 4919 1106 4976 Dei
1149 4935 1297 4992 apus.
1326 4917 1464 4992 Gen.
1508 4929 1566 4992 c._
1588 4932 1648 4971 ιι.
1680 4914 1738 4970 Si

141 4994 256 5064 quis
282 4988 551 5059 miretur,
575 5011 671 5049 cur
703 4995 842 5050 Deus
871 4992 1021 5061 Operi
1069 4988 1515 5064 prte'stantissimo
1552 4988 1732 5042 locum

143 5060 482 5134 postremum
510 5066 750 5131 dederit,
799 5060 1030 5119 sufficiat
1056 5062 1130 5117 illi
1159 5060 1554 5134 sapientissima
1584 5072 1738 5114 crea-

145 5131 272 5208 toris
291 5138 565 5193 voluntas.
599 5137 656 5194 Si
680 5137 798 5208 quis
825 5144 1005 5208 tamen
1028 5131 1455 5208 causas'aliquas
1479 5131 1740 5208 scire_ve-

142 5206 223 5274 lit,
255 5208 355 5264 has
377 5210 575 5265 habent
599 5227 611 5262 :
636 5201 912 5279 indigebat
931 5206 1096 5279 homo
1121 5204 1417 5270 domicilio,
1443 5201 1740 5279 etquidem

145 5272 244 5349 nec
271 5295 472 5349 vacuo,
520 5295 618 5337 nec
642 5272 869 5335 defo'rmi
893 5319 909 5343 ,
957 5277 1169 5349 quippe
1191 5283 1436 5349 creatura
1466 5272 1562 5349 _Dei
1587 5272 1747 5349 _nobi-

147 5347 372 5414 lissima,
421 5344 481 5406 et
522 5351 791 5407 semideus
834 5344 1344 5420 quiddﬁm‘rex‘istens.
1388 5344 1548 5420 _Prius
1586 5344 1745 5414 igitur

149 5420 290 5477 Deus
320 5423 747 5487 pulcherrimum
776 5429 832 5477 et
851 5415 1315 5475 absolutissimum
1338 5458 1354 5484 ,
1388 5415 1493 5469 hoc
1520 5422 1627 5487 est,
1659 5429 1745 5470 re-

150 5490 248 5546 bus
273 5485 597 5549 adornatum
625 5535 641 5559 ,
685 5496 752 5549 ad
784 5507 962 5558 usum,
995 5490 1061 5545 ad
1086 5490 1480 5559 jncuuditatem
1511 5485 1744 5559 denique

148 5564 523 5635 omnimodam
588 5555 975 5635 pertinentibus
1038 5555 1448 5635 refertissimum
1510 5555 1745 5635 universi

152 5633 424 5690 theatrum
462 5627 797 5701 consiruxit;
840 5641 1027 5703 postea
1072 5632 1368 5703 hominem
1392 5629 1463 5703 in_
1490 5627 1743 5697 palatiqu

149 5706 594 5775 augustissimum
652 5708 724 5761 ita
782 5698 1138 5776 praeparatum
1193 5698 1490 5776 introduxit
1515 5740 1546 5776 ,_
1585 5707 1746 5776 atque

151 5768 430 5848 creaturis
462 5778 709 5833 omnibus
749 5768 1045 5848 principem
1092 5773 1329 5848 prmfecit
1360 5768 1548 5848 :quod
1579 5772 1621 5823 si
1652 5770 1747 5848 ln_o-

151 5861 240 5903 mo
271 5847 536 5904 mundum
576 5839 864 5919 reperisset
889 5839 1141 5917 vacuum,
1188 5853 1243 5902 et
1269 5839 1581 5902 destitutum
1609 5839 1742 5909 sole,

1839 4617 2144 4759 soﬂgriigs.
2168 4626 2433 4699 Trismeg.
2480 4621 2622 4697 apud
2650 4620 2804 4678 Stob.
2853 4620 2908 4676 in
2933 4617 3233 4675 Collectan.
3265 4629 3436 4672 serm.

1917 4750 1929 4759 .
1993 4716 2024 4756 e
2103 4715 2188 4755 ns.

1916 4750 1929 4769 ,
1954 4701 2024 4756 de
2058 4701 2188 4755 Diis.

1914 4794 2343 4866 Perspeetionemq
2388 4788 2554 4866 Quod
2580 4792 2691 4866 tota
2727 4786 2845 4866 haec
2870 4782 3043 4866 sectio
3069 4794 3233 4866 supra
3258 4778 3449 4866 requi-

1838 4850 1937 4926 rit:
1956 4850 2101 4922 Vidit
2120 4866 2282 4920 etiam
2310 4850 2624 4917 Bor'richius
2653 4859 2705 4913 in
2733 4854 2949 4912 defectu
2980 4850 3308 4926 lexicornm.
3333 4850 3450 4926 Ite-1

1842 4921 2141 4997 ruimLact.
2172 4937 2210 4990 I.
2246 4936 2315 4990 de
2342 4933 2426 4988 Ira
2451 4947 2503 4987 c.
2532 4932 2558 4986 l
2601 4947 2614 4984 :
2655 4929 2700 4984 A
2727 4929 2831 4983 veri
2860 4926 3231 4997 perspectione.
3264 4921 3455 4997 Inveni

1842 4994 2059 5084 quoque
2077 5004 2556 5084 Δνοοίιιιι·ι’ξιιδίρνεξ-ιιι
2579 5016 2661 5084 ei:
2667 4998 3064 5084 antiquioribus
3088 4994 3269 5084 adhiltc
3300 4995 3452 5084 igno-

1843 5065 2035 5139 tjainjin
2063 5076 2346 5150 AuguSIini
2380 5075 2449 5130 de
2474 5072 2717 5150 in._De_i
2737 5113 2753 5139 ,
2781 5065 2821 5125 ll
2852 5085 2944 5150 vui
2967 5083 3060 5150 ,9.
3090 5068 3132 5150 ξ
3158 5084 3171 5119 :
3206 5065 3452 5121 Contem-

1843 5138 2003 5228 platio
2031 5138 2429 5224 perspectionem
2450 5146 2547 5200 sibi
2570 5143 2795 5199 vindicat
2820 5140 3065 5196 veritatis.
3091 5138 3229 5193 BDN.

1917 5244 2164 5302 Custodia
2187 5250 2409 5312 septum.
2443 5238 2534 5312 Sic
2562 5236 2893 5312 de_corpor_e
2921 5230 3179 5312 et_anima
3209 5226 3454 5312 loquitur

1846 5295 2402 5374 Ριεῖιῖἰὲίβιιὼἱιοιιε.
2436 5309 2527 5366 Sic
2550 5317 2607 5363 et
2628 5295 2960 5374 Lactantius
2977 5303 3093 5374 ipse
3125 5300 3178 5374 in
3209 5295 3352 5353 libro
3382 5295 3453 5374 de

1849 5366 2078 5458 διἶίὣό
2103 5366 2233 5458 Dei,
2255 5397 2383 5458 _cap.
2412 5380 2516 5447 20,
2559 5379 2624 5433 ad
2658 5384 2900 5458 mentem
2940 5366 3457 5458 Pl'aton‘icqrumude

1855 5442 2071 5514 homine
2094 5457 2167 5511 ait
2199 5442 2222 5510 τ’
2244 5442 2385 5508 Ναὲη
2417 5442 2774 5520 corpusculum
2803 5446 2898 5501 hoc
2923 5459 3023 5516 quo
3052 5442 3220 5497 induti
3250 5453 3451 5501 sumus,

1852 5531 2070 5586 hominis
2096 5524 2474 5593 receptaculum
2505 5531 2596 5576 est.

1927 5620 2005 5676 Ea
2030 5621 2141 5676 sola
2168 5618 2362 5673 scire...
2400 5615 2676 5669 curiosum.
2709 5608 2866 5667 Conf.
2893 5606 3053 5684 infra,
3159 5618 3195 5684 ιι
3216 5643 3231 5668 ,
3264 5616 3314 5655 c.
3346 5599 3451 5684 H_;

1852 5695 1889 5750 l.
1916 5672 2002 5758 ἱιῖζ
2027 5672 2169 5746 £3220
2196 5672 2207 5743 ὲ
2236 5690 2310 5743 De
2336 5687 2502 5758 Opif.,
2535 5700 2585 5740 c.
2608 5685 2694 5739 15.
2721 5680 2951 5758 'l'ertull.
2980 5678 3046 5730 de
3075 5672 3289 5758 Anima,
3312 5685 3369 5758 rc.

2037 5744 2264 5818 Praestat
2298 5744 2398 5828 per.
2418 5744 2584 5813 Deum
2616 5753 2833 5828 nescire,
2862 5753 2981 5816 quia
3010 5763 3110 5801 non
3139 5744 3452 5828 revefauerit,

1854 5815 2009 5911 quam
2035 5815 2411 5908 pervfioutiuem
2437 5830 2586 5898 scire,
2618 5825 2737 5897 quia
2757 5824 2866 5894 ipse
2890 5815 3288 5892 prmumpserit.
3317 5815 3453 5885 Bua,

2056 6102 2092 6127 δ
