  <div class='ocr_page' id='page_1' title='image "/cluster/home/n/w/nwhite01/storage/ocr_20150623/6/uva.x000669814/163.png"; bbox 0 0 3790 6274; ppageno 0'>
   <div class='ocr_carea' id='block_1_1' title="bbox 345 315 451 369">
    <p class='ocr_par' dir='ltr' id='par_1_1' title="bbox 345 315 451 369">
     <span class='ocr_line' id='line_1_1' title="bbox 345 315 451 369; baseline 0.009 -1"><span class='ocrx_word' id='word_1_1' title='bbox 345 315 451 369; x_wconf 82' lang='lat'><strong>507</strong></span> 
     </span>
    </p>
   </div>
   <div class='ocr_carea' id='block_1_2' title="bbox 1457 304 2576 372">
    <p class='ocr_par' dir='ltr' id='par_1_2' title="bbox 1457 304 2576 372">
     <span class='ocr_line' id='line_1_2' title="bbox 1457 304 2576 372; baseline -0.001 -5"><span class='ocrx_word' id='word_1_2' title='bbox 1457 309 1640 372; x_wconf 69' lang='lat' dir='ltr'><strong>FIRM.</strong></span> <span class='ocrx_word' id='word_1_3' title='bbox 1684 304 2048 372; x_wconf 71' lang='grc' dir='ltr'>ιΑατΑΝτιι</span> <span class='ocrx_word' id='word_1_4' title='bbox 2087 304 2292 366; x_wconf 82' lang='lat' dir='ltr'><strong>DIVIN.</strong></span> <span class='ocrx_word' id='word_1_5' title='bbox 2334 307 2576 368; x_wconf 77' lang='lat' dir='ltr'><strong>lNSTIT.</strong></span> 
     </span>
    </p>
   </div>
   <div class='ocr_carea' id='block_1_3' title="bbox 3542 306 3654 362">
    <p class='ocr_par' dir='ltr' id='par_1_3' title="bbox 3542 306 3654 362">
     <span class='ocr_line' id='line_1_3' title="bbox 3542 306 3654 362; baseline 0.009 -1"><span class='ocrx_word' id='word_1_6' title='bbox 3542 306 3654 362; x_wconf 79' lang='lat'><strong>508</strong></span> 
     </span>
    </p>
   </div>
   <div class='ocr_carea' id='block_1_4' title="bbox 347 423 3652 501">
    <p class='ocr_par' dir='ltr' id='par_1_4' title="bbox 347 423 3652 501">
     <span class='ocr_line' id='line_1_4' title="bbox 347 423 3652 501; baseline -0.003 -14"><span class='ocrx_word' id='word_1_7' title='bbox 347 433 416 488; x_wconf 88' lang='lat' dir='ltr'><strong>de</strong></span> <span class='ocrx_word' id='word_1_8' title='bbox 459 431 663 490; x_wconf 86' lang='lat' dir='ltr'><strong>factore</strong></span> <span class='ocrx_word' id='word_1_9' title='bbox 691 431 807 501; x_wconf 87' lang='lat' dir='ltr'><strong>ejus</strong></span> <span class='ocrx_word' id='word_1_10' title='bbox 837 431 949 486; x_wconf 91' lang='lat' dir='ltr'><strong>Deo</strong></span> <span class='ocrx_word' id='word_1_11' title='bbox 975 429 1132 486; x_wconf 91' lang='lat' dir='ltr'><strong>aliter</strong></span> <span class='ocrx_word' id='word_1_12' title='bbox 1155 429 1394 490; x_wconf 88' lang='lat' dir='ltr'><strong>sentiunt</strong></span> <span class='ocrx_word' id='word_1_13' title='bbox 1429 443 1590 500; x_wconf 88' lang='lat' dir='ltr'><strong>quam</strong></span> <span class='ocrx_word' id='word_1_14' title='bbox 1619 427 1818 485; x_wconf 82' lang='lat' dir='ltr'><strong>veritas</strong></span> <span class='ocrx_word' id='word_1_15' title='bbox 1846 425 1940 482; x_wconf 84' lang='lat' dir='ltr'><strong>ba-</strong></span> <span class='ocrx_word' id='word_1_16' title='bbox 1968 425 2019 496; x_wconf 71' lang='grc' dir='ltr'><strong>Δ</strong></span> <span class='ocrx_word' id='word_1_17' title='bbox 2048 425 2228 491; x_wconf 66' lang='lat' dir='ltr'><strong>nebrte</strong></span> <span class='ocrx_word' id='word_1_18' title='bbox 2255 469 2270 494; x_wconf 87' lang='lat'><strong>,</strong></span> <span class='ocrx_word' id='word_1_19' title='bbox 2322 428 2392 484; x_wconf 93' lang='lat' dir='ltr'><strong>ita</strong></span> <span class='ocrx_word' id='word_1_20' title='bbox 2422 427 2596 501; x_wconf 89' lang='lat' dir='ltr'><strong>frigus</strong></span> <span class='ocrx_word' id='word_1_21' title='bbox 2632 429 2818 490; x_wconf 85' lang='lat' dir='ltr'><strong>calori.</strong></span> <span class='ocrx_word' id='word_1_22' title='bbox 2865 428 2933 488; x_wconf 91' lang='lat' dir='ltr'><strong>Ut</strong></span> <span class='ocrx_word' id='word_1_23' title='bbox 2961 429 3122 500; x_wconf 83' lang='lat' dir='ltr'><strong>igitur</strong></span> <span class='ocrx_word' id='word_1_24' title='bbox 3147 428 3296 484; x_wconf 89' lang='lat' dir='ltr'><strong>calor</strong></span> <span class='ocrx_word' id='word_1_25' title='bbox 3342 423 3536 489; x_wconf 80' lang='lat' dir='ltr'><strong>lumini</strong></span> <span class='ocrx_word' id='word_1_26' title='bbox 3568 434 3652 480; x_wconf 86' lang='lat' dir='ltr'><strong>cst</strong></span> 
     </span>
    </p>
   </div>
   <div class='ocr_carea' id='block_1_5' title="bbox 345 521 1940 594">
    <p class='ocr_par' dir='ltr' id='par_1_5' title="bbox 345 521 1940 594">
     <span class='ocr_line' id='line_1_5' title="bbox 345 521 1940 594; baseline -0.004 -13"><span class='ocrx_word' id='word_1_27' title='bbox 345 525 460 594; x_wconf 89' lang='lat' dir='ltr'><strong>bet,</strong></span> <span class='ocrx_word' id='word_1_28' title='bbox 489 524 556 581; x_wconf 90' lang='lat' dir='ltr'><strong>ad</strong></span> <span class='ocrx_word' id='word_1_29' title='bbox 580 525 811 580; x_wconf 83' lang='lat' dir='ltr'><strong>divinam</strong></span> <span class='ocrx_word' id='word_1_30' title='bbox 841 521 1026 578; x_wconf 91' lang='lat' dir='ltr'><strong>mundi</strong></span> <span class='ocrx_word' id='word_1_31' title='bbox 1053 521 1312 578; x_wconf 83' lang='lat' dir='ltr'><strong>fabricam</strong></span> <span class='ocrx_word' id='word_1_32' title='bbox 1342 532 1710 588; x_wconf 88' lang='lat' dir='ltr'><strong>revertamur,</strong></span> <span class='ocrx_word' id='word_1_33' title='bbox 1739 521 1808 577; x_wconf 88' lang='lat' dir='ltr'><strong>de</strong></span> <span class='ocrx_word' id='word_1_34' title='bbox 1837 536 1940 592; x_wconf 88' lang='lat' dir='ltr'><strong>qua</strong></span> 
     </span>
    </p>
   </div>
   <div class='ocr_carea' id='block_1_6' title="bbox 349 611 1942 682">
    <p class='ocr_par' dir='ltr' id='par_1_6' title="bbox 349 611 1942 682">
     <span class='ocr_line' id='line_1_6' title="bbox 349 611 1942 682; baseline -0.003 -12"><span class='ocrx_word' id='word_1_35' title='bbox 349 616 407 672; x_wconf 90' lang='lat' dir='ltr'><strong>in</strong></span> <span class='ocrx_word' id='word_1_36' title='bbox 445 614 656 670; x_wconf 78' lang='lat' dir='ltr'><strong>arcmiis</strong></span> <span class='ocrx_word' id='word_1_37' title='bbox 698 621 900 668; x_wconf 65' lang='lat' dir='ltr'><strong>sancta:</strong></span> <span class='ocrx_word' id='word_1_38' title='bbox 940 612 1218 682; x_wconf 76' lang='lat' dir='ltr'><strong>religionis</strong></span> <span class='ocrx_word' id='word_1_39' title='bbox 1258 613 1454 668; x_wconf 91' lang='lat' dir='ltr'><strong>litteris</strong></span> <span class='ocrx_word' id='word_1_40' title='bbox 1496 613 1742 669; x_wconf 90' lang='lat' dir='ltr'><strong>traditur.</strong></span> <span class='ocrx_word' id='word_1_41' title='bbox 1789 611 1942 668; x_wconf 86' lang='lat' dir='ltr'><strong>Fecit</strong></span> 
     </span>
    </p>
   </div>
   <div class='ocr_carea' id='block_1_7' title="bbox 347 704 1942 778">
    <p class='ocr_par' dir='ltr' id='par_1_7' title="bbox 347 704 1942 778">
     <span class='ocr_line' id='line_1_7' title="bbox 347 704 1942 778; baseline -0.002 -16"><span class='ocrx_word' id='word_1_42' title='bbox 347 707 508 778; x_wconf 84' lang='lat' dir='ltr'><strong>igitur</strong></span> <span class='ocrx_word' id='word_1_43' title='bbox 539 707 680 760; x_wconf 88' lang='lat' dir='ltr'><strong>Deus</strong></span> <span class='ocrx_word' id='word_1_44' title='bbox 719 705 952 775; x_wconf 89' lang='lat' dir='ltr'><strong>primum</strong></span> <span class='ocrx_word' id='word_1_45' title='bbox 979 709 1220 760; x_wconf 90' lang='lat' dir='ltr'><strong>omnium</strong></span> <span class='ocrx_word' id='word_1_46' title='bbox 1257 707 1455 762; x_wconf 71' lang='lat' dir='ltr'><strong>cmlum</strong></span> <span class='ocrx_word' id='word_1_47' title='bbox 1481 747 1496 778; x_wconf 85' lang='lat'><strong>,</strong></span> <span class='ocrx_word' id='word_1_48' title='bbox 1543 718 1598 762; x_wconf 91' lang='lat' dir='ltr'><strong>et</strong></span> <span class='ocrx_word' id='word_1_49' title='bbox 1626 706 1678 762; x_wconf 93' lang='lat' dir='ltr'><strong>in</strong></span> <span class='ocrx_word' id='word_1_50' title='bbox 1710 704 1942 776; x_wconf 83' lang='lat' dir='ltr'><strong>sublime</strong></span> 
     </span>
    </p>
   </div>
   <div class='ocr_carea' id='block_1_8' title="bbox 351 794 1938 868">
    <p class='ocr_par' dir='ltr' id='par_1_8' title="bbox 351 794 1938 868">
     <span class='ocr_line' id='line_1_8' title="bbox 351 794 1938 868; baseline -0.004 -13"><span class='ocrx_word' id='word_1_51' title='bbox 351 798 651 867; x_wconf 74' lang='lat' dir='ltr'><strong>suspendit,</strong></span> <span class='ocrx_word' id='word_1_52' title='bbox 701 796 845 868; x_wconf 90' lang='lat' dir='ltr'><strong>quod</strong></span> <span class='ocrx_word' id='word_1_53' title='bbox 891 805 1038 857; x_wconf 88' lang='lat' dir='ltr'><strong>esset</strong></span> <span class='ocrx_word' id='word_1_54' title='bbox 1073 797 1232 854; x_wconf 89' lang='lat' dir='ltr'><strong>sedes</strong></span> <span class='ocrx_word' id='word_1_55' title='bbox 1268 798 1440 868; x_wconf 88' lang='lat' dir='ltr'><strong>ipsius</strong></span> <span class='ocrx_word' id='word_1_56' title='bbox 1487 797 1578 852; x_wconf 87' lang='lat' dir='ltr'><strong>Dei</strong></span> <span class='ocrx_word' id='word_1_57' title='bbox 1620 794 1938 852; x_wconf 89' lang='lat' dir='ltr'><strong>conditoris.</strong></span> 
     </span>
    </p>
   </div>
   <div class='ocr_carea' id='block_1_9' title="bbox 343 890 1940 964">
    <p class='ocr_par' dir='ltr' id='par_1_9' title="bbox 343 890 1940 964">
     <span class='ocr_line' id='line_1_9' title="bbox 343 890 1940 964; baseline -0.001 -17"><span class='ocrx_word' id='word_1_58' title='bbox 343 891 550 948; x_wconf 88' lang='lat' dir='ltr'><strong>Deinde</strong></span> <span class='ocrx_word' id='word_1_59' title='bbox 570 901 767 947; x_wconf 90' lang='lat' dir='ltr'><strong>terram</strong></span> <span class='ocrx_word' id='word_1_60' title='bbox 792 890 1052 961; x_wconf 74' lang='lat' dir='ltr'><strong>fundavit,</strong></span> <span class='ocrx_word' id='word_1_61' title='bbox 1076 907 1140 948; x_wconf 91' lang='lat' dir='ltr'><strong>ac</strong></span> <span class='ocrx_word' id='word_1_62' title='bbox 1159 893 1300 951; x_wconf 64' lang='lat' dir='ltr'><strong>caelo</strong></span> <span class='ocrx_word' id='word_1_63' title='bbox 1318 892 1573 960; x_wconf 85' lang='lat' dir='ltr'><strong>subdidit,</strong></span> <span class='ocrx_word' id='word_1_64' title='bbox 1595 908 1756 964; x_wconf 91' lang='lat' dir='ltr'><strong>qnam</strong></span> <span class='ocrx_word' id='word_1_65' title='bbox 1778 891 1940 952; x_wconf 89' lang='lat' dir='ltr'><strong>homo</strong></span> 
     </span>
    </p>
   </div>
   <div class='ocr_carea' id='block_1_10' title="bbox 343 985 1941 1058">
    <p class='ocr_par' dir='ltr' id='par_1_10' title="bbox 343 985 1941 1058">
     <span class='ocr_line' id='line_1_10' title="bbox 343 985 1941 1058; baseline -0.002 -16"><span class='ocrx_word' id='word_1_66' title='bbox 343 1001 464 1042; x_wconf 91' lang='lat' dir='ltr'><strong>cum</strong></span> <span class='ocrx_word' id='word_1_67' title='bbox 487 986 698 1042; x_wconf 67' lang='lat' dir='ltr'><strong>caeteris</strong></span> <span class='ocrx_word' id='word_1_68' title='bbox 720 986 1031 1041; x_wconf 91' lang='lat' dir='ltr'><strong>animalium</strong></span> <span class='ocrx_word' id='word_1_69' title='bbox 1052 987 1342 1058; x_wconf 80' lang='lat' dir='ltr'><strong>generibus</strong></span> <span class='ocrx_word' id='word_1_70' title='bbox 1365 987 1654 1046; x_wconf 86' lang='lat' dir='ltr'><strong>incoleret.</strong></span> <span class='ocrx_word' id='word_1_71' title='bbox 1685 985 1818 1042; x_wconf 86' lang='lat' dir='ltr'><strong>Eam</strong></span> <span class='ocrx_word' id='word_1_72' title='bbox 1847 999 1941 1039; x_wconf 84' lang='lat' dir='ltr'><strong>vo-</strong></span> 
     </span>
    </p>
   </div>
   <div class='ocr_carea' id='block_1_11' title="bbox 343 1077 1942 1148">
    <p class='ocr_par' dir='ltr' id='par_1_11' title="bbox 343 1077 1942 1148">
     <span class='ocr_line' id='line_1_11' title="bbox 343 1077 1942 1148; baseline -0.004 -10"><span class='ocrx_word' id='word_1_73' title='bbox 343 1080 442 1138; x_wconf 88' lang='lat' dir='ltr'><strong>luit</strong></span> <span class='ocrx_word' id='word_1_74' title='bbox 467 1079 694 1136; x_wconf 83' lang='lat' dir='ltr'><strong>ltumore</strong></span> <span class='ocrx_word' id='word_1_75' title='bbox 719 1079 1052 1148; x_wconf 85' lang='lat' dir='ltr'><strong>circumflui,</strong></span> <span class='ocrx_word' id='word_1_76' title='bbox 1080 1090 1136 1138; x_wconf 85' lang='lat' dir='ltr'><strong>et</strong></span> <span class='ocrx_word' id='word_1_77' title='bbox 1161 1081 1453 1146; x_wconf 75' lang='lat' dir='ltr'><strong>contineri.</strong></span> <span class='ocrx_word' id='word_1_78' title='bbox 1485 1080 1654 1138; x_wconf 91' lang='lat' dir='ltr'><strong>Suum</strong></span> <span class='ocrx_word' id='word_1_79' title='bbox 1686 1093 1815 1136; x_wconf 86' lang='lat' dir='ltr'><strong>vero</strong></span> <span class='ocrx_word' id='word_1_80' title='bbox 1845 1077 1942 1134; x_wconf 87' lang='lat' dir='ltr'><strong>ba-</strong></span> 
     </span>
    </p>
   </div>
   <div class='ocr_carea' id='block_1_12' title="bbox 343 1170 1942 1246">
    <p class='ocr_par' dir='ltr' id='par_1_12' title="bbox 343 1170 1942 1246">
     <span class='ocr_line' id='line_1_12' title="bbox 343 1170 1942 1246; baseline -0.001 -18"><span class='ocrx_word' id='word_1_81' title='bbox 343 1171 632 1230; x_wconf 86' lang='lat' dir='ltr'><strong>bitacnlum</strong></span> <span class='ocrx_word' id='word_1_82' title='bbox 660 1170 902 1226; x_wconf 84' lang='lat' dir='ltr'><strong>distinxit</strong></span> <span class='ocrx_word' id='word_1_83' title='bbox 925 1172 1088 1230; x_wconf 87' lang='lat' dir='ltr'><strong>claris</strong></span> <span class='ocrx_word' id='word_1_84' title='bbox 1109 1173 1422 1242; x_wconf 85' lang='lat' dir='ltr'><strong>luminibus,</strong></span> <span class='ocrx_word' id='word_1_85' title='bbox 1447 1181 1504 1233; x_wconf 87' lang='lat' dir='ltr'><strong>et</strong></span> <span class='ocrx_word' id='word_1_86' title='bbox 1534 1173 1798 1246; x_wconf 81' lang='lat' dir='ltr'><strong>implevit,</strong></span> <span class='ocrx_word' id='word_1_87' title='bbox 1825 1171 1942 1228; x_wconf 89' lang='lat' dir='ltr'><strong>sole</strong></span> 
     </span>
    </p>
   </div>
   <div class='ocr_carea' id='block_1_13' title="bbox 344 1263 1941 1337">
    <p class='ocr_par' dir='ltr' id='par_1_13' title="bbox 344 1263 1941 1337">
     <span class='ocr_line' id='line_1_13' title="bbox 344 1263 1941 1337; baseline -0.001 -17"><span class='ocrx_word' id='word_1_88' title='bbox 344 1264 590 1334; x_wconf 89' lang='lat' dir='ltr'><strong>scilicet,</strong></span> <span class='ocrx_word' id='word_1_89' title='bbox 625 1263 876 1334; x_wconf 86' lang='lat' dir='ltr'><strong>lunaeque</strong></span> <span class='ocrx_word' id='word_1_90' title='bbox 903 1264 1036 1324; x_wconf 89' lang='lat' dir='ltr'><strong>orbe</strong></span> <span class='ocrx_word' id='word_1_91' title='bbox 1061 1263 1322 1337; x_wconf 86' lang='lat' dir='ltr'><strong>fulgenti,</strong></span> <span class='ocrx_word' id='word_1_92' title='bbox 1351 1274 1409 1325; x_wconf 90' lang='lat' dir='ltr'><strong>et</strong></span> <span class='ocrx_word' id='word_1_93' title='bbox 1433 1275 1702 1328; x_wconf 88' lang='lat' dir='ltr'><strong>astrorum</strong></span> <span class='ocrx_word' id='word_1_94' title='bbox 1733 1264 1941 1320; x_wconf 52' lang='lat' dir='ltr'><strong>micans</strong></span> 
     </span>
    </p>
   </div>
   <div class='ocr_carea' id='block_1_14' title="bbox 345 1357 1938 1430">
    <p class='ocr_par' dir='ltr' id='par_1_14' title="bbox 345 1357 1938 1430">
     <span class='ocr_line' id='line_1_14' title="bbox 345 1357 1938 1430; baseline 0.001 -18"><span class='ocrx_word' id='word_1_95' title='bbox 345 1358 476 1413; x_wconf 91' lang='lat' dir='ltr'><strong>tium</strong></span> <span class='ocrx_word' id='word_1_96' title='bbox 504 1357 912 1430; x_wconf 89' lang='lat' dir='ltr'><strong>splendentibus</strong></span> <span class='ocrx_word' id='word_1_97' title='bbox 933 1359 1102 1430; x_wconf 88' lang='lat' dir='ltr'><strong>signis</strong></span> <span class='ocrx_word' id='word_1_98' title='bbox 1128 1358 1444 1426; x_wconf 89' lang='lat' dir='ltr'><strong>adornavit;</strong></span> <span class='ocrx_word' id='word_1_99' title='bbox 1465 1359 1715 1416; x_wconf 83' lang='lat' dir='ltr'><strong>tenebras</strong></span> <span class='ocrx_word' id='word_1_100' title='bbox 1734 1367 1938 1428; x_wconf 86' lang='lat' dir='ltr'><strong>autem,</strong></span> 
     </span>
    </p>
   </div>
   <div class='ocr_carea' id='block_1_15' title="bbox 246 1449 1944 1530">
    <p class='ocr_par' dir='ltr' id='par_1_15' title="bbox 246 1449 1944 1530">
     <span class='ocr_line' id='line_1_15' title="bbox 246 1449 1944 1530; baseline -0.001 -24"><span class='ocrx_word' id='word_1_101' title='bbox 246 1471 254 1495; x_wconf 71' lang='grc' dir='ltr'><strong>ι</strong></span> <span class='ocrx_word' id='word_1_102' title='bbox 343 1451 486 1530; x_wconf 92' lang='lat' dir='ltr'><strong>quod</strong></span> <span class='ocrx_word' id='word_1_103' title='bbox 525 1460 608 1506; x_wconf 87' lang='lat' dir='ltr'><strong>est</strong></span> <span class='ocrx_word' id='word_1_104' title='bbox 637 1451 720 1508; x_wconf 87' lang='lat' dir='ltr'><strong>his</strong></span> <span class='ocrx_word' id='word_1_105' title='bbox 753 1452 1086 1508; x_wconf 89' lang='lat' dir='ltr'><strong>contrarium</strong></span> <span class='ocrx_word' id='word_1_106' title='bbox 1107 1492 1124 1519; x_wconf 90' lang='lat'><strong>,</strong></span> <span class='ocrx_word' id='word_1_107' title='bbox 1169 1453 1450 1510; x_wconf 88' lang='lat' dir='ltr'><strong>constituit</strong></span> <span class='ocrx_word' id='word_1_108' title='bbox 1485 1455 1539 1508; x_wconf 91' lang='lat' dir='ltr'><strong>in</strong></span> <span class='ocrx_word' id='word_1_109' title='bbox 1573 1462 1716 1509; x_wconf 84' lang='lat' dir='ltr'><strong>terra</strong></span> <span class='ocrx_word' id='word_1_110' title='bbox 1745 1469 1758 1504; x_wconf 91' lang='lat'><strong>:</strong></span> <span class='ocrx_word' id='word_1_111' title='bbox 1808 1449 1944 1508; x_wconf 82' lang='lat' dir='ltr'><strong>nihil</strong></span> 
     </span>
    </p>
   </div>
   <div class='ocr_carea' id='block_1_16' title="bbox 345 1542 1940 1618">
    <p class='ocr_par' dir='ltr' id='par_1_16' title="bbox 345 1542 1940 1618">
     <span class='ocr_line' id='line_1_16' title="bbox 345 1542 1940 1618; baseline -0.001 -19"><span class='ocrx_word' id='word_1_112' title='bbox 345 1544 490 1600; x_wconf 91' lang='lat' dir='ltr'><strong>enim</strong></span> <span class='ocrx_word' id='word_1_113' title='bbox 522 1558 618 1618; x_wconf 91' lang='lat' dir='ltr'><strong>per</strong></span> <span class='ocrx_word' id='word_1_114' title='bbox 645 1558 706 1598; x_wconf 90' lang='lat' dir='ltr'><strong>se</strong></span> <span class='ocrx_word' id='word_1_115' title='bbox 731 1542 975 1600; x_wconf 88' lang='lat' dir='ltr'><strong>continet</strong></span> <span class='ocrx_word' id='word_1_116' title='bbox 1014 1543 1264 1612; x_wconf 89' lang='lat' dir='ltr'><strong>luminis,</strong></span> <span class='ocrx_word' id='word_1_117' title='bbox 1308 1545 1411 1604; x_wconf 88' lang='lat' dir='ltr'><strong>nisi</strong></span> <span class='ocrx_word' id='word_1_118' title='bbox 1453 1543 1681 1614; x_wconf 88' lang='lat' dir='ltr'><strong>accipiat</strong></span> <span class='ocrx_word' id='word_1_119' title='bbox 1709 1559 1740 1598; x_wconf 95' lang='lat' dir='ltr'><strong>a</strong></span> <span class='ocrx_word' id='word_1_120' title='bbox 1768 1544 1940 1614; x_wconf 68' lang='lat' dir='ltr'><strong>coelo,</strong></span> 
     </span>
    </p>
   </div>
   <div class='ocr_carea' id='block_1_17' title="bbox 345 1636 1944 1718">
    <p class='ocr_par' dir='ltr' id='par_1_17' title="bbox 345 1636 1944 1718">
     <span class='ocr_line' id='line_1_17' title="bbox 345 1636 1944 1718; baseline -0.001 -26"><span class='ocrx_word' id='word_1_121' title='bbox 345 1636 400 1692; x_wconf 92' lang='lat' dir='ltr'><strong>in</strong></span> <span class='ocrx_word' id='word_1_122' title='bbox 424 1651 532 1710; x_wconf 83' lang='lat' dir='ltr'><strong>quo</strong></span> <span class='ocrx_word' id='word_1_123' title='bbox 558 1639 736 1710; x_wconf 88' lang='lat' dir='ltr'><strong>posuit</strong></span> <span class='ocrx_word' id='word_1_124' title='bbox 763 1636 934 1691; x_wconf 90' lang='lat' dir='ltr'><strong>lucem</strong></span> <span class='ocrx_word' id='word_1_125' title='bbox 963 1651 1256 1706; x_wconf 87' lang='lat' dir='ltr'><strong>perennem</strong></span> <span class='ocrx_word' id='word_1_126' title='bbox 1280 1677 1294 1702; x_wconf 91' lang='lat'><strong>,</strong></span> <span class='ocrx_word' id='word_1_127' title='bbox 1324 1645 1379 1694; x_wconf 90' lang='lat' dir='ltr'><strong>et</strong></span> <span class='ocrx_word' id='word_1_128' title='bbox 1403 1651 1630 1718; x_wconf 88' lang='lat' dir='ltr'><strong>superos</strong></span> <span class='ocrx_word' id='word_1_129' title='bbox 1651 1678 1666 1704; x_wconf 91' lang='lat'><strong>,</strong></span> <span class='ocrx_word' id='word_1_130' title='bbox 1695 1645 1750 1692; x_wconf 90' lang='lat' dir='ltr'><strong>et</strong></span> <span class='ocrx_word' id='word_1_131' title='bbox 1779 1636 1944 1692; x_wconf 89' lang='lat' dir='ltr'><strong>vitam</strong></span> 
     </span>
    </p>
   </div>
   <div class='ocr_carea' id='block_1_18' title="bbox 345 1727 1938 1804">
    <p class='ocr_par' dir='ltr' id='par_1_18' title="bbox 345 1727 1938 1804">
     <span class='ocr_line' id='line_1_18' title="bbox 345 1727 1938 1804; baseline -0.001 -18"><span class='ocrx_word' id='word_1_132' title='bbox 345 1740 696 1804; x_wconf 88' lang='lat' dir='ltr'><strong>perpetuam,</strong></span> <span class='ocrx_word' id='word_1_133' title='bbox 747 1738 798 1784; x_wconf 88' lang='lat' dir='ltr'><strong>et</strong></span> <span class='ocrx_word' id='word_1_134' title='bbox 830 1739 1020 1784; x_wconf 93' lang='lat' dir='ltr'><strong>contra</strong></span> <span class='ocrx_word' id='word_1_135' title='bbox 1051 1729 1102 1788; x_wconf 89' lang='lat' dir='ltr'><strong>in</strong></span> <span class='ocrx_word' id='word_1_136' title='bbox 1133 1739 1275 1784; x_wconf 90' lang='lat' dir='ltr'><strong>terra</strong></span> <span class='ocrx_word' id='word_1_137' title='bbox 1307 1729 1588 1798; x_wconf 88' lang='lat' dir='ltr'><strong>tenebras,</strong></span> <span class='ocrx_word' id='word_1_138' title='bbox 1631 1738 1686 1788; x_wconf 88' lang='lat' dir='ltr'><strong>et</strong></span> <span class='ocrx_word' id='word_1_139' title='bbox 1713 1727 1938 1798; x_wconf 75' lang='lat' dir='ltr'><strong>inferos,</strong></span> 
     </span>
    </p>
   </div>
   <div class='ocr_carea' id='block_1_19' title="bbox 347 1819 3662 1894">
    <p class='ocr_par' dir='ltr' id='par_1_19' title="bbox 347 1819 3662 1894">
     <span class='ocr_line' id='line_1_19' title="bbox 347 1819 3662 1894; baseline -0.002 -16"><span class='ocrx_word' id='word_1_140' title='bbox 347 1831 404 1878; x_wconf 91' lang='lat' dir='ltr'><strong>et</strong></span> <span class='ocrx_word' id='word_1_141' title='bbox 430 1833 679 1878; x_wconf 90' lang='lat' dir='ltr'><strong>mortem.</strong></span> <span class='ocrx_word' id='word_1_142' title='bbox 709 1821 882 1877; x_wconf 82' lang='lat' dir='ltr'><strong>Tanto</strong></span> <span class='ocrx_word' id='word_1_143' title='bbox 909 1822 1051 1878; x_wconf 90' lang='lat' dir='ltr'><strong>enim</strong></span> <span class='ocrx_word' id='word_1_144' title='bbox 1085 1822 1197 1878; x_wconf 83' lang='lat' dir='ltr'><strong>haec</strong></span> <span class='ocrx_word' id='word_1_145' title='bbox 1227 1823 1295 1877; x_wconf 89' lang='lat' dir='ltr'><strong>ab</strong></span> <span class='ocrx_word' id='word_1_146' title='bbox 1325 1823 1428 1880; x_wconf 88' lang='lat' dir='ltr'><strong>illis</strong></span> <span class='ocrx_word' id='word_1_147' title='bbox 1455 1823 1825 1893; x_wconf 87' lang='lat' dir='ltr'><strong>superioribus</strong></span> <span class='ocrx_word' id='word_1_148' title='bbox 1849 1822 1935 1880; x_wconf 83' lang='lat' dir='ltr'><strong>di-</strong></span> <span class='ocrx_word' id='word_1_149' title='bbox 1965 1821 2015 1886; x_wconf 85' lang='grc' dir='ltr'><strong>Β</strong></span> <span class='ocrx_word' id='word_1_150' title='bbox 2041 1820 2291 1877; x_wconf 88' lang='lat' dir='ltr'><strong>occidens</strong></span> <span class='ocrx_word' id='word_1_151' title='bbox 2319 1831 2592 1884; x_wconf 77' lang='lat' dir='ltr'><strong>extremus</strong></span> <span class='ocrx_word' id='word_1_152' title='bbox 2620 1821 2856 1887; x_wconf 85' lang='lat' dir='ltr'><strong>inducit,</strong></span> <span class='ocrx_word' id='word_1_153' title='bbox 2896 1819 3016 1892; x_wconf 89' lang='lat' dir='ltr'><strong>ejus</strong></span> <span class='ocrx_word' id='word_1_154' title='bbox 3043 1819 3287 1886; x_wconf 83' lang='lat' dir='ltr'><strong>scilicet,</strong></span> <span class='ocrx_word' id='word_1_155' title='bbox 3341 1835 3512 1894; x_wconf 87' lang='lat' dir='ltr'><strong>quem</strong></span> <span class='ocrx_word' id='word_1_156' title='bbox 3567 1819 3662 1874; x_wconf 84' lang='lat' dir='ltr'><strong>Dei</strong></span> 
     </span>
    </p>
   </div>
   <div class='ocr_carea' id='block_1_20' title="bbox 349 1913 1942 1986">
    <p class='ocr_par' dir='ltr' id='par_1_20' title="bbox 349 1913 1942 1986">
     <span class='ocr_line' id='line_1_20' title="bbox 349 1913 1942 1986; baseline 0.001 -18"><span class='ocrx_word' id='word_1_157' title='bbox 349 1921 531 1982; x_wconf 81' lang='lat' dir='ltr'><strong>stant,</strong></span> <span class='ocrx_word' id='word_1_158' title='bbox 571 1925 828 1986; x_wconf 90' lang='lat' dir='ltr'><strong>quantum</strong></span> <span class='ocrx_word' id='word_1_159' title='bbox 869 1913 1007 1969; x_wconf 89' lang='lat' dir='ltr'><strong>mala</strong></span> <span class='ocrx_word' id='word_1_160' title='bbox 1033 1930 1062 1968; x_wconf 90' lang='lat' dir='ltr'><strong>a</strong></span> <span class='ocrx_word' id='word_1_161' title='bbox 1101 1915 1252 1969; x_wconf 89' lang='lat' dir='ltr'><strong>bonis</strong></span> <span class='ocrx_word' id='word_1_162' title='bbox 1280 1957 1296 1984; x_wconf 95' lang='lat'><strong>,</strong></span> <span class='ocrx_word' id='word_1_163' title='bbox 1328 1925 1384 1971; x_wconf 93' lang='lat' dir='ltr'><strong>et</strong></span> <span class='ocrx_word' id='word_1_164' title='bbox 1409 1915 1538 1970; x_wconf 90' lang='lat' dir='ltr'><strong>vitia</strong></span> <span class='ocrx_word' id='word_1_165' title='bbox 1565 1931 1592 1970; x_wconf 91' lang='lat' dir='ltr'><strong>a</strong></span> <span class='ocrx_word' id='word_1_166' title='bbox 1624 1916 1942 1975; x_wconf 84' lang='lat' dir='ltr'><strong>virtutibus.</strong></span> 
     </span>
    </p>
   </div>
   <div class='ocr_carea' id='block_1_21' title="bbox 285 2007 1941 2084">
    <p class='ocr_par' dir='ltr' id='par_1_21' title="bbox 285 2007 1941 2084">
     <span class='ocr_line' id='line_1_21' title="bbox 285 2007 1941 2084; baseline 0.001 -22"><span class='ocrx_word' id='word_1_167' title='bbox 285 2049 316 2084; x_wconf 57' lang='grc' dir='ltr'><em>ι</em></span> <span class='ocrx_word' id='word_1_168' title='bbox 351 2007 522 2082; x_wconf 86' lang='lat' dir='ltr'><strong>Ipsius</strong></span> <span class='ocrx_word' id='word_1_169' title='bbox 543 2023 758 2080; x_wconf 88' lang='lat' dir='ltr'><strong>quoque</strong></span> <span class='ocrx_word' id='word_1_170' title='bbox 787 2017 946 2063; x_wconf 68' lang='lat' dir='ltr'><strong>terrae</strong></span> <span class='ocrx_word' id='word_1_171' title='bbox 977 2007 1130 2064; x_wconf 86' lang='lat' dir='ltr'><strong>binas</strong></span> <span class='ocrx_word' id='word_1_172' title='bbox 1159 2018 1339 2079; x_wconf 86' lang='lat' dir='ltr'><strong>partes</strong></span> <span class='ocrx_word' id='word_1_173' title='bbox 1366 2009 1666 2079; x_wconf 86' lang='lat' dir='ltr'><strong>contrarias</strong></span> <span class='ocrx_word' id='word_1_174' title='bbox 1699 2010 1837 2065; x_wconf 91' lang='lat' dir='ltr'><strong>inter</strong></span> <span class='ocrx_word' id='word_1_175' title='bbox 1861 2024 1941 2082; x_wconf 83' lang='lat' dir='ltr'><strong>se,</strong></span> 
     </span>
    </p>
   </div>
   <div class='ocr_carea' id='block_1_22' title="bbox 217 2087 1946 2176">
    <p class='ocr_par' dir='ltr' id='par_1_22' title="bbox 217 2087 1946 2176">
     <span class='ocr_line' id='line_1_22' title="bbox 217 2087 1946 2176; baseline 0.001 -20"><span class='ocrx_word' id='word_1_176' title='bbox 217 2087 282 2170; x_wconf 61' lang='grc' dir='ltr'><strong>’θ’</strong></span> <span class='ocrx_word' id='word_1_177' title='bbox 347 2100 698 2176; x_wconf 74' lang='lat' dir='ltr'><strong>diversnsque</strong></span> <span class='ocrx_word' id='word_1_178' title='bbox 738 2102 1037 2169; x_wconf 86' lang='lat' dir='ltr'><strong>constituit,</strong></span> <span class='ocrx_word' id='word_1_179' title='bbox 1084 2101 1291 2158; x_wconf 88' lang='lat' dir='ltr'><strong>scilicet</strong></span> <span class='ocrx_word' id='word_1_180' title='bbox 1331 2101 1602 2160; x_wconf 85' lang='lat' dir='ltr'><strong>orientem</strong></span> <span class='ocrx_word' id='word_1_181' title='bbox 1630 2145 1645 2174; x_wconf 88' lang='lat'><strong>,</strong></span> <span class='ocrx_word' id='word_1_182' title='bbox 1691 2102 1946 2159; x_wconf 88' lang='lat' dir='ltr'><strong>occiden-</strong></span> 
     </span>
    </p>
   </div>
   <div class='ocr_carea' id='block_1_23' title="bbox 348 2193 1946 2268">
    <p class='ocr_par' dir='ltr' id='par_1_23' title="bbox 348 2193 1946 2268">
     <span class='ocr_line' id='line_1_23' title="bbox 348 2193 1946 2268; baseline 0.003 -22"><span class='ocrx_word' id='word_1_183' title='bbox 348 2203 566 2266; x_wconf 82' lang='lat' dir='ltr'><strong>temque</strong></span> <span class='ocrx_word' id='word_1_184' title='bbox 596 2211 608 2246; x_wconf 89' lang='lat'><strong>:</strong></span> <span class='ocrx_word' id='word_1_185' title='bbox 638 2209 703 2249; x_wconf 78' lang='lat' dir='ltr'><strong>ex</strong></span> <span class='ocrx_word' id='word_1_186' title='bbox 725 2193 921 2267; x_wconf 89' lang='lat' dir='ltr'><strong>quibus</strong></span> <span class='ocrx_word' id='word_1_187' title='bbox 949 2194 1128 2249; x_wconf 89' lang='lat' dir='ltr'><strong>oriens</strong></span> <span class='ocrx_word' id='word_1_188' title='bbox 1156 2195 1267 2252; x_wconf 93' lang='lat' dir='ltr'><strong>Deo</strong></span> <span class='ocrx_word' id='word_1_189' title='bbox 1305 2205 1654 2258; x_wconf 84' lang='lat' dir='ltr'><strong>accensetur;</strong></span> <span class='ocrx_word' id='word_1_190' title='bbox 1684 2194 1806 2268; x_wconf 88' lang='lat' dir='ltr'><strong>quia</strong></span> <span class='ocrx_word' id='word_1_191' title='bbox 1831 2196 1946 2266; x_wconf 89' lang='lat' dir='ltr'><strong>ipse</strong></span> 
     </span>
    </p>
   </div>
   <div class='ocr_carea' id='block_1_24' title="bbox 354 2285 1947 2360">
    <p class='ocr_par' dir='ltr' id='par_1_24' title="bbox 354 2285 1947 2360">
     <span class='ocr_line' id='line_1_24' title="bbox 354 2285 1947 2360; baseline 0.004 -19"><span class='ocrx_word' id='word_1_192' title='bbox 354 2285 576 2344; x_wconf 88' lang='lat' dir='ltr'><strong>luminis</strong></span> <span class='ocrx_word' id='word_1_193' title='bbox 601 2285 742 2354; x_wconf 85' lang='lat' dir='ltr'><strong>fons,</strong></span> <span class='ocrx_word' id='word_1_194' title='bbox 783 2296 838 2342; x_wconf 91' lang='lat' dir='ltr'><strong>et</strong></span> <span class='ocrx_word' id='word_1_195' title='bbox 867 2287 1168 2346; x_wconf 89' lang='lat' dir='ltr'><strong>illustrator</strong></span> <span class='ocrx_word' id='word_1_196' title='bbox 1194 2297 1279 2342; x_wconf 91' lang='lat' dir='ltr'><strong>est</strong></span> <span class='ocrx_word' id='word_1_197' title='bbox 1307 2302 1514 2353; x_wconf 91' lang='lat' dir='ltr'><strong>rerum,</strong></span> <span class='ocrx_word' id='word_1_198' title='bbox 1559 2298 1615 2347; x_wconf 88' lang='lat' dir='ltr'><strong>et</strong></span> <span class='ocrx_word' id='word_1_199' title='bbox 1643 2287 1786 2360; x_wconf 92' lang='lat' dir='ltr'><strong>quod</strong></span> <span class='ocrx_word' id='word_1_200' title='bbox 1814 2289 1947 2348; x_wconf 86' lang='lat' dir='ltr'><strong>oriri</strong></span> 
     </span>
    </p>
   </div>
   <div class='ocr_carea' id='block_1_25' title="bbox 357 2377 1942 2454">
    <p class='ocr_par' dir='ltr' id='par_1_25' title="bbox 357 2377 1942 2454">
     <span class='ocr_line' id='line_1_25' title="bbox 357 2377 1942 2454; baseline 0.003 -22"><span class='ocrx_word' id='word_1_201' title='bbox 357 2392 457 2433; x_wconf 89' lang='lat' dir='ltr'><strong>nos</strong></span> <span class='ocrx_word' id='word_1_202' title='bbox 494 2377 653 2433; x_wconf 84' lang='lat' dir='ltr'><strong>faciat</strong></span> <span class='ocrx_word' id='word_1_203' title='bbox 691 2377 758 2433; x_wconf 91' lang='lat' dir='ltr'><strong>ad</strong></span> <span class='ocrx_word' id='word_1_204' title='bbox 802 2380 964 2434; x_wconf 87' lang='lat' dir='ltr'><strong>vitam</strong></span> <span class='ocrx_word' id='word_1_205' title='bbox 1013 2381 1417 2454; x_wconf 64' lang='lat' dir='ltr'><strong>semmternam.</strong></span> <span class='ocrx_word' id='word_1_206' title='bbox 1469 2379 1738 2438; x_wconf 90' lang='lat' dir='ltr'><strong>Occidens</strong></span> <span class='ocrx_word' id='word_1_207' title='bbox 1764 2391 1942 2436; x_wconf 90' lang='lat' dir='ltr'><strong>autem</strong></span> 
     </span>
    </p>
   </div>
   <div class='ocr_carea' id='block_1_26' title="bbox 350 2469 1943 2546">
    <p class='ocr_par' dir='ltr' id='par_1_26' title="bbox 350 2469 1943 2546">
     <span class='ocr_line' id='line_1_26' title="bbox 350 2469 1943 2546; baseline 0.003 -22"><span class='ocrx_word' id='word_1_208' title='bbox 350 2469 683 2524; x_wconf 73' lang='lat' dir='ltr'><strong>conturbata:</strong></span> <span class='ocrx_word' id='word_1_209' title='bbox 733 2469 804 2524; x_wconf 90' lang='lat' dir='ltr'><strong>illi</strong></span> <span class='ocrx_word' id='word_1_210' title='bbox 847 2485 1132 2542; x_wconf 64' lang='lat' dir='ltr'><strong>pravisque</strong></span> <span class='ocrx_word' id='word_1_211' title='bbox 1176 2472 1340 2526; x_wconf 90' lang='lat' dir='ltr'><strong>menti</strong></span> <span class='ocrx_word' id='word_1_212' title='bbox 1385 2470 1745 2540; x_wconf 87' lang='lat' dir='ltr'><strong>adscribitur,</strong></span> <span class='ocrx_word' id='word_1_213' title='bbox 1797 2473 1943 2546; x_wconf 81' lang='lat' dir='ltr'><strong>quod</strong></span> 
     </span>
    </p>
   </div>
   <div class='ocr_carea' id='block_1_27' title="bbox 351 2561 1940 2638">
    <p class='ocr_par' dir='ltr' id='par_1_27' title="bbox 351 2561 1940 2638">
     <span class='ocr_line' id='line_1_27' title="bbox 351 2561 1940 2638; baseline 0.005 -24"><span class='ocrx_word' id='word_1_214' title='bbox 351 2561 533 2616; x_wconf 88' lang='lat' dir='ltr'><strong>lumen</strong></span> <span class='ocrx_word' id='word_1_215' title='bbox 563 2562 886 2630; x_wconf 87' lang='lat' dir='ltr'><strong>abscondat,</strong></span> <span class='ocrx_word' id='word_1_216' title='bbox 915 2564 1056 2638; x_wconf 93' lang='lat' dir='ltr'><strong>quod</strong></span> <span class='ocrx_word' id='word_1_217' title='bbox 1092 2564 1340 2618; x_wconf 88' lang='lat' dir='ltr'><strong>tenebras</strong></span> <span class='ocrx_word' id='word_1_218' title='bbox 1368 2580 1584 2638; x_wconf 88' lang='lat' dir='ltr'><strong>semper</strong></span> <span class='ocrx_word' id='word_1_219' title='bbox 1613 2566 1854 2632; x_wconf 83' lang='lat' dir='ltr'><strong>inducat,</strong></span> <span class='ocrx_word' id='word_1_220' title='bbox 1882 2575 1940 2622; x_wconf 91' lang='lat' dir='ltr'><strong>et</strong></span> 
     </span>
    </p>
   </div>
   <div class='ocr_carea' id='block_1_28' title="bbox 346 2651 1939 2728">
    <p class='ocr_par' dir='ltr' id='par_1_28' title="bbox 346 2651 1939 2728">
     <span class='ocr_line' id='line_1_28' title="bbox 346 2651 1939 2728; baseline 0.004 -21"><span class='ocrx_word' id='word_1_221' title='bbox 346 2651 488 2722; x_wconf 88' lang='lat' dir='ltr'><strong>quod</strong></span> <span class='ocrx_word' id='word_1_222' title='bbox 517 2651 761 2708; x_wconf 87' lang='lat' dir='ltr'><strong>homines</strong></span> <span class='ocrx_word' id='word_1_223' title='bbox 788 2651 950 2710; x_wconf 83' lang='lat' dir='ltr'><strong>faciat</strong></span> <span class='ocrx_word' id='word_1_224' title='bbox 975 2655 1224 2710; x_wconf 90' lang='lat' dir='ltr'><strong>occidere</strong></span> <span class='ocrx_word' id='word_1_225' title='bbox 1250 2664 1412 2728; x_wconf 91' lang='lat' dir='ltr'><strong>atque</strong></span> <span class='ocrx_word' id='word_1_226' title='bbox 1435 2657 1656 2712; x_wconf 91' lang='lat' dir='ltr'><strong>interire</strong></span> <span class='ocrx_word' id='word_1_227' title='bbox 1684 2659 1939 2728; x_wconf 84' lang='lat' dir='ltr'><strong>peccatis.</strong></span> 
     </span>
    </p>
   </div>
   <div class='ocr_carea' id='block_1_29' title="bbox 345 2743 1942 2814">
    <p class='ocr_par' dir='ltr' id='par_1_29' title="bbox 345 2743 1942 2814">
     <span class='ocr_line' id='line_1_29' title="bbox 345 2743 1942 2814; baseline 0.003 -14"><span class='ocrx_word' id='word_1_228' title='bbox 345 2743 478 2800; x_wconf 84' lang='lat' dir='ltr'><strong>Nam</strong></span> <span class='ocrx_word' id='word_1_229' title='bbox 505 2745 642 2800; x_wconf 90' lang='lat' dir='ltr'><strong>sicut</strong></span> <span class='ocrx_word' id='word_1_230' title='bbox 671 2746 760 2800; x_wconf 85' lang='lat' dir='ltr'><strong>lux</strong></span> <span class='ocrx_word' id='word_1_231' title='bbox 787 2746 1012 2800; x_wconf 85' lang='lat' dir='ltr'><strong>orientis</strong></span> <span class='ocrx_word' id='word_1_232' title='bbox 1044 2755 1127 2801; x_wconf 91' lang='lat' dir='ltr'><strong>est</strong></span> <span class='ocrx_word' id='word_1_233' title='bbox 1156 2789 1171 2814; x_wconf 91' lang='lat'><strong>,</strong></span> <span class='ocrx_word' id='word_1_234' title='bbox 1219 2747 1271 2803; x_wconf 92' lang='lat' dir='ltr'><strong>in</strong></span> <span class='ocrx_word' id='word_1_235' title='bbox 1299 2747 1418 2802; x_wconf 92' lang='lat' dir='ltr'><strong>luce</strong></span> <span class='ocrx_word' id='word_1_236' title='bbox 1447 2759 1624 2804; x_wconf 89' lang='lat' dir='ltr'><strong>autem</strong></span> <span class='ocrx_word' id='word_1_237' title='bbox 1653 2749 1776 2804; x_wconf 65' lang='lat' dir='ltr'><strong>vitae</strong></span> <span class='ocrx_word' id='word_1_238' title='bbox 1805 2749 1942 2805; x_wconf 88' lang='lat' dir='ltr'><strong>ratio</strong></span> 
     </span>
    </p>
   </div>
   <div class='ocr_carea' id='block_1_30' title="bbox 343 2837 1944 2903">
    <p class='ocr_par' dir='ltr' id='par_1_30' title="bbox 343 2837 1944 2903">
     <span class='ocr_line' id='line_1_30' title="bbox 343 2837 1944 2903; baseline 0.005 -13"><span class='ocrx_word' id='word_1_239' title='bbox 343 2845 628 2903; x_wconf 84' lang='lat' dir='ltr'><strong>versatur;</strong></span> <span class='ocrx_word' id='word_1_240' title='bbox 673 2839 749 2892; x_wconf 91' lang='lat' dir='ltr'><strong>sic</strong></span> <span class='ocrx_word' id='word_1_241' title='bbox 795 2837 1090 2894; x_wconf 78' lang='lat' dir='ltr'><strong>occidentis</strong></span> <span class='ocrx_word' id='word_1_242' title='bbox 1139 2839 1375 2895; x_wconf 68' lang='lat' dir='ltr'><strong>tenebrat</strong></span> <span class='ocrx_word' id='word_1_243' title='bbox 1402 2851 1568 2896; x_wconf 89' lang='lat' dir='ltr'><strong>sunt:</strong></span> <span class='ocrx_word' id='word_1_244' title='bbox 1602 2841 1654 2896; x_wconf 93' lang='lat' dir='ltr'><strong>in</strong></span> <span class='ocrx_word' id='word_1_245' title='bbox 1704 2842 1944 2898; x_wconf 84' lang='lat' dir='ltr'><strong>tenebris</strong></span> 
     </span>
    </p>
   </div>
   <div class='ocr_carea' id='block_1_31' title="bbox 343 2932 1942 2996">
    <p class='ocr_par' dir='ltr' id='par_1_31' title="bbox 343 2932 1942 2996">
     <span class='ocr_line' id='line_1_31' title="bbox 343 2932 1942 2996; baseline 0.004 -10"><span class='ocrx_word' id='word_1_246' title='bbox 343 2939 546 2996; x_wconf 90' lang='lat' dir='ltr'><strong>autem,</strong></span> <span class='ocrx_word' id='word_1_247' title='bbox 577 2943 632 2986; x_wconf 91' lang='lat' dir='ltr'><strong>et</strong></span> <span class='ocrx_word' id='word_1_248' title='bbox 661 2947 828 2994; x_wconf 90' lang='lat' dir='ltr'><strong>mors,</strong></span> <span class='ocrx_word' id='word_1_249' title='bbox 859 2943 914 2987; x_wconf 90' lang='lat' dir='ltr'><strong>et</strong></span> <span class='ocrx_word' id='word_1_250' title='bbox 934 2932 1184 2988; x_wconf 91' lang='lat' dir='ltr'><strong>interitus</strong></span> <span class='ocrx_word' id='word_1_251' title='bbox 1208 2934 1536 2990; x_wconf 90' lang='lat' dir='ltr'><strong>continetur.</strong></span> <span class='ocrx_word' id='word_1_252' title='bbox 1568 2935 1770 2991; x_wconf 91' lang='lat' dir='ltr'><strong>Deinde</strong></span> <span class='ocrx_word' id='word_1_253' title='bbox 1799 2937 1942 2993; x_wconf 87' lang='lat' dir='ltr'><strong>alte-</strong></span> 
     </span>
    </p>
   </div>
   <div class='ocr_carea' id='block_1_32' title="bbox 343 3023 1944 3092">
    <p class='ocr_par' dir='ltr' id='par_1_32' title="bbox 343 3023 1944 3092">
     <span class='ocr_line' id='line_1_32' title="bbox 343 3023 1944 3092; baseline 0.004 -16"><span class='ocrx_word' id='word_1_254' title='bbox 343 3037 433 3078; x_wconf 88' lang='lat' dir='ltr'><strong>ras</strong></span> <span class='ocrx_word' id='word_1_255' title='bbox 457 3033 635 3092; x_wconf 88' lang='lat' dir='ltr'><strong>partes</strong></span> <span class='ocrx_word' id='word_1_256' title='bbox 657 3023 843 3078; x_wconf 89' lang='lat' dir='ltr'><strong>eadem</strong></span> <span class='ocrx_word' id='word_1_257' title='bbox 877 3024 1081 3080; x_wconf 85' lang='lat' dir='ltr'><strong>ratione</strong></span> <span class='ocrx_word' id='word_1_258' title='bbox 1115 3024 1392 3080; x_wconf 87' lang='lat' dir='ltr'><strong>dimensus</strong></span> <span class='ocrx_word' id='word_1_259' title='bbox 1421 3037 1526 3092; x_wconf 93' lang='lat' dir='ltr'><strong>est,</strong></span> <span class='ocrx_word' id='word_1_260' title='bbox 1573 3027 1850 3082; x_wconf 89' lang='lat' dir='ltr'><strong>meridiem</strong></span> <span class='ocrx_word' id='word_1_261' title='bbox 1879 3042 1944 3084; x_wconf 86' lang='lat' dir='ltr'><strong>ac</strong></span> 
     </span>
    </p>
   </div>
   <div class='ocr_carea' id='block_1_33' title="bbox 344 3117 1942 3186">
    <p class='ocr_par' dir='ltr' id='par_1_33' title="bbox 344 3117 1942 3186">
     <span class='ocr_line' id='line_1_33' title="bbox 344 3117 1942 3186; baseline 0.005 -17"><span class='ocrx_word' id='word_1_262' title='bbox 344 3117 770 3186; x_wconf 85' lang='lat' dir='ltr'><strong>septentrionem</strong></span> <span class='ocrx_word' id='word_1_263' title='bbox 821 3135 836 3172; x_wconf 87' lang='lat'><strong>:</strong></span> <span class='ocrx_word' id='word_1_264' title='bbox 875 3132 993 3186; x_wconf 85' lang='lat' dir='ltr'><strong>quae</strong></span> <span class='ocrx_word' id='word_1_265' title='bbox 1043 3128 1223 3186; x_wconf 88' lang='lat' dir='ltr'><strong>partes</strong></span> <span class='ocrx_word' id='word_1_266' title='bbox 1268 3118 1374 3173; x_wconf 82' lang='lat' dir='ltr'><strong>illis</strong></span> <span class='ocrx_word' id='word_1_267' title='bbox 1418 3119 1628 3175; x_wconf 85' lang='lat' dir='ltr'><strong>duabus</strong></span> <span class='ocrx_word' id='word_1_268' title='bbox 1679 3121 1942 3177; x_wconf 82' lang='lat' dir='ltr'><strong>societate</strong></span> 
     </span>
    </p>
   </div>
   <div class='ocr_carea' id='block_1_34' title="bbox 2043 518 3650 592">
    <p class='ocr_par' dir='ltr' id='par_1_34' title="bbox 2043 518 3650 592">
     <span class='ocr_line' id='line_1_34' title="bbox 2043 518 3650 592; baseline 0.005 -16"><span class='ocrx_word' id='word_1_269' title='bbox 2043 521 2320 592; x_wconf 75' lang='lat' dir='ltr'><strong>proximus</strong></span> <span class='ocrx_word' id='word_1_270' title='bbox 2341 563 2356 590; x_wconf 94' lang='lat'><strong>,</strong></span> <span class='ocrx_word' id='word_1_271' title='bbox 2411 522 2491 578; x_wconf 89' lang='lat' dir='ltr'><strong>sic</strong></span> <span class='ocrx_word' id='word_1_272' title='bbox 2521 523 2780 580; x_wconf 89' lang='lat' dir='ltr'><strong>meridies</strong></span> <span class='ocrx_word' id='word_1_273' title='bbox 2807 523 3004 585; x_wconf 88' lang='lat' dir='ltr'><strong>orienti</strong></span> <span class='ocrx_word' id='word_1_274' title='bbox 3035 540 3046 574; x_wconf 90' lang='lat'>:</span> <span class='ocrx_word' id='word_1_275' title='bbox 3082 533 3139 580; x_wconf 93' lang='lat' dir='ltr'><strong>ut</strong></span> <span class='ocrx_word' id='word_1_276' title='bbox 3169 521 3336 592; x_wconf 88' lang='lat' dir='ltr'><strong>lrigus</strong></span> <span class='ocrx_word' id='word_1_277' title='bbox 3367 518 3610 586; x_wconf 84' lang='lat' dir='ltr'><strong>tenebris</strong></span> <span class='ocrx_word' id='word_1_278' title='bbox 3635 560 3650 584; x_wconf 80' lang='lat'><strong>.</strong></span> 
     </span>
    </p>
   </div>
   <div class='ocr_carea' id='block_1_35' title="bbox 2045 610 3655 684">
    <p class='ocr_par' dir='ltr' id='par_1_35' title="bbox 2045 610 3655 684">
     <span class='ocr_line' id='line_1_35' title="bbox 2045 610 3655 684; baseline 0 -19"><span class='ocrx_word' id='word_1_279' title='bbox 2045 611 2118 666; x_wconf 87' lang='lat' dir='ltr'><strong>ita</strong></span> <span class='ocrx_word' id='word_1_280' title='bbox 2145 611 2298 683; x_wconf 82' lang='lat' dir='ltr'><strong>plaga</strong></span> <span class='ocrx_word' id='word_1_281' title='bbox 2327 623 2412 670; x_wconf 90' lang='lat' dir='ltr'><strong>est</strong></span> <span class='ocrx_word' id='word_1_282' title='bbox 2437 615 2879 684; x_wconf 77' lang='lat' dir='ltr'><strong>septentrionalis</strong></span> <span class='ocrx_word' id='word_1_283' title='bbox 2907 613 3144 673; x_wconf 86' lang='lat' dir='ltr'><strong>occasui.</strong></span> <span class='ocrx_word' id='word_1_284' title='bbox 3188 610 3394 680; x_wconf 81' lang='lat' dir='ltr'><strong>Quibus</strong></span> <span class='ocrx_word' id='word_1_285' title='bbox 3420 610 3655 682; x_wconf 78' lang='lat' dir='ltr'><strong>singulis</strong></span> 
     </span>
    </p>
   </div>
   <div class='ocr_carea' id='block_1_36' title="bbox 2045 700 3652 778">
    <p class='ocr_par' dir='ltr' id='par_1_36' title="bbox 2045 700 3652 778">
     <span class='ocr_line' id='line_1_36' title="bbox 2045 700 3652 778; baseline -0.002 -20"><span class='ocrx_word' id='word_1_286' title='bbox 2045 703 2285 778; x_wconf 88' lang='lat' dir='ltr'><strong>partibus</strong></span> <span class='ocrx_word' id='word_1_287' title='bbox 2310 718 2465 761; x_wconf 88' lang='lat' dir='ltr'><strong>suum</strong></span> <span class='ocrx_word' id='word_1_288' title='bbox 2491 716 2704 778; x_wconf 87' lang='lat' dir='ltr'><strong>tempus</strong></span> <span class='ocrx_word' id='word_1_289' title='bbox 2731 705 2978 764; x_wconf 89' lang='lat' dir='ltr'><strong>attribuit</strong></span> <span class='ocrx_word' id='word_1_290' title='bbox 3003 747 3020 772; x_wconf 93' lang='lat'><strong>,</strong></span> <span class='ocrx_word' id='word_1_291' title='bbox 3067 721 3161 764; x_wconf 90' lang='lat' dir='ltr'><strong>ver</strong></span> <span class='ocrx_word' id='word_1_292' title='bbox 3183 705 3395 762; x_wconf 87' lang='lat' dir='ltr'><strong>scilicet</strong></span> <span class='ocrx_word' id='word_1_293' title='bbox 3421 700 3652 768; x_wconf 82' lang='lat' dir='ltr'><strong>orienti,</strong></span> 
     </span>
    </p>
   </div>
   <div class='ocr_carea' id='block_1_37' title="bbox 2043 797 3657 872">
    <p class='ocr_par' dir='ltr' id='par_1_37' title="bbox 2043 797 3657 872">
     <span class='ocr_line' id='line_1_37' title="bbox 2043 797 3657 872; baseline 0.001 -21"><span class='ocrx_word' id='word_1_294' title='bbox 2043 805 2283 852; x_wconf 78' lang='lat' dir='ltr'><strong>:estatem</strong></span> <span class='ocrx_word' id='word_1_295' title='bbox 2340 798 2654 856; x_wconf 59' lang='lat' dir='ltr'><strong>meridiana».</strong></span> <span class='ocrx_word' id='word_1_296' title='bbox 2716 800 2927 872; x_wconf 64' lang='lat' dir='ltr'><strong>plagae;</strong></span> <span class='ocrx_word' id='word_1_297' title='bbox 2998 797 3300 854; x_wconf 90' lang='lat' dir='ltr'><strong>occidentis</strong></span> <span class='ocrx_word' id='word_1_298' title='bbox 3351 806 3657 854; x_wconf 82' lang='lat' dir='ltr'><strong>autumnus</strong></span> 
     </span>
    </p>
   </div>
   <div class='ocr_carea' id='block_1_38' title="bbox 2044 891 3656 968">
    <p class='ocr_par' dir='ltr' id='par_1_38' title="bbox 2044 891 3656 968">
     <span class='ocr_line' id='line_1_38' title="bbox 2044 891 3656 968; baseline 0.004 -23"><span class='ocrx_word' id='word_1_299' title='bbox 2044 900 2130 946; x_wconf 86' lang='lat' dir='ltr'><strong>est</strong></span> <span class='ocrx_word' id='word_1_300' title='bbox 2147 933 2162 958; x_wconf 88' lang='lat'><strong>,</strong></span> <span class='ocrx_word' id='word_1_301' title='bbox 2188 895 2575 966; x_wconf 87' lang='lat' dir='ltr'><strong>septentrionis</strong></span> <span class='ocrx_word' id='word_1_302' title='bbox 2598 893 2812 968; x_wconf 88' lang='lat' dir='ltr'><strong>hyems.</strong></span> <span class='ocrx_word' id='word_1_303' title='bbox 2835 893 2893 952; x_wconf 89' lang='lat' dir='ltr'><strong>ln</strong></span> <span class='ocrx_word' id='word_1_304' title='bbox 2926 893 3012 951; x_wconf 87' lang='lat' dir='ltr'><strong>bis</strong></span> <span class='ocrx_word' id='word_1_305' title='bbox 3038 908 3256 966; x_wconf 88' lang='lat' dir='ltr'><strong>quoque</strong></span> <span class='ocrx_word' id='word_1_306' title='bbox 3285 891 3502 948; x_wconf 86' lang='lat' dir='ltr'><strong>duabus</strong></span> <span class='ocrx_word' id='word_1_307' title='bbox 3529 905 3656 962; x_wconf 80' lang='lat' dir='ltr'><strong>par-</strong></span> 
     </span>
    </p>
   </div>
   <div class='ocr_carea' id='block_1_39' title="bbox 2045 985 3657 1062">
    <p class='ocr_par' dir='ltr' id='par_1_39' title="bbox 2045 985 3657 1062">
     <span class='ocr_line' id='line_1_39' title="bbox 2045 985 3657 1062; baseline 0 -22"><span class='ocrx_word' id='word_1_308' title='bbox 2045 985 2186 1042; x_wconf 88' lang='lat' dir='ltr'><strong>tibus</strong></span> <span class='ocrx_word' id='word_1_309' title='bbox 2213 1029 2226 1052; x_wconf 94' lang='lat'><strong>,</strong></span> <span class='ocrx_word' id='word_1_310' title='bbox 2275 987 2572 1046; x_wconf 87' lang='lat' dir='ltr'><strong>meridiana</strong></span> <span class='ocrx_word' id='word_1_311' title='bbox 2612 998 2666 1044; x_wconf 91' lang='lat' dir='ltr'><strong>et</strong></span> <span class='ocrx_word' id='word_1_312' title='bbox 2709 988 3163 1062; x_wconf 88' lang='lat' dir='ltr'><strong>septentrionali,</strong></span> <span class='ocrx_word' id='word_1_313' title='bbox 3209 987 3380 1058; x_wconf 81' lang='lat' dir='ltr'><strong>figura</strong></span> <span class='ocrx_word' id='word_1_314' title='bbox 3429 985 3562 1040; x_wconf 63' lang='lat' dir='ltr'><strong>vita;</strong></span> <span class='ocrx_word' id='word_1_315' title='bbox 3601 994 3657 1040; x_wconf 85' lang='lat' dir='ltr'><strong>et</strong></span> 
     </span>
    </p>
   </div>
   <div class='ocr_carea' id='block_1_40' title="bbox 2045 1077 3655 1152">
    <p class='ocr_par' dir='ltr' id='par_1_40' title="bbox 2045 1077 3655 1152">
     <span class='ocr_line' id='line_1_40' title="bbox 2045 1077 3655 1152; baseline -0.002 -18"><span class='ocrx_word' id='word_1_316' title='bbox 2045 1079 2236 1135; x_wconf 88' lang='lat' dir='ltr'><strong>mortis</strong></span> <span class='ocrx_word' id='word_1_317' title='bbox 2264 1079 2574 1140; x_wconf 88' lang='lat' dir='ltr'><strong>continetur</strong></span> <span class='ocrx_word' id='word_1_318' title='bbox 2607 1105 2623 1136; x_wconf 73' lang='grc' dir='ltr'>ε</span> <span class='ocrx_word' id='word_1_319' title='bbox 2652 1081 2778 1152; x_wconf 86' lang='lat' dir='ltr'><strong>quia</strong></span> <span class='ocrx_word' id='word_1_320' title='bbox 2809 1082 2916 1136; x_wconf 87' lang='lat' dir='ltr'><strong>vita</strong></span> <span class='ocrx_word' id='word_1_321' title='bbox 2948 1079 2999 1134; x_wconf 93' lang='lat' dir='ltr'><strong>in</strong></span> <span class='ocrx_word' id='word_1_322' title='bbox 3031 1079 3215 1136; x_wconf 91' lang='lat' dir='ltr'><strong>calore</strong></span> <span class='ocrx_word' id='word_1_323' title='bbox 3250 1085 3368 1143; x_wconf 89' lang='lat' dir='ltr'><strong>est,</strong></span> <span class='ocrx_word' id='word_1_324' title='bbox 3417 1090 3572 1132; x_wconf 89' lang='lat' dir='ltr'><strong>mors</strong></span> <span class='ocrx_word' id='word_1_325' title='bbox 3603 1077 3655 1130; x_wconf 91' lang='lat' dir='ltr'><strong>in</strong></span> 
     </span>
    </p>
   </div>
   <div class='ocr_carea' id='block_1_41' title="bbox 2045 1170 3658 1246">
    <p class='ocr_par' dir='ltr' id='par_1_41' title="bbox 2045 1170 3658 1246">
     <span class='ocr_line' id='line_1_41' title="bbox 2045 1170 3658 1246; baseline 0 -18"><span class='ocrx_word' id='word_1_326' title='bbox 2045 1170 2267 1243; x_wconf 88' lang='lat' dir='ltr'><strong>frigore.</strong></span> <span class='ocrx_word' id='word_1_327' title='bbox 2306 1172 2460 1230; x_wconf 91' lang='lat' dir='ltr'><strong>Sicut</strong></span> <span class='ocrx_word' id='word_1_328' title='bbox 2489 1185 2670 1235; x_wconf 87' lang='lat' dir='ltr'><strong>autem</strong></span> <span class='ocrx_word' id='word_1_329' title='bbox 2703 1175 2854 1234; x_wconf 87' lang='lat' dir='ltr'><strong>calor</strong></span> <span class='ocrx_word' id='word_1_330' title='bbox 2878 1190 2945 1230; x_wconf 86' lang='lat' dir='ltr'><strong>ex</strong></span> <span class='ocrx_word' id='word_1_331' title='bbox 2974 1175 3094 1246; x_wconf 87' lang='lat' dir='ltr'><strong>igne</strong></span> <span class='ocrx_word' id='word_1_332' title='bbox 3125 1181 3238 1238; x_wconf 87' lang='lat' dir='ltr'><strong>est,</strong></span> <span class='ocrx_word' id='word_1_333' title='bbox 3281 1171 3356 1229; x_wconf 90' lang='lat' dir='ltr'><strong>ita</strong></span> <span class='ocrx_word' id='word_1_334' title='bbox 3385 1170 3567 1244; x_wconf 85' lang='lat' dir='ltr'><strong>frigus</strong></span> <span class='ocrx_word' id='word_1_335' title='bbox 3592 1187 3658 1228; x_wconf 80' lang='lat' dir='ltr'><strong>ex</strong></span> 
     </span>
    </p>
   </div>
   <div class='ocr_carea' id='block_1_42' title="bbox 2045 1261 3656 1338">
    <p class='ocr_par' dir='ltr' id='par_1_42' title="bbox 2045 1261 3656 1338">
     <span class='ocr_line' id='line_1_42' title="bbox 2045 1261 3656 1338; baseline -0.001 -20"><span class='ocrx_word' id='word_1_336' title='bbox 2045 1277 2206 1336; x_wconf 87' lang='lat' dir='ltr'><strong>aqua.</strong></span> <span class='ocrx_word' id='word_1_337' title='bbox 2234 1262 2541 1321; x_wconf 88' lang='lat' dir='ltr'><strong>Secundum</strong></span> <span class='ocrx_word' id='word_1_338' title='bbox 2571 1265 2761 1322; x_wconf 87' lang='lat' dir='ltr'><strong>harum</strong></span> <span class='ocrx_word' id='word_1_339' title='bbox 2787 1266 3019 1338; x_wconf 89' lang='lat' dir='ltr'><strong>partium</strong></span> <span class='ocrx_word' id='word_1_340' title='bbox 3043 1265 3469 1331; x_wconf 86' lang='lat' dir='ltr'><strong>ditnensionem,</strong></span> <span class='ocrx_word' id='word_1_341' title='bbox 3503 1261 3656 1318; x_wconf 87' lang='lat' dir='ltr'><strong>diem</strong></span> 
     </span>
    </p>
   </div>
   <div class='ocr_carea' id='block_1_43' title="bbox 2047 1355 3661 1430">
    <p class='ocr_par' dir='ltr' id='par_1_43' title="bbox 2047 1355 3661 1430">
     <span class='ocr_line' id='line_1_43' title="bbox 2047 1355 3661 1430; baseline 0.001 -20"><span class='ocrx_word' id='word_1_342' title='bbox 2047 1370 2261 1427; x_wconf 88' lang='lat' dir='ltr'><strong>quoque</strong></span> <span class='ocrx_word' id='word_1_343' title='bbox 2289 1355 2417 1412; x_wconf 90' lang='lat' dir='ltr'><strong>fecit</strong></span> <span class='ocrx_word' id='word_1_344' title='bbox 2446 1373 2509 1413; x_wconf 92' lang='lat' dir='ltr'><strong>ac</strong></span> <span class='ocrx_word' id='word_1_345' title='bbox 2537 1369 2755 1416; x_wconf 88' lang='lat' dir='ltr'><strong>noctem</strong></span> <span class='ocrx_word' id='word_1_346' title='bbox 2775 1401 2790 1426; x_wconf 95' lang='lat'><strong>,</strong></span> <span class='ocrx_word' id='word_1_347' title='bbox 2819 1374 2940 1430; x_wconf 71' lang='lat' dir='ltr'><strong>qna:</strong></span> <span class='ocrx_word' id='word_1_348' title='bbox 2971 1357 3140 1428; x_wconf 86' lang='lat' dir='ltr'><strong>spatia</strong></span> <span class='ocrx_word' id='word_1_349' title='bbox 3161 1398 3177 1424; x_wconf 88' lang='lat'><strong>,</strong></span> <span class='ocrx_word' id='word_1_350' title='bbox 3205 1363 3262 1412; x_wconf 89' lang='lat' dir='ltr'><strong>et</strong></span> <span class='ocrx_word' id='word_1_351' title='bbox 3308 1355 3471 1412; x_wconf 86' lang='lat' dir='ltr'><strong>orbes</strong></span> <span class='ocrx_word' id='word_1_352' title='bbox 3519 1364 3661 1412; x_wconf 82' lang='lat' dir='ltr'><strong>tetu-</strong></span> 
     </span>
    </p>
   </div>
   <div class='ocr_carea' id='block_1_44' title="bbox 2047 1451 3650 1522">
    <p class='ocr_par' dir='ltr' id='par_1_44' title="bbox 2047 1451 3650 1522">
     <span class='ocr_line' id='line_1_44' title="bbox 2047 1451 3650 1522; baseline -0.001 -19"><span class='ocrx_word' id='word_1_353' title='bbox 2047 1463 2239 1520; x_wconf 90' lang='lat' dir='ltr'><strong>porum</strong></span> <span class='ocrx_word' id='word_1_354' title='bbox 2266 1459 2558 1522; x_wconf 85' lang='lat' dir='ltr'><strong>perpetuos</strong></span> <span class='ocrx_word' id='word_1_355' title='bbox 2585 1466 2648 1508; x_wconf 89' lang='lat' dir='ltr'><strong>ac</strong></span> <span class='ocrx_word' id='word_1_356' title='bbox 2675 1451 2962 1520; x_wconf 80' lang='lat' dir='ltr'><strong>volubiles,</strong></span> <span class='ocrx_word' id='word_1_357' title='bbox 2996 1465 3134 1520; x_wconf 90' lang='lat' dir='ltr'><strong>quos</strong></span> <span class='ocrx_word' id='word_1_358' title='bbox 3153 1461 3417 1506; x_wconf 85' lang='lat' dir='ltr'><strong>vocamus</strong></span> <span class='ocrx_word' id='word_1_359' title='bbox 3445 1461 3650 1514; x_wconf 87' lang='lat' dir='ltr'><strong>annos,</strong></span> 
     </span>
    </p>
   </div>
   <div class='ocr_carea' id='block_1_45' title="bbox 2048 1539 3659 1614">
    <p class='ocr_par' dir='ltr' id='par_1_45' title="bbox 2048 1539 3659 1614">
     <span class='ocr_line' id='line_1_45' title="bbox 2048 1539 3659 1614; baseline -0.001 -19"><span class='ocrx_word' id='word_1_360' title='bbox 2048 1541 2255 1600; x_wconf 88' lang='lat' dir='ltr'><strong>alterna</strong></span> <span class='ocrx_word' id='word_1_361' title='bbox 2285 1557 2381 1614; x_wconf 91' lang='lat' dir='ltr'><strong>per</strong></span> <span class='ocrx_word' id='word_1_362' title='bbox 2406 1545 2552 1600; x_wconf 89' lang='lat' dir='ltr'><strong>vices</strong></span> <span class='ocrx_word' id='word_1_363' title='bbox 2577 1544 2924 1600; x_wconf 90' lang='lat' dir='ltr'><strong>successione</strong></span> <span class='ocrx_word' id='word_1_364' title='bbox 2953 1541 3268 1598; x_wconf 82' lang='lat' dir='ltr'><strong>conficiant.</strong></span> <span class='ocrx_word' id='word_1_365' title='bbox 3309 1539 3455 1610; x_wconf 89' lang='lat' dir='ltr'><strong>Dies,</strong></span> <span class='ocrx_word' id='word_1_366' title='bbox 3487 1555 3659 1610; x_wconf 83' lang='lat' dir='ltr'><strong>quem</strong></span> 
     </span>
    </p>
   </div>
   <div class='ocr_carea' id='block_1_46' title="bbox 2049 1636 3664 1708">
    <p class='ocr_par' dir='ltr' id='par_1_46' title="bbox 2049 1636 3664 1708">
     <span class='ocr_line' id='line_1_46' title="bbox 2049 1636 3664 1708; baseline -0.002 -16"><span class='ocrx_word' id='word_1_367' title='bbox 2049 1638 2254 1708; x_wconf 86' lang='lat' dir='ltr'><strong>primus</strong></span> <span class='ocrx_word' id='word_1_368' title='bbox 2287 1637 2470 1694; x_wconf 87' lang='lat' dir='ltr'><strong>oriens</strong></span> <span class='ocrx_word' id='word_1_369' title='bbox 2499 1637 2914 1704; x_wconf 89' lang='lat' dir='ltr'><strong>subministrat,</strong></span> <span class='ocrx_word' id='word_1_370' title='bbox 2954 1636 3048 1693; x_wconf 87' lang='lat' dir='ltr'><strong>Dei</strong></span> <span class='ocrx_word' id='word_1_371' title='bbox 3075 1636 3148 1691; x_wconf 91' lang='lat' dir='ltr'><strong>sit</strong></span> <span class='ocrx_word' id='word_1_372' title='bbox 3179 1648 3402 1690; x_wconf 87' lang='lat' dir='ltr'><strong>necesse</strong></span> <span class='ocrx_word' id='word_1_373' title='bbox 3427 1641 3521 1690; x_wconf 89' lang='lat' dir='ltr'><strong>est</strong></span> <span class='ocrx_word' id='word_1_374' title='bbox 3541 1674 3560 1702; x_wconf 92' lang='lat'><strong>,</strong></span> <span class='ocrx_word' id='word_1_375' title='bbox 3607 1643 3664 1688; x_wconf 90' lang='lat' dir='ltr'><strong>ut</strong></span> 
     </span>
    </p>
   </div>
   <div class='ocr_carea' id='block_1_47' title="bbox 2048 1726 3662 1802">
    <p class='ocr_par' dir='ltr' id='par_1_47' title="bbox 2048 1726 3662 1802">
     <span class='ocr_line' id='line_1_47' title="bbox 2048 1726 3662 1802; baseline -0.001 -18"><span class='ocrx_word' id='word_1_376' title='bbox 2048 1729 2228 1785; x_wconf 89' lang='lat' dir='ltr'><strong>omnia</strong></span> <span class='ocrx_word' id='word_1_377' title='bbox 2256 1744 2610 1802; x_wconf 85' lang='lat' dir='ltr'><strong>quaecumque</strong></span> <span class='ocrx_word' id='word_1_378' title='bbox 2638 1729 2866 1790; x_wconf 87' lang='lat' dir='ltr'><strong>meliora</strong></span> <span class='ocrx_word' id='word_1_379' title='bbox 2895 1738 3042 1788; x_wconf 88' lang='lat' dir='ltr'><strong>sunt.</strong></span> <span class='ocrx_word' id='word_1_380' title='bbox 3085 1726 3204 1786; x_wconf 84' lang='lat' dir='ltr'><strong>Nox</strong></span> <span class='ocrx_word' id='word_1_381' title='bbox 3233 1735 3413 1790; x_wconf 84' lang='lat' dir='ltr'><strong>autem</strong></span> <span class='ocrx_word' id='word_1_382' title='bbox 3432 1768 3447 1793; x_wconf 92' lang='lat'><strong>,</strong></span> <span class='ocrx_word' id='word_1_383' title='bbox 3487 1741 3662 1798; x_wconf 87' lang='lat' dir='ltr'><strong>quam</strong></span> 
     </span>
    </p>
   </div>
   <div class='ocr_carea' id='block_1_48' title="bbox 2045 1915 2732 1971">
    <p class='ocr_par' dir='ltr' id='par_1_48' title="bbox 2045 1915 2732 1971">
     <span class='ocr_line' id='line_1_48' title="bbox 2045 1915 2732 1971; baseline -0.001 0"><span class='ocrx_word' id='word_1_384' title='bbox 2045 1929 2167 1971; x_wconf 87' lang='lat' dir='ltr'><strong>esse</strong></span> <span class='ocrx_word' id='word_1_385' title='bbox 2195 1915 2447 1970; x_wconf 67' lang='lat' dir='ltr'><strong>aemulum</strong></span> <span class='ocrx_word' id='word_1_386' title='bbox 2474 1915 2732 1970; x_wconf 79' lang='lat' dir='ltr'><strong>diximus.</strong></span> 
     </span>
    </p>
   </div>
   <div class='ocr_carea' id='block_1_49' title="bbox 2116 2006 3660 2078">
    <p class='ocr_par' dir='ltr' id='par_1_49' title="bbox 2116 2006 3660 2078">
     <span class='ocr_line' id='line_1_49' title="bbox 2116 2006 3660 2078; baseline 0.001 -16"><span class='ocrx_word' id='word_1_387' title='bbox 2116 2006 2248 2076; x_wconf 74' lang='lat' dir='ltr'><strong>Qua:</strong></span> <span class='ocrx_word' id='word_1_388' title='bbox 2276 2007 2383 2062; x_wconf 96' lang='lat' dir='ltr'><strong>duo</strong></span> <span class='ocrx_word' id='word_1_389' title='bbox 2409 2009 2570 2064; x_wconf 90' lang='lat' dir='ltr'><strong>etiam</strong></span> <span class='ocrx_word' id='word_1_390' title='bbox 2611 2007 2668 2063; x_wconf 92' lang='lat' dir='ltr'><strong>in</strong></span> <span class='ocrx_word' id='word_1_391' title='bbox 2711 2007 2813 2064; x_wconf 88' lang='lat' dir='ltr'><strong>hoc</strong></span> <span class='ocrx_word' id='word_1_392' title='bbox 2863 2007 3124 2078; x_wconf 64' lang='lat' dir='ltr'><strong>praescius</strong></span> <span class='ocrx_word' id='word_1_393' title='bbox 3162 2006 3464 2063; x_wconf 88' lang='lat' dir='ltr'><strong>futurorum</strong></span> <span class='ocrx_word' id='word_1_394' title='bbox 3506 2007 3660 2063; x_wconf 83' lang='lat' dir='ltr'><strong>Deus</strong></span> 
     </span>
    </p>
   </div>
   <div class='ocr_carea' id='block_1_50' title="bbox 2046 2099 3666 2174">
    <p class='ocr_par' dir='ltr' id='par_1_50' title="bbox 2046 2099 3666 2174">
     <span class='ocr_line' id='line_1_50' title="bbox 2046 2099 3666 2174; baseline 0.002 -19"><span class='ocrx_word' id='word_1_395' title='bbox 2046 2100 2192 2170; x_wconf 86' lang='lat' dir='ltr'><strong>fecit,</strong></span> <span class='ocrx_word' id='word_1_396' title='bbox 2221 2109 2281 2158; x_wconf 89' lang='lat' dir='ltr'><strong>ut</strong></span> <span class='ocrx_word' id='word_1_397' title='bbox 2301 2115 2366 2162; x_wconf 81' lang='lat' dir='ltr'><strong>ex</strong></span> <span class='ocrx_word' id='word_1_398' title='bbox 2395 2099 2484 2166; x_wconf 90' lang='lat' dir='ltr'><strong>iis,</strong></span> <span class='ocrx_word' id='word_1_399' title='bbox 2525 2110 2581 2158; x_wconf 90' lang='lat' dir='ltr'><strong>et</strong></span> <span class='ocrx_word' id='word_1_400' title='bbox 2606 2115 2749 2160; x_wconf 73' lang='lat' dir='ltr'><strong>verte</strong></span> <span class='ocrx_word' id='word_1_401' title='bbox 2775 2101 3072 2173; x_wconf 85' lang='lat' dir='ltr'><strong>religionis,</strong></span> <span class='ocrx_word' id='word_1_402' title='bbox 3095 2112 3149 2158; x_wconf 92' lang='lat' dir='ltr'><strong>et</strong></span> <span class='ocrx_word' id='word_1_403' title='bbox 3173 2101 3430 2160; x_wconf 86' lang='lat' dir='ltr'><strong>falsarum</strong></span> <span class='ocrx_word' id='word_1_404' title='bbox 3459 2118 3666 2174; x_wconf 82' lang='lat' dir='ltr'><strong>super-</strong></span> 
     </span>
    </p>
   </div>
   <div class='ocr_carea' id='block_1_51' title="bbox 2045 2193 3666 2265">
    <p class='ocr_par' dir='ltr' id='par_1_51' title="bbox 2045 2193 3666 2265">
     <span class='ocr_line' id='line_1_51' title="bbox 2045 2193 3666 2265; baseline 0.001 -17"><span class='ocrx_word' id='word_1_405' title='bbox 2045 2194 2324 2248; x_wconf 87' lang='lat' dir='ltr'><strong>stitionum</strong></span> <span class='ocrx_word' id='word_1_406' title='bbox 2363 2193 2539 2264; x_wconf 85' lang='lat' dir='ltr'><strong>imago</strong></span> <span class='ocrx_word' id='word_1_407' title='bbox 2589 2193 2838 2265; x_wconf 80' lang='lat' dir='ltr'><strong>quaedam</strong></span> <span class='ocrx_word' id='word_1_408' title='bbox 2885 2193 3287 2252; x_wconf 86' lang='lat' dir='ltr'><strong>ostenderetur.</strong></span> <span class='ocrx_word' id='word_1_409' title='bbox 3331 2193 3464 2250; x_wconf 82' lang='lat' dir='ltr'><strong>Nam</strong></span> <span class='ocrx_word' id='word_1_410' title='bbox 3521 2195 3666 2250; x_wconf 87' lang='lat' dir='ltr'><strong>sicut</strong></span> 
     </span>
    </p>
   </div>
   <div class='ocr_carea' id='block_1_52' title="bbox 2045 2283 3664 2354">
    <p class='ocr_par' dir='ltr' id='par_1_52' title="bbox 2045 2283 3664 2354">
     <span class='ocr_line' id='line_1_52' title="bbox 2045 2283 3664 2354; baseline 0.001 -14"><span class='ocrx_word' id='word_1_411' title='bbox 2045 2283 2151 2348; x_wconf 87' lang='lat' dir='ltr'><strong>sol,</strong></span> <span class='ocrx_word' id='word_1_412' title='bbox 2176 2285 2268 2354; x_wconf 89' lang='lat' dir='ltr'><strong>qui</strong></span> <span class='ocrx_word' id='word_1_413' title='bbox 2312 2285 2486 2342; x_wconf 89' lang='lat' dir='ltr'><strong>oritur</strong></span> <span class='ocrx_word' id='word_1_414' title='bbox 2535 2285 2588 2340; x_wconf 90' lang='lat' dir='ltr'><strong>in</strong></span> <span class='ocrx_word' id='word_1_415' title='bbox 2615 2285 2783 2351; x_wconf 88' lang='lat' dir='ltr'><strong>diem,</strong></span> <span class='ocrx_word' id='word_1_416' title='bbox 2823 2285 2948 2346; x_wconf 78' lang='lat' dir='ltr'><strong>licet</strong></span> <span class='ocrx_word' id='word_1_417' title='bbox 2973 2286 3044 2342; x_wconf 89' lang='lat' dir='ltr'><strong>sit</strong></span> <span class='ocrx_word' id='word_1_418' title='bbox 3084 2302 3261 2354; x_wconf 84' lang='lat' dir='ltr'><strong>unus,</strong></span> <span class='ocrx_word' id='word_1_419' title='bbox 3293 2286 3434 2344; x_wconf 82' lang='lat' dir='ltr'><strong>unde</strong></span> <span class='ocrx_word' id='word_1_420' title='bbox 3480 2287 3664 2344; x_wconf 82' lang='lat' dir='ltr'><strong>solem</strong></span> 
     </span>
    </p>
   </div>
   <div class='ocr_carea' id='block_1_53' title="bbox 2046 2376 3662 2450">
    <p class='ocr_par' dir='ltr' id='par_1_53' title="bbox 2046 2376 3662 2450">
     <span class='ocr_line' id='line_1_53' title="bbox 2046 2376 3662 2450; baseline -0.001 -17"><span class='ocrx_word' id='word_1_421' title='bbox 2046 2391 2168 2433; x_wconf 80' lang='lat' dir='ltr'><strong>esse</strong></span> <span class='ocrx_word' id='word_1_422' title='bbox 2196 2377 2526 2449; x_wconf 84' lang='lat' dir='ltr'><strong>appellatum</strong></span> <span class='ocrx_word' id='word_1_423' title='bbox 2557 2376 2746 2438; x_wconf 87' lang='lat' dir='ltr'><strong>Cicero</strong></span> <span class='ocrx_word' id='word_1_424' title='bbox 2781 2378 2899 2438; x_wconf 85' lang='lat' dir='ltr'><strong>vult</strong></span> <span class='ocrx_word' id='word_1_425' title='bbox 2937 2377 3108 2438; x_wconf 84' lang='lat' dir='ltr'><strong>videri</strong></span> <span class='ocrx_word' id='word_1_426' title='bbox 3154 2377 3274 2450; x_wconf 88' lang='lat' dir='ltr'><strong>(lib.</strong></span> <span class='ocrx_word' id='word_1_427' title='bbox 3328 2395 3366 2434; x_wconf 87' lang='grc' dir='ltr'><strong>ιι</strong></span> <span class='ocrx_word' id='word_1_428' title='bbox 3407 2379 3471 2433; x_wconf 82' lang='lat' dir='ltr'><strong>de</strong></span> <span class='ocrx_word' id='word_1_429' title='bbox 3529 2376 3662 2433; x_wconf 81' lang='lat' dir='ltr'><strong>Nat.</strong></span> 
     </span>
    </p>
   </div>
   <div class='ocr_carea' id='block_1_54' title="bbox 2048 2469 3661 2542">
    <p class='ocr_par' dir='ltr' id='par_1_54' title="bbox 2048 2469 3661 2542">
     <span class='ocr_line' id='line_1_54' title="bbox 2048 2469 3661 2542; baseline -0.002 -15"><span class='ocrx_word' id='word_1_430' title='bbox 2048 2469 2310 2536; x_wconf 76' lang='lat' dir='ltr'><strong>deorum),</strong></span> <span class='ocrx_word' id='word_1_431' title='bbox 2337 2469 2482 2541; x_wconf 87' lang='lat' dir='ltr'><strong>quod</strong></span> <span class='ocrx_word' id='word_1_432' title='bbox 2510 2469 2814 2528; x_wconf 81' lang='lat' dir='ltr'><strong>obscuratis</strong></span> <span class='ocrx_word' id='word_1_433' title='bbox 2847 2469 3150 2537; x_wconf 77' lang='lat' dir='ltr'><strong>sideribus,</strong></span> <span class='ocrx_word' id='word_1_434' title='bbox 3185 2471 3335 2526; x_wconf 87' lang='lat' dir='ltr'><strong>solus</strong></span> <span class='ocrx_word' id='word_1_435' title='bbox 3371 2481 3661 2542; x_wconf 79' lang='lat' dir='ltr'><strong>appareat,</strong></span> 
     </span>
    </p>
   </div>
   <div class='ocr_carea' id='block_1_55' title="bbox 2048 2563 3664 2636">
    <p class='ocr_par' dir='ltr' id='par_1_55' title="bbox 2048 2563 3664 2636">
     <span class='ocr_line' id='line_1_55' title="bbox 2048 2563 3664 2636; baseline 0.001 -17"><span class='ocrx_word' id='word_1_436' title='bbox 2048 2575 2227 2620; x_wconf 88' lang='lat' dir='ltr'><strong>tamen</strong></span> <span class='ocrx_word' id='word_1_437' title='bbox 2274 2565 2398 2635; x_wconf 85' lang='lat' dir='ltr'><strong>quia</strong></span> <span class='ocrx_word' id='word_1_438' title='bbox 2441 2580 2628 2622; x_wconf 84' lang='lat' dir='ltr'><strong>verum</strong></span> <span class='ocrx_word' id='word_1_439' title='bbox 2673 2579 2738 2622; x_wconf 87' lang='lat' dir='ltr'><strong>ac</strong></span> <span class='ocrx_word' id='word_1_440' title='bbox 2777 2564 3028 2635; x_wconf 75' lang='lat' dir='ltr'><strong>perfectae</strong></span> <span class='ocrx_word' id='word_1_441' title='bbox 3071 2563 3421 2636; x_wconf 89' lang='lat' dir='ltr'><strong>plenitudinis</strong></span> <span class='ocrx_word' id='word_1_442' title='bbox 3470 2563 3664 2620; x_wconf 82' lang='lat' dir='ltr'><strong>lumen</strong></span> 
     </span>
    </p>
   </div>
   <div class='ocr_carea' id='block_1_56' title="bbox 2044 2657 3660 2729">
    <p class='ocr_par' dir='ltr' id='par_1_56' title="bbox 2044 2657 3660 2729">
     <span class='ocr_line' id='line_1_56' title="bbox 2044 2657 3660 2729; baseline -0.001 -14"><span class='ocrx_word' id='word_1_443' title='bbox 2044 2667 2150 2724; x_wconf 88' lang='lat' dir='ltr'><strong>est,</strong></span> <span class='ocrx_word' id='word_1_444' title='bbox 2198 2666 2255 2714; x_wconf 89' lang='lat' dir='ltr'><strong>et</strong></span> <span class='ocrx_word' id='word_1_445' title='bbox 2303 2659 2487 2714; x_wconf 88' lang='lat' dir='ltr'><strong>calore</strong></span> <span class='ocrx_word' id='word_1_446' title='bbox 2537 2658 2840 2729; x_wconf 89' lang='lat' dir='ltr'><strong>potissimo,</strong></span> <span class='ocrx_word' id='word_1_447' title='bbox 2885 2667 2940 2716; x_wconf 89' lang='lat' dir='ltr'><strong>et</strong></span> <span class='ocrx_word' id='word_1_448' title='bbox 2985 2657 3192 2729; x_wconf 76' lang='lat' dir='ltr'><strong>fulgore</strong></span> <span class='ocrx_word' id='word_1_449' title='bbox 3236 2657 3552 2714; x_wconf 84' lang='lat' dir='ltr'><strong>clarissimo</strong></span> <span class='ocrx_word' id='word_1_450' title='bbox 3597 2658 3660 2714; x_wconf 90' lang='lat' dir='ltr'><strong>il-</strong></span> 
     </span>
    </p>
   </div>
   <div class='ocr_carea' id='block_1_57' title="bbox 2046 2749 3657 2821">
    <p class='ocr_par' dir='ltr' id='par_1_57' title="bbox 2046 2749 3657 2821">
     <span class='ocr_line' id='line_1_57' title="bbox 2046 2749 3657 2821; baseline 0 -15"><span class='ocrx_word' id='word_1_451' title='bbox 2046 2750 2236 2806; x_wconf 88' lang='lat' dir='ltr'><strong>lustrat</strong></span> <span class='ocrx_word' id='word_1_452' title='bbox 2254 2750 2470 2808; x_wconf 84' lang='lat' dir='ltr'><strong>omnia:</strong></span> <span class='ocrx_word' id='word_1_453' title='bbox 2507 2751 2578 2806; x_wconf 91' lang='lat' dir='ltr'><strong>ita</strong></span> <span class='ocrx_word' id='word_1_454' title='bbox 2606 2750 2658 2810; x_wconf 91' lang='lat' dir='ltr'><strong>in</strong></span> <span class='ocrx_word' id='word_1_455' title='bbox 2685 2749 2816 2816; x_wconf 90' lang='lat' dir='ltr'><strong>Deo,</strong></span> <span class='ocrx_word' id='word_1_456' title='bbox 2846 2749 2973 2806; x_wconf 89' lang='lat' dir='ltr'><strong>licet</strong></span> <span class='ocrx_word' id='word_1_457' title='bbox 2997 2751 3066 2805; x_wconf 93' lang='lat' dir='ltr'><strong>sit</strong></span> <span class='ocrx_word' id='word_1_458' title='bbox 3083 2765 3244 2816; x_wconf 79' lang='lat' dir='ltr'><strong>unus,</strong></span> <span class='ocrx_word' id='word_1_459' title='bbox 3277 2757 3334 2806; x_wconf 87' lang='lat' dir='ltr'><strong>et</strong></span> <span class='ocrx_word' id='word_1_460' title='bbox 3358 2749 3657 2821; x_wconf 84' lang='lat' dir='ltr'><strong>majestas,</strong></span> 
     </span>
    </p>
   </div>
   <div class='ocr_carea' id='block_1_58' title="bbox 2045 2840 3657 2914">
    <p class='ocr_par' dir='ltr' id='par_1_58' title="bbox 2045 2840 3657 2914">
     <span class='ocr_line' id='line_1_58' title="bbox 2045 2840 3657 2914; baseline 0.001 -17"><span class='ocrx_word' id='word_1_461' title='bbox 2045 2850 2100 2898; x_wconf 89' lang='lat' dir='ltr'><strong>et</strong></span> <span class='ocrx_word' id='word_1_462' title='bbox 2125 2843 2314 2909; x_wconf 89' lang='lat' dir='ltr'><strong>virtus,</strong></span> <span class='ocrx_word' id='word_1_463' title='bbox 2347 2851 2400 2898; x_wconf 92' lang='lat' dir='ltr'><strong>et</strong></span> <span class='ocrx_word' id='word_1_464' title='bbox 2425 2841 2691 2898; x_wconf 78' lang='lat' dir='ltr'><strong>claritudo</strong></span> <span class='ocrx_word' id='word_1_465' title='bbox 2713 2840 2948 2910; x_wconf 84' lang='lat' dir='ltr'><strong>perfecta</strong></span> <span class='ocrx_word' id='word_1_466' title='bbox 2977 2850 3079 2898; x_wconf 81' lang='lat' dir='ltr'><strong>est.</strong></span> <span class='ocrx_word' id='word_1_467' title='bbox 3113 2841 3228 2898; x_wconf 75' lang='lat' dir='ltr'><strong>Nox</strong></span> <span class='ocrx_word' id='word_1_468' title='bbox 3256 2848 3462 2908; x_wconf 83' lang='lat' dir='ltr'><strong>autem,</strong></span> <span class='ocrx_word' id='word_1_469' title='bbox 3486 2857 3657 2914; x_wconf 79' lang='lat' dir='ltr'><strong>quam</strong></span> 
     </span>
    </p>
   </div>
   <div class='ocr_carea' id='block_1_59' title="bbox 2047 2929 3712 3008">
    <p class='ocr_par' dir='ltr' id='par_1_59' title="bbox 2047 2929 3712 3008">
     <span class='ocr_line' id='line_1_59' title="bbox 2047 2929 3712 3008; baseline 0.001 -18"><span class='ocrx_word' id='word_1_470' title='bbox 2047 2951 2212 3006; x_wconf 86' lang='lat' dir='ltr'><strong>pravo</strong></span> <span class='ocrx_word' id='word_1_471' title='bbox 2259 2935 2336 2990; x_wconf 92' lang='lat' dir='ltr'><strong>illi</strong></span> <span class='ocrx_word' id='word_1_472' title='bbox 2378 2935 2623 2994; x_wconf 85' lang='lat' dir='ltr'><strong>antitheo</strong></span> <span class='ocrx_word' id='word_1_473' title='bbox 2652 2934 2884 2992; x_wconf 83' lang='lat' dir='ltr'><strong>dicimus</strong></span> <span class='ocrx_word' id='word_1_474' title='bbox 2933 2937 3267 3003; x_wconf 83' lang='lat' dir='ltr'><strong>attributam,</strong></span> <span class='ocrx_word' id='word_1_475' title='bbox 3316 2936 3436 3007; x_wconf 88' lang='lat' dir='ltr'><strong>ejus</strong></span> <span class='ocrx_word' id='word_1_476' title='bbox 3479 2937 3657 3008; x_wconf 82' lang='lat' dir='ltr'><strong>ipsius</strong></span> <span class='ocrx_word' id='word_1_477' title='bbox 3693 2929 3712 2986; x_wconf 83' lang='lat'><strong>.&#39;</strong></span> 
     </span>
    </p>
   </div>
   <div class='ocr_carea' id='block_1_60' title="bbox 2045 3028 3654 3102">
    <p class='ocr_par' dir='ltr' id='par_1_60' title="bbox 2045 3028 3654 3102">
     <span class='ocr_line' id='line_1_60' title="bbox 2045 3028 3654 3102; baseline 0.001 -20"><span class='ocrx_word' id='word_1_478' title='bbox 2045 3029 2244 3088; x_wconf 85' lang='lat' dir='ltr'><strong>multas</strong></span> <span class='ocrx_word' id='word_1_479' title='bbox 2264 3036 2320 3087; x_wconf 88' lang='lat' dir='ltr'><strong>et</strong></span> <span class='ocrx_word' id='word_1_480' title='bbox 2345 3028 2523 3084; x_wconf 79' lang='lat' dir='ltr'><strong>varias</strong></span> <span class='ocrx_word' id='word_1_481' title='bbox 2544 3028 2836 3102; x_wconf 85' lang='lat' dir='ltr'><strong>religiones</strong></span> <span class='ocrx_word' id='word_1_482' title='bbox 2859 3045 2954 3100; x_wconf 89' lang='lat' dir='ltr'><strong>per</strong></span> <span class='ocrx_word' id='word_1_483' title='bbox 2983 3028 3393 3090; x_wconf 88' lang='lat' dir='ltr'><strong>similitudinem</strong></span> <span class='ocrx_word' id='word_1_484' title='bbox 3418 3030 3654 3088; x_wconf 82' lang='lat' dir='ltr'><strong>demon-</strong></span> 
     </span>
    </p>
   </div>
   <div class='ocr_carea' id='block_1_61' title="bbox 2044 3119 3656 3189">
    <p class='ocr_par' dir='ltr' id='par_1_61' title="bbox 2044 3119 3656 3189">
     <span class='ocr_line' id='line_1_61' title="bbox 2044 3119 3656 3189; baseline 0.002 -13"><span class='ocrx_word' id='word_1_485' title='bbox 2044 3129 2198 3178; x_wconf 84' lang='lat' dir='ltr'><strong>stral.</strong></span> <span class='ocrx_word' id='word_1_486' title='bbox 2231 3119 2488 3189; x_wconf 77' lang='lat' dir='ltr'><strong>Quamvis</strong></span> <span class='ocrx_word' id='word_1_487' title='bbox 2531 3121 2676 3177; x_wconf 89' lang='lat' dir='ltr'><strong>enim</strong></span> <span class='ocrx_word' id='word_1_488' title='bbox 2701 3120 2873 3178; x_wconf 70' lang='lat' dir='ltr'><strong>stellae</strong></span> <span class='ocrx_word' id='word_1_489' title='bbox 2903 3120 3330 3180; x_wconf 83' lang='lat' dir='ltr'><strong>innumerabiles</strong></span> <span class='ocrx_word' id='word_1_490' title='bbox 3348 3122 3566 3182; x_wconf 82' lang='lat' dir='ltr'><strong>micare</strong></span> <span class='ocrx_word' id='word_1_491' title='bbox 3597 3140 3656 3180; x_wconf 86' lang='lat' dir='ltr'><strong>ac</strong></span> 
     </span>
    </p>
   </div>
   <div class='ocr_carea' id='block_1_62' title="bbox 336 3207 3655 3284">
    <p class='ocr_par' dir='ltr' id='par_1_62' title="bbox 336 3207 3655 3284">
     <span class='ocr_line' id='line_1_62' title="bbox 336 3207 3655 3284; baseline 0.003 -23"><span class='ocrx_word' id='word_1_492' title='bbox 336 3208 652 3278; x_wconf 85' lang='lat' dir='ltr'><strong>junguntur.</strong></span> <span class='ocrx_word' id='word_1_493' title='bbox 695 3207 771 3261; x_wconf 86' lang='lat' dir='ltr'><strong>Ea</strong></span> <span class='ocrx_word' id='word_1_494' title='bbox 797 3207 964 3272; x_wconf 90' lang='lat' dir='ltr'><strong>enim,</strong></span> <span class='ocrx_word' id='word_1_495' title='bbox 993 3224 1114 3276; x_wconf 67' lang='lat' dir='ltr'><strong>quas</strong></span> <span class='ocrx_word' id='word_1_496' title='bbox 1133 3221 1210 3264; x_wconf 87' lang='lat' dir='ltr'><strong>est</strong></span> <span class='ocrx_word' id='word_1_497' title='bbox 1237 3211 1367 3265; x_wconf 83' lang='lat' dir='ltr'><strong>solis</strong></span> <span class='ocrx_word' id='word_1_498' title='bbox 1393 3211 1573 3267; x_wconf 88' lang='lat' dir='ltr'><strong>calore</strong></span> <span class='ocrx_word' id='word_1_499' title='bbox 1603 3212 1934 3280; x_wconf 81' lang='lat' dir='ltr'><strong>ﬂagrantior,</strong></span> <span class='ocrx_word' id='word_1_500' title='bbox 1963 3211 2008 3274; x_wconf 88' lang='lat' dir='ltr'>C</span> <span class='ocrx_word' id='word_1_501' title='bbox 2041 3211 2253 3271; x_wconf 89' lang='lat' dir='ltr'><strong>radiare</strong></span> <span class='ocrx_word' id='word_1_502' title='bbox 2295 3211 2610 3279; x_wconf 85' lang='lat' dir='ltr'><strong>videantur;</strong></span> <span class='ocrx_word' id='word_1_503' title='bbox 2642 3221 2858 3280; x_wconf 87' lang='lat' dir='ltr'><strong>tamen,</strong></span> <span class='ocrx_word' id='word_1_504' title='bbox 2905 3214 3029 3284; x_wconf 85' lang='lat' dir='ltr'><strong>quia</strong></span> <span class='ocrx_word' id='word_1_505' title='bbox 3074 3228 3182 3270; x_wconf 93' lang='lat' dir='ltr'><strong>non</strong></span> <span class='ocrx_word' id='word_1_506' title='bbox 3227 3223 3355 3270; x_wconf 90' lang='lat' dir='ltr'><strong>sunt</strong></span> <span class='ocrx_word' id='word_1_507' title='bbox 3383 3214 3548 3284; x_wconf 86' lang='lat' dir='ltr'><strong>plena</strong></span> <span class='ocrx_word' id='word_1_508' title='bbox 3594 3232 3655 3272; x_wconf 87' lang='lat' dir='ltr'><strong>ac</strong></span> 
     </span>
    </p>
   </div>
   <div class='ocr_carea' id='block_1_63' title="bbox 340 3297 1936 3373">
    <p class='ocr_par' dir='ltr' id='par_1_63' title="bbox 340 3297 1936 3373">
     <span class='ocr_line' id='line_1_63' title="bbox 340 3297 1936 3373; baseline 0.002 -22"><span class='ocrx_word' id='word_1_509' title='bbox 340 3299 586 3369; x_wconf 85' lang='lat' dir='ltr'><strong>proxima</strong></span> <span class='ocrx_word' id='word_1_510' title='bbox 613 3309 728 3364; x_wconf 89' lang='lat' dir='ltr'><strong>est,</strong></span> <span class='ocrx_word' id='word_1_511' title='bbox 760 3308 814 3352; x_wconf 92' lang='lat' dir='ltr'><strong>ct</strong></span> <span class='ocrx_word' id='word_1_512' title='bbox 837 3297 1079 3354; x_wconf 74' lang='lat' dir='ltr'><strong>eoltzerct</strong></span> <span class='ocrx_word' id='word_1_513' title='bbox 1105 3300 1321 3356; x_wconf 73' lang='lat' dir='ltr'><strong>orienti.</strong></span> <span class='ocrx_word' id='word_1_514' title='bbox 1348 3301 1417 3354; x_wconf 86' lang='lat' dir='ltr'><strong>At</strong></span> <span class='ocrx_word' id='word_1_515' title='bbox 1447 3301 1532 3357; x_wconf 85' lang='lat' dir='ltr'><strong>illa</strong></span> <span class='ocrx_word' id='word_1_516' title='bbox 1558 3344 1572 3368; x_wconf 92' lang='lat'><strong>,</strong></span> <span class='ocrx_word' id='word_1_517' title='bbox 1626 3318 1743 3372; x_wconf 73' lang='lat' dir='ltr'><strong>qua:</strong></span> <span class='ocrx_word' id='word_1_518' title='bbox 1774 3302 1936 3373; x_wconf 80' lang='lat' dir='ltr'><strong>frigo-</strong></span> 
     </span>
    </p>
   </div>
   <div class='ocr_carea' id='block_1_64' title="bbox 340 3390 1934 3466">
    <p class='ocr_par' dir='ltr' id='par_1_64' title="bbox 340 3390 1934 3466">
     <span class='ocr_line' id='line_1_64' title="bbox 340 3390 1934 3466; baseline 0.004 -22"><span class='ocrx_word' id='word_1_519' title='bbox 340 3390 490 3444; x_wconf 89' lang='lat' dir='ltr'><strong>ribus</strong></span> <span class='ocrx_word' id='word_1_520' title='bbox 511 3400 565 3444; x_wconf 90' lang='lat' dir='ltr'><strong>et</strong></span> <span class='ocrx_word' id='word_1_521' title='bbox 587 3399 846 3460; x_wconf 90' lang='lat' dir='ltr'><strong>perpetuo</strong></span> <span class='ocrx_word' id='word_1_522' title='bbox 871 3392 992 3460; x_wconf 89' lang='lat' dir='ltr'><strong>gelu</strong></span> <span class='ocrx_word' id='word_1_523' title='bbox 1025 3401 1204 3464; x_wconf 89' lang='lat' dir='ltr'><strong>torpet</strong></span> <span class='ocrx_word' id='word_1_524' title='bbox 1223 3433 1236 3458; x_wconf 96' lang='lat'><strong>,</strong></span> <span class='ocrx_word' id='word_1_525' title='bbox 1282 3393 1524 3464; x_wconf 89' lang='lat' dir='ltr'><strong>ejusdem</strong></span> <span class='ocrx_word' id='word_1_526' title='bbox 1550 3403 1634 3448; x_wconf 90' lang='lat' dir='ltr'><strong>est</strong></span> <span class='ocrx_word' id='word_1_527' title='bbox 1658 3397 1811 3466; x_wconf 89' lang='lat' dir='ltr'><strong>cujus</strong></span> <span class='ocrx_word' id='word_1_528' title='bbox 1838 3411 1934 3452; x_wconf 84' lang='lat' dir='ltr'><strong>ex-</strong></span> 
     </span>
    </p>
   </div>
   <div class='ocr_carea' id='block_1_65' title="bbox 339 3483 1932 3544">
    <p class='ocr_par' dir='ltr' id='par_1_65' title="bbox 339 3483 1932 3544">
     <span class='ocr_line' id='line_1_65' title="bbox 339 3483 1932 3544; baseline 0.005 -8"><span class='ocrx_word' id='word_1_529' title='bbox 339 3494 544 3538; x_wconf 88' lang='lat' dir='ltr'><strong>tretnus</strong></span> <span class='ocrx_word' id='word_1_530' title='bbox 574 3497 818 3539; x_wconf 85' lang='lat' dir='ltr'><strong>occasus.</strong></span> <span class='ocrx_word' id='word_1_531' title='bbox 849 3483 980 3538; x_wconf 83' lang='lat' dir='ltr'><strong>Nam</strong></span> <span class='ocrx_word' id='word_1_532' title='bbox 1009 3486 1148 3540; x_wconf 92' lang='lat' dir='ltr'><strong>sicut</strong></span> <span class='ocrx_word' id='word_1_533' title='bbox 1175 3487 1458 3541; x_wconf 76' lang='lat' dir='ltr'><strong>contraria:</strong></span> <span class='ocrx_word' id='word_1_534' title='bbox 1487 3497 1613 3542; x_wconf 89' lang='lat' dir='ltr'><strong>sunt</strong></span> <span class='ocrx_word' id='word_1_535' title='bbox 1639 3487 1824 3544; x_wconf 91' lang='lat' dir='ltr'><strong>lumini</strong></span> <span class='ocrx_word' id='word_1_536' title='bbox 1853 3497 1932 3544; x_wconf 90' lang='lat' dir='ltr'><strong>te-</strong></span> 
     </span>
    </p>
   </div>
   <div class='ocr_carea' id='block_1_66' title="bbox 2041 3306 3654 3379">
    <p class='ocr_par' dir='ltr' id='par_1_66' title="bbox 2041 3306 3654 3379">
     <span class='ocr_line' id='line_1_66' title="bbox 2041 3306 3654 3379; baseline 0 -15"><span class='ocrx_word' id='word_1_537' title='bbox 2041 3307 2212 3368; x_wconf 82' lang='lat' dir='ltr'><strong>solida</strong></span> <span class='ocrx_word' id='word_1_538' title='bbox 2237 3307 2460 3372; x_wconf 84' lang='lat' dir='ltr'><strong>lumina,</strong></span> <span class='ocrx_word' id='word_1_539' title='bbox 2495 3323 2596 3364; x_wconf 89' lang='lat' dir='ltr'><strong>nec</strong></span> <span class='ocrx_word' id='word_1_540' title='bbox 2639 3306 2835 3363; x_wconf 89' lang='lat' dir='ltr'><strong>caloris</strong></span> <span class='ocrx_word' id='word_1_541' title='bbox 2866 3307 3158 3378; x_wconf 75' lang='lat' dir='ltr'><strong>prteferunt</strong></span> <span class='ocrx_word' id='word_1_542' title='bbox 3197 3306 3522 3379; x_wconf 87' lang='lat' dir='ltr'><strong>quidquam,</strong></span> <span class='ocrx_word' id='word_1_543' title='bbox 3555 3325 3654 3366; x_wconf 85' lang='lat' dir='ltr'><strong>nec</strong></span> 
     </span>
    </p>
   </div>
   <div class='ocr_carea' id='block_1_67' title="bbox 2041 3399 3652 3474">
    <p class='ocr_par' dir='ltr' id='par_1_67' title="bbox 2041 3399 3652 3474">
     <span class='ocr_line' id='line_1_67' title="bbox 2041 3399 3652 3474; baseline 0.002 -20"><span class='ocrx_word' id='word_1_544' title='bbox 2041 3399 2290 3460; x_wconf 83' lang='lat' dir='ltr'><strong>tenebras</strong></span> <span class='ocrx_word' id='word_1_545' title='bbox 2343 3399 2685 3460; x_wconf 88' lang='lat' dir='ltr'><strong>multitudine</strong></span> <span class='ocrx_word' id='word_1_546' title='bbox 2735 3415 2834 3456; x_wconf 89' lang='lat' dir='ltr'><strong>sua</strong></span> <span class='ocrx_word' id='word_1_547' title='bbox 2881 3401 3120 3457; x_wconf 91' lang='lat' dir='ltr'><strong>vincunt.</strong></span> <span class='ocrx_word' id='word_1_548' title='bbox 3177 3401 3291 3458; x_wconf 79' lang='lat' dir='ltr'><strong>Duo</strong></span> <span class='ocrx_word' id='word_1_549' title='bbox 3343 3403 3512 3474; x_wconf 85' lang='lat' dir='ltr'><strong>igitur</strong></span> <span class='ocrx_word' id='word_1_550' title='bbox 3559 3404 3652 3460; x_wconf 84' lang='lat' dir='ltr'><strong>illa</strong></span> 
     </span>
    </p>
   </div>
   <div class='ocr_carea' id='block_1_68' title="bbox 2039 3493 3651 3566">
    <p class='ocr_par' dir='ltr' id='par_1_68' title="bbox 2039 3493 3651 3566">
     <span class='ocr_line' id='line_1_68' title="bbox 2039 3493 3651 3566; baseline 0.002 -18"><span class='ocrx_word' id='word_1_551' title='bbox 2039 3493 2352 3566; x_wconf 89' lang='lat' dir='ltr'><strong>principalia</strong></span> <span class='ocrx_word' id='word_1_552' title='bbox 2381 3495 2742 3561; x_wconf 84' lang='lat' dir='ltr'><strong>inveniuntur,</strong></span> <span class='ocrx_word' id='word_1_553' title='bbox 2778 3509 2898 3564; x_wconf 68' lang='lat' dir='ltr'><strong>quae</strong></span> <span class='ocrx_word' id='word_1_554' title='bbox 2923 3493 3195 3550; x_wconf 90' lang='lat' dir='ltr'><strong>diversam</strong></span> <span class='ocrx_word' id='word_1_555' title='bbox 3223 3503 3278 3550; x_wconf 88' lang='lat' dir='ltr'><strong>et</strong></span> <span class='ocrx_word' id='word_1_556' title='bbox 3311 3497 3651 3552; x_wconf 85' lang='lat' dir='ltr'><strong>contrariam</strong></span> 
     </span>
    </p>
   </div>
   <div class='ocr_carea' id='block_1_69' title="bbox 1664 3623 2293 3686">
    <p class='ocr_par' dir='ltr' id='par_1_69' title="bbox 1664 3623 2293 3686">
     <span class='ocr_line' id='line_1_69' title="bbox 1664 3623 2293 3686; baseline 0.011 -7"><span class='ocrx_word' id='word_1_557' title='bbox 1664 3623 2024 3684; x_wconf 82' lang='lat' dir='ltr'><strong>VARIORUM</strong></span> <span class='ocrx_word' id='word_1_558' title='bbox 2063 3627 2293 3686; x_wconf 70' lang='grc' dir='ltr'><strong>ΝΟΤΛΕ.</strong></span> 
     </span>
    </p>
   </div>
   <div class='ocr_carea' id='block_1_70' title="bbox 408 3732 3644 3870">
    <p class='ocr_par' dir='ltr' id='par_1_70' title="bbox 408 3732 3644 3870">
     <span class='ocr_line' id='line_1_70' title="bbox 408 3732 3644 3818; baseline 0.006 -30"><span class='ocrx_word' id='word_1_559' title='bbox 408 3732 477 3791; x_wconf 84' lang='lat' dir='ltr'><strong>Et</strong></span> <span class='ocrx_word' id='word_1_560' title='bbox 503 3734 566 3790; x_wconf 86' lang='lat' dir='ltr'><strong>de</strong></span> <span class='ocrx_word' id='word_1_561' title='bbox 583 3738 778 3808; x_wconf 80' lang='lat' dir='ltr'><strong>factore</strong></span> <span class='ocrx_word' id='word_1_562' title='bbox 797 3735 926 3804; x_wconf 81' lang='lat' dir='ltr'><strong>ejus.</strong></span> <span class='ocrx_word' id='word_1_563' title='bbox 947 3732 1213 3790; x_wconf 80' lang='lat' dir='ltr'><strong>Restituto</strong></span> <span class='ocrx_word' id='word_1_564' title='bbox 1230 3735 1543 3807; x_wconf 71' lang='lat' dir='ltr'><strong>praepositio</strong></span> <span class='ocrx_word' id='word_1_565' title='bbox 1558 3737 1622 3791; x_wconf 83' lang='lat' dir='ltr'><strong>de</strong></span> <span class='ocrx_word' id='word_1_566' title='bbox 1636 3753 1703 3792; x_wconf 84' lang='lat' dir='ltr'><strong>ex</strong></span> <span class='ocrx_word' id='word_1_567' title='bbox 1719 3741 1930 3796; x_wconf 89' lang='lat' dir='ltr'><strong>cunctis</strong></span> <span class='ocrx_word' id='word_1_568' title='bbox 2033 3757 2164 3798; x_wconf 90' lang='lat' dir='ltr'><strong>casu</strong></span> <span class='ocrx_word' id='word_1_569' title='bbox 2191 3745 2350 3800; x_wconf 87' lang='lat' dir='ltr'><strong>tertio</strong></span> <span class='ocrx_word' id='word_1_570' title='bbox 2381 3743 2716 3799; x_wconf 83' lang='lat' dir='ltr'><strong>Occidenti...</strong></span> <span class='ocrx_word' id='word_1_571' title='bbox 2744 3759 2800 3798; x_wconf 84' lang='lat' dir='ltr'><strong>se</strong></span> <span class='ocrx_word' id='word_1_572' title='bbox 2837 3745 3097 3800; x_wconf 85' lang='lat' dir='ltr'><strong>tentriom&#39;.</strong></span> <span class='ocrx_word' id='word_1_573' title='bbox 3123 3742 3180 3800; x_wconf 84' lang='lat' dir='ltr'><strong>In</strong></span> <span class='ocrx_word' id='word_1_574' title='bbox 3209 3747 3483 3818; x_wconf 86' lang='lat' dir='ltr'><strong>plerisque</strong></span> <span class='ocrx_word' id='word_1_575' title='bbox 3507 3764 3644 3807; x_wconf 85' lang='lat' dir='ltr'><strong>mss.</strong></span> 
     </span>
     <span class='ocr_line' id='line_1_71' title="bbox 408 3762 3644 3870; baseline 0.003 -10"><span class='ocrx_word' id='word_1_576' title='bbox 408 3823 472 3860; x_wconf 90' lang='lat' dir='ltr'><strong>ne</strong></span> <span class='ocrx_word' id='word_1_577' title='bbox 494 3821 624 3861; x_wconf 89' lang='lat' dir='ltr'><strong>mss.</strong></span> <span class='ocrx_word' id='word_1_578' title='bbox 652 3806 807 3859; x_wconf 67' lang='lat' dir='ltr'><strong>Deest</strong></span> <span class='ocrx_word' id='word_1_579' title='bbox 831 3805 934 3860; x_wconf 63' lang='lat' dir='ltr'><strong>ini</strong></span> <span class='ocrx_word' id='word_1_580' title='bbox 953 3821 1064 3862; x_wconf 91' lang='lat' dir='ltr'><strong>rec.</strong></span> <span class='ocrx_word' id='word_1_581' title='bbox 1084 3816 1138 3861; x_wconf 91' lang='lat' dir='ltr'><strong>et</strong></span> <span class='ocrx_word' id='word_1_582' title='bbox 1161 3808 1341 3862; x_wconf 80' lang='lat' dir='ltr'><strong>multis</strong></span> <span class='ocrx_word' id='word_1_583' title='bbox 1361 3807 1538 3863; x_wconf 86' lang='lat' dir='ltr'><strong>editis.</strong></span> <span class='ocrx_word' id='word_1_584' title='bbox 1568 3809 1644 3864; x_wconf 90' lang='lat' dir='ltr'><strong>De</strong></span> <span class='ocrx_word' id='word_1_585' title='bbox 1659 3824 1822 3870; x_wconf 74' lang='lat' dir='ltr'><strong>opere</strong></span> <span class='ocrx_word' id='word_1_586' title='bbox 1835 3826 1930 3866; x_wconf 88' lang='lat' dir='ltr'><strong>sex</strong></span> <span class='ocrx_word' id='word_1_587' title='bbox 2033 3829 2130 3870; x_wconf 85' lang='lat' dir='ltr'><strong>oro</strong></span> <span class='ocrx_word' id='word_1_588' title='bbox 2159 3817 2356 3870; x_wconf 84' lang='lat' dir='ltr'><strong>Imems.</strong></span> <span class='ocrx_word' id='word_1_589' title='bbox 2385 3825 2470 3870; x_wconf 89' lang='lat' dir='ltr'><strong>est</strong></span> <span class='ocrx_word' id='word_1_590' title='bbox 2499 3815 2772 3870; x_wconf 79' lang='lat' dir='ltr'><strong>Itubernus.</strong></span> <span class='ocrx_word' id='word_1_591' title='bbox 2800 3762 2991 3870; x_wconf 54' lang='lat' dir='ltr'><strong>iectio</strong></span> <span class='ocrx_word' id='word_1_592' title='bbox 3016 3829 3198 3870; x_wconf 89' lang='lat' dir='ltr'><strong>nostra</strong></span> <span class='ocrx_word' id='word_1_593' title='bbox 3231 3820 3454 3870; x_wconf 85' lang='lat' dir='ltr'><strong>nrnoius</strong></span> <span class='ocrx_word' id='word_1_594' title='bbox 3484 3837 3644 3870; x_wconf 68' lang='lat' dir='ltr'><strong>amn—</strong></span> 
     </span>
    </p>
   </div>
   <div class='ocr_carea' id='block_1_71' title="bbox 334 3805 3647 3890">
    <p class='ocr_par' dir='ltr' id='par_1_71' title="bbox 334 3805 3647 3890">
     <span class='ocr_line' id='line_1_72' title="bbox 334 3805 3647 3890; baseline 0.005 -30"><span class='ocrx_word' id='word_1_595' title='bbox 334 3821 472 3890; x_wconf 77' lang='lat' dir='ltr'><strong>pene</strong></span> <span class='ocrx_word' id='word_1_596' title='bbox 494 3805 807 3890; x_wconf 39' lang='lat' dir='ltr'><strong>niss.&#39;l_)ee:t</strong></span> <span class='ocrx_word' id='word_1_597' title='bbox 831 3805 1138 3890; x_wconf 54' lang='lat' dir='ltr'><strong>ini_rec.ft</strong></span> <span class='ocrx_word' id='word_1_598' title='bbox 1161 3805 1538 3890; x_wconf 59' lang='lat' dir='ltr'><strong>mtittiseditis.</strong></span> <span class='ocrx_word' id='word_1_599' title='bbox 1557 3809 1644 3890; x_wconf 75' lang='lat' dir='ltr'><strong>De</strong></span> <span class='ocrx_word' id='word_1_600' title='bbox 1659 3824 1930 3890; x_wconf 68' lang='lat' dir='ltr'><strong>operescx</strong></span> <span class='ocrx_word' id='word_1_601' title='bbox 2033 3829 2130 3890; x_wconf 81' lang='lat' dir='ltr'><strong>pro</strong></span> <span class='ocrx_word' id='word_1_602' title='bbox 2159 3817 2356 3890; x_wconf 70' lang='lat' dir='ltr'><strong>hyems,</strong></span> <span class='ocrx_word' id='word_1_603' title='bbox 2385 3825 2470 3871; x_wconf 89' lang='lat' dir='ltr'><strong>est</strong></span> <span class='ocrx_word' id='word_1_604' title='bbox 2499 3815 2772 3890; x_wconf 69' lang='lat' dir='ltr'><strong>(tybernus.</strong></span> <span class='ocrx_word' id='word_1_605' title='bbox 2800 3805 2991 3890; x_wconf 75' lang='lat' dir='ltr'><strong>Lectio</strong></span> <span class='ocrx_word' id='word_1_606' title='bbox 3016 3829 3198 3872; x_wconf 89' lang='lat' dir='ltr'><strong>nostra</strong></span> <span class='ocrx_word' id='word_1_607' title='bbox 3211 3805 3454 3890; x_wconf 61' lang='lat' dir='ltr'><strong>&#39;propiits</strong></span> <span class='ocrx_word' id='word_1_608' title='bbox 3484 3805 3647 3880; x_wconf 52' lang='lat' dir='ltr'><strong>accc;</strong></span> 
     </span>
    </p>
   </div>
   <div class='ocr_carea' id='block_1_72' title="bbox 332 3875 2932 3954">
    <p class='ocr_par' dir='ltr' id='par_1_72' title="bbox 332 3875 2932 3954">
     <span class='ocr_line' id='line_1_73' title="bbox 332 3875 2932 3954; baseline 0.004 -23"><span class='ocrx_word' id='word_1_609' title='bbox 332 3877 718 3954; x_wconf 78' lang='lat' dir='ltr'><strong>dierutn_,__vide</strong></span> <span class='ocrx_word' id='word_1_610' title='bbox 749 3877 807 3932; x_wconf 92' lang='lat' dir='ltr'><strong>S.</strong></span> <span class='ocrx_word' id='word_1_611' title='bbox 836 3875 1124 3954; x_wconf 65' lang='lat' dir='ltr'><strong>Ambr.,_S.</strong></span> <span class='ocrx_word' id='word_1_612' title='bbox 1162 3877 1436 3954; x_wconf 67' lang='lat' dir='ltr'><strong>Basilium,</strong></span> <span class='ocrx_word' id='word_1_613' title='bbox 1464 3879 1526 3954; x_wconf 60' lang='lat' dir='ltr'><strong>S.</strong></span> <span class='ocrx_word' id='word_1_614' title='bbox 1541 3875 1767 3954; x_wconf 79' lang='lat' dir='ltr'><strong>August.</strong></span> <span class='ocrx_word' id='word_1_615' title='bbox 1787 3883 1929 3936; x_wconf 84' lang='lat' dir='ltr'><strong>Con-</strong></span> <span class='ocrx_word' id='word_1_616' title='bbox 2033 3875 2111 3940; x_wconf 77' lang='lat' dir='ltr'><strong>dit</strong></span> <span class='ocrx_word' id='word_1_617' title='bbox 2136 3875 2472 3942; x_wconf 50' lang='lat' dir='ltr'><strong>advortli&#39;nem</strong></span> <span class='ocrx_word' id='word_1_618' title='bbox 2507 3875 2703 3954; x_wconf 69' lang='lat' dir='ltr'><strong>lingute</strong></span> <span class='ocrx_word' id='word_1_619' title='bbox 2728 3885 2932 3941; x_wconf 62' lang='lat' dir='ltr'><strong>latinae.</strong></span> 
     </span>
    </p>
   </div>
   <div class='ocr_carea' id='block_1_73' title="bbox 331 3947 3644 4032">
    <p class='ocr_par' dir='ltr' id='par_1_73' title="bbox 331 3947 3644 4032">
     <span class='ocr_line' id='line_1_74' title="bbox 331 3947 3644 4032; baseline 0.005 -28"><span class='ocrx_word' id='word_1_620' title='bbox 331 3947 487 4032; x_wconf 37' lang='lat' dir='ltr'><strong>fests...</strong></span> <span class='ocrx_word' id='word_1_621' title='bbox 539 3949 848 4032; x_wconf 40' lang='lat' dir='ltr'><strong>lib._x.n;_\et</strong></span> <span class='ocrx_word' id='word_1_622' title='bbox 874 3948 1203 4032; x_wconf 52' lang='lat' dir='ltr'><strong>Theodoret.</strong></span> <span class='ocrx_word' id='word_1_623' title='bbox 1238 3951 1304 4032; x_wconf 75' lang='lat' dir='ltr'><strong>de</strong></span> <span class='ocrx_word' id='word_1_624' title='bbox 1329 3947 1687 4032; x_wconf 40' lang='lat' dir='ltr'><strong>Erovidqnlib.</strong></span> <span class='ocrx_word' id='word_1_625' title='bbox 1728 3967 1745 4004; x_wconf 85' lang='lat' dir='ltr'><strong>t</strong></span> <span class='ocrx_word' id='word_1_626' title='bbox 1784 3961 1836 4032; x_wconf 77' lang='lat' dir='ltr'><strong>et</strong></span> <span class='ocrx_word' id='word_1_627' title='bbox 1864 3970 1920 4009; x_wconf 88' lang='grc' dir='ltr'>ιι.</span> <span class='ocrx_word' id='word_1_628' title='bbox 2105 3956 2235 4032; x_wconf 59' lang='lat' dir='ltr'><strong>Qua;</strong></span> <span class='ocrx_word' id='word_1_629' title='bbox 2259 3959 2445 4028; x_wconf 83' lang='lat' dir='ltr'><strong>spatia.</strong></span> <span class='ocrx_word' id='word_1_630' title='bbox 2479 3957 2569 4014; x_wconf 91' lang='lat' dir='ltr'><strong>Sic</strong></span> <span class='ocrx_word' id='word_1_631' title='bbox 2586 3947 2720 4032; x_wconf 62' lang='lat' dir='ltr'><strong>ipss.</strong></span> <span class='ocrx_word' id='word_1_632' title='bbox 2745 3957 2779 4012; x_wconf 91' lang='lat'><strong>6</strong></span> <span class='ocrx_word' id='word_1_633' title='bbox 2801 3957 2961 4032; x_wconf 75' lang='lat' dir='ltr'><strong>Re_g.,</strong></span> <span class='ocrx_word' id='word_1_634' title='bbox 2995 3959 3029 4014; x_wconf 78' lang='lat'><strong>3</strong></span> <span class='ocrx_word' id='word_1_635' title='bbox 3054 3957 3234 4026; x_wconf 89' lang='lat' dir='ltr'><strong>Colb.,</strong></span> <span class='ocrx_word' id='word_1_636' title='bbox 3283 3959 3320 4015; x_wconf 76' lang='lat'><strong>2</strong></span> <span class='ocrx_word' id='word_1_637' title='bbox 3373 3961 3558 4022; x_wconf 89' lang='lat' dir='ltr'><strong>Brun.</strong></span> <span class='ocrx_word' id='word_1_638' title='bbox 3593 3977 3644 4022; x_wconf 88' lang='lat' dir='ltr'><strong>et</strong></span> 
     </span>
    </p>
   </div>
   <div class='ocr_carea' id='block_1_74' title="bbox 403 4018 3640 4104">
    <p class='ocr_par' dir='ltr' id='par_1_74' title="bbox 403 4018 3640 4104">
     <span class='ocr_line' id='line_1_75' title="bbox 403 4018 3640 4104; baseline 0.006 -31"><span class='ocrx_word' id='word_1_639' title='bbox 403 4019 725 4104; x_wconf 49' lang='lat' dir='ltr'><strong>{fimum/lui.</strong></span> <span class='ocrx_word' id='word_1_640' title='bbox 761 4019 911 4104; x_wconf 49' lang='grc' dir='ltr'><strong>εἶδες.</strong></span> <span class='ocrx_word' id='word_1_641' title='bbox 939 4029 1020 4102; x_wconf 75' lang='grc' dir='ltr'><strong>⁹ιιι</strong></span> <span class='ocrx_word' id='word_1_642' title='bbox 1057 4019 1295 4104; x_wconf 56' lang='lat' dir='ltr'><strong>Macrob.</strong></span> <span class='ocrx_word' id='word_1_643' title='bbox 1329 4018 1520 4076; x_wconf 91' lang='lat' dir='ltr'><strong>Somn.</strong></span> <span class='ocrx_word' id='word_1_644' title='bbox 1564 4021 1710 4091; x_wconf 90' lang='lat' dir='ltr'><strong>Scip.</strong></span> <span class='ocrx_word' id='word_1_645' title='bbox 1737 4061 1751 4082; x_wconf 86' lang='lat'><strong>.</strong></span> <span class='ocrx_word' id='word_1_646' title='bbox 1784 4022 1823 4076; x_wconf 89' lang='grc' dir='ltr'>ι.</span> <span class='ocrx_word' id='word_1_647' title='bbox 1847 4039 1920 4104; x_wconf 77' lang='lat' dir='ltr'><strong>_n,</strong></span> <span class='ocrx_word' id='word_1_648' title='bbox 2030 4018 2371 4104; x_wconf 58' lang='lat' dir='ltr'><strong>antiquioies</strong></span> <span class='ocrx_word' id='word_1_649' title='bbox 2397 4044 2460 4104; x_wconf 64' lang='lat' dir='ltr'><strong>ac</strong></span> <span class='ocrx_word' id='word_1_650' title='bbox 2516 4028 2768 4104; x_wconf 80' lang='lat' dir='ltr'><strong>meliores</strong></span> <span class='ocrx_word' id='word_1_651' title='bbox 2819 4018 2960 4085; x_wconf 70' lang='lat' dir='ltr'><strong>editi</strong></span> <span class='ocrx_word' id='word_1_652' title='bbox 2999 4031 3134 4086; x_wconf 90' lang='lat' dir='ltr'><strong>bene</strong></span> <span class='ocrx_word' id='word_1_653' title='bbox 3176 4018 3352 4088; x_wconf 75' lang='lat' dir='ltr'><strong>multi.</strong></span> <span class='ocrx_word' id='word_1_654' title='bbox 3403 4018 3640 4104; x_wconf 73' lang='lat' dir='ltr'><strong>Quidam</strong></span> 
     </span>
    </p>
   </div>
   <div class='ocr_carea' id='block_1_75' title="bbox 329 4088 2616 4172">
    <p class='ocr_par' dir='ltr' id='par_1_75' title="bbox 329 4088 2616 4172">
     <span class='ocr_line' id='line_1_76' title="bbox 329 4088 2616 4172; baseline 0.004 -25"><span class='ocrx_word' id='word_1_655' title='bbox 329 4106 379 4147; x_wconf 90' lang='lat' dir='ltr'><strong>c.</strong></span> <span class='ocrx_word' id='word_1_656' title='bbox 409 4091 442 4146; x_wconf 88' lang='lat'>9</span> <span class='ocrx_word' id='word_1_657' title='bbox 460 4109 488 4172; x_wconf 51' lang='grc' dir='ltr'>ἐ</span> <span class='ocrx_word' id='word_1_658' title='bbox 512 4088 724 4172; x_wconf 61' lang='lat' dir='ltr'><strong>Omnino</strong></span> <span class='ocrx_word' id='word_1_659' title='bbox 761 4089 950 4146; x_wconf 79' lang='lat' dir='ltr'><strong>Oceani</strong></span> <span class='ocrx_word' id='word_1_660' title='bbox 997 4091 1190 4145; x_wconf 86' lang='lat' dir='ltr'><strong>ambitu</strong></span> <span class='ocrx_word' id='word_1_661' title='bbox 1227 4102 1376 4146; x_wconf 75' lang='lat' dir='ltr'><strong>terra:</strong></span> <span class='ocrx_word' id='word_1_662' title='bbox 1413 4107 1599 4162; x_wconf 81' lang='lat' dir='ltr'><strong>corpus</strong></span> <span class='ocrx_word' id='word_1_663' title='bbox 1637 4088 1786 4148; x_wconf 74' lang='lat' dir='ltr'><strong>omne</strong></span> <span class='ocrx_word' id='word_1_664' title='bbox 1812 4088 1920 4148; x_wconf 53' lang='lat' dir='ltr'><strong>ciré</strong></span> <span class='ocrx_word' id='word_1_665' title='bbox 2031 4088 2174 4172; x_wconf 49' lang='lat' dir='ltr'><strong>mss:</strong></span> <span class='ocrx_word' id='word_1_666' title='bbox 2196 4109 2251 4153; x_wconf 91' lang='lat' dir='ltr'><strong>et</strong></span> <span class='ocrx_word' id='word_1_667' title='bbox 2270 4099 2395 4154; x_wconf 84' lang='lat' dir='ltr'><strong>edd.</strong></span> <span class='ocrx_word' id='word_1_668' title='bbox 2422 4101 2474 4172; x_wconf 59' lang='grc'>7,</span> <span class='ocrx_word' id='word_1_669' title='bbox 2507 4101 2616 4172; x_wconf 75' lang='lat' dir='ltr'><strong>qui.</strong></span> 
     </span>
    </p>
   </div>
   <div class='ocr_carea' id='block_1_76' title="bbox 327 4161 3640 4245">
    <p class='ocr_par' dir='ltr' id='par_1_76' title="bbox 327 4161 3640 4245">
     <span class='ocr_line' id='line_1_77' title="bbox 327 4161 3640 4245; baseline 0.005 -28"><span class='ocrx_word' id='word_1_670' title='bbox 327 4162 569 4245; x_wconf 70' lang='lat' dir='ltr'><strong>eumflui.</strong></span> <span class='ocrx_word' id='word_1_671' title='bbox 606 4161 736 4245; x_wconf 58' lang='lat' dir='ltr'><strong>Bon.</strong></span> <span class='ocrx_word' id='word_1_672' title='bbox 958 4233 970 4245; x_wconf 82' lang='lat'>_</span> <span class='ocrx_word' id='word_1_673' title='bbox 1224 4233 1238 4245; x_wconf 40' lang='grc' dir='ltr'>ι</span> <span class='ocrx_word' id='word_1_674' title='bbox 1313 4232 1325 4244; x_wconf 81' lang='lat'><em>_</em></span> <span class='ocrx_word' id='word_1_675' title='bbox 1506 4161 1511 4162; x_wconf 22' lang='grc' dir='ltr'><em>ν</em></span> <span class='ocrx_word' id='word_1_676' title='bbox 1776 4235 1804 4245; x_wconf 50' lang='lat' dir='ltr'><strong>n</strong></span> <span class='ocrx_word' id='word_1_677' title='bbox 1889 4237 1902 4245; x_wconf 83' lang='lat'>_</span> <span class='ocrx_word' id='word_1_678' title='bbox 2098 4170 2406 4245; x_wconf 76' lang='lat' dir='ltr'><strong>conﬁcient.</strong></span> <span class='ocrx_word' id='word_1_679' title='bbox 2437 4161 2602 4228; x_wconf 74' lang='lat' dir='ltr'><strong>Go&#39;tli.</strong></span> <span class='ocrx_word' id='word_1_680' title='bbox 2634 4170 2934 4245; x_wconf 71' lang='lat' dir='ltr'><strong>Per/icium,</strong></span> <span class='ocrx_word' id='word_1_681' title='bbox 2966 4171 3094 4227; x_wconf 91' lang='lat' dir='ltr'><strong>illud</strong></span> <span class='ocrx_word' id='word_1_682' title='bbox 3127 4173 3375 4245; x_wconf 74' lang='lat' dir='ltr'><strong>prtefcro.</strong></span> <span class='ocrx_word' id='word_1_683' title='bbox 3421 4175 3458 4231; x_wconf 92' lang='lat' dir='ltr'><strong>l.</strong></span> <span class='ocrx_word' id='word_1_684' title='bbox 3521 4195 3640 4245; x_wconf 76' lang='lat' dir='ltr'><strong>vn,</strong></span> 
     </span>
    </p>
   </div>
   <div class='ocr_carea' id='block_1_77' title="bbox 399 4232 3642 4312">
    <p class='ocr_par' dir='ltr' id='par_1_77' title="bbox 399 4232 3642 4312">
     <span class='ocr_line' id='line_1_78' title="bbox 399 4232 3642 4312; baseline 0.005 -24"><span class='ocrx_word' id='word_1_685' title='bbox 399 4233 566 4288; x_wconf 86' lang='lat' dir='ltr'><strong>Suum</strong></span> <span class='ocrx_word' id='word_1_686' title='bbox 581 4232 1078 4312; x_wconf 69' lang='lat' dir='ltr'><strong>vcrohabitqeulum.</strong></span> <span class='ocrx_word' id='word_1_687' title='bbox 1103 4233 1200 4312; x_wconf 77' lang='lat' dir='ltr'><strong>llic</strong></span> <span class='ocrx_word' id='word_1_688' title='bbox 1224 4232 1504 4312; x_wconf 82' lang='lat' dir='ltr'><strong>locietlib.</strong></span> <span class='ocrx_word' id='word_1_689' title='bbox 1528 4248 1761 4312; x_wconf 82' lang='lat' dir='ltr'><strong>vn,cap._</strong></span> <span class='ocrx_word' id='word_1_690' title='bbox 1772 4235 1827 4302; x_wconf 84' lang='lat'><strong>5,</strong></span> <span class='ocrx_word' id='word_1_691' title='bbox 1855 4237 1923 4292; x_wconf 88' lang='lat' dir='ltr'><strong>ab</strong></span> <span class='ocrx_word' id='word_1_692' title='bbox 2027 4254 2078 4295; x_wconf 91' lang='lat' dir='ltr'><strong>c.</strong></span> <span class='ocrx_word' id='word_1_693' title='bbox 2125 4242 2188 4296; x_wconf 80' lang='grc'><strong>14</strong></span> <span class='ocrx_word' id='word_1_694' title='bbox 2211 4232 2234 4294; x_wconf 77' lang='grc' dir='ltr'><strong>ἐ</strong></span> <span class='ocrx_word' id='word_1_695' title='bbox 2269 4241 2459 4296; x_wconf 82' lang='lat' dir='ltr'><strong>Diebus</strong></span> <span class='ocrx_word' id='word_1_696' title='bbox 2499 4259 2590 4312; x_wconf 87' lang='lat' dir='ltr'><strong>per</strong></span> <span class='ocrx_word' id='word_1_697' title='bbox 2625 4232 2781 4296; x_wconf 74' lang='lat' dir='ltr'><strong>vit-ein</strong></span> <span class='ocrx_word' id='word_1_698' title='bbox 2812 4232 3050 4298; x_wconf 75' lang='lat' dir='ltr'><strong>revolutis</strong></span> <span class='ocrx_word' id='word_1_699' title='bbox 3086 4232 3231 4299; x_wconf 75' lang='lat' dir='ltr'><strong>orbes</strong></span> <span class='ocrx_word' id='word_1_700' title='bbox 3269 4232 3642 4306; x_wconf 66' lang='lat' dir='ltr'><strong>coniiciuntur</strong></span> 
     </span>
    </p>
   </div>
   <div class='ocr_carea' id='block_1_78' title="bbox 325 4305 3642 4391">
    <p class='ocr_par' dir='ltr' id='par_1_78' title="bbox 325 4305 3642 4391">
     <span class='ocr_line' id='line_1_79' title="bbox 325 4305 3642 4391; baseline 0.005 -33"><span class='ocrx_word' id='word_1_701' title='bbox 325 4314 546 4391; x_wconf 69' lang='lat' dir='ltr'><strong>auctore</strong></span> <span class='ocrx_word' id='word_1_702' title='bbox 570 4316 756 4362; x_wconf 86' lang='lat' dir='ltr'><strong>nostro</strong></span> <span class='ocrx_word' id='word_1_703' title='bbox 779 4306 975 4387; x_wconf 71' lang='lat' dir='ltr'><strong>etelunt</strong></span> <span class='ocrx_word' id='word_1_704' title='bbox 1007 4305 1268 4375; x_wconf 90' lang='lat' dir='ltr'><strong>accipitur</strong></span> <span class='ocrx_word' id='word_1_705' title='bbox 1287 4320 1383 4376; x_wconf 91' lang='lat' dir='ltr'><strong>pro</strong></span> <span class='ocrx_word' id='word_1_706' title='bbox 1401 4305 1920 4391; x_wconf 55' lang='lat' dir='ltr'><strong>universacaa&#39;lorum</strong></span> <span class='ocrx_word' id='word_1_707' title='bbox 2025 4327 2277 4391; x_wconf 75' lang='lat' dir='ltr'><strong>annorum</strong></span> <span class='ocrx_word' id='word_1_708' title='bbox 2301 4329 2320 4378; x_wconf 87' lang='lat'><strong><em>;</em></strong></span> <span class='ocrx_word' id='word_1_709' title='bbox 2356 4325 2415 4391; x_wconf 63' lang='lat' dir='ltr'><strong>et</strong></span> <span class='ocrx_word' id='word_1_710' title='bbox 2439 4305 2594 4382; x_wconf 76' lang='lat' dir='ltr'><strong>epit.,</strong></span> <span class='ocrx_word' id='word_1_711' title='bbox 2618 4331 2668 4369; x_wconf 90' lang='lat' dir='ltr'><strong>c.</strong></span> <span class='ocrx_word' id='word_1_712' title='bbox 2697 4314 2768 4368; x_wconf 72' lang='grc'>25</span> <span class='ocrx_word' id='word_1_713' title='bbox 2801 4333 2814 4367; x_wconf 90' lang='lat'><strong>:</strong></span> <span class='ocrx_word' id='word_1_714' title='bbox 2841 4314 2974 4371; x_wconf 90' lang='lat' dir='ltr'><strong>Ut...</strong></span> <span class='ocrx_word' id='word_1_715' title='bbox 2995 4331 3172 4370; x_wconf 77' lang='lat' dir='ltr'><strong>cursus</strong></span> <span class='ocrx_word' id='word_1_716' title='bbox 3216 4326 3266 4372; x_wconf 85' lang='lat' dir='ltr'><strong>et</strong></span> <span class='ocrx_word' id='word_1_717' title='bbox 3294 4329 3430 4372; x_wconf 78' lang='lat' dir='ltr'><strong>certa</strong></span> <span class='ocrx_word' id='word_1_718' title='bbox 3456 4305 3642 4391; x_wconf 64' lang='lat' dir='ltr'><strong>spatia</strong></span> 
     </span>
    </p>
   </div>
   <div class='ocr_carea' id='block_1_79' title="bbox 325 4376 2510 4449">
    <p class='ocr_par' dir='ltr' id='par_1_79' title="bbox 325 4376 2510 4449">
     <span class='ocr_line' id='line_1_80' title="bbox 325 4376 2510 4449; baseline 0.004 -20"><span class='ocrx_word' id='word_1_719' title='bbox 325 4377 770 4449; x_wconf 58' lang='lat' dir='ltr'><strong>mole,quatenus</strong></span> <span class='ocrx_word' id='word_1_720' title='bbox 789 4379 953 4432; x_wconf 90' lang='lat' dir='ltr'><strong>etiam</strong></span> <span class='ocrx_word' id='word_1_721' title='bbox 975 4391 1290 4449; x_wconf 80' lang='lat' dir='ltr'><strong>etnpyreum</strong></span> <span class='ocrx_word' id='word_1_722' title='bbox 1309 4376 1706 4449; x_wconf 75' lang='lat' dir='ltr'><strong>complectitur.</strong></span> <span class='ocrx_word' id='word_1_723' title='bbox 1732 4377 1916 4434; x_wconf 57' lang='lat' dir='ltr'><strong>Isaus.</strong></span> <span class='ocrx_word' id='word_1_724' title='bbox 2025 4376 2348 4449; x_wconf 74' lang='lat' dir='ltr'><strong>conﬁcerent.</strong></span> <span class='ocrx_word' id='word_1_725' title='bbox 2380 4376 2510 4439; x_wconf 72' lang='lat' dir='ltr'><strong>Buri.</strong></span> 
     </span>
    </p>
   </div>
   <div class='ocr_carea' id='block_1_80' title="bbox 399 4445 3634 4532">
    <p class='ocr_par' dir='ltr' id='par_1_80' title="bbox 399 4445 3634 4532">
     <span class='ocr_line' id='line_1_81' title="bbox 399 4445 3634 4532; baseline 0.006 -30"><span class='ocrx_word' id='word_1_726' title='bbox 399 4445 651 4532; x_wconf 55' lang='lat' dir='ltr'><strong>Tenebras</strong></span> <span class='ocrx_word' id='word_1_727' title='bbox 676 4461 868 4532; x_wconf 68' lang='lat' dir='ltr'><strong>autent,</strong></span> <span class='ocrx_word' id='word_1_728' title='bbox 899 4447 1038 4532; x_wconf 57' lang='lat' dir='ltr'><strong>quod</strong></span> <span class='ocrx_word' id='word_1_729' title='bbox 1064 4445 1136 4532; x_wconf 72' lang='lat' dir='ltr'><strong>est</strong></span> <span class='ocrx_word' id='word_1_730' title='bbox 1165 4447 1243 4532; x_wconf 69' lang='lat' dir='ltr'><strong>Itis</strong></span> <span class='ocrx_word' id='word_1_731' title='bbox 1267 4445 1600 4532; x_wconf 66' lang='lat' dir='ltr'><strong>contrarium.</strong></span> <span class='ocrx_word' id='word_1_732' title='bbox 1628 4447 1773 4502; x_wconf 89' lang='lat' dir='ltr'><strong>Nihil</strong></span> <span class='ocrx_word' id='word_1_733' title='bbox 1803 4467 1922 4507; x_wconf 88' lang='lat' dir='ltr'><strong>ntu-</strong></span> <span class='ocrx_word' id='word_1_734' title='bbox 1943 4459 1999 4519; x_wconf 88' lang='lat' dir='ltr'><strong>D</strong></span> <span class='ocrx_word' id='word_1_735' title='bbox 2098 4445 2324 4510; x_wconf 69' lang='lat' dir='ltr'><strong>inducit.</strong></span> <span class='ocrx_word' id='word_1_736' title='bbox 2375 4455 2451 4510; x_wconf 92' lang='lat' dir='ltr'><strong>lla</strong></span> <span class='ocrx_word' id='word_1_737' title='bbox 2481 4471 2668 4532; x_wconf 79' lang='lat' dir='ltr'><strong>omnes</strong></span> <span class='ocrx_word' id='word_1_738' title='bbox 2701 4454 2813 4512; x_wconf 74' lang='lat' dir='ltr'><strong>fere</strong></span> <span class='ocrx_word' id='word_1_739' title='bbox 2841 4472 2972 4532; x_wconf 73' lang='lat' dir='ltr'><strong>mss.</strong></span> <span class='ocrx_word' id='word_1_740' title='bbox 3017 4466 3074 4532; x_wconf 76' lang='lat' dir='ltr'><strong>et</strong></span> <span class='ocrx_word' id='word_1_741' title='bbox 3100 4457 3261 4532; x_wconf 68' lang='lat' dir='ltr'><strong>editi:</strong></span> <span class='ocrx_word' id='word_1_742' title='bbox 3286 4468 3367 4532; x_wconf 81' lang='lat' dir='ltr'><strong>et</strong></span> <span class='ocrx_word' id='word_1_743' title='bbox 3404 4463 3634 4532; x_wconf 85' lang='lat' dir='ltr'><strong>quidem</strong></span> 
     </span>
    </p>
   </div>
   <div class='ocr_carea' id='block_1_81' title="bbox 324 4517 3633 4596">
    <p class='ocr_par' dir='ltr' id='par_1_81' title="bbox 324 4517 3633 4596">
     <span class='ocr_line' id='line_1_82' title="bbox 324 4517 3633 4596; baseline 0.006 -26"><span class='ocrx_word' id='word_1_744' title='bbox 324 4518 541 4596; x_wconf 81' lang='lat' dir='ltr'><strong>tandum</strong></span> <span class='ocrx_word' id='word_1_745' title='bbox 570 4537 582 4570; x_wconf 91' lang='lat'>:</span> <span class='ocrx_word' id='word_1_746' title='bbox 611 4521 747 4596; x_wconf 63' lang='lat' dir='ltr'><strong>qugd</strong></span> <span class='ocrx_word' id='word_1_747' title='bbox 775 4528 846 4572; x_wconf 80' lang='lat' dir='ltr'><strong>est</strong></span> <span class='ocrx_word' id='word_1_748' title='bbox 865 4519 1152 4596; x_wconf 76' lang='lat' dir='ltr'><strong>signiﬁcat.</strong></span> <span class='ocrx_word' id='word_1_749' title='bbox 1181 4517 1234 4569; x_wconf 88' lang='lat' dir='ltr'><strong>id</strong></span> <span class='ocrx_word' id='word_1_750' title='bbox 1248 4528 1350 4596; x_wconf 61' lang='grc' dir='ltr'>εει,</span> <span class='ocrx_word' id='word_1_751' title='bbox 1375 4518 1470 4596; x_wconf 59' lang='lat' dir='ltr'><strong>hoc</strong></span> <span class='ocrx_word' id='word_1_752' title='bbox 1497 4528 1735 4596; x_wconf 68' lang='lat' dir='ltr'><strong>est,_pro_</strong></span> <span class='ocrx_word' id='word_1_753' title='bbox 1766 4538 1916 4596; x_wconf 84' lang='lat' dir='ltr'><strong>more</strong></span> <span class='ocrx_word' id='word_1_754' title='bbox 1948 4517 1983 4519; x_wconf 61' lang='lat'>_</span> <span class='ocrx_word' id='word_1_755' title='bbox 2025 4534 2172 4580; x_wconf 92' lang='lat' dir='ltr'><strong>recte</strong></span> <span class='ocrx_word' id='word_1_756' title='bbox 2197 4567 2210 4588; x_wconf 91' lang='lat'><strong>,</strong></span> <span class='ocrx_word' id='word_1_757' title='bbox 2256 4536 2314 4580; x_wconf 93' lang='lat' dir='ltr'><strong>ut</strong></span> <span class='ocrx_word' id='word_1_758' title='bbox 2340 4526 2663 4596; x_wconf 66' lang='lat' dir='ltr'><strong>respondeat</strong></span> <span class='ocrx_word' id='word_1_759' title='bbox 2702 4528 3171 4596; x_wconf 64' lang='lat' dir='ltr'><strong>praecedentibus:</strong></span> <span class='ocrx_word' id='word_1_760' title='bbox 3200 4528 3384 4586; x_wconf 82' lang='lat' dir='ltr'><strong>Oriens</strong></span> <span class='ocrx_word' id='word_1_761' title='bbox 3423 4517 3633 4590; x_wconf 53' lang='lat' dir='ltr'><strong>inbuti:</strong></span> 
     </span>
    </p>
   </div>
   <div class='ocr_carea' id='block_1_82' title="bbox 321 4587 3559 4672">
    <p class='ocr_par' dir='ltr' id='par_1_82' title="bbox 321 4587 3559 4672">
     <span class='ocr_line' id='line_1_83' title="bbox 321 4587 3559 4672; baseline -0.002 -31"><span class='ocrx_word' id='word_1_762' title='bbox 321 4590 571 4672; x_wconf 83' lang='lat' dir='ltr'><strong>aliorum,</strong></span> <span class='ocrx_word' id='word_1_763' title='bbox 593 4587 649 4672; x_wconf 80' lang='lat' dir='ltr'><strong>et</strong></span> <span class='ocrx_word' id='word_1_764' title='bbox 676 4587 960 4672; x_wconf 70' lang='lat' dir='ltr'><strong>Lactantii.</strong></span> <span class='ocrx_word' id='word_1_765' title='bbox 1062 4603 1136 4670; x_wconf 78' lang='lat' dir='ltr'><strong>vt,</strong></span> <span class='ocrx_word' id='word_1_766' title='bbox 1163 4603 1212 4642; x_wconf 90' lang='lat' dir='ltr'><strong>c.</strong></span> <span class='ocrx_word' id='word_1_767' title='bbox 1246 4587 1318 4642; x_wconf 75' lang='lat'><strong>25</strong></span> <span class='ocrx_word' id='word_1_768' title='bbox 1348 4607 1360 4642; x_wconf 94' lang='lat'>:</span> <span class='ocrx_word' id='word_1_769' title='bbox 1393 4589 1574 4644; x_wconf 83' lang='lat' dir='ltr'><strong>Divina</strong></span> <span class='ocrx_word' id='word_1_770' title='bbox 1597 4587 1680 4644; x_wconf 69' lang='lat' dir='ltr'><strong>(ea:</strong></span> <span class='ocrx_word' id='word_1_771' title='bbox 1699 4591 1829 4672; x_wconf 86' lang='lat' dir='ltr'><strong>d_uos</strong></span> <span class='ocrx_word' id='word_1_772' title='bbox 1855 4595 1913 4672; x_wconf 85' lang='lat' dir='ltr'><strong>_in</strong></span> <span class='ocrx_word' id='word_1_773' title='bbox 2021 4587 2225 4672; x_wconf 52' lang='lat' dir='ltr'><strong>nigrai.</strong></span> <span class='ocrx_word' id='word_1_774' title='bbox 2276 4599 2369 4672; x_wconf 50' lang='lat' dir='ltr'><strong>ius,</strong></span> <span class='ocrx_word' id='word_1_775' title='bbox 2417 4587 2610 4672; x_wconf 50' lang='lat'><strong>{393,</strong></span> <span class='ocrx_word' id='word_1_776' title='bbox 2640 4587 2820 4672; x_wconf 59' lang='grc' dir='ltr'><strong>κείω,</strong></span> <span class='ocrx_word' id='word_1_777' title='bbox 2846 4599 3012 4672; x_wconf 58' lang='grc' dir='ltr'><strong>Τιιγς,</strong></span> <span class='ocrx_word' id='word_1_778' title='bbox 3045 4609 3100 4656; x_wconf 70' lang='grc' dir='ltr'>οι</span> <span class='ocrx_word' id='word_1_779' title='bbox 3122 4599 3286 4668; x_wconf 44' lang='lat' dir='ltr'><strong>Gal.”</strong></span> <span class='ocrx_word' id='word_1_780' title='bbox 3318 4587 3559 4662; x_wconf 35' lang='lat' dir='ltr'><strong>indm“</strong></span> 
     </span>
    </p>
   </div>
   <div class='ocr_carea' id='block_1_83' title="bbox 319 4659 1906 4734">
    <p class='ocr_par' dir='ltr' id='par_1_83' title="bbox 319 4659 1906 4734">
     <span class='ocr_line' id='line_1_84' title="bbox 319 4659 1906 4734; baseline 0.001 -20"><span class='ocrx_word' id='word_1_781' title='bbox 319 4663 724 4734; x_wconf 50' lang='lat' dir='ltr'><strong>matrimonium,</strong></span> <span class='ocrx_word' id='word_1_782' title='bbox 767 4659 1044 4734; x_wconf 76' lang='lat' dir='ltr'><strong>quodest,</strong></span> <span class='ocrx_word' id='word_1_783' title='bbox 1069 4659 1121 4711; x_wconf 89' lang='lat' dir='ltr'><strong>in</strong></span> <span class='ocrx_word' id='word_1_784' title='bbox 1148 4675 1332 4726; x_wconf 86' lang='lat' dir='ltr'><strong>corpus</strong></span> <span class='ocrx_word' id='word_1_785' title='bbox 1361 4677 1563 4714; x_wconf 66' lang='lat' dir='ltr'><strong>unum.</strong></span> <span class='ocrx_word' id='word_1_786' title='bbox 1582 4665 1906 4734; x_wconf 71' lang='lat' dir='ltr'><strong>.coniungit.</strong></span> 
     </span>
    </p>
   </div>
   <div class='ocr_carea' id='block_1_84' title="bbox 317 4729 1908 4806">
    <p class='ocr_par' dir='ltr' id='par_1_84' title="bbox 317 4729 1908 4806">
     <span class='ocr_line' id='line_1_85' title="bbox 317 4729 1908 4806; baseline 0.003 -22"><span class='ocrx_word' id='word_1_787' title='bbox 317 4729 460 4806; x_wconf 51' lang='lat' dir='ltr'><strong>Epit:</strong></span> <span class='ocrx_word' id='word_1_788' title='bbox 489 4732 653 4806; x_wconf 81' lang='lat' dir='ltr'><strong>Taur.</strong></span> <span class='ocrx_word' id='word_1_789' title='bbox 680 4746 741 4806; x_wconf 58' lang='grc' dir='ltr'><strong>ς.</strong></span> <span class='ocrx_word' id='word_1_790' title='bbox 773 4732 860 4785; x_wconf 74' lang='grc'><strong>15.</strong></span> <span class='ocrx_word' id='word_1_791' title='bbox 891 4739 1030 4783; x_wconf 88' lang='lat' dir='ltr'><strong>extr.</strong></span> <span class='ocrx_word' id='word_1_792' title='bbox 1062 4739 1175 4787; x_wconf 77' lang='lat' dir='ltr'><strong>ZAN</strong></span> <span class='ocrx_word' id='word_1_793' title='bbox 1197 4743 1448 4799; x_wconf 76' lang='lat' dir='ltr'><strong>KPONOT,</strong></span> <span class='ocrx_word' id='word_1_794' title='bbox 1477 4733 1620 4803; x_wconf 91' lang='lat' dir='ltr'><strong>quod</strong></span> <span class='ocrx_word' id='word_1_795' title='bbox 1650 4745 1731 4788; x_wconf 90' lang='lat' dir='ltr'><strong>est</strong></span> <span class='ocrx_word' id='word_1_796' title='bbox 1757 4729 1908 4806; x_wconf 78' lang='lat' dir='ltr'><strong>Jupi-</strong></span> 
     </span>
    </p>
   </div>
   <div class='ocr_carea' id='block_1_85' title="bbox 315 4802 811 4859">
    <p class='ocr_par' dir='ltr' id='par_1_85' title="bbox 315 4802 811 4859">
     <span class='ocr_line' id='line_1_86' title="bbox 315 4802 811 4859; baseline -0.002 -5"><span class='ocrx_word' id='word_1_797' title='bbox 315 4811 389 4856; x_wconf 86' lang='lat' dir='ltr'><strong>ter</strong></span> <span class='ocrx_word' id='word_1_798' title='bbox 420 4803 656 4859; x_wconf 81' lang='lat' dir='ltr'><strong>Saturni.</strong></span> <span class='ocrx_word' id='word_1_799' title='bbox 680 4802 811 4856; x_wconf 77' lang='lat' dir='ltr'><strong>Buri.</strong></span> 
     </span>
    </p>
   </div>
   <div class='ocr_carea' id='block_1_86' title="bbox 388 4872 1904 4946">
    <p class='ocr_par' dir='ltr' id='par_1_86' title="bbox 388 4872 1904 4946">
     <span class='ocr_line' id='line_1_87' title="bbox 388 4872 1904 4946; baseline 0.003 -18"><span class='ocrx_word' id='word_1_800' title='bbox 388 4875 574 4928; x_wconf 79' lang='lat' dir='ltr'><strong>Oriens</strong></span> <span class='ocrx_word' id='word_1_801' title='bbox 598 4872 708 4946; x_wconf 82' lang='lat' dir='ltr'><strong>Deo</strong></span> <span class='ocrx_word' id='word_1_802' title='bbox 726 4881 1038 4946; x_wconf 68' lang='lat' dir='ltr'><strong>aecettsetur.</strong></span> <span class='ocrx_word' id='word_1_803' title='bbox 1069 4872 1158 4946; x_wconf 72' lang='lat' dir='ltr'><strong>Sic</strong></span> <span class='ocrx_word' id='word_1_804' title='bbox 1187 4873 1256 4929; x_wconf 79' lang='lat'><strong>56</strong></span> <span class='ocrx_word' id='word_1_805' title='bbox 1299 4889 1430 4930; x_wconf 88' lang='lat' dir='ltr'><strong>mss.</strong></span> <span class='ocrx_word' id='word_1_806' title='bbox 1461 4885 1514 4931; x_wconf 93' lang='lat' dir='ltr'><strong>et</strong></span> <span class='ocrx_word' id='word_1_807' title='bbox 1539 4877 1723 4946; x_wconf 84' lang='lat' dir='ltr'><strong>plures</strong></span> <span class='ocrx_word' id='word_1_808' title='bbox 1750 4876 1904 4934; x_wconf 86' lang='lat' dir='ltr'><strong>editi.</strong></span> 
     </span>
    </p>
   </div>
   <div class='ocr_carea' id='block_1_87' title="bbox 309 4941 1907 5014">
    <p class='ocr_par' dir='ltr' id='par_1_87' title="bbox 309 4941 1907 5014">
     <span class='ocr_line' id='line_1_88' title="bbox 309 4941 1907 5014; baseline 0.001 -16"><span class='ocrx_word' id='word_1_809' title='bbox 309 4942 367 4998; x_wconf 87' lang='lat' dir='ltr'><strong>ld</strong></span> <span class='ocrx_word' id='word_1_810' title='bbox 395 4957 514 5009; x_wconf 75' lang='lat' dir='ltr'><strong>eat,</strong></span> <span class='ocrx_word' id='word_1_811' title='bbox 555 4942 884 5014; x_wconf 87' lang='lat' dir='ltr'><strong>attribuitur.</strong></span> <span class='ocrx_word' id='word_1_812' title='bbox 913 4941 969 4996; x_wconf 88' lang='lat' dir='ltr'><strong>ln</strong></span> <span class='ocrx_word' id='word_1_813' title='bbox 999 4944 1063 5012; x_wconf 76' lang='grc'>2,</span> <span class='ocrx_word' id='word_1_814' title='bbox 1097 4944 1231 5014; x_wconf 88' lang='lat' dir='ltr'><strong>Reg.</strong></span> <span class='ocrx_word' id='word_1_815' title='bbox 1266 4960 1378 5002; x_wconf 89' lang='lat' dir='ltr'><strong>rec.</strong></span> <span class='ocrx_word' id='word_1_816' title='bbox 1409 4958 1461 5002; x_wconf 90' lang='lat' dir='ltr'><strong>et</strong></span> <span class='ocrx_word' id='word_1_817' title='bbox 1490 4941 1766 5002; x_wconf 78' lang='lat' dir='ltr'><strong>nonnullis</strong></span> <span class='ocrx_word' id='word_1_818' title='bbox 1793 4947 1907 5002; x_wconf 91' lang='lat' dir='ltr'><strong>edi-</strong></span> 
     </span>
    </p>
   </div>
   <div class='ocr_carea' id='block_1_88' title="bbox 2079 4665 3630 4746">
    <p class='ocr_par' dir='ltr' id='par_1_88' title="bbox 2079 4665 3630 4746">
     <span class='ocr_line' id='line_1_89' title="bbox 2079 4665 3630 4746; baseline 0.01 -26"><span class='ocrx_word' id='word_1_819' title='bbox 2079 4665 2250 4721; x_wconf 88' lang='lat' dir='ltr'><strong>Etiam</strong></span> <span class='ocrx_word' id='word_1_820' title='bbox 2269 4669 2319 4721; x_wconf 86' lang='lat' dir='ltr'><strong>in</strong></span> <span class='ocrx_word' id='word_1_821' title='bbox 2338 4665 2588 4746; x_wconf 46' lang='lat' dir='ltr'><strong>hoc-Rrec</strong></span> <span class='ocrx_word' id='word_1_822' title='bbox 2613 4669 2816 4746; x_wconf 82' lang='lat' dir='ltr'><strong>restitui</strong></span> <span class='ocrx_word' id='word_1_823' title='bbox 2835 4686 2901 4727; x_wconf 79' lang='lat' dir='ltr'><strong>ex</strong></span> <span class='ocrx_word' id='word_1_824' title='bbox 2923 4665 3172 4746; x_wconf 72' lang='lat' dir='ltr'><strong>omnibus</strong></span> <span class='ocrx_word' id='word_1_825' title='bbox 3186 4665 3378 4730; x_wconf 83' lang='lat' dir='ltr'><strong>mss.et</strong></span> <span class='ocrx_word' id='word_1_826' title='bbox 3393 4678 3630 4746; x_wconf 72' lang='lat' dir='ltr'><strong>impres-</strong></span> 
     </span>
    </p>
   </div>
   <div class='ocr_carea' id='block_1_89' title="bbox 2012 4735 3624 4814">
    <p class='ocr_par' dir='ltr' id='par_1_89' title="bbox 2012 4735 3624 4814">
     <span class='ocr_line' id='line_1_90' title="bbox 2012 4735 3624 4814; baseline 0.008 -22"><span class='ocrx_word' id='word_1_827' title='bbox 2012 4735 2127 4814; x_wconf 82' lang='lat' dir='ltr'><strong>sis,_</strong></span> <span class='ocrx_word' id='word_1_828' title='bbox 2145 4749 2340 4814; x_wconf 60' lang='lat' dir='ltr'><strong>praeter</strong></span> <span class='ocrx_word' id='word_1_829' title='bbox 2367 4739 2551 4814; x_wconf 26' lang='lat' dir='ltr'><strong>5‘etld.</strong></span> <span class='ocrx_word' id='word_1_830' title='bbox 2577 4741 2988 4814; x_wconf 77' lang='lat' dir='ltr'><strong>recentiores,in</strong></span> <span class='ocrx_word' id='word_1_831' title='bbox 3005 4743 3204 4814; x_wconf 89' lang='lat' dir='ltr'><strong>quibus</strong></span> <span class='ocrx_word' id='word_1_832' title='bbox 3219 4735 3624 4805; x_wconf 66' lang='lat' dir='ltr'><strong>desiderantur.</strong></span> 
     </span>
    </p>
   </div>
   <div class='ocr_carea' id='block_1_90' title="bbox 2087 4809 3623 4876">
    <p class='ocr_par' dir='ltr' id='par_1_90' title="bbox 2087 4809 3623 4876">
     <span class='ocr_line' id='line_1_91' title="bbox 2087 4809 3623 4876; baseline 0.011 -17"><span class='ocrx_word' id='word_1_833' title='bbox 2087 4809 2189 4875; x_wconf 82' lang='lat' dir='ltr'><strong>Qui</strong></span> <span class='ocrx_word' id='word_1_834' title='bbox 2217 4813 2378 4864; x_wconf 85' lang='lat' dir='ltr'><strong>oritur</strong></span> <span class='ocrx_word' id='word_1_835' title='bbox 2405 4811 2458 4866; x_wconf 85' lang='lat' dir='ltr'><strong>in</strong></span> <span class='ocrx_word' id='word_1_836' title='bbox 2484 4813 2638 4866; x_wconf 84' lang='lat' dir='ltr'><strong>diem.</strong></span> <span class='ocrx_word' id='word_1_837' title='bbox 2669 4811 2759 4868; x_wconf 89' lang='lat' dir='ltr'><strong>Sic</strong></span> <span class='ocrx_word' id='word_1_838' title='bbox 2799 4809 3083 4869; x_wconf 74' lang='lat' dir='ltr'><strong>emendavi</strong></span> <span class='ocrx_word' id='word_1_839' title='bbox 3131 4829 3196 4869; x_wconf 87' lang='lat' dir='ltr'><strong>ex</strong></span> <span class='ocrx_word' id='word_1_840' title='bbox 3239 4819 3448 4873; x_wconf 86' lang='lat' dir='ltr'><strong>cunctis</strong></span> <span class='ocrx_word' id='word_1_841' title='bbox 3483 4837 3623 4876; x_wconf 84' lang='lat' dir='ltr'><strong>mss.</strong></span> 
     </span>
    </p>
   </div>
   <div class='ocr_carea' id='block_1_91' title="bbox 2011 4883 3618 4957">
    <p class='ocr_par' dir='ltr' id='par_1_91' title="bbox 2011 4883 3618 4957">
     <span class='ocr_line' id='line_1_92' title="bbox 2011 4883 3618 4957; baseline 0.009 -26"><span class='ocrx_word' id='word_1_842' title='bbox 2011 4890 2213 4957; x_wconf 45' lang='lat' dir='ltr'><strong>pragtt-r</strong></span> <span class='ocrx_word' id='word_1_843' title='bbox 2238 4883 2263 4938; x_wconf 82' lang='lat' dir='ltr'><strong>l</strong></span> <span class='ocrx_word' id='word_1_844' title='bbox 2300 4883 2432 4957; x_wconf 72' lang='lat' dir='ltr'><strong>Reg.</strong></span> <span class='ocrx_word' id='word_1_845' title='bbox 2460 4895 2673 4957; x_wconf 80' lang='lat' dir='ltr'><strong>rec.__et</strong></span> <span class='ocrx_word' id='word_1_846' title='bbox 2703 4884 2990 4957; x_wconf 80' lang='lat' dir='ltr'><strong>editiones,</strong></span> <span class='ocrx_word' id='word_1_847' title='bbox 3029 4887 3082 4940; x_wconf 91' lang='lat' dir='ltr'><strong>in</strong></span> <span class='ocrx_word' id='word_1_848' title='bbox 3104 4887 3300 4957; x_wconf 86' lang='lat' dir='ltr'><strong>quibus</strong></span> <span class='ocrx_word' id='word_1_849' title='bbox 3317 4900 3402 4944; x_wconf 89' lang='lat' dir='ltr'><strong>est</strong></span> <span class='ocrx_word' id='word_1_850' title='bbox 3428 4890 3484 4944; x_wconf 85' lang='lat' dir='ltr'><strong>in</strong></span> <span class='ocrx_word' id='word_1_851' title='bbox 3513 4893 3618 4946; x_wconf 83' lang='lat' dir='ltr'><strong>die.</strong></span> 
     </span>
    </p>
   </div>
   <div class='ocr_carea' id='block_1_92' title="bbox 2085 4949 3622 5024">
    <p class='ocr_par' dir='ltr' id='par_1_92' title="bbox 2085 4949 3622 5024">
     <span class='ocr_line' id='line_1_93' title="bbox 2085 4949 3622 5024; baseline 0.01 -19"><span class='ocrx_word' id='word_1_852' title='bbox 2085 4949 2334 5024; x_wconf 72' lang='lat' dir='ltr'><strong>Perfecta:</strong></span> <span class='ocrx_word' id='word_1_853' title='bbox 2363 4949 2695 5022; x_wconf 73' lang='lat' dir='ltr'><strong>plenitudinis</strong></span> <span class='ocrx_word' id='word_1_854' title='bbox 2725 4953 2914 5010; x_wconf 83' lang='lat' dir='ltr'><strong>lumen.</strong></span> <span class='ocrx_word' id='word_1_855' title='bbox 2963 4949 3266 5013; x_wconf 73' lang='lat' dir='ltr'><strong>Heraclitus</strong></span> <span class='ocrx_word' id='word_1_856' title='bbox 3291 4959 3458 5015; x_wconf 90' lang='lat' dir='ltr'><strong>solem</strong></span> <span class='ocrx_word' id='word_1_857' title='bbox 3505 4977 3622 5019; x_wconf 69' lang='lat' dir='ltr'><strong>cae-</strong></span> 
     </span>
    </p>
   </div>
   <div class='ocr_carea' id='block_1_93' title="bbox 311 5013 3620 5095">
    <p class='ocr_par' dir='ltr' id='par_1_93' title="bbox 311 5013 3620 5095">
     <span class='ocr_line' id='line_1_94' title="bbox 311 5013 3620 5095; baseline 0.008 -30"><span class='ocrx_word' id='word_1_858' title='bbox 311 5015 401 5095; x_wconf 69' lang='lat' dir='ltr'><strong>tis,</strong></span> <span class='ocrx_word' id='word_1_859' title='bbox 429 5014 544 5095; x_wconf 84' lang='lat' dir='ltr'><strong>_Deo</strong></span> <span class='ocrx_word' id='word_1_860' title='bbox 574 5013 755 5095; x_wconf 62' lang='lat' dir='ltr'><strong>similis</strong></span> <span class='ocrx_word' id='word_1_861' title='bbox 775 5025 1039 5095; x_wconf 57' lang='lat' dir='ltr'><strong>censetur;</strong></span> <span class='ocrx_word' id='word_1_862' title='bbox 1078 5013 1220 5095; x_wconf 71' lang='lat' dir='ltr'><strong>quod</strong></span> <span class='ocrx_word' id='word_1_863' title='bbox 1247 5031 1338 5095; x_wconf 75' lang='lat' dir='ltr'><strong>est</strong></span> <span class='ocrx_word' id='word_1_864' title='bbox 1356 5019 1646 5095; x_wconf 76' lang='lat' dir='ltr'><strong>glossema.</strong></span> <span class='ocrx_word' id='word_1_865' title='bbox 1681 5016 1907 5076; x_wconf 84' lang='lat' dir='ltr'><strong>Videtur</strong></span> <span class='ocrx_word' id='word_1_866' title='bbox 2008 5019 2162 5078; x_wconf 88' lang='lat' dir='ltr'><strong>lcstis</strong></span> <span class='ocrx_word' id='word_1_867' title='bbox 2187 5013 2416 5078; x_wconf 55' lang='lat' dir='ltr'><strong>&#39;lumin&#39;is</strong></span> <span class='ocrx_word' id='word_1_868' title='bbox 2451 5026 2674 5093; x_wconf 86' lang='lat' dir='ltr'><strong>fontem,</strong></span> <span class='ocrx_word' id='word_1_869' title='bbox 2708 5036 2844 5081; x_wconf 75' lang='lat' dir='ltr'><strong>teste</strong></span> <span class='ocrx_word' id='word_1_870' title='bbox 2872 5026 3165 5095; x_wconf 84' lang='lat' dir='ltr'><strong>Macrobio,</strong></span> <span class='ocrx_word' id='word_1_871' title='bbox 3198 5013 3358 5088; x_wconf 81' lang='lat' dir='ltr'><strong>dicit:</strong></span> <span class='ocrx_word' id='word_1_872' title='bbox 3385 5013 3620 5090; x_wconf 53' lang='grc' dir='ltr'><strong>ὲίὲέιῐ-</strong></span> 
     </span>
    </p>
   </div>
   <div class='ocr_carea' id='block_1_94' title="bbox 306 5083 1553 5160">
    <p class='ocr_par' dir='ltr' id='par_1_94' title="bbox 306 5083 1553 5160">
     <span class='ocr_line' id='line_1_95' title="bbox 306 5083 1553 5160; baseline 0.003 -22"><span class='ocrx_word' id='word_1_873' title='bbox 306 5083 740 5160; x_wconf 86' lang='lat' dir='ltr'><strong>hic_Lactantius</strong></span> <span class='ocrx_word' id='word_1_874' title='bbox 767 5083 1224 5160; x_wconf 5' lang='lat' dir='ltr'><strong>nimisgallegnriis</strong></span> <span class='ocrx_word' id='word_1_875' title='bbox 1251 5083 1553 5160; x_wconf 74' lang='lat' dir='ltr'><strong>indulgere.</strong></span> 
     </span>
    </p>
   </div>
   <div class='ocr_carea' id='block_1_95' title="bbox 2005 5097 3616 5172">
    <p class='ocr_par' dir='ltr' id='par_1_95' title="bbox 2005 5097 3616 5172">
     <span class='ocr_line' id='line_1_96' title="bbox 2005 5097 3616 5172; baseline 0.009 -26"><span class='ocrx_word' id='word_1_876' title='bbox 2005 5107 2128 5172; x_wconf 79' lang='lat' dir='ltr'><strong>men</strong></span> <span class='ocrx_word' id='word_1_877' title='bbox 2143 5109 2322 5172; x_wconf 70' lang='lat' dir='ltr'><strong>suum,</strong></span> <span class='ocrx_word' id='word_1_878' title='bbox 2345 5097 2638 5172; x_wconf 84' lang='lat' dir='ltr'><strong>secundum</strong></span> <span class='ocrx_word' id='word_1_879' title='bbox 2665 5097 2805 5172; x_wconf 72' lang='lat' dir='ltr'><strong>Plin.</strong></span> <span class='ocrx_word' id='word_1_880' title='bbox 2832 5099 3045 5172; x_wconf 66' lang='lat' dir='ltr'><strong>caeteris</strong></span> <span class='ocrx_word' id='word_1_881' title='bbox 3064 5100 3329 5172; x_wconf 86' lang='lat' dir='ltr'><strong>sideribus</strong></span> <span class='ocrx_word' id='word_1_882' title='bbox 3353 5101 3616 5172; x_wconf 56' lang='lat' dir='ltr'><strong>Mitteret;</strong></span> 
     </span>
    </p>
   </div>
   <div class='ocr_carea' id='block_1_96' title="bbox 380 5154 3612 5246">
    <p class='ocr_par' dir='ltr' id='par_1_96' title="bbox 380 5154 3612 5246">
     <span class='ocr_line' id='line_1_97' title="bbox 380 5154 3612 5246; baseline 0.008 -39"><span class='ocrx_word' id='word_1_883' title='bbox 380 5154 663 5246; x_wconf 55' lang='lat' dir='ltr'><strong>P&#39;ravnzque</strong></span> <span class='ocrx_word' id='word_1_884' title='bbox 683 5159 854 5212; x_wconf 85' lang='lat' dir='ltr'><strong>menti.</strong></span> <span class='ocrx_word' id='word_1_885' title='bbox 882 5158 978 5241; x_wconf 74' lang='lat' dir='ltr'><strong>llic</strong></span> <span class='ocrx_word' id='word_1_886' title='bbox 998 5154 1214 5246; x_wconf 57' lang='lat' dir='ltr'><strong>et&#39;infra</strong></span> <span class='ocrx_word' id='word_1_887' title='bbox 1235 5154 1900 5246; x_wconf 36' lang='lat' dir='ltr'><strong>minns&#39;catholiceiloqui—</strong></span> <span class='ocrx_word' id='word_1_888' title='bbox 2003 5165 2144 5246; x_wconf 77' lang='lat' dir='ltr'><strong>sive,</strong></span> <span class='ocrx_word' id='word_1_889' title='bbox 2179 5176 2236 5221; x_wconf 91' lang='lat' dir='ltr'><strong>ut</strong></span> <span class='ocrx_word' id='word_1_890' title='bbox 2265 5154 2378 5246; x_wconf 81' lang='lat' dir='ltr'><strong>Cic.</strong></span> <span class='ocrx_word' id='word_1_891' title='bbox 2411 5168 2609 5246; x_wconf 61' lang='lat' dir='ltr'><strong>voluit,</strong></span> <span class='ocrx_word' id='word_1_892' title='bbox 2629 5170 2750 5224; x_wconf 84' lang='lat' dir='ltr'><strong>aliis</strong></span> <span class='ocrx_word' id='word_1_893' title='bbox 2776 5171 3003 5246; x_wconf 70' lang='lat' dir='ltr'><strong>quidem</strong></span> <span class='ocrx_word' id='word_1_894' title='bbox 3035 5154 3612 5246; x_wconf 17' lang='lat' dir='ltr'><strong>sideribitsﬁgescvept;</strong></span> 
     </span>
    </p>
   </div>
   <div class='ocr_carea' id='block_1_97' title="bbox 303 5226 3615 5314">
    <p class='ocr_par' dir='ltr' id='par_1_97' title="bbox 303 5226 3615 5314">
     <span class='ocr_line' id='line_1_98' title="bbox 303 5226 3615 5314; baseline 0.006 -33"><span class='ocrx_word' id='word_1_895' title='bbox 303 5233 392 5307; x_wconf 70' lang='lat' dir='ltr'><strong>tur</strong></span> <span class='ocrx_word' id='word_1_896' title='bbox 421 5226 770 5314; x_wconf 44' lang='lat' dir='ltr'><strong>thctantius‘,</strong></span> <span class='ocrx_word' id='word_1_897' title='bbox 812 5229 966 5314; x_wconf 66' lang='lat' dir='ltr'><strong>quasi</strong></span> <span class='ocrx_word' id='word_1_898' title='bbox 1007 5232 1148 5288; x_wconf 88' lang='lat' dir='ltr'><strong>mala</strong></span> <span class='ocrx_word' id='word_1_899' title='bbox 1187 5245 1346 5286; x_wconf 88' lang='lat' dir='ltr'><strong>mens</strong></span> <span class='ocrx_word' id='word_1_900' title='bbox 1386 5245 1658 5288; x_wconf 89' lang='lat' dir='ltr'><strong>summum</strong></span> <span class='ocrx_word' id='word_1_901' title='bbox 1704 5226 1900 5290; x_wconf 85' lang='lat' dir='ltr'><strong>habeat</strong></span> <span class='ocrx_word' id='word_1_902' title='bbox 2000 5226 2148 5314; x_wconf 74' lang='lat' dir='ltr'><strong>luna,</strong></span> <span class='ocrx_word' id='word_1_903' title='bbox 2182 5239 2458 5314; x_wconf 82' lang='lat' dir='ltr'><strong>proprium</strong></span> <span class='ocrx_word' id='word_1_904' title='bbox 2497 5226 2946 5314; x_wconf 47' lang='lat' dir='ltr'><strong>sit_&#39;lntt_i_en,‘i_pse</strong></span> <span class='ocrx_word' id='word_1_905' title='bbox 2971 5239 3100 5309; x_wconf 85' lang='lat' dir='ltr'><strong>dux,</strong></span> <span class='ocrx_word' id='word_1_906' title='bbox 3138 5226 3615 5314; x_wconf 40' lang='lat' dir='ltr'><strong>princeps—etme;</strong></span> 
     </span>
    </p>
   </div>
   <div class='ocr_carea' id='block_1_98' title="bbox 302 5297 984 5366">
    <p class='ocr_par' dir='ltr' id='par_1_98' title="bbox 302 5297 984 5366">
     <span class='ocr_line' id='line_1_99' title="bbox 302 5297 984 5366; baseline 0.007 -15"><span class='ocrx_word' id='word_1_907' title='bbox 302 5297 590 5366; x_wconf 88' lang='lat' dir='ltr'><strong>imperium</strong></span> <span class='ocrx_word' id='word_1_908' title='bbox 623 5301 674 5354; x_wconf 89' lang='lat' dir='ltr'><strong>in</strong></span> <span class='ocrx_word' id='word_1_909' title='bbox 699 5297 984 5356; x_wconf 86' lang='lat' dir='ltr'><strong>Occidens.</strong></span> 
     </span>
    </p>
   </div>
   <div class='ocr_carea' id='block_1_99' title="bbox 371 5367 1892 5445">
    <p class='ocr_par' dir='ltr' id='par_1_99' title="bbox 371 5367 1892 5445">
     <span class='ocr_line' id='line_1_100' title="bbox 371 5367 1892 5445; baseline 0.006 -22"><span class='ocrx_word' id='word_1_910' title='bbox 371 5367 543 5441; x_wconf 84' lang='lat' dir='ltr'><strong>Plaga</strong></span> <span class='ocrx_word' id='word_1_911' title='bbox 571 5371 1102 5445; x_wconf 12' lang='lat' dir='ltr'><strong>estrseptentrionatis.</strong></span> <span class='ocrx_word' id='word_1_912' title='bbox 1148 5371 1240 5445; x_wconf 94' lang='lat' dir='ltr'><strong>S_ic</strong></span> <span class='ocrx_word' id='word_1_913' title='bbox 1281 5370 1493 5445; x_wconf 71' lang='lat' dir='ltr'><strong>restitui</strong></span> <span class='ocrx_word' id='word_1_914' title='bbox 1523 5386 1588 5426; x_wconf 84' lang='lat' dir='ltr'><strong>ex</strong></span> <span class='ocrx_word' id='word_1_915' title='bbox 1621 5373 1892 5445; x_wconf 83' lang='lat' dir='ltr'><strong>antiquio-</strong></span> 
     </span>
    </p>
   </div>
   <div class='ocr_carea' id='block_1_100' title="bbox 296 5436 1891 5514">
    <p class='ocr_par' dir='ltr' id='par_1_100' title="bbox 296 5436 1891 5514">
     <span class='ocr_line' id='line_1_101' title="bbox 296 5436 1891 5514; baseline 0.008 -23"><span class='ocrx_word' id='word_1_916' title='bbox 296 5436 448 5514; x_wconf 69' lang='lat' dir='ltr'><strong>ribus</strong></span> <span class='ocrx_word' id='word_1_917' title='bbox 476 5436 537 5496; x_wconf 76' lang='lat' dir='ltr'><strong>et</strong></span> <span class='ocrx_word' id='word_1_918' title='bbox 564 5436 878 5514; x_wconf 84' lang='lat' dir='ltr'><strong>melioribus</strong></span> <span class='ocrx_word' id='word_1_919' title='bbox 907 5458 1038 5514; x_wconf 84' lang='lat' dir='ltr'><strong>mss.</strong></span> <span class='ocrx_word' id='word_1_920' title='bbox 1071 5443 1099 5514; x_wconf 67' lang='grc'><strong>1</strong></span> <span class='ocrx_word' id='word_1_921' title='bbox 1160 5443 1391 5514; x_wconf 81' lang='lat' dir='ltr'><strong>Bonon.,</strong></span> <span class='ocrx_word' id='word_1_922' title='bbox 1415 5513 1426 5514; x_wconf 17' lang='grc' dir='ltr'>ί</span> <span class='ocrx_word' id='word_1_923' title='bbox 1447 5436 1768 5514; x_wconf 56' lang='lat' dir='ltr'><strong>Regio-Pot;</strong></span> <span class='ocrx_word' id='word_1_924' title='bbox 1795 5489 1808 5513; x_wconf 88' lang='lat'><strong>,</strong></span> <span class='ocrx_word' id='word_1_925' title='bbox 1856 5447 1891 5502; x_wconf 77' lang='grc'><strong>2</strong></span> 
     </span>
    </p>
   </div>
   <div class='ocr_carea' id='block_1_101' title="bbox 294 5509 1888 5588">
    <p class='ocr_par' dir='ltr' id='par_1_101' title="bbox 294 5509 1888 5588">
     <span class='ocr_line' id='line_1_102' title="bbox 294 5509 1888 5588; baseline 0.008 -25"><span class='ocrx_word' id='word_1_926' title='bbox 294 5509 366 5588; x_wconf 83' lang='lat' dir='ltr'><strong>al.</strong></span> <span class='ocrx_word' id='word_1_927' title='bbox 402 5512 535 5588; x_wconf 81' lang='lat' dir='ltr'><strong>Reg.</strong></span> <span class='ocrx_word' id='word_1_928' title='bbox 585 5513 738 5568; x_wconf 83' lang='lat' dir='ltr'><strong>bonae</strong></span> <span class='ocrx_word' id='word_1_929' title='bbox 770 5527 910 5568; x_wconf 80' lang='lat' dir='ltr'><strong>notae</strong></span> <span class='ocrx_word' id='word_1_930' title='bbox 932 5555 948 5580; x_wconf 92' lang='lat'><strong>,</strong></span> <span class='ocrx_word' id='word_1_931' title='bbox 990 5513 1108 5588; x_wconf 78' lang='lat' dir='ltr'><strong>Pal.</strong></span> <span class='ocrx_word' id='word_1_932' title='bbox 1137 5524 1194 5588; x_wconf 81' lang='lat' dir='ltr'><strong>et</strong></span> <span class='ocrx_word' id='word_1_933' title='bbox 1219 5509 1383 5584; x_wconf 63' lang='lat' dir='ltr'><strong>Lips.</strong></span> <span class='ocrx_word' id='word_1_934' title='bbox 1410 5513 1467 5570; x_wconf 92' lang='lat' dir='ltr'><strong>ln</strong></span> <span class='ocrx_word' id='word_1_935' title='bbox 1495 5509 1726 5588; x_wconf 76' lang='lat' dir='ltr'><strong>vulgatis</strong></span> <span class='ocrx_word' id='word_1_936' title='bbox 1753 5509 1810 5576; x_wconf 80' lang='lat' dir='ltr'><strong>et</strong></span> <span class='ocrx_word' id='word_1_937' title='bbox 1836 5520 1888 5576; x_wconf 92' lang='lat' dir='ltr'><strong>in</strong></span> 
     </span>
    </p>
   </div>
   <div class='ocr_carea' id='block_1_102' title="bbox 294 5583 1212 5652">
    <p class='ocr_par' dir='ltr' id='par_1_102' title="bbox 294 5583 1212 5652">
     <span class='ocr_line' id='line_1_103' title="bbox 294 5583 1212 5652; baseline 0.004 -16"><span class='ocrx_word' id='word_1_938' title='bbox 294 5583 541 5652; x_wconf 89' lang='lat' dir='ltr'><strong>pluribus</strong></span> <span class='ocrx_word' id='word_1_939' title='bbox 564 5600 696 5640; x_wconf 90' lang='lat' dir='ltr'><strong>mss.</strong></span> <span class='ocrx_word' id='word_1_940' title='bbox 719 5593 807 5640; x_wconf 87' lang='lat' dir='ltr'><strong>est</strong></span> <span class='ocrx_word' id='word_1_941' title='bbox 834 5585 1212 5651; x_wconf 80' lang='lat' dir='ltr'><strong>septentrionis.</strong></span> 
     </span>
    </p>
   </div>
   <div class='ocr_carea' id='block_1_103' title="bbox 375 5652 1888 5725">
    <p class='ocr_par' dir='ltr' id='par_1_103' title="bbox 375 5652 1888 5725">
     <span class='ocr_line' id='line_1_104' title="bbox 375 5652 1888 5725; baseline 0.009 -20"><span class='ocrx_word' id='word_1_942' title='bbox 375 5652 472 5708; x_wconf 81' lang='lat' dir='ltr'><strong>Ver</strong></span> <span class='ocrx_word' id='word_1_943' title='bbox 498 5655 700 5709; x_wconf 80' lang='lat' dir='ltr'><strong>orienti.</strong></span> <span class='ocrx_word' id='word_1_944' title='bbox 756 5657 830 5709; x_wconf 88' lang='lat' dir='ltr'><strong>De</strong></span> <span class='ocrx_word' id='word_1_945' title='bbox 861 5655 944 5708; x_wconf 88' lang='lat' dir='ltr'><strong>his</strong></span> <span class='ocrx_word' id='word_1_946' title='bbox 966 5653 1240 5724; x_wconf 83' lang='lat' dir='ltr'><strong>allegoriis</strong></span> <span class='ocrx_word' id='word_1_947' title='bbox 1263 5697 1281 5725; x_wconf 86' lang='lat'><strong>,</strong></span> <span class='ocrx_word' id='word_1_948' title='bbox 1321 5654 1444 5714; x_wconf 85' lang='lat' dir='ltr'><strong>vide</strong></span> <span class='ocrx_word' id='word_1_949' title='bbox 1471 5657 1635 5713; x_wconf 90' lang='lat' dir='ltr'><strong>etiam</strong></span> <span class='ocrx_word' id='word_1_950' title='bbox 1668 5658 1726 5718; x_wconf 91' lang='lat' dir='ltr'><strong>S.</strong></span> <span class='ocrx_word' id='word_1_951' title='bbox 1757 5659 1888 5717; x_wconf 83' lang='lat' dir='ltr'><strong>Am-</strong></span> 
     </span>
    </p>
   </div>
   <div class='ocr_carea' id='block_1_104' title="bbox 289 5723 1142 5788">
    <p class='ocr_par' dir='ltr' id='par_1_104' title="bbox 289 5723 1142 5788">
     <span class='ocr_line' id='line_1_105' title="bbox 289 5723 1142 5788; baseline 0.001 -9"><span class='ocrx_word' id='word_1_952' title='bbox 289 5723 552 5788; x_wconf 83' lang='lat' dir='ltr'><strong>brosium,</strong></span> <span class='ocrx_word' id='word_1_953' title='bbox 583 5727 676 5779; x_wconf 92' lang='lat' dir='ltr'><strong>lib.</strong></span> <span class='ocrx_word' id='word_1_954' title='bbox 699 5742 750 5779; x_wconf 91' lang='lat' dir='ltr'><strong>tv</strong></span> <span class='ocrx_word' id='word_1_955' title='bbox 781 5723 1142 5780; x_wconf 77' lang='lat' dir='ltr'><strong>llexatncron.</strong></span> 
     </span>
    </p>
   </div>
   <div class='ocr_carea' id='block_1_105' title="bbox 364 5795 1881 5874">
    <p class='ocr_par' dir='ltr' id='par_1_105' title="bbox 364 5795 1881 5874">
     <span class='ocr_line' id='line_1_106' title="bbox 364 5795 1881 5874; baseline 0.008 -26"><span class='ocrx_word' id='word_1_956' title='bbox 364 5795 656 5874; x_wconf 78' lang='lat' dir='ltr'><strong>Occidentis</strong></span> <span class='ocrx_word' id='word_1_957' title='bbox 695 5806 971 5874; x_wconf 57' lang='lat' dir='ltr'><strong>altialii!!!“</strong></span> <span class='ocrx_word' id='word_1_958' title='bbox 1014 5807 1120 5866; x_wconf 83' lang='lat' dir='ltr'><strong>est,</strong></span> <span class='ocrx_word' id='word_1_959' title='bbox 1165 5799 1524 5874; x_wconf 78' lang='lat' dir='ltr'><strong>septentrionis</strong></span> <span class='ocrx_word' id='word_1_960' title='bbox 1567 5803 1761 5874; x_wconf 78' lang='lat' dir='ltr'><strong>hyems.</strong></span> <span class='ocrx_word' id='word_1_961' title='bbox 1805 5803 1881 5860; x_wconf 87' lang='lat' dir='ltr'><strong>Ita</strong></span> 
     </span>
    </p>
   </div>
   <div class='ocr_carea' id='block_1_106' title="bbox 286 5865 1882 5962">
    <p class='ocr_par' dir='ltr' id='par_1_106' title="bbox 286 5865 1882 5962">
     <span class='ocr_line' id='line_1_107' title="bbox 286 5865 1882 5962; baseline 0.006 -38"><span class='ocrx_word' id='word_1_962' title='bbox 286 5878 424 5930; x_wconf 80' lang='lat' dir='ltr'><strong>mss.</strong></span> <span class='ocrx_word' id='word_1_963' title='bbox 455 5873 512 5931; x_wconf 79' lang='lat' dir='ltr'><strong>et</strong></span> <span class='ocrx_word' id='word_1_964' title='bbox 536 5873 647 5924; x_wconf 84' lang='lat' dir='ltr'><strong>vet.</strong></span> <span class='ocrx_word' id='word_1_965' title='bbox 677 5866 768 5928; x_wconf 86' lang='lat' dir='ltr'><strong>ed.</strong></span> <span class='ocrx_word' id='word_1_966' title='bbox 805 5865 964 5943; x_wconf 77' lang='lat' dir='ltr'><strong>Rom.</strong></span> <span class='ocrx_word' id='word_1_967' title='bbox 1007 5865 1140 5935; x_wconf 81' lang='lat' dir='ltr'><strong>casu</strong></span> <span class='ocrx_word' id='word_1_968' title='bbox 1168 5865 1431 5962; x_wconf 58' lang='lat' dir='ltr'><strong>secundo,</strong></span> <span class='ocrx_word' id='word_1_969' title='bbox 1462 5865 1657 5941; x_wconf 65' lang='grc' dir='ltr'>σιειεῇ</span> <span class='ocrx_word' id='word_1_970' title='bbox 1682 5875 1882 5956; x_wconf 80' lang='lat' dir='ltr'><strong>vulgati</strong></span> 
     </span>
    </p>
   </div>
   <div class='ocr_carea' id='block_1_107' title="bbox 1999 5306 3613 5383">
    <p class='ocr_par' dir='ltr' id='par_1_107' title="bbox 1999 5306 3613 5383">
     <span class='ocr_line' id='line_1_108' title="bbox 1999 5306 3613 5383; baseline 0.01 -25"><span class='ocrx_word' id='word_1_971' title='bbox 1999 5306 2220 5363; x_wconf 76' lang='lat' dir='ltr'><strong>det-ator</strong></span> <span class='ocrx_word' id='word_1_972' title='bbox 2247 5306 2511 5383; x_wconf 89' lang='lat' dir='ltr'><strong>lu_mi_n_um</strong></span> <span class='ocrx_word' id='word_1_973' title='bbox 2547 5312 2635 5366; x_wconf 90' lang='lat' dir='ltr'><strong>sit.</strong></span> <span class='ocrx_word' id='word_1_974' title='bbox 2670 5306 2804 5366; x_wconf 82' lang='lat' dir='ltr'><strong>Vide</strong></span> <span class='ocrx_word' id='word_1_975' title='bbox 2832 5306 3111 5368; x_wconf 82' lang='lat' dir='ltr'><strong>Platonem</strong></span> <span class='ocrx_word' id='word_1_976' title='bbox 3138 5306 3210 5368; x_wconf 53' lang='lat' dir='ltr'><strong>&#39;in</strong></span> <span class='ocrx_word' id='word_1_977' title='bbox 3255 5306 3484 5383; x_wconf 67' lang='lat' dir='ltr'><strong>Timaeo,</strong></span> <span class='ocrx_word' id='word_1_978' title='bbox 3520 5318 3613 5374; x_wconf 84' lang='lat' dir='ltr'><strong>Ci-</strong></span> 
     </span>
    </p>
   </div>
   <div class='ocr_carea' id='block_1_108' title="bbox 1996 5380 3610 5462">
    <p class='ocr_par' dir='ltr' id='par_1_108' title="bbox 1996 5380 3610 5462">
     <span class='ocr_line' id='line_1_109' title="bbox 1996 5380 3610 5462; baseline 0.011 -31"><span class='ocrx_word' id='word_1_979' title='bbox 1996 5380 2348 5462; x_wconf 47' lang='lat' dir='ltr'><strong>ceronem&#39;de</strong></span> <span class='ocrx_word' id='word_1_980' title='bbox 2375 5381 2762 5451; x_wconf 85' lang='lat' dir='ltr'><strong>Universitate,</strong></span> <span class='ocrx_word' id='word_1_981' title='bbox 2797 5383 3035 5440; x_wconf 89' lang='lat' dir='ltr'><strong>Macrob.</strong></span> <span class='ocrx_word' id='word_1_982' title='bbox 3068 5384 3160 5441; x_wconf 91' lang='lat' dir='ltr'><strong>lib.</strong></span> <span class='ocrx_word' id='word_1_983' title='bbox 3193 5401 3212 5441; x_wconf 82' lang='grc' dir='ltr'><strong>ι</strong></span> <span class='ocrx_word' id='word_1_984' title='bbox 3251 5387 3400 5444; x_wconf 83' lang='lat' dir='ltr'><strong>Sum.</strong></span> <span class='ocrx_word' id='word_1_985' title='bbox 3431 5380 3610 5462; x_wconf 77' lang='lat' dir='ltr'><strong>supra</strong></span> 
     </span>
    </p>
   </div>
   <div class='ocr_carea' id='block_1_109' title="bbox 2029 5449 2582 5519">
    <p class='ocr_par' dir='ltr' id='par_1_109' title="bbox 2029 5449 2582 5519">
     <span class='ocr_line' id='line_1_110' title="bbox 2029 5449 2582 5519; baseline 0.014 -19"><span class='ocrx_word' id='word_1_986' title='bbox 2029 5464 2114 5519; x_wconf 87' lang='lat' dir='ltr'><strong>ap.</strong></span> <span class='ocrx_word' id='word_1_987' title='bbox 2137 5449 2228 5506; x_wconf 67' lang='grc'><strong>20.</strong></span> <span class='ocrx_word' id='word_1_988' title='bbox 2256 5451 2582 5510; x_wconf 73' lang='grc' dir='ltr'><strong>Βετυιειυε.</strong></span> 
     </span>
    </p>
   </div>
   <div class='ocr_carea' id='block_1_110' title="bbox 2067 5521 3608 5594">
    <p class='ocr_par' dir='ltr' id='par_1_110' title="bbox 2067 5521 3608 5594">
     <span class='ocr_line' id='line_1_111' title="bbox 2067 5521 3608 5594; baseline 0.008 -18"><span class='ocrx_word' id='word_1_989' title='bbox 2067 5521 2249 5577; x_wconf 80' lang='lat' dir='ltr'><strong>Colore</strong></span> <span class='ocrx_word' id='word_1_990' title='bbox 2273 5527 2556 5594; x_wconf 81' lang='lat' dir='ltr'><strong>potissimo.</strong></span> <span class='ocrx_word' id='word_1_991' title='bbox 2605 5525 2678 5580; x_wconf 91' lang='lat' dir='ltr'><strong>Ita</strong></span> <span class='ocrx_word' id='word_1_992' title='bbox 2727 5537 2920 5583; x_wconf 88' lang='lat' dir='ltr'><strong>omnes</strong></span> <span class='ocrx_word' id='word_1_993' title='bbox 2948 5528 3075 5584; x_wconf 88' lang='lat' dir='ltr'><strong>editi</strong></span> <span class='ocrx_word' id='word_1_994' title='bbox 3122 5537 3178 5583; x_wconf 88' lang='lat' dir='ltr'><strong>et</strong></span> <span class='ocrx_word' id='word_1_995' title='bbox 3225 5530 3376 5586; x_wconf 89' lang='lat' dir='ltr'><strong>multi</strong></span> <span class='ocrx_word' id='word_1_996' title='bbox 3407 5533 3608 5588; x_wconf 79' lang='lat' dir='ltr'><strong>meiio—</strong></span> 
     </span>
    </p>
   </div>
   <div class='ocr_carea' id='block_1_111' title="bbox 1991 5595 3605 5678">
    <p class='ocr_par' dir='ltr' id='par_1_111' title="bbox 1991 5595 3605 5678">
     <span class='ocr_line' id='line_1_112' title="bbox 1991 5595 3605 5678; baseline 0.011 -33"><span class='ocrx_word' id='word_1_997' title='bbox 1991 5606 2190 5678; x_wconf 47' lang='lat' dir='ltr'><strong>res.th</strong></span> <span class='ocrx_word' id='word_1_998' title='bbox 2232 5609 2362 5678; x_wconf 53' lang='lat' dir='ltr'><strong>mss:</strong></span> <span class='ocrx_word' id='word_1_999' title='bbox 2411 5595 2524 5678; x_wconf 77' lang='lat' dir='ltr'><strong>lnl</strong></span> <span class='ocrx_word' id='word_1_1000' title='bbox 2569 5595 2774 5652; x_wconf 90' lang='lat' dir='ltr'><strong>Bonon.</strong></span> <span class='ocrx_word' id='word_1_1001' title='bbox 2817 5600 3011 5671; x_wconf 89' lang='lat' dir='ltr'><strong>antiq.,</strong></span> <span class='ocrx_word' id='word_1_1002' title='bbox 3055 5601 3089 5658; x_wconf 79' lang='grc'>5</span> <span class='ocrx_word' id='word_1_1003' title='bbox 3141 5598 3297 5672; x_wconf 88' lang='lat' dir='ltr'><strong>Reg.,</strong></span> <span class='ocrx_word' id='word_1_1004' title='bbox 3343 5601 3495 5674; x_wconf 86' lang='lat' dir='ltr'><strong>Lips.</strong></span> <span class='ocrx_word' id='word_1_1005' title='bbox 3549 5615 3605 5662; x_wconf 83' lang='lat' dir='ltr'><strong>et</strong></span> 
     </span>
    </p>
   </div>
   <div class='ocr_carea' id='block_1_112' title="bbox 1990 5660 2527 5732">
    <p class='ocr_par' dir='ltr' id='par_1_112' title="bbox 1990 5660 2527 5732">
     <span class='ocr_line' id='line_1_113' title="bbox 1990 5660 2527 5732; baseline 0.011 -16"><span class='ocrx_word' id='word_1_1006' title='bbox 1990 5660 2130 5726; x_wconf 57' lang='lat' dir='ltr'><strong>Palf,</strong></span> <span class='ocrx_word' id='word_1_1007' title='bbox 2162 5666 2422 5732; x_wconf 84' lang='lat' dir='ltr'><strong>potentissi</strong></span> <span class='ocrx_word' id='word_1_1008' title='bbox 2429 5685 2527 5722; x_wconf 87' lang='lat' dir='ltr'><strong>mo.</strong></span> 
     </span>
    </p>
   </div>
   <div class='ocr_carea' id='block_1_113' title="bbox 2064 5737 3601 5816">
    <p class='ocr_par' dir='ltr' id='par_1_113' title="bbox 2064 5737 3601 5816">
     <span class='ocr_line' id='line_1_114' title="bbox 2064 5737 3601 5816; baseline 0.01 -29"><span class='ocrx_word' id='word_1_1009' title='bbox 2064 5737 2410 5816; x_wconf 48' lang='lat' dir='ltr'><strong>3t_ntitlieo._ld</strong></span> <span class='ocrx_word' id='word_1_1010' title='bbox 2434 5749 2538 5804; x_wconf 89' lang='lat' dir='ltr'><strong>est,</strong></span> <span class='ocrx_word' id='word_1_1011' title='bbox 2565 5741 2798 5816; x_wconf 85' lang='lat' dir='ltr'><strong>diabolo.</strong></span> <span class='ocrx_word' id='word_1_1012' title='bbox 2833 5741 3123 5816; x_wconf 71' lang='lat' dir='ltr'><strong>Ann‘tliens,</strong></span> <span class='ocrx_word' id='word_1_1013' title='bbox 3156 5757 3256 5816; x_wconf 74' lang='lat' dir='ltr'><strong>vox</strong></span> <span class='ocrx_word' id='word_1_1014' title='bbox 3293 5757 3494 5816; x_wconf 70' lang='lat' dir='ltr'><strong>gnem,</strong></span> <span class='ocrx_word' id='word_1_1015' title='bbox 3526 5746 3601 5802; x_wconf 86' lang='lat' dir='ltr'><strong>si-</strong></span> 
     </span>
    </p>
   </div>
   <div class='ocr_carea' id='block_1_114' title="bbox 1985 5807 3546 5882">
    <p class='ocr_par' dir='ltr' id='par_1_114' title="bbox 1985 5807 3546 5882">
     <span class='ocr_line' id='line_1_115' title="bbox 1985 5807 3546 5882; baseline 0.005 -20"><span class='ocrx_word' id='word_1_1016' title='bbox 1985 5807 2226 5882; x_wconf 62' lang='lat' dir='ltr'><strong>gniﬁcat,</strong></span> <span class='ocrx_word' id='word_1_1017' title='bbox 2255 5811 2346 5880; x_wconf 88' lang='lat' dir='ltr'><strong>qui</strong></span> <span class='ocrx_word' id='word_1_1018' title='bbox 2375 5822 2560 5867; x_wconf 86' lang='lat' dir='ltr'><strong>contra</strong></span> <span class='ocrx_word' id='word_1_1019' title='bbox 2591 5815 2754 5870; x_wconf 88' lang='lat' dir='ltr'><strong>Dcunt</strong></span> <span class='ocrx_word' id='word_1_1020' title='bbox 2785 5825 2888 5882; x_wconf 84' lang='lat' dir='ltr'><strong>est,</strong></span> <span class='ocrx_word' id='word_1_1021' title='bbox 2925 5814 3007 5870; x_wconf 84' lang='lat' dir='ltr'><strong>vel</strong></span> <span class='ocrx_word' id='word_1_1022' title='bbox 3042 5807 3140 5872; x_wconf 82' lang='lat' dir='ltr'><strong>Dei</strong></span> <span class='ocrx_word' id='word_1_1023' title='bbox 3172 5807 3546 5871; x_wconf 58' lang='lat' dir='ltr'><strong>adversarius.</strong></span> 
     </span>
    </p>
   </div>
   <div class='ocr_carea' id='block_1_115' title="bbox 2059 5875 3592 5972">
    <p class='ocr_par' dir='ltr' id='par_1_115' title="bbox 2059 5875 3592 5972">
     <span class='ocr_line' id='line_1_116' title="bbox 2059 5875 3592 5972; baseline 0.004 -30"><span class='ocrx_word' id='word_1_1024' title='bbox 2059 5875 2375 5962; x_wconf 54' lang='lat' dir='ltr'><strong>Praetorem.</strong></span> <span class='ocrx_word' id='word_1_1025' title='bbox 2409 5882 2498 5946; x_wconf 84' lang='lat' dir='ltr'><strong>Sic</strong></span> <span class='ocrx_word' id='word_1_1026' title='bbox 2543 5875 2889 5972; x_wconf 72' lang='lat' dir='ltr'><strong>quamplures</strong></span> <span class='ocrx_word' id='word_1_1027' title='bbox 2929 5885 3057 5958; x_wconf 81' lang='lat' dir='ltr'><strong>rtliti</strong></span> <span class='ocrx_word' id='word_1_1028' title='bbox 3098 5897 3153 5956; x_wconf 83' lang='lat' dir='ltr'><strong>et</strong></span> <span class='ocrx_word' id='word_1_1029' title='bbox 3190 5901 3381 5958; x_wconf 79' lang='lat' dir='ltr'><strong>omnes</strong></span> <span class='ocrx_word' id='word_1_1030' title='bbox 3412 5885 3592 5958; x_wconf 70' lang='lat' dir='ltr'><strong>{erute</strong></span> 
     </span>
    </p>
   </div>
  </div>
