3790 6274
65 1255 102 1267 ν

190 304 298 361 509

1273 317 1477 376 LIBER
1511 321 1578 378 Il.
1625 321 1710 380 DE
1739 323 2018 384 ORIGINE
2041 327 2360 388 ERRORIS.

3389 346 3494 403 510

182 424 293 541 sibi
319 427 517 484 habent
541 437 890 499 postestatem
912 449 926 498 ;
946 433 1095 488 calor
1117 443 1172 491 et
1198 435 1391 493 humor
1421 458 1433 495 :
1465 455 1583 511 quae
1616 443 1773 498 mira-
1806 446 1862 505 Α
1884 443 2126 501 Alterum
2155 448 2298 504 enim
2330 451 2480 520 quasi
2513 454 2864 510 masculinum
2893 457 3217 515 elementum
3247 473 3366 527 est,
3403 465 3486 517 al-

201 519 605 541 \:”““nA__-‘J
634 531 764 541 ___A‘r
819 534 855 541 LV
929 525 941 541 ι
1037 537 1047 541 Α
1111 528 1122 538 ,
1292 530 1302 541 ,
1501 533 1512 541 ,
1749 536 1761 541 ,
3503 521 3558 541 θ’

180 517 368 574 biliter
386 521 526 577 Deus
539 521 607 578 ad
628 525 976 580 sustentanda
1000 537 1054 582 et
1074 528 1335 599 gignenda
1368 533 1548 587 omnia
1575 536 1787 606 excogi.

184 612 340 666 tavit.
369 611 500 667 Nam
527 628 648 670 cum
667 616 837 670 virtus
869 617 963 674 Dei
990 619 1058 674 sit
1080 620 1134 674 in
1153 621 1334 676 calore
1359 625 1558 695 etigni,
1581 625 1683 682 nisi
1705 643 1789 682 ar-

180 704 374 762 dorem
388 708 603 778 vimque
615 708 733 779 ejus
747 709 986 766 admixta
1010 713 1252 770 humoris
1265 730 1326 770 ac
1341 715 1552 786 frigoris
1563 722 1787 777 materia

179 803 565 870 temperasset,
609 816 707 858 nec
754 804 900 858 nasci
948 805 1236 877 quidquam
1259 823 1361 863 nec
1385 810 1664 868 cohaerere
1691 829 1789 884 po—

175 891 400 961 tuisset,
431 895 560 965 quin
592 897 771 950 statim
801 897 1223 968 conﬂagratione
1253 903 1500 960 interiret
1527 906 1786 977 quidquid

173 998 309 1041 esse
322 987 596 1055 cmpisset.
619 987 772 1045 Unde
785 1000 840 1045 et
861 991 1168 1063 philosophi
1183 997 1399 1066 quidam
1413 1008 1465 1053 et
1481 1011 1654 1068 poetae
1671 1002 1786 1057 dis-

169 1076 918 1157 gﬂiioncordiamundum
939 1094 1190 1158 constare
1202 1088 1484 1144 dixerunt:
1508 1092 1603 1147 sed
1619 1076 1786 1150 Finit?-

169 1183 306 1223 nem
327 1173 540 1240 penitus
565 1188 670 1226 non
694 1173 962 1228 videbant.
983 1176 1286 1234 Heraclitus
1304 1197 1371 1234 cx
1391 1181 1509 1252 igne
1529 1192 1649 1238 nata
1665 1198 1786 1242 esse

166 1263 360 1315 omnia
388 1262 556 1327 dixit;
585 1257 784 1320 Thales
824 1265 1065 1323 Milesius
1092 1283 1157 1323 ex
1199 1285 1357 1341 aqua.
1390 1271 1628 1345 Uterque
1655 1277 1786 1332 vidit

163 1352 383 1423 aliquid
405 1372 418 1408 :
439 1355 535 1411 sed
567 1357 767 1412 erravit
794 1365 974 1413 tamen
1009 1369 1255 1432 uterque,
1287 1365 1434 1434 quod
1461 1366 1783 1425 alterutrum

160 1444 218 1499 si
249 1446 427 1501 solum
458 1445 670 1515 fuisset,
702 1465 878 1520 neque
905 1465 1043 1522 aqua
1073 1455 1220 1508 nasci
1245 1469 1310 1510 ex
1338 1455 1462 1527 igne
1498 1459 1781 1528 potuisset,

159 1554 354 1610 neque
377 1555 570 1598 rursus
599 1542 736 1612 ignis
757 1559 823 1599 ex
851 1559 1008 1616 aqua.
1042 1545 1149 1602 Sed
1173 1556 1257 1603 est
1286 1551 1486 1616 verius,
1521 1552 1683 1607 simul
1712 1569 1781 1610 ex

157 1640 405 1703 utroque
435 1633 694 1703 permisto
733 1644 921 1689 cuncta
950 1637 1384 1709 generari.lgnis
1408 1642 1624 1711 quidem
1659 1660 1783 1712 per-

154 1723 395 1780 misceri
426 1739 548 1782 cum
577 1742 713 1797 aqua
742 1743 848 1784 non
884 1739 1079 1799 potest,
1115 1731 1239 1800 quia
1274 1743 1400 1787 sunt
1433 1742 1656 1806 utraque
1683 1736 1785 1790 ini-

1895 548 2070 594 terum
2099 541 2251 611 quasi
2283 541 2616 600 foemininum
2641 564 2654 613 ;
2687 548 2916 603 alterum
2962 552 3193 608 activum
3213 595 3229 620 ,
3257 556 3489 612 alterum

1894 630 2129 700 patibile.
2159 631 2391 704 Ideoque
2412 651 2442 690 a
2469 637 2738 694 veteribus
2771 639 3074 696 institutum
3100 655 3203 712 est,
3233 654 3489 703 utsacra-

1892 734 2078 780 mento
2117 725 2253 798 ignis
2291 737 2347 782 et
2391 743 2544 800 aquae
2573 731 2877 801 nuptiarum
2927 733 3130 792 foedera
3159 716 3550 809 sanciantur,“

1893 819 2036 888 quod
2069 819 2226 874 fretus
2255 821 2606 878 animantium
2639 823 2823 879 calore
2863 835 2919 881 et
2946 827 3172 885 humore
3197 844 3493 902 corporen-

1894 920 2002 977 tur,
2033 924 2193 983 atque
2219 917 2524 970 animentur
2549 918 2616 971 ad
2646 919 2829 973 vitam.

1971 1007 2103 1063 Cum
2167 1009 2310 1064 enim
2354 1020 2568 1066 constet
2627 1028 2790 1068 omne
2853 1013 3052 1069 animal
3105 1030 3170 1072 ex
3213 1018 3391 1075 anima
3438 1029 3495 1076 et

1891 1113 2156 1170 corpore,
2238 1103 2461 1158 materia
2512 1106 2760 1176 corporis
2829 1107 2882 1162 in
2935 1107 3162 1166 humore
3207 1119 3328 1179 est,
3377 1113 3493 1167 ani-

1890 1207 1991 1247 mai
2052 1194 2104 1247 in
2173 1194 2354 1250 calore
2413 1212 2426 1249 :
2479 1197 2623 1266 quod
2678 1213 2741 1252 es
2794 1199 2980 1254 avium
3055 1199 3276 1258 fletibus
3334 1206 3492 1259 datur

1888 1285 2047 1352 scire,
2081 1301 2216 1356 quos
2258 1287 2425 1342 crassi
2455 1286 2696 1343 humoris
2739 1290 2932 1360 plenos
2981 1292 3085 1347 nisi
3123 1294 3304 1364 opifex
3343 1295 3492 1350 calor

1889 1380 2100 1444 foverit,
2131 1395 2232 1436 nec
2258 1380 2451 1436 humor
2480 1390 2655 1450 potest
2690 1385 2988 1453 corporari,
3020 1401 3121 1441 nec
3150 1401 3346 1456 corpus
3370 1387 3490 1442 ani-

1888 1471 2044 1524 mari.
2066 1471 2327 1526 Exulibus
2349 1486 2564 1541 quoque
2590 1472 2728 1542 ignis
2749 1484 2802 1528 et
2818 1489 2955 1544 aqua
2980 1475 3226 1532 interdici
3245 1477 3487 1532 solebat:

1889 1562 2063 1617 adhuc
2089 1563 2231 1617 enim
2279 1556 2557 1618 videbatur
2602 1563 2773 1629 nefas,
2799 1567 3044 1635 quamvis
3078 1568 3270 1632 malos,
3304 1577 3485 1622 tamen

1891 1652 2137 1708 homines
2184 1655 2448 1724 supplicio
2495 1655 2686 1725 capitis
2711 1655 2954 1712 allicere.
2999 1657 3291 1713 lnterdicto
3328 1659 3488 1729 igitur

1889 1759 1988 1798 usu
2017 1761 2200 1800 earum
2229 1747 2632 1816 rerum,quibus
2653 1747 2760 1801 vita
2793 1759 3003 1803 constat
3031 1750 3335 1816 homimtm,
3364 1764 3485 1818 per-

153 1817 310 1872 mica
337 1835 352 1886 ;
376 1820 498 1875 etsi
527 1821 773 1876 cominus
799 1823 1068 1890 venerint,
1097 1823 1417 1880 alterutrum
1453 1828 1592 1896 quod
1620 1843 1782 1898 supe-
1812 1837 1860 1895 Β
1891 1837 2016 1891 inde
2077 1837 2396 1902 habebatur,
2443 1853 2506 1892 ac
2552 1840 2594 1892 si
2646 1846 2810 1904 esset,
2862 1840 2954 1908 qui
2997 1855 3114 1893 eam
3161 1817 3484 1894 sententiam

151 1910 394 1977 raverit,
430 1910 683 1966 conficiat
733 1912 962 1968 alterum
1013 1928 1234 1970 necesse
1281 1927 1363 1970 est
1395 1935 1409 1971 :
1441 1917 1537 1972 sed
1585 1933 1772 1973 eorum

149 2000 485 2057 substantia:
555 2005 869 2072 permisceri
926 2016 1172 2074 possunt.
1220 2007 1532 2063 Substantia
1598 2009 1770 2080 ignis,

146 2093 318 2148 calor
344 2103 460 2162 est;
487 2110 664 2166 aquae,
696 2097 906 2152 humor.
934 2098 1102 2154 Recte
1129 2100 1286 2170 igitur
1312 2098 1533 2156 Ovidius
1571 2118 1582 2154 :

222 2206 426 2279 Quippe
439 2207 520 2279 ubi
541 2214 836 2279 temperiem
852 2223 1111 2279 sumpsere
1129 2213 1404 2279 humorque
1429 2213 1683 2277 calorque,

223 2268 540 2335 goncipiunt,
560 2279 619 2335 et
643 2268 704 2320 ab
732 2272 808 2320 his
827 2268 1054 2323 oriuntur
1083 2284 1259 2325 cuncta
1283 2268 1476 2326 duobus
1500 2291 1511 2325 :

222 2329 448 2400 Qumque
474 2329 538 2383 sit
557 2334 681 2400 ignis
697 2347 837 2397 aquae
862 2348 1052 2400 pugnax
1065 2377 1077 2399 ,
1097 2351 1248 2400 vapor
1268 2339 1496 2388 humidus
1509 2351 1680 2388 omnes

219 2392 330 2444 Res
350 2392 507 2458 creat,
533 2392 792 2447 etdiscors
806 2392 1284 2451 concordia'foat'ibus
1303 2408 1413 2464 apta
1435 2410 1528 2452 est.

1883 1939 2191 2000 exceperat,
2225 1939 2400 1986 morte
2438 1932 2748 1986 mulctatus.
2782 1931 2934 1986 Adeo
2963 1932 3063 1986 ista
3089 1931 3197 1986 duo
3216 1931 3485 1988 elementa

1880 2022 2054 2090 prima
2082 2031 2208 2076 sunt
2237 2022 2444 2089 habita,
2476 2030 2531 2076 ut
2577 2037 2677 2076 nec
2720 2031 2899 2077 ortum
2932 2021 3188 2087 hominis,
3225 2038 3325 2079 nec
3366 2024 3486 2079 sine

1878 2114 1962 2168 his
1987 2115 2147 2168 vitam
2175 2114 2506 2169 crediderint
2534 2129 2693 2184 posse
2721 2125 2994 2170 constare.
3020 2116 3222 2171 Horum
3251 2117 3482 2172 alterum

1874 2208 2032 2262 nobis
2052 2222 2337 2262 commune
2357 2217 2440 2262 est
2459 2223 2582 2262 cum
2601 2209 2814 2264 czeteris
2835 2209 3224 2274 animantibus,
3251 2211 3482 2267 alterum

1872 2298 1975 2353 soli
2003 2297 2204 2353 homini
2232 2298 2436 2353 datum.
2463 2298 2572 2354 Nos
2596 2300 2739 2355 enim
2777 2301 3032 2370 quoniam
3056 2301 3280 2357 cmleste
3309 2312 3471 2372 atque

1873 2392 2177 2448 immortale
2203 2392 2398 2447 animal
2427 2407 2635 2459 sumus,
2669 2395 2790 2463 igne
2837 2397 3059 2462 utimur,
3091 2395 3181 2465 qui
3222 2395 3379 2450 nobis
3429 2399 3480 2450 in

1493 2526 1854 2584 VARIORUM
1895 2524 2127 2582 NOTAE.

149 2679 300 2739 rnss.
346 2663 406 2720 in
451 2680 562 2739 rec.
606 2667 631 2739 1
677 2667 808 2738 Reg.
844 2677 901 2724 et
947 2667 1155 2725 1Colb.
1202 2677 1306 2734 est,
1359 2672 1768 2739 prefer-antiit:

1877 2666 2195 2740 lici‘arbore,
2224 2674 2276 2740 et
2299 2667 2353 2719 in
2383 2667 2558 2740 aquan
2574 2683 2719 2740 aqua
2739 2666 2901 2740 allata
2922 2678 3070 2723 esset.
3105 2645 3472 2740 Dempsterus.

155 2737 184 2790 1
219 2735 378 2806 Lips.
412 2746 468 2830 ert
495 2738 530 2793 5
558 2738 718 2830 editis
748 2735 1050 2830 proferunt,-
1174 2735 1369 2830 l’sOReg.
1403 2735 1618 2830 reclac
1793 2768 1840 2830 Ο
1874 2735 2012 2830 Vide
2040 2735 2399 2802 Brissonium,
2429 2735 2498 2792 de
2520 2735 2646 2792 Ritu
2677 2738 3013 2808 Nuptiarum.

146 2823 254 2861 sex
281 2848 296 2870 ,
337 2813 616 2878 perferunt.
673 2810 949 2864 Buneman
993 2812 1121 2882 legit
1157 2813 1316 2866 etiam
1356 2814 1767 2882 perferunt,_no-

153 2888 386 2954 tamque
413 2889 727 2954 sequentem
760 2879 1085 2936 exhibet.—'—
1117 2879 1408 2954 Perferunt.
1443 2883 1516 2935 De
1537 2879 1768 2950 Opificio

148 2964 283 3018 cap.
321 2950 386 3004 7:
422 2951 757 3017 Admirabile,
790 2955 925 3022 quod
949 2971 1050 3006 una
1079 2950 1439 3019 dispositio....
1474 2954 1768 3006 innumera-

150 3023 290 3075 biles
316 3022 653 3095 animantium
681 3030 919 3095 prteferat
950 3027 1236 3079 varietates.
1270 3024 1373 3080 Ubi
1402 3026 1581 3095 multa:
1612 3022 1762 3086 edd.,

149 3096 388 3162 perferat
432 3093 812 3149 subornarant.
844 3095 919 3150 De
950 3097 1091 3164 Opil.
1122 3113 1168 3152 c.
1209 3098 1242 3152 8
1282 3117 1294 3151 :
1328 3093 1638 3150 Incredibile
1667 3104 1762 3156 est,

148 3174 408 3238 quantum
447 3167 876 3238 pulc/ftritudiirtem
903 3171 1163 3238 praeferat.
1199 3168 1406 3224 BUNEM.

231 3234 734 3292 MirabiliterJlssJ
757 3234 1055 3293 Colhert.et
1085 3242 1100 3294 1
1134 3238 1526 3294 Brun.multum
1547 3237 1759 3292 utiliter.

229 3304 565 3381 Philosophi.
588 3310 942 3381 Eiiipedocles
964 3310 1187 3375 scilicet,
1211 3311 1278 3364 de
1301 3328 1405 3381 quo
1431 3308 1570 3381 apud
1601 3308 1766 3381 Laer-

150 3376 295 3452 tium
327 3389 384 3432 et
403 3376 760 3452 Plutarch.de
784 3381 997 3435 Placitis
1023 3376 1401 3452 PhiIoSnphor.
1438 3376 1531 3435 lib.
1561 3397 1596 3445 ι,
1624 3397 1671 3436 c.
1707 3379 1759 3434 5.

229 3446 300 3523 ξι
327 3462 508 3523 poetic.
529 3449 597 3506 Ut
618 3451 840 3506 Ovidius
869 3453 1048 3507 verbis
1067 3455 1222 3522 paulo
1241 3446 1361 3523 post
1392 3452 1760 3522 proferendis;

147 3520 438 3587 etllorat.,
462 3521 497 3575 Ι.
527 3523 738 3592 i,epist.
763 3523 849 3589 12,
884 3540 936 3577 ν.
961 3525 1047 3588 19,
1065 3520 1129 3579 de
1149 3520 1323 3595 pugna
1347 3520 1756 3580 elementorum.

283 3632 408 3690 Quid
432 3631 555 3682 velit
578 3639 630 3682 et
655 3638 805 3694 possit
833 3636 1093 3684 concordia
1116 3636 1322 3686 discors.

232 3713 355 3769 Non
381 3717 632 3770 videbant.
665 3717 739 3770 lta
788 3718 1121 3772 restituimus
1153 3735 1216 3773 ex
1251 3719 1503 3772 omnibus
1542 3734 1673 3774 mss.
1708 3730 1764 3773 et

149 3785 292 3860 edit.
319 3787 572 3852 Tornes.,
598 3787 802 3860 Βυιυι..
829 3799 884 3844 et
909 3790 1177 3844 Soubron.
1207 3790 1262 3843 In
1291 3791 1504 3844 caneris
1535 3790 1762 3860 impres-

145 3859 228 3912 sis
261 3869 364 3923 est,
397 3876 499 3912 non
521 3859 776 3913 viderunt.

229 3928 526 4002 Heraclitus
552 3947 615 3984 es:
660 3933 793 4002 igne.
827 3931 1076 3986 Refertur
1118 3949 1146 3986 a
1196 3931 1412 3987 Lacrtio
1460 3933 1598 3987 inter
1645 3933 1762 4002 ejus

147 4000 427 4069 dogmata.
480 4000 719 4056 Meminit
743 4001 854 4056 Cic.
890 4005 940 4056 in
974 4019 1021 4056 tv
1053 4003 1533 4069 Academ.Qu:est.
1566 4000 1762 4058 Conlu-

149 4082 301 4126 tatur
327 4074 486 4128 etiam
518 4089 547 4129 a
575 4074 826 4128 Lucretio
855 4074 946 4129 lib.
975 4076 1024 4128 1.
1054 4076 1256 4132 BETUL.

1953 2827 2316 2899 Corporentur,
2341 2841 2491 2898 atque
2514 2832 2822 2886 animentur.
2854 2831 3040 2887 Junxit
3083 2833 3272 2889 eodem
3316 2837 3478 2891 modo

1876 2898 2087 2954 Plinius
2119 2901 2155 2952 l.
2189 2916 2265 2954 vn
2313 2901 2449 2954 Hist.
2481 2901 2627 2964 Nat.,
2657 2913 2790 2957 sect.
2820 2905 2889 2958 13
2915 2903 3006 2958 lin.
3026 2904 3094 2958 de
3111 2905 3473 2962 Generatione

1877 2969 2142 3024 Hominis.
2170 2971 2528 3042 Hieronymus
2556 2973 2622 3027 ad
2652 2973 2961 3029 Pammach.
2993 2973 3027 3028 f.
3058 2992 3130 3029 m.
3161 2977 3264 3030 170
3295 2997 3308 3029 :
3342 2977 3477 3033 Con-

1876 3045 2365 3118 Lotur3t_corporat,
2414 3054 2740 3118 corporatum
2794 3047 2851 3118 in
2905 3047 3470 3118 membraidistinguit.

1874 3110 2028 3166 Conf.
2057 3113 2207 3167 Lact.
2234 3115 2326 3169 lib.
2359 3130 2416 3180 ll,
2449 3110 2562 3172 c.'8
2583 3128 2637 3170 et
2664 3115 2866 3170 Barthii
2896 3117 3120 3172 Advers.
3151 3117 3187 3172 Ι.
3213 3135 3308 3185 v11,
3333 3110 3382 3175 ἑ.
3416 3121 3473 3189 2,

1875 3183 1972 3238 fol.
2005 3185 2130 3239 515.
2162 3185 2294 3239 ΒυΝ.

1895 3186 1972 3238 'ol.
2005 3186 2130 3239 513.
2162 3186 2294 3241 BUN.

1949 3275 2064 3350 Nec
2090 3279 2275 3330 humor
2295 3286 2456 3347 potest
2477 3280 2766 3346 corporari,
2796 3295 2886 3333 nec
2913 3297 3100 3350 corpus
3122 3283 3361 3335 animari.
3387 3283 3472 3339 Sic

1875 3347 2160 3418 legendum
2184 3358 2266 3403 est
2292 3365 2356 3403 ex
2381 3351 2511 3404 edit.
2529 3350 2800 3404 Soubron.
2817 3361 2869 3405 et
2888 3347 3116 3407 Tornes.
3143 3367 3205 3407 ac
3227 3369 3472 3409 mss.non

1874 3431 1931 3472 ut
1960 3421 2102 3491 male
2129 3421 2180 3474 in
2209 3421 2441 3474 nonullis
2471 3421 2652 3480 editis,
2682 3438 2973 3491 corporare,
3013 3440 3105 3476 nec
3146 3440 3332 3491 corpus
3361 3428 3474 3479 ani-

1871 3507 2033 3564 mare.
2087 3490 2160 3544 ita
2209 3501 2389 3564 autem
2449 3491 2733 3564 legendum
2775 3490 2896 3548 esse
2938 3495 3140 3564 patebit
3188 3490 3378 3561 cuivis,
3427 3499 3469 3552 si

1872 3561 2034 3615 modo
2077 3577 2297 3635 scopum
2345 3563 2605 3635 Lactantii
2660 3561 3038 3635 perpendci-it;
3075 3580 3278 3635 corpus
3326 3567 3470 3621 enim

1871 3646 1978 3686 non
2009 3631 2232 3706 animat,
2267 3633 2360 3706 sed
2389 3631 2790 3706 animatur._Ea:
2821 3631 3349 3706 Isso—Corporari,
3375 3652 3474 3705 pro

1870 3717 2096 3772 corpore
2143 3703 2322 3774 indui,
2365 3712 2417 3756 et
2469 3704 2709 3768 animari,
2771 3720 2866 3771 pro
2915 3703 3162 3759 animam'
3203 3703 3467 3774 accipere,

1869 3789 2007 3846 rar_:_e
2037 3788 2217 3846 voces.
2243 3773 2439 3827 Extant
2467 3776 2684 3846 insuper
2711 3773 2803 3846 lib.
2827 3790 2889 3846 iv
2947 3775 3202 3840 lnstitut.,
3231 3773 3350 3846 cap.
3376 3773 3465 3832 26.

1947 3843 2196 3898 Exulibus
2220 3851 2433 3914 quoque.
2467 3843 2779 3898 lnterdimio
2824 3845 2935 3908 illa,
2967 3847 3102 3899 citra
3147 3845 3246 3899 soli
3299 3843 3470 3902 inuta-

1870 3914 2091 3979 tionem,
2153 3915 2202 3968 in
2259 3929 2326 3969 eo
2381 3915 2696 3979 habebatur,
2738 3931 2851 3968 cum
2910 3917 3127 3982 nemine,
3181 3917 3258 3970 sic
3305 3917 3470 3973 inter-

1868 3985 2036 4057 dicto,
2067 3985 2544 4040 communicandum
2592 4003 2798 4055 aquam,
2833 3995 2878 4039 et
2905 3988 3092 4057 ignem,
3122 3998 3210 4040 aut
3259 3996 3464 4044 tectum.

1871 4056 1937 4111 Ut
1993 4059 2268 4126 Appianus
2331 4058 2565 4127 loquitur
2629 4057 2698 4110 de
2762 4056 2976 4112 Metello
3013 4059 3093 4113 sic
3151 4060 3460 4116 interdicto.

228 4127 439 4198 Thales.
478 4127 550 4200 ne
573 4127 718 4215 quod
747 4127 947 4200 dictum
971 4127 1283 4210 ésftiiir‘o‘i,
1307 4161 1426 4216 cap.
1449 4145 1503 4211 8,
1528 4155 1582 4200 et
1615 4146 1756 4214 apttd
1785 4127 3097 4221 DEl[a_{{l_|e§<g{sg'igglgxigﬂvqge$931329)".
3121 4132 3356 4221 aggere}
3387 4135 3470 4221 ςιέί

145 4213 453 4269 Laertium.

225 4285 531 4360 Substantia
556 4286 708 4357 ignis,
739 4289 881 4341 calor
910 4298 983 4342 est
1002 4303 1225 4360 ,‘Huqute,
1261 4289 1462 4343 humor.
1493 4288 1642 4360 Quia
1675 4289 1756 4344 his

146 4357 460 4428 subsistunt
481 4372 543 4412 ac
569 4369 976 4414 conservantur.
1014 4357 1144 4415 Vide
1173 4361 1328 4421 infra,
1359 4371 1413 4415 et
1437 4375 1555 4428 cap.
1594 4359 1679 4414 12.

227 4427 464 4482 Ovidius.
496 4430 612 4484 Lib.
642 4447 655 4484 l
701 4431 912 4484 Metam.
939 4472 952 4495 ,
1008 4432 1134 4486 ibid.
1181 4431 1270 4486 ubi
1304 4432 1373 4486 de
1414 4427 1518 4486 Nili
1551 4431 1756 4486 foecun-

148 4499 321 4553 ditate
348 4501 550 4556 scribit.

230 4569 298 4625 Ut
325 4582 644 4643 sacramento
675 4574 806 4641 ignis
841 4584 886 4627 et
919 4589 1064 4641 aqua:
1089 4576 1385 4643 nuptiarum
1415 4573 1607 4639 fwdera
1635 4591 1756 4628 san-

148 4643 374 4716 ciantur.
424 4642 615 4698 Festus
651 4644 938 4713 Pompeius
967 4647 1058 4699 lib.
1090 4661 1104 4698 ι
1153 4642 1166 4697 ἐ
1205 4646 1347 4715 Aqua
1383 4646 1569 4699 dicitur
1601 4663 1634 4699 a
1657 4663 1758 4716 qua

135 4715 400 4784 juvantur
431 4729 613 4786 {aqua
637 4728 679 4768 et
712 4717 844 4786 ignis
872 4717 1110 4771 interdici
1137 4717 1283 4779 solet,
1315 4732 1468 4785 quam
1497 4715 1758 4786 accipiunt

149 4794 350 4851 nuptte,
384 4785 614 4840 uidelicet
640 4785 759 4851 quia
790 4790 869 4842 Ita:
905 4789 1021 4841 dua:
1055 4804 1133 4841 res
1162 4790 1438 4841 humanam
1468 4785 1620 4841 vitam
1648 4805 1757 4842 ma-

147 4858 291 4910 :rime
319 4858 596 4910 continent.
644 4858 847 4913 Eadem
895 4859 1192 4922 Plutarch.,
1251 4859 1406 4911 Rom.
1457 4859 1751 4926 Problem.,

148 4943 275 4995 cap.
393 4927 537 4981 Idem
571 4927 761 4982 Festus
785 4931 876 4983 lih.
913 4932 945 4984 6
974 4949 986 4984 :
1013 4927 1200 4982 Facem
1223 4930 1276 4982 in
1298 4931 1486 4999 nuptiis
1512 4932 1563 4984 in
1597 4931 1758 4986 Itono-

151 5015 262 5051 rem
313 4997 507 5071 Cereris
550 5001 923 5067 praeferebant,
955 5017 1185 5071 aquaque
1221 4997 1582 5071 aspergebatur
1627 5020 1756 5056 nova

150 5079 334 5137 nupta,
367 5070 469 5124 sive
495 5079 549 5123 ut
590 5081 730 5125 casta
756 5070 1006 5143 puraque?
1027 5070 1288 5125 ad'virum
1319 5070 1541 5137 veniret,
1572 5073 1674 5127 sive
1703 5086 1756 5127 ut

150 5143 324 5208 ignem
379 5150 424 5193 et
473 5157 656 5210 aquam
707 5159 822 5196 cum
878 5145 983 5198 viro
1038 5144 1450 5197 communicaret.
1512 5143 1756 5200 Valerius

152 5211 382 5266 Flaccus
413 5211 506 5267 lib.
543 5229 654 5278 vm,
692 5218 982 5286 Argonaut.
1013 5233 1027 5270 :

408 5301 582 5375 ignem
609 5305 808 5375 Pollux,
834 5306 1344 5375 undamquejugalem

247 5365 498 5429 Praetulit,
525 5373 578 5417 ut
601 5365 833 5418 dextrum
860 5365 1047 5431 pariter
1069 5365 1322 5422 vertantur
1344 5371 1391 5418 in
1410 5370 1601 5419 orbem.

151 5449 305 5504 Ovid.
343 5449 437 5504 lib.
468 5467 503 5505 ll
532 5450 599 5505 de
629 5456 761 5506 Arte
782 5452 994 5507 aniandi
1024 5470 1036 5506 :

277 5541 377 5614 Istat
403 5543 732 5614 virincaptent,
758 5547 798 5594 si
815 5545 913 5614 jam
937 5544 1171 5614 captanda
1187 5545 1479 5614 probabant,

339 5605 476 5662 Quos
498 5603 676 5654 faciunt
694 5603 858 5667 justas
880 5603 1012 5668 ignis
1030 5615 1080 5656 et
1105 5603 1232 5656 unda
1260 5609 1404 5657 viros.

223 5687 282 5740 In
327 5688 504 5759 primo
544 5688 726 5759 limine
766 5705 955 5759 aquam
987 5689 1350 5754 exhibebant,
1382 5693 1466 5744 cui
1514 5691 1755 5748 titionem

154 5758 520 5827 ittttngebattl.
544 5757 610 5812 Μ.
642 5757 976 5830 Varro—apud
998 5760 1234 5816 Turneb.
1268 5763 1360 5815 lib.
1388 5777 1540 5823 χχιχ,
1573 5779 1623 5816 c.
1647 5765 1714 5817 27
1741 5782 1752 5816 :

155 5830 345 5888 Contra
377 5847 408 5885 a
439 5846 564 5888 novo
595 5833 800 5902 marito,
829 5849 940 5889 cum
969 5834 1086 5888 item
1117 5851 1146 5888 (ι
1170 5833 1282 5907 loco
1311 5836 1362 5892 in
1393 5836 1568 5894 titione
1592 5851 1654 5891 ex
1684 5840 1759 5910 fe-

1865 4209 1912 4253 et
1937 4216 2070 4267 aqua
2111 4210 2156 4253 et
2181 4201 2290 4270 igni
2325 4201 2650 4253 interdictum
2685 4209 2778 4262 est,
2815 4202 3078 4271 receperit,
3110 4203 3366 4266 celaverit,
3399 4215 3470 4257 te-

1864 4273 2067 4333 nuerit;
2115 4271 2258 4338 quod
2309 4272 2384 4324 ait
2437 4271 2633 4325 Paulus
2687 4271 2837 4326 Sent.
2887 4287 2938 4335 v,
2971 4287 3090 4340 cap.
3147 4272 3239 4327 26.
3294 4273 3467 4330 Etiam

1862 4342 2003 4414 apud
2037 4341 2274 4414 Graecos
2302 4342 2531 4414 ﬁsimilisi
2573 4357 2729 4414 pinna
2781 4343 2858 4414 in
2884 4357 3004 4397 usu.
3033 4343 3269 4414 gElectra
3328 4347 3466 4414 apud

1863 4412 2174 4482 Euripidem
2208 4415 2259 4468 in
2288 4413 2476 4468 Oreste
2505 4413 2571 4468 de
2599 4412 2899 4484 se,Pylade
2930 4430 2992 4466 ac
3021 4412 3234 4478 Oreste,
3277 4412 3467 4469 Decre-

1863 4494 1990 4548 tum,
2023 4486 2213 4554 inquit,
2246 4494 2320 4538 est
2354 4485 2504 4554 Argis
2531 4483 2720 4538 nemini
2748 4483 2841 4553 fas
2871 4499 2978 4536 esse
3016 4499 3109 4554 nos
3145 4486 3463 4554 matricidas,

1861 4565 1952 4608 aut
1977 4553 2129 4622 tecto,
2153 4567 2242 4608 aut
2272 4557 2407 4626 igne,
2432 4553 2528 4608 aut
2554 4556 2778 4626 alloquio
2805 4554 3058 4626 excipere.
3089 4553 3468 4626 Supremos.—

1863 4627 2065 4700 Eadem
2095 4641 2249 4692 pinna
2272 4623 2494 4700 allectus
2522 4626 2688 4700 fuisse
2713 4623 3241 4700 legiturinUsuardi
3270 4627 3466 4700 Marty-

1862 4698 2066 4767 rologio
2123 4714 2249 4752 xuii
2299 4697 2404 4751 kal.
2433 4697 2664 4764 jauuarii
2711 4692 2788 4749 Sf
2839 4692 3142 4748 Valerianus
3189 4696 3243 4749 in
3290 4692 3466 4766 Africa

1860 4770 2144 4840 episcopus,
2189 4771 2292 4840 qui,
2315 4777 2602 4840 cumresset
2639 4781 2890 4840 annorum
2928 4767 3052 4840 plus
3096 4768 3374 4838 octoginta,
3403 4771 3455 4823 in

1861 4835 2212 4909 persecutione
2256 4839 2537 4893 Vandalica
2591 4837 2684 4892 sub
2730 4835 3000 4891 Genserico
3026 4853 3142 4908 rege
3170 4835 3350 4894 ariano
3378 4857 3464 4895 ex-

1861 4920 1940 4963 lra
1963 4913 2214 4965 civitatem
2241 4911 2516 4981 singularis
2541 4909 2726 4978 expelli
2755 4909 2923 4981 iussus
2944 4920 3017 4963 est
3043 4925 3060 4962 :
3091 4919 3136 4962 et
3176 4914 3248 4963 ita
3276 4927 3465 4981 praece-

1860 4992 2024 5052 ptum,
2059 4992 2109 5034 ut
2139 4982 2310 5036 nullus
2325 4979 2454 5035 cum
2497 4997 2654 5051 neque
2680 4981 2732 5032 in
2761 4979 2930 5052 domo,
2963 4997 3119 5050 neque
3151 4981 3204 5034 in
3235 4979 3358 5052 agro
3385 4983 3464 5036 di-

1861 5051 2076 5106 mitteret
2103 5053 2367 5118 habitare;
2391 5052 2479 5106 sed
2506 5055 2556 5105 in
2598 5060 2760 5106 strata
2792 5051 2998 5119 publica
3042 5053 3202 5105 multo
3243 5051 3466 5121 tempore

1860 5125 2026 5178 nudus
2048 5127 2137 5178 sub
2163 5140 2277 5178 aere
2289 5125 2488 5196 jacens,
2520 5125 2572 5196 in
2598 5123 2916 5196 confessione
2935 5123 3202 5196 catholica:
3215 5125 3460 5190 veritatis,

1860 5205 1905 5247 et
1936 5198 1996 5248 de
2025 5197 2230 5249 ensione
2251 5192 2574 5250 sanctimonii
2611 5210 2814 5248 cursum
2846 5192 3005 5246 beata:
3029 5195 3143 5246 vita:
3170 5197 3462 5264 complevit.

1862 5266 1935 5320 Es
1974 5203 2110 5320 \Iict.
2147 5266 2253 5320 Vit.
2289 5267 2424 5320 Hist.
2457 5265 2733 5320 Persecdt.
2769 5263 2992 5319 Vandal.
3025 5264 3118 5318 lib.
3154 5279 3192 5320 ι.
3226 5281 3280 5317 η.
3316 5265 3403 5318 12.

1862 5266 1935 5320 Es
1974 5263 2110 5322 Vict.
2147 5266 2253 5321 Vit.
2289 5267 2424 5321 HiSI.
2457 5265 2733 5322 Persecdt.
2769 5263 2992 5319 Vandal.
3025 5264 3118 5318 lib.
3154 5279 3192 5322 l,
3226 5263 3291 5317 n.’
3316 5265 3403 5318 12.

1935 5337 2134 5392 Horum
2163 5339 2378 5392 alterum
2427 5338 2590 5403 nobis,
2641 5347 2744 5392 etc.
2778 5335 2894 5390 Non
2941 5334 3048 5405 agit
3091 5334 3193 5388 hoc
3236 5335 3462 5391 Lactan-

1860 5409 1988 5475 tius,
2017 5421 2072 5462 ut
2098 5408 2290 5464 doceat
2315 5410 2584 5465 hominem
2617 5417 2820 5464 tantum
2848 5423 2912 5462 ex
2942 5408 3062 5478 igne
3088 5413 3142 5460 et
3169 5420 3305 5476 aqua
3329 5421 3462 5462 con-

1863 5489 2026 5534 stare.
2051 5478 2262 5550 Corpus
2291 5482 2552 5551 siquidem
2584 5479 2850 5560 hominis,
2871 5486 2928 5531 ut
2956 5478 3463 5560 animantipm‘reli-

1859 5567 2087 5620 quormn
2115 5549 2376 5617 omnium,
2409 5562 2618 5607 constat
2643 5567 2709 5606 ex
2731 5557 2960 5620 quatuor
2979 5549 3458 5620 elementis,_Aris-

1863 5618 1957 5675 tot.
1987 5634 2039 5677 et
2091 5624 2412 5692 Hippocrate
2460 5623 2706 5677 tesrihus.
2736 5618 2841 5674 Sed
2879 5635 2947 5674 ex
2983 5620 3238 5692 analogia
3277 5618 3456 5692 docet,

1861 5693 2053 5770 anima:
2076 5689 2335 5770 originem
2375 5695 2583 5770 caelitus
2604 5707 2762 5758 esse;
2783 5689 3026 5770 corporis
3049 5689 3461 5770 ex_iisdem_ele-

1864 5767 2082 5833 mentis,
2113 5758 2187 5821 ei
2207 5764 2403 5834 quibus
2432 5764 2678 5819 universa
2709 5767 2957 5817 constant
2985 5776 3000 5812 :
3044 5758 3138 5813 sed
3179 5759 3232 5840 in
3270 5761 3461 5888 Erimis

1865 5853 1928 5888 ex
1967 5836 2207 5888 humido.
2241 5852 2305 5888 eo
2334 5833 2635 5888 forte.auia
2667 5843 2718 5888 et
2741 5845 2924 5888 semen
2948 5839 3002 5884 et
3031 5844 3248 5888 sanguis
3309 5847 3458 5888 umo-

1865 5853 1928 5896 cx
1967 5836 2207 5906 humido,
2227 5833 2305 5892 eo
2334 5833 2493 5904 forte,
2514 5836 2635 5908 quia
2667 5843 2718 5889 et
2741 5845 2924 5888 semen
2948 5839 3002 5884 et
3031 5833 3248 5902 sanguis
3270 5833 3458 5890 humo-

3663 1572 3728 1592 ι-,σ

3495 1603 3517 1625 δ
3525 1585 3680 1674 ιζ
3688 1589 3772 1656 τῖ’ὶέ
