3790 6274
309 320 409 377 511
1384 324 1572 379 FIRM.
1617 323 1982 380 LAllTANTII
2025 323 2223 381 DIVIN.
2269 323 2512 381 INSTIT.
3512 323 3630 381 312

302 449 679 510 argumentum
707 439 1128 495 immortalitatis
1155 439 1313 496 datus
1343 451 1444 503 est.
1477 442 1731 511 quoniam
1767 441 1905 512 ignis
1932 445 1984 505 Α
2011 443 2113 498 sibi
2142 453 2406 499 aeternum
2430 456 2623 513 parare
2651 443 2950 511 constituit,
2981 449 3036 498 et
3057 439 3486 497 innumerabiles
3504 442 3632 498 ani.

239 538 261 561 ‘
303 549 334 587 e
361 536 500 592 cmlo
531 544 648 592 est:
682 536 833 602 cujus
866 544 1075 600 natura,
1106 535 1229 603 quia
1263 533 1476 588 mobilis
1494 541 1596 599 est,
1631 543 1916 589 etsursum

306 627 514 690 nititur,
566 626 688 679 vita:
739 625 979 680 continet
1020 626 1306 679 rationem.
1357 623 1567 680 Caetera
1616 641 1749 681 vero
1793 627 1912 681 ani-

305 719 488 783 malia,
549 717 804 786 quoniam
863 726 970 769 tota
1023 727 1148 770 sunt
1201 717 1480 782 mortalia,
1542 719 1916 774 tantummodo

304 823 439 878 aqua
481 815 731 874 utuntur,
775 807 918 876 quod
960 816 1043 862 est
1081 807 1406 862 elementum
1437 809 1720 878 corporale
1757 821 1918 880 atque

306 909 604 955 terrenmn.
635 897 803 968 Cujus
831 906 1044 964 natura,
1077 899 1200 970 quia
1246 899 1461 955 mobilis
1507 909 1610 967 est,
1659 915 1723 954 ac
1757 900 1916 957 deor-

304 1009 425 1050 sum
450 1007 702 1064 vergens,
731 993 960 1062 ﬁguram
995 992 1188 1046 mortis
1213 992 1468 1047 ostendit.
1499 990 1627 1048 Ideo
1659 993 1915 1065 pecudes,

309 1103 486 1160 neque
530 1087 582 1142 in
625 1086 826 1142 coelum
869 1087 1205 1157 suspiciunt,
1237 1102 1413 1158 neque
1460 1086 1749 1158 religiones
1795 1104 1919 1145 sen-

303 1182 464 1248 tiunt,
513 1180 769 1251 quoniam
815 1179 884 1235 ab
929 1179 1012 1235 his
1045 1195 1175 1234 usus
1218 1180 1360 1250 ignis
1402 1179 1610 1234 alienus
1632 1190 1735 1235 est.
1766 1180 1918 1237 Unde

303 1284 504 1340 autem,
522 1275 604 1329 vel
626 1273 898 1345 quomodo
923 1274 1062 1329 Deus
1094 1273 1211 1328 bare
1241 1273 1348 1328 duo
1375 1271 1708 1342 principalia,
1737 1275 1916 1344 ignem

305 1377 356 1422 et
387 1383 604 1438 aquam,
637 1368 722 1422 vel
753 1367 1082 1433 accenderit,
1116 1366 1204 1423 vel
1231 1366 1571 1438 eliquaverit,
1598 1366 1748 1424 solus
1774 1367 1917 1424 scire

305 1467 483 1531 potest
512 1459 600 1530 qui
630 1459 773 1516 fecit.

932 1573 1163 1631 CAPUT
1194 1573 1286 1629 XI.

305 1688 383 1744 De
438 1689 814 1758 animantibus,
864 1691 1102 1754 homine,
1153 1690 1500 1759 Prometheo,
1560 1690 1911 1758 Deucalione,

1005 1781 1206 1839 Parcis.

383 1921 771 1975 Consummato
795 1921 956 1991 igitur
986 1921 1212 1989 mundo,
1237 1922 1490 1977 animalia
1521 1922 1653 1978 varii
1677 1925 1917 1994 generis,

309 2013 668 2070 dissimilibus
698 2017 906 2082 formis,
950 2026 1005 2070 et
1031 2032 1224 2086 magna
1265 2026 1318 2072 et
1351 2017 1557 2072 minora
1601 2026 1659 2070 ut
1704 2016 1916 2084 ﬁerent,

308 2112 618 2184 imperavit.
647 2113 715 2168 Et
743 2113 882 2169 facta
923 2124 1049 2168 sunt
1087 2115 1248 2181 bina;
1301 2115 1351 2168 id
1389 2124 1472 2168 est
1507 2113 1708 2169 diversi
1754 2129 1917 2169 sexus

308 2207 517 2278 singula
549 2225 561 2260 :
596 2222 660 2262 ex
693 2223 920 2277 quorum
945 2208 1180 2273 foerilms,
1217 2217 1270 2262 et
1292 2222 1407 2274 aer,
1437 2217 1491 2262 et
1518 2216 1681 2273 terra,
1715 2216 1771 2261 et
1800 2222 1916 2262 ma-

306 2300 388 2352 ria
432 2299 698 2368 completa
725 2309 868 2354 sunt.
906 2300 1167 2370 Deditque
1199 2299 1280 2354 his
1321 2299 1572 2354 omnibus
1608 2300 1908 2370 generatim

310 2388 452 2444 Deus
481 2391 733 2444 alimenta
765 2390 830 2444 de
860 2400 1021 2456 terra,
1061 2400 1117 2445 ut
1139 2390 1255 2445 usui
1288 2390 1600 2445 hominibus
1621 2404 1745 2445 esse
1779 2405 1909 2459 pos-

309 2494 465 2549 sent;
500 2484 600 2538 alia
635 2485 888 2538 nimirum
917 2485 984 2538 ad
1013 2484 1184 2550 cibos,
1212 2483 1315 2536 alia
1346 2498 1476 2538 vero
1503 2483 1570 2537 ad
1603 2484 1858 2538 vestitum
1891 2501 1905 2538 :

309 2594 430 2650 quae
461 2588 643 2633 autem
679 2594 993 2650 magnarum
1028 2588 1152 2633 sunt
1181 2579 1398 2644 virium,
1434 2588 1489 2634 ut
1523 2580 1574 2633 in
1615 2580 1911 2635 excolenda

239 2673 270 2695 ί
311 2681 455 2726 terra
495 2671 784 2741 juvarent;
822 2671 964 2726 unde
1005 2671 1147 2727 dicta
1186 2682 1309 2727 sunt
1347 2671 1612 2742 jumenta.
1648 2673 1720 2726 ita
1750 2671 1913 2728 rebus

311 2763 562 2820 omnibus
604 2764 833 2820 mirabili
883 2764 1244 2834 descriptione
1295 2764 1634 2835 compositis,
1685 2779 1911 2835 regnum

2023 551 2138 591 mas
2184 551 2486 606 procreare,
2530 536 2722 608 quibus
2760 535 3220 591 immortalitatem
3260 535 3437 590 daret.
3480 535 3629 591 Tum

2023 627 2146 683 fecit
2177 627 2277 697 ipsi
2303 627 2401 683 sibi
2432 628 2779 682 simulacrum
2803 627 3078 695 sensibile,
3101 636 3262 699 atque
3289 627 3629 698 intelligens,

2023 718 2074 773 id
2102 727 2184 773 est
2210 718 2277 773 ad
2310 717 2562 788 imaginis
2587 732 2699 773 sua:
2730 717 2986 786 formam,
3009 735 3111 789 qua
3136 719 3266 773 nihil
3296 727 3479 788 potest
3505 733 3632 776 esse

2023 811 2314 880 perfectius
2345 829 2358 865 :
2394 811 2664 866 hominem
2707 810 2959 881 ﬁguravit
2991 827 3059 867 ex
3086 810 3215 866 limo
3245 819 3444 878 terrm;
3487 810 3664 890 unde,

2023 904 2188 960 homo
2216 914 2562 976 nuncupatus
2596 914 2699 972 est,
2732 906 2876 976 quod
2901 907 2971 961 sit
3001 907 3174 961 factus
3209 921 3275 961 ex
3303 905 3497 961 humo.
3521 905 3633 962 De-

2023 1001 2186 1070 nique
2223 999 2375 1056 Plato
2406 999 2699 1054 humanam
2737 999 2968 1055 formam
3010 1014 3133 1057 esse
3172 1000 3280 1067 ait;
3314 1009 3372 1056 et
3395 999 3633 1071 Sibylla,

2021 1112 2144 1168 qua)
2169 1097 2301 1153 dicit
2335 1114 2348 1152 :

2268 1249 2380 1287 Εὶιών
2405 1247 2482 1288 ἔστ’
2506 1244 2691 1300 ἄνθρωπος
2716 1249 2796 1299 ipsi,
2817 1249 2925 1300 λόγον
2949 1249 3053 1301 ὀρθὸν
3075 1246 3226 1302 flown.

2095 1366 2170 1422 De
2201 1364 2302 1421 hac
2345 1365 2582 1422 hominis
2623 1365 2843 1423 ﬁctione
2883 1376 3057 1437 poetae
3095 1383 3328 1440 quoque,
3377 1371 3637 1440 quamvis

2020 1469 2294 1531 corrupte,
2321 1469 2500 1516 tamen
2531 1477 2639 1516 non
2671 1462 2828 1516 aliter
2856 1462 3194 1518 tradiderunt
3226 1482 3238 1518 :
3265 1477 3510 1534 namque
3541 1463 3639 1519 ho-

2021 1555 2221 1610 minem
2255 1553 2322 1609 de
2361 1554 2473 1609 luto
2515 1569 2546 1608 a
2577 1553 2906 1610 Prometheo
2948 1555 3148 1610 factum
3191 1571 3314 1612 esse
3343 1556 3637 1613 dixerunt.

2020 1648 2128 1702 Res
2155 1663 2250 1704 eos
2277 1662 2381 1702 non
2407 1646 2619 1712 fefellit,
2646 1647 2740 1702 sed
2768 1663 2967 1703 nomen
2994 1648 3236 1704 artiﬁcis.
3268 1648 3460 1704 Nullas
3489 1651 3640 1705 enim

2021 1740 2231 1796 litteras
2279 1739 2525 1794 veritatis
2555 1739 2846 1810 attigerant
2889 1758 2901 1794 :
2933 1739 3031 1794 sed
3074 1754 3196 1810 qua:
3233 1739 3640 1811 prophetarum

1941 1839 1989 1898 B
2020 1831 2276 1886 vaticinio
2307 1829 2524 1898 tradita,
2573 1830 2627 1885 in
2671 1831 2912 1886 sacrario
2951 1830 3047 1886 Dei
3085 1832 3539 1901 continebantur,
3579 1849 3642 1890 ea

2024 1925 2093 1980 de
2123 1923 2317 1979 fabulis
2339 1933 2393 1979 et
2421 1923 2650 1978 obscura
2679 1923 2936 1994 opinione
2967 1923 3195 1979 collecta
3228 1932 3283 1980 et
3313 1924 3641 1995 depravata,

2025 2026 2082 2072 ut
2108 2017 2306 2071 veritas
2331 2031 2360 2070 a
2394 2016 2554 2086 vulgo
2595 2015 2735 2071 solet
2778 2016 2942 2070 variis
2981 2017 3325 2072 sermonibus
3363 2017 3642 2088 dissipata

2021 2109 2314 2180 corrumpi,
2344 2109 2491 2164 nullo
2521 2125 2630 2164 non
2660 2109 2894 2165 addente
2922 2110 3126 2182 aliquid
3154 2111 3221 2166 ad
3251 2113 3398 2183 quod
3429 2111 3637 2168 audie-

2021 2215 2126 2270 rat,
2161 2205 2492 2260 carminibus
2533 2206 2645 2260 suis
2681 2205 3242 2276 comprehenderunt;
3273 2217 3326 2262 et
3357 2206 3466 2263 hoc
3517 2211 3643 2278 qui-

2020 2297 2143 2352 dem
2166 2297 2365 2365 inepte,
2401 2295 2543 2367 quod
2575 2306 2680 2350 tam
2711 2297 2958 2353 mirabile
2998 2308 3213 2369 tamque
3234 2298 3481 2354 divinum
3515 2299 3643 2370 opi-

2020 2393 2202 2448 ﬁcium
2219 2391 2424 2447 homini
2441 2391 2730 2446 dederunt.
2746 2391 2884 2458 Quid
2907 2392 3051 2447 enim
3075 2408 3212 2462 Opus
3231 2393 3329 2448 fuit
3346 2392 3639 2448 hominem

2019 2485 2086 2540 de
2126 2485 2238 2540 luto
2286 2483 2448 2554 ﬁngi,
2495 2498 2616 2539 cum
2662 2492 2846 2554 posset
2889 2483 3082 2540 eadem
3123 2484 3331 2540 ratione
3375 2485 3640 2556 generari

2019 2591 2124 2645 qua
2155 2575 2270 2645 ipse
2303 2574 2662 2630 Prometheus
2689 2591 2756 2631 ex
2786 2575 2979 2645 Japeto
3011 2585 3168 2632 natus
3190 2577 3309 2632 est?
3336 2577 3429 2648 qui
3460 2576 3515 2630 si
3538 2576 3640 2632 fuit

2022 2667 2204 2733 homo,
2234 2681 2495 2738 generare
2534 2666 2807 2723 hominem
2836 2669 3032 2739 potuit,
3067 2669 3245 2724 facere
3274 2683 3383 2724 non
3429 2669 3635 2739 potuit.

2020 2760 2098 2816 De
2125 2761 2229 2816 diis
2249 2770 2429 2817 autem
2456 2760 2605 2817 illum
2630 2776 2736 2817 non
2759 2761 2946 2831 fuisse,
2970 2777 3128 2834 poena
3151 2763 3269 2834 ejus
3293 2763 3349 2819 in
3377 2762 3638 2820 Caucaso

1647 2896 2010 2955 VARIORUM
2047 2896 2278 2953 NOTAE.

313 3052 401 3092 res
448 3046 604 3104 sunt;
651 3053 773 3092 nam
842 3038 1079 3093 Thaletis
1129 3038 1312 3106 opinio
1359 3037 1427 3092 ab
1477 3036 1593 3106 ipso
1638 3033 1920 3090 Lactantio

315 3109 475 3180 paulo
500 3111 749 3182 superius
776 3119 860 3164 est
889 3109 1129 3179 explosa.
1162 3104 1317 3182 Quod
1359 3104 1764 3182 autemanimae
1786 3107 1925 3182 igni-
1953 3117 1998 3179 ρ
2035 3105 2190 3182 Philo
2216 3104 2462 3182 Ju_da_'us,_
2489 3104 3075 3182 anima_r_n_&1récr_raapo§
3101 3112 3212 3164 θεοῦ
3243 3111 3411 3175 dicit;
3446 3113 3645 3169 tribuit

316 3177 425 3235 iam
479 3181 665 3235 tribuit
712 3177 991 3246 naturain,
1018 3182 1129 3235 suis
1177 3181 1346 3250 ipsius
1375 3177 1678 3250 rationibus
1728 3179 1926 3247 quibus

317 3267 426 3308 non
459 3253 528 3306 ita
558 3252 763 3322 pridem
797 3251 1047 3306 Heracliti
1079 3248 1273 3322 dogma
1299 3248 1614 3313 cenfutavit,
1639 3259 1920 3320 repugnat.

1381 3322 1708 3376 BETULEIUS.

393 3396 543 3450 Tota.
576 3393 710 3450 Nota
740 3408 924 3449 vocem
950 3404 1053 3448 tota
1079 3393 1354 3460 pluraliter
1381 3394 1432 3446 in
1463 3403 1612 3446 recto
1639 3407 1788 3446 casu.

395 3468 528 3534 Quia
557 3466 754 3520 mobilis
781 3476 874 3530 est,
917 3482 978 3518 ac
1021 3466 1258 3519 deorsum
1303 3481 1531 3534 vergens.
1573 3463 1778 3516 Praeter
1815 3477 1919 3517 ms.

321 3542 347 3593 1
383 3539 590 3594 Βυιιοιι.
618 3538 709 3606 qui
740 3535 899 3591 habet
927 3537 1234 3599 immobilis;
1264 3552 1294 3590 a
1325 3535 1560 3590 secunda
1589 3550 1772 3598 manu,
1802 3549 1920 3606 om-

321 3627 418 3666 nes
450 3625 576 3664 mss.
602 3604 658 3662 et
698 3607 823 3662 editi
858 3608 1041 3676 legunt
1079 3608 1278 3661 mobilis
1320 3624 1338 3661 :
1375 3623 1494 3674 quae
1539 3606 1719 3670 lectio,
1753 3604 1923 3659 refra-

321 3691 481 3752 gante
509 3682 628 3735 licet
649 3679 803 3745 Isaeo,
829 3679 1035 3734 videtur
1057 3678 1409 3752 praeferenda.
1436 3677 1571 3752 Cum
1591 3678 1732 3730 enim
1757 3691 1922 3747 expe-

321 3748 569 3808 rientiam
623 3760 881 3814 testatus,
929 3765 1122 3819 aquam
1155 3748 1295 3804 dicat
1338 3748 1664 3804 immobilem
1703 3762 1823 3802 esse
1867 3756 1922 3802 et

322 3834 500 3879 tamen
553 3823 804 3877 deorsum
837 3837 1093 3892 vergere,
1136 3823 1225 3891 qui
1273 3822 1388 3876 fieri
1421 3821 1611 3892 possit,
1659 3833 1809 3892 rogo,
1846 3827 1922 3892 _ut

321 3911 457 3966 aqua
500 3896 754 3966 deorsum
787 3889 1260 3966 moveatur,_quod
1291 3889 1511 3966 fatetur,
1538 3891 1650 3966 ipsa
1703 3889 1918 3944 interim

321 3961 652 4021 immobilis?
676 3964 836 4020 Certe
864 3963 1127 4017 Lactantii
1159 3972 1391 4018 mentem
1423 3961 1634 4017 felicius
1662 3975 1920 4027 asseque—

323 4054 467 4104 mur,
512 4037 557 4091 si
599 4036 664 4089 ad
698 4034 1058 4105 praecedentia
1087 4034 1274 4090 oculos
1299 4033 1663 4089 intendamus.
1707 4032 1920 4105 Quippe

324 4109 413 4164 ubi
447 4103 578 4162 dicit
599 4103 707 4161 nos
726 4107 848 4177 igne
877 4107 973 4168 uti,
1003 4106 1155 4174 cujus
1192 4115 1369 4160 motus
1395 4105 1574 4161 omnis
1612 4111 1696 4156 est
1725 4103 1791 4156 ad
1830 4118 1920 4156 su-

320 4195 513 4250 perna,
547 4188 890 4250 czcteravero
919 4177 1169 4250 animalia
1200 4177 1300 4231 hoc
1321 4190 1609 4250 cumaqua
1633 4188 1920 4228 commune

323 4245 546 4316 habere,
580 4265 699 4319 qme
748 4249 886 4318 ignei
935 4249 1134 4316 vigoris
1180 4263 1376 4318 expers
1416 4247 1523 4300 alio
1542 4245 1726 4319 _longe
1768 4253 1918 4300 motu

323 4320 516 4390 fertur,
549 4316 610 4376 et
629 4335 732 4390 qua
762 4316 936 4389 potest
964 4321 1016 4373 vi
1039 4316 1291 4374 deorsum
1316 4319 1507 4388 vergit.
1535 4316 1734 4372 SPABK.

393 4415 565 4543 Bingb
601 4413 737 4470 Vide
777 4413 976 4471 Cenes.
1019 4431 1069 4479 1,
1116 4423 1171 4470 ct
1217 4411 1422 4469 confer.
1477 4426 1598 4466 cum
1652 4424 1772 4480 cap.
1827 4427 1914 4480 vr,

393 4503 460 4542 rs.
571 4529 582 4540 .

321 4503 460 4544 vers.
494 4503 582 4543 2U.

2033 3033 2530 3108 ipsum_Pl_atonem
2565 3035 2630 3108 Δἰιι
2675 3033 2814 3089 libro
2842 3035 2933 3108 de
2976 3037 3268 3108 Republica
3316 3050 3500 3097 sexto.
3551 3043 3640 3098 Sic

2035 3177 2110 3252 i_l|_i
2147 3176 2533 3252 quod_Pau_lus
2560 3178 2626 3252 a_d
2659 3177 2796 3252 lieb.
2830 3194 2866 3252 ι,
2902 3176 3012 3252 ipsi:
3046 3183 3320 3252 unigenito
3364 3183 3458 3237 Dei
3499 3185 3640 3239 Filio

2032 3245 2266 3329 Christo.
2301 3247 2356 3302 In
2397 3247 2533 3329 libro
2571 3247 2640 3329 de
2683 3245 3164 3329 Mundoﬂru'troOs;
3193 3254 3455 3329 σφραγῖδα
3499 3262 3638 3321 θεοῦ,

2031 3320 2267 3374 animam
2295 3328 2471 3384 vocat,
2501 3319 2653 3388 cujus
2681 3321 3052 3377 characterem
3083 3339 3204 3378 esse
3234 3319 3350 3386 a'it.'
3369 3319 3640 3383 aeternam

2031 3397 2318 3470 rationem.
2351 3390 2686 3470 Pythagoras
2714 3393 2789 3470 ait
2817 3395 3139 3470 mortalibus
3161 3397 3291 3451 θεῖον
3315 3400 3454 3470 γένος
3488 3414 3637 3462 esse;

2031 3463 2362 3547 sicutnetiam
2406 3461 2606 3547 Aratus
2643 3479 2673 3547 εΔ
2697 3467 2786 3547 eos
2822 3466 2922 3547 γὰρ
2962 3470 3047 3520 καὶ
3079 3469 3223 3547 ’γένρς
3269 3461 3441 3547 seps».
3478 3461 3640 3538 Quod

2033 3549 2132 3606 nec
2156 3533 2370 3606 Paulus
2396 3533 2627 3606 quidem
2647 3533 2870 3606 Athenis
2893 3533 3242 3606 improbavit,
3270 3533 3457 3595 Actor.
3491 3533 3634 3597 Evn.

2032 3603 2110 3658 Ex
2156 3602 2556 3684 his,_inquam,
2607 3604 2761 3660 facile
2787 3602 3088 3684 possumus
3133 3602 3424 3684 colligere,
3465 3629 3635 3684 quam

2029 3690 2200 3745 prope
2230 3675 2296 3730 ad
2327 3691 2513 3729 verum
2556 3691 2649 3744 per
2680 3678 2887 3734 medias
2921 3680 3170 3734 tenebras
3215 3675 3454 3737 studiosa
3486 3675 3639 3738 anti-

2029 3747 2206 3816 quitas
2231 3748 2558 3822 pervenerit.
2588 3745 2721 3802 Nam
2755 3765 2902 3822 vere,
2941 3761 2996 3804 ut
3025 3751 3335 3807 Lactantius
3357 3755 3450 3818 ait,
3487 3757 3638 3822 ipsos

2031 3819 2429 3897 non_res,_sed
2464 3833 2668 3897 nomen
2712 3820 2936 3876 artificis
2976 3822 3186 3897 fefellit,
3221 3826 3428 3892 Optimo
3465 3819 3633 3897 atque

2029 3889 2264 3968 maximo
2308 3888 2418 3968 Deo
2456 3889 2604 3944 Jovis
2646 3906 2865 3958 nomen,
2899 3894 3041 3965 quod
3070 3888 3350 3966 Scriptura
3390 3888 3628 3968 ignorat,

2029 3961 2344 4016 tribuentes.
2378 3959 2697 4018 Bs'rvunvs.

2029 4076 2272 4200 metas»,
2314 4083 2418 4130 etc.
2447 4073 2698 4148 Sibyllar.
2728 4076 2934 4148 Carm.,
2966 4095 3131 4138 serm.
3163 4081 3216 4138 8.
3251 4082 3632 4157 lnterpretatio

2053 4165 2061 4175 '
2110 4162 2235 4200 ma:

2053 4162 2192 4200 alllla
2223 4164 2235 4200 ε

2120 4282 2292 4344 Imago
2311 4289 2388 4334 est
2410 4283 2554 4334 homo
2576 4296 2706 4348 mea,
2727 4287 2972 4338 rationem
2991 4293 3176 4339 rectam
3196 4289 3406 4343 habens.

2029 4412 2348 4493 V_ide_et_iam
2378 4429 2688 4493 sermonem
2727 4419 2956 4493 primum
2993 4418 3248 4493 Sibyllar.
3282 4421 3624 4493 Carminum,

2025 4485 2116 4539 ubi
2140 4484 2208 4538 de
2237 4486 2519 4543 Creatione
2546 4484 2798 4545 hominis.

497 4535 748 4643 uestitum.
776 4558 864 4614 Sic
881 4557 1101 4646 restitui
1129 4572 1198 4612 ex
1231 4555 1506 4646 plerisque
1528 4568 1662 4646 russ.
1686 4563 1917 4646 tum've;

2100 4575 2430 4633 Prometheo.
2493 4581 2642 4636 lianc
2711 4581 2945 4639 fabulam
3003 4585 3365 4643 diversimode
3419 4590 3626 4646 diversi

322 4633 581 4698 terrimis,
629 4639 740 4684 tum
784 4631 1022 4699 optimis,
1048 4629 1181 4698 Reg.
1205 4624 1457 4692 (Borion.
1491 4624 1740 4699 aliisque.
1783 4624 1850 4699 in
1881 4627 1914 4683 8

322 4717 434 4757 rec.
469 4712 522 4756 et
554 4696 604 4756 in
637 4701 796 4756 editis
821 4696 927 4766 est,
962 4701 1029 4754 ad
1065 4696 1432 4753 vestimentum.
1464 4727 1532 4736 —
1562 4696 1641 4748 Ad
1667 4697 1920 4752 vestitmn.

321 4772 411 4828 Sic
431 4774 534 4829 edo
559 4789 622 4829 ex
650 4772 971 4837 Bon.,Pal.,
1002 4771 1168 4834 Ultr.,
1200 4770 1348 4836 Lips.
1376 4771 1428 4833 l,
1458 4778 1514 4823 et
1536 4767 1656 4837 loco
1685 4768 1922 4836 gemino,

321 4845 618 4900 secundum
651 4845 903 4899 meliores
939 4836 1130 4906 libros,
1163 4843 1229 4896 de
1250 4841 1354 4907 lra,
1392 4854 1442 4895 c.
1477 4840 1546 4895 15
1578 4855 1594 4893 :
1626 4836 1830 4895 Partim
1857 4842 1926 4896 ad

321 4917 480 4984 cibos,
507 4921 693 4987 partim
723 4917 791 4969 ad
820 4915 1076 4969 vestitum.
1103 4913 1240 4968 Bon.

395 5010 802 5066 Innumerabiles
830 5011 1027 5064 animas
1065 5023 1350 5076 procreare.
1397 5007 1476 5062 Ex
1515 5007 1618 5062 hoc
1643 5007 1762 5064 loco
1785 5022 1923 5064 non-

321 5083 455 5137 nulli
488 5091 742 5154 arguunt,
769 5080 1105 5135 Lactantium
1137 5079 1610 5154 sensisseanimas
1645 5094 1836 5134 omnes
1867 5081 1922 5136 in

322 5149 584 5224 principio
614 5154 777 5208 fuisse
802 5161 1012 5224 creatas
1041 5169 1054 5204 :
1088 5149 1182 5206 sed
1214 5151 1315 5204 hoc
1339 5149 1738 5224 Platonicorum
1763 5166 1923 5224 c_o_m-

320 5222 563 5280 incntum
596 5226 664 5281 de
697 5223 982 5277 animabus
1021 5233 1148 5278 ante
1178 5235 1404 5289 corpora
1443 5222 1676 5276 conditis
1708 5222 1917 5290 irridet,

319 5307 375 5352 et
403 5297 605 5353 refutat
645 5295 734 5350 ille
760 5295 854 5348 lib.
882 5310 960 5358 ιιι,
991 5309 1110 5362 cap.
1144 5294 1230 5348 18.
1265 5293 1329 5347 Et
1359 5292 1575 5363 quidem
1608 5293 1920 5350 Lactantius

320 5367 410 5423 hic
442 5385 548 5424 non
572 5369 639 5422 de
672 5367 785 5435 ipsa
814 5366 1117 5420 animarum
1139 5365 1412 5420 creatione
1441 5365 1694 5434 loquitur,
1724 5365 1820 5419 sed
1848 5367 1918 5421 de

319 5440 505 5495 divino
532 5454 624 5493 eas
651 5435 868 5491 creandi
897 5436 1153 5504 decreto;
1182 5437 1323 5507 quod
1346 5435 1564 5492 denotat
1587 5436 1671 5491 his
1700 5437 1915 5493 verbis:

321 5511 596 5566 Constituit
627 5517 675 5562 et
703 5509 1024 5579 excogitavit.

393 5605 661 5660 Formam.
689 5601 820 5672 Qure
837 5603 907 5658 sit
938 5604 1242 5671 imago,aut
1267 5603 1478 5659 divinus
1506 5604 1790 5660 character
1814 5605 1916 5660 ho-

318 5677 450 5731 mini
479 5674 679 5729 inditus
699 5691 728 5730 a
751 5672 1030 5742 Creatore,
1054 5676 1177 5731 vide
1191 5691 1298 5730 non
1329 5675 1631 5742 Platonem,
1657 5675 1752 5732 sed
1783 5678 1918 5732 Pau-

320 5749 450 5811 lum,
484 5745 785 5804 llCorinth.
807 5762 925 5818 cap.
958 5763 1034 5815 ιιι,
1054 5746 1364 5805 Colossens.
1393 5763 1515 5819 cap.
1539 5763 1618 5816 ιιι,
1640 5747 1910 5819 etEphes.

318 5833 437 5888 cap.
470 5834 543 5874 iv.

318 5971 330 5979 _
390 5911 635 5976 Θιοειδήν.
667 5911 866 5980 Θεοειδῆ
897 5915 1103 5988 potius,
1142 5915 1229 5976 vel
1271 5913 1507 5987 θςπιδᾶς,
1552 5920 1610 5974 ιιι
1648 5916 1734 5977 εει
1769 5914 1912 5989 apud

2033 4660 2278 4728 narrant;
2303 4651 2371 4706 de
2393 4666 2494 4728 qua
2517 4653 2640 4728 vide
2665 4654 2955 4728 Hesiodum
2987 4657 3036 4710 in
3063 4658 3237 4728 Ergis,
3266 4660 3553 4716 Platonem
3577 4666 3625 4717 in

2031 4719 2347 4800 Protagora,
2402 4721 2649 4800 Ovidium
2699 4726 2855 4800 initio
2906 4719 3290 4800 Metamorphs,
3343 4731 3623 4789 Horatium

2029 4791 2129 4847 0d.
2159 4793 2254 4874 _16,
2286 4794 2469 4874 parin.
2504 4797 2556 4874 l;
2591 4796 2924 4874 Propertium
2959 4800 3050 4854 lib.
3082 4791 3370 4874 tiu-Elegia
3393 4804 3462 4871 3;
3492 4805 3622 4860 Ful-

2026 4865 2265 4934 gentium
2289 4866 2342 4918 in
2372 4865 2611 4933 Fabulis,
2645 4865 2706 4922 et,
2725 4869 2994 4925 Servium.
3148 4865 3155 4868 ’
3290 4865 3317 4874 “’
3356 4899 3359 4902 ν

2102 4957 2266 5013 Nullo
2283 4977 2386 5036 non
2405 4961 2624 5036 addente
2644 4963 2842 5030 aliquid
2865 4965 2932 5020 ad
2953 4967 3089 5036 quod
3109 4969 3360 5023 audierat.
3387 4969 3464 5024 Ex
3486 4986 3617 5026 mss.

2007 5039 2080 5084 ‘et
2097 5041 2206 5084 vet.
2229 5031 2387 5106 edit.,
2407 5033 2560 5088 Rom.
2591 5035 2661 5088 ita
2679 5037 2916 5104 reposui.
2934 5031 2990 5092 In
3008 5039 3284 5106 impressis
3311 5051 3446 5103 erat,
3477 5045 3621 5096 nullo

2026 5119 2128 5156 non
2169 5102 2388 5157 addente
2435 5105 2629 5174 aliquid
2672 5102 2916 5177 ad‘quod
2959 5102 3254 5164 audierunt.
3306 5102 3620 5168 Lect’ioncnt

2027 5184 2228 5253 textus,
2258 5190 2504 5253 errorem
2539 5177 2742 5232 librarii
2774 5189 2927 5248 putes
2968 5181 3192 5253 forsan:
3227 5193 3280 5235 at
3320 5197 3420 5251 ego
3449 5183 3620 5253 ipsius

2025 5244 2291 5317 Lactantii
2358 5248 2550 5301 scitum
2613 5263 2733 5304 esse
2777 5244 2997 5306 'censeo
3062 5244 3482 5317 hellenismumf
3546 5257 3620 5310 sic

2024 5316 2650 5396 Terent.__in_Andria___:
2697 5321 2927 5396 Restitue
2971 5323 3024 5376 in
3063 5339 3211 5391 quem
3253 5341 3334 5378 me
3379 5316 3620 5396 accepisti

2023 5389 2211 5467 locum.
2243 5389 2332 5444 Sic
2356 5389 2564 5467 Livius,
2595 5390 2685 5445 lib.
2718 5407 2734 5445 ι
2761 5410 2774 5447 :
2808 5391 2876 5467 Et
2904 5394 2958 5446 in
2986 5389 3132 5467 quem
3173 5397 3395 5465 primum
3430 5389 3620 5467 egressi

2021 5471 2139 5515 sunt
2167 5461 2335 5514 locum
2355 5460 2537 5529 Troja,
2563 5472 2792 5516 vocatur.
2811 5460 3132 5520 Gronovius.
3161 5460 3306 5521 lianc
3329 5460 3620 5525 lectionem

2020 5532 2342 5614 conﬁrmant
2369 5532 2530 5614 etiam
2554 5550 2688 5590 mss.
2705 5533 3048 5606 Lips.,Ultr.,
3065 5537 3101 5590 2
3123 5537 3286 5592 Βιιιιι.
3312 5537 3370 5594 In
3399 5541 3434 5594 5
3456 5539 3620 5614 Reg,

2020 5617 2132 5659 rec.
2165 5604 2234 5656 ad
2261 5603 2315 5657 id
2342 5603 2499 5673 quod.

2090 5695 2448 5771 Prometneus.
2492 5697 2643 5771 Unus
2684 5715 2716 5754 e
2764 5699 3062 5756 Titanibus.
3115 5702 3336 5771 Japetus
3383 5721 3622 5770 namque

2021 5767 2183 5824 Urani
2213 5778 2269 5823 et
2295 5768 2477 5824 Titaeae
2509 5770 2646 5825 ﬁlius
2687 5781 2805 5826 erat
2837 5790 2849 5825 :
2877 5772 2991 5828 haec
3033 5767 3319 5830 facta-sunt
3347 5777 3490 5829 circa
3525 5767 3627 5834 Sa-

2020 5841 2161 5920 turni
2185 5849 2444 5920 tempora,
2478 5843 2682 5898 scilicet
2711 5843 3078 5903 novemdecim
3108 5857 3162 5905 et
3185 5847 3422 5919 amplius
3448 5864 3628 5908 saecu-

2019 5910 2088 5972 lis
2113 5920 2239 5970 ante
2265 5911 2540 5982 vulgarem
2567 5929 2750 5974 auram.
