3790 6274
65 352 168 411 515

1149 353 1353 411 LIBER
1378 353 1443 411 ll.
1487 353 1577 411 DE
1604 353 1883 415 ORIGINE
1906 355 2231 415 ERRORIS.

3238 361 3343 422 514

66 470 241 519 monte
258 460 517 519 declarat.
542 459 651 518 Sed
692 476 867 534 neque
903 471 1117 535 patrem
1154 466 1323 533 ipsius
1356 467 1628 540 Japetum,
1662 472 1717 532 Α
1743 470 1972 543 primum
1993 472 2233 528 omnium
2255 471 2583 531 Promethea
2601 472 2950 531 simulacrum
2973 475 3205 533 hominis
3222 475 3340 534 for-
3390 509 3399 518 ο

66 564 406 627 patruumque
426 552 616 609 Titana
644 554 928 626 quisquam
965 556 1100 613 deos
1139 560 1487 631 nuncupavit,
1519 562 1646 632 quia

66 647 205 717 regni
252 646 552 701 sublimitas
596 661 762 716 penes
816 648 1114 704 Saturnum
1170 652 1344 707 solum
1389 653 1518 719 fuit,
1552 666 1651 723 per

65 754 214 811 quam
253 739 467 794 divinos
511 738 747 795 honores
791 755 915 797 cum
958 744 1210 800 omnibus
1256 746 1369 800 suis
1420 748 1650 816 posteris

65 843 376 891 consecutus
397 841 498 890 est.
514 833 690 888 Multis
711 837 1043 905 argumentis
1066 837 1169 895 hoc
1187 839 1497 909 figmentum
1522 855 1650 910 poe-

65 936 226 983 tarum
253 926 470 997 coargui
502 935 699 997 potest.
733 927 957 984 Factum
985 945 1110 987 esse
1133 931 1392 986 diluvium
1422 930 1490 987 ad
1520 947 1647 1003 per-

62 1017 278 1074 dendam
304 1018 707 1091 tollendamque
727 1035 796 1077 ex
809 1021 942 1078 orbe
963 1029 1122 1079 terrae
1136 1024 1418 1093 malitiam,
1437 1031 1649 1081 constat

60 1112 191 1167 inter
216 1126 428 1167 omnes.
463 1112 609 1168 Idem
653 1114 798 1170 enim
846 1123 902 1170 et
933 1115 1263 1187 philosophi,
1297 1125 1474 1189 poetae
1507 1114 1644 1189 (scil.

64 1200 223 1266 0vid.,
252 1217 290 1269 ι,
321 1202 504 1275 Mea),
534 1204 940 1277 scriptoresque
970 1222 1157 1264 rerum
1191 1209 1534 1280 antiquarunm
1569 1214 1651 1269 lo—

59 1304 312 1367 quuntur;
348 1294 404 1350 in
447 1311 618 1366 eoque
660 1298 898 1355 maxime
940 1315 1063 1355 cum
1104 1302 1488 1371 prophetarum
1529 1320 1646 1363 ser-

60 1403 202 1442 mone
246 1392 622 1447 consentiunt.
656 1391 715 1448 Si
752 1407 882 1464 ergo
917 1388 1278 1467 cataclysmus
1313 1397 1437 1453 ideo
1476 1397 1650 1457 factus

58 1487 144 1543 est,
176 1489 229 1533 ut
249 1481 480 1548 malitia,
514 1498 631 1553 qua:
665 1498 760 1554 per
788 1485 1008 1540 nimiam
1037 1486 1442 1544 multitudinem
1473 1489 1648 1547 incre-

58 1580 212 1637 verat,
260 1573 611 1641 perderetur,
657 1575 930 1646 quomodo
960 1577 1114 1632 lictor
1158 1578 1393 1635 hominis
1423 1580 1648 1639 Prome-

61 1662 198 1717 theus
236 1661 390 1719 fuit?
427 1667 582 1737 cujus
619 1666 787 1723 ﬁlium
834 1668 1213 1727 Deucalionem
1261 1672 1420 1729 iidem
1448 1673 1552 1745 ipsi
1577 1675 1649 1732 ob

56 1755 300 1828 justitiam
329 1759 510 1813 solum
534 1775 654 1816 esse
677 1760 863 1816 dicunt
882 1775 1181 1819 servatum.
1201 1764 1485 1834 Quomodo
1510 1785 1646 1825 unus

62 1847 260 1919 gradus,
293 1856 351 1903 et
383 1865 489 1905 una
517 1852 821 1923 progenies,
852 1855 1039 1911 orbem
1067 1864 1226 1912 terra:
1250 1870 1358 1914 tam
1386 1860 1641 1917 celeriter

1818 1877 1937 1941 )ici,
1969 1891 2090 1931 cum
2117 1877 2185 1932 de
2222 1876 2558 1948 providentia
2593 1876 2889 1943 disserunt,
2922 1875 3103 1931 facere
3139 1891 3345 1931 conan—
3370 1864 3607 1955 imit“;

63 1940 213 2012 potuit
246 1940 563 1998 hominibus
591 1945 855 2015 implere?
876 1946 984 2002 Sed
1021 1948 1271 2005 videlicet
1300 1950 1403 2006 hoc
1432 1967 1648 2023 quoque

64 2033 129 2088 sic
152 2043 530 2104 corruperunt,
564 2044 623 2092 ut
660 2037 792 2094 illud
822 2026 1108 2110 superius;
1147 2057 1270 2097 cum
1311 2044 1645 2114 ignorarent,

67 2125 111 2178 in
147 2139 246 2194 quo
289 2132 536 2196 tempore
575 2129 936 2201 cataclysmus
975 2131 1045 2187 sit
1082 2131 1254 2189 factus
1296 2135 1350 2189 in
1383 2145 1561 2203 terra,
1593 2144 1649 2193 et

65 2215 168 2285 quis
185 2214 542 2287 objustitiam
566 2221 839 2289 meruerit,
870 2235 1073 2292 genere
1101 2222 1338 2281 humano
1355 2232 1642 2297 pereunte,

66 2307 259 2375 salvari,
288 2315 343 2364 et
371 2310 676 2379 quomodo,
708 2320 802 2366 aut
838 2328 961 2367 cum
993 2313 1188 2385 quibus
1234 2326 1481 2372 servatus
1523 2319 1595 2374 sit
1627 2335 1641 2374 :

66 2417 170 2472 qua:
195 2402 366 2457 omnia
401 2403 745 2475 prophetica:
775 2405 970 2461 littera:
997 2406 1216 2463 docent.
1249 2410 1490 2481 Apparet
1515 2425 1647 2482 ergo

65 2496 238 2552 lalsum
265 2511 381 2554 esse
404 2498 564 2569 quod
586 2499 653 2555 de
683 2498 899 2571 opiﬁcio
927 2500 1237 2559 Promethei
1269 2514 1510 2560 narrant.

128 2588 308 2646 Verum
335 2593 474 2663 quia
523 2601 712 2663 poetas
761 2593 1005 2650 dixeram
1055 2595 1192 2666 (scil.
1222 2597 1313 2653 lib.
1345 2614 1383 2666 ι,
1407 2615 1524 2669 cap.
1557 2597 1652 2672 II)

70 2701 160 2742 non
187 2685 395 2742 omnino
455 2687 673 2744 mentiri
702 2688 901 2757 solere,
923 2689 1019 2746 sed
1051 2689 1234 2762 ﬁguris
1262 2692 1563 2761 involvere,
1596 2702 1653 2749 et

77 2780 335 2838 obscurare
365 2797 497 2854 quae
538 2781 740 2851 dicant,
780 2798 887 2840 non
924 2783 1048 2841 dico
1081 2799 1204 2842 esse
1243 2786 1521 2852 mentitos,
1555 2788 1650 2844 sed

1751 581 1929 624 masse
1952 568 2020 624 de
2043 569 2223 640 pingui
2249 579 2303 626 et
2330 570 2481 626 molli
2503 571 2640 636 luto,
2662 571 2731 626 ab
2755 585 2933 641 eoque
2956 570 3130 641 primo
3157 579 3339 630 natam

1752 674 1873 717 esse
1897 671 2094 730 artem,
2127 671 2182 717 et
2207 673 2434 730 statuas,
2467 672 2522 719 et
2546 664 2833 719 simulacra
2862 663 3132 734 ﬁngendi;
3173 665 3344 736 siqui-

1750 754 1874 810 dem
1900 755 2048 813 .lovis
2093 758 2423 828 temporibus
2464 758 2586 825 fuit,
2629 758 2822 830 quibus
2859 758 3095 829 primum
3141 759 3344 830 templa

1750 851 2030 919 constitui,
2058 859 2115 908 et
2144 853 2267 908 novi
2296 852 2519 910 deorum
2544 855 2722 910 cultus
2749 868 2873 910 esse
2909 861 3210 926 coeperunt.
3252 855 3345 913 Sic

1750 944 1954 1000 veritas
1994 942 2172 1002 fucata
2220 947 2504 1004 mendacio
2544 958 2656 1016 est;
2698 957 2752 1005 et
2797 948 2952 1016 illud,
2988 949 3130 1021 quod
3158 965 3190 1007 a
3230 951 3343 1009 Deo

1749 1035 1947 1092 factum
1978 1037 2271 1105 ferebatur,
2304 1039 2529 1107 homini,
2561 1041 2651 1111 qui
2674 1056 2810 1111 opus
2833 1040 3072 1098 divinum
3102 1042 3344 1102 imitatus

1749 1136 1853 1194 est,
1883 1129 2044 1185 etiam
2073 1132 2235 1200 coepit
2262 1131 2518 1188 adscribi.
2543 1131 2813 1189 Caeterum
2835 1132 2982 1190 ﬁctio
3003 1135 3120 1191 veri
3142 1150 3208 1191 ac
3233 1136 3343 1193 vivi

1748 1222 1983 1279 hominis
2004 1238 2037 1280 e
2061 1224 2191 1281 limo
2219 1226 2313 1281 Dei
2340 1235 2442 1283 est.
2475 1228 2631 1294 Quod
2674 1227 2900 1285 Hermes
2927 1244 3145 1302 quoque
3176 1231 3343 1287 tradi-—

1749 1314 1874 1372 dit:
1916 1317 2004 1388 qui
2063 1332 2170 1373 non
2219 1326 2426 1374 tantum
2477 1318 2757 1376 hominem
2795 1320 2861 1376 ad
2909 1320 3196 1393 imaginem
3245 1323 3345 1380 Dei

1749 1404 1948 1463 factum
1978 1422 2100 1464 esse
2126 1408 2264 1465 dixit
2290 1425 2321 1464 a
2360 1411 2499 1477 Deo;
2541 1411 2635 1467 sed
2677 1411 2838 1468 etiam
2879 1412 3009 1468 illud
3048 1415 3343 1483 explanare

1753 1504 1999 1567 tentavit,
2025 1519 2186 1574 quam
2216 1505 2400 1561 subtili
2428 1505 2638 1562 ratione
2668 1507 2878 1578 singula
2900 1523 3125 1580 quasque
3147 1509 3201 1566 in
3225 1525 3351 1567 cor-

1749 1608 1883 1664 pore
1925 1594 2158 1653 hominis
2189 1597 2429 1653 membra
2462 1597 2796 1667 formaverit,
2825 1615 2948 1655 cum
2987 1616 3180 1657 eorum
3213 1601 3351 1659 nihil

1750 1689 1823 1745 sit
1883 1689 2027 1760 quod
2082 1706 2188 1747 non
2246 1692 2579 1748 tantumdem
2636 1692 2705 1747 ad
2756 1707 2886 1749 usus
2936 1694 3344 1765 necessitatem,

1749 1791 2009 1853 quantum
2061 1785 2129 1840 ad
2180 1784 2638 1855 pulchritudinem
2679 1786 2876 1842 valeat.
2909 1784 2968 1841 Id
3008 1801 3142 1842 vero
3183 1787 3347 1842 etiam

1754 1978 1876 2035 tur;
1910 1980 1963 2027 et
2003 1979 2222 2026 secutus
2262 1985 2357 2026 eos
2392 1969 2597 2026 Tullius
2635 1969 2879 2041 pluribus
2924 1969 3142 2040 quidem
3188 1970 3347 2025 locis.

1751 2062 1858 2119 Sed
1884 2072 2060 2118 tamen
2090 2063 2370 2119 materiam
2400 2070 2508 2118 tam
2537 2061 2815 2133 copiosam
2842 2069 2898 2119 et
2927 2061 3150 2119 uberem
3176 2062 3351 2118 stric—

1749 2156 1845 2210 tim
1872 2156 2152 2227 contingit;
2179 2170 2339 2225 quam
2364 2170 2465 2227 ego
2492 2170 2638 2212 nunc
2662 2154 2867 2211 idcirco
2898 2164 3184 2226 praetereo,
3213 2153 3341 2227 quia

1750 2263 1925 2318 nuper
1961 2248 2239 2318 proprium
2285 2246 2352 2303 de
2391 2262 2455 2303 ea
2483 2262 2546 2303 re
2583 2247 2781 2303 librum
2827 2245 2896 2302 ad
2938 2245 3349 2303 Demetrianum
3394 2265 3451 2291 κ·

1751 2342 2050 2398 auditorem
2102 2356 2282 2397 meum
2328 2342 2540 2412 scripsi.
2571 2342 2706 2397 Illud
2750 2341 2853 2397 hoc
2898 2341 3020 2397 loco
3071 2339 3351 2411 praeterire

1753 2451 1860 2490 non
1893 2450 2135 2504 possum,
2159 2435 2303 2506 quod
2330 2444 2573 2491 errantes
2599 2433 2912 2505 philosophi
2936 2434 3152 2504 quidam
3173 2434 3351 2500 aiunt,

1755 2527 2020 2594 homines,
2049 2534 2355 2596 caeteraque
2388 2525 2643 2581 animalia
2686 2525 2804 2580 sine
2845 2523 2954 2579 ullo
2981 2524 3190 2581 artiﬁce
3226 2531 3346 2581 orta

1753 2635 1876 2679 esse
1901 2619 1969 2677 de
1998 2627 2174 2686 terra;
2204 2618 2347 2675 unde
2376 2617 2510 2674 illud
2539 2617 2890 2689 Virgilianum
2913 2625 2995 2672 est
3022 2634 3037 2672 :

1882 2796 2074 2847 Terrea
2092 2796 2363 2860 progenies
2383 2793 2525 2846 duris
2558 2730 2908 2857 cgiiinéi'ifm
2928 2792 3075 2845 arvis.

1406 2878 1768 2938 VARIORUM
1803 2879 2031 2938 NOTAE.

147 2966 287 3041 Pinna
332 2967 536 3041 ejusin
585 2966 816 3024 Caucaso
845 2977 1031 3041 monte.
1080 2968 1138 3024 ln
1176 2967 1420 3027 Caucaso
1467 2973 1643 3041 ipsum

1750 2973 1786 3026 2
1815 2972 1995 3035 Colb..
2029 2972 2286 3037 Sorbon.,
2316 2971 2473 3037 Pen.,
2512 2970 2673 3033 Tax.,
2715 2968 2751 3024 2
2780 2970 3015 3025 Clarum.
3048 2971 3104 3027 In
3140 2971 3208 3028 I0
3233 2986 3345 3031 rec.

84 3052 185 3117 esse
206 3038 410 3094 afﬁxum
458 3039 1121 3117 interpretatur_Tz_etz_es.
1150 3072 1231 3117 -_
1258 3042 1416 3117 Poena
1455 3038 1567 3117 ejus
1596 3046 1649 3117 in
1678 3045 1723 3107 C
1756 3053 1809 3117 e_t
1827 3045 1881 3099 in
1916 3045 1984 3101 lO
2003 3046 2133 3100 edit.
2164 3053 2249 3100 est
2274 3042 2672 3109 Prometheum;
2703 3042 2754 3097 in
2786 3043 2811 3097 1
2843 3041 2973 3114 Reg.
3008 3053 3062 3098 et
3092 3044 3145 3100 1.
3170 3043 3346 3117 Lips.,

85 3108 280 3183 Caucaso
307 3119 497 3165 monte.
535 3110 614 3183 De
639 3111 1154 3183 Prometlieiifabula
1184 3113 1325 3183 pleni
1353 3108 1488 3170 sunt
1500 3115 1644 3171 libri.

87 3179 149 3236 De
175 3196 317 3251 paena
343 3182 681 3253 Propertius,
716 3182 811 3239 lib.
845 3199 902 3249 ιι,
932 3182 1080 3252 Eleg.
1115 3185 1166 3250 l,
1186 3179 1254 3238 ’v.
1280 3186 1341 3240 7l
1385 3204 1398 3239 :

213 3272 338 3337 Idem
357 3284 600 3337 caucasea
617 3273 778 3323 solvet
798 3275 866 3325 de
879 3286 1006 3337 rupe
1020 3273 1310 3325 Promethei

267 3336 490 3398 Brachia,
520 3344 573 3386 et
595 3349 623 3386 a
642 3337 806 3387 medio
828 3336 1031 3400 pectere
1047 3337 1205 3401 pellet
1218 3350 1380 3389 avem.

147 3417 205 3473 Et
226 3418 473 3475 Martialis
501 3420 776 3490 Spectac.,
808 3435 976 3474 carm.
1012 3422 1045 3477 7
1076 3439 1089 3474 :

190 3498 393 3564 Qualiter
412 3500 462 3548 in
490 3499 706 3564 scythica
729 3499 969 3561 religatus
993 3512 1117 3564 rupe
1138 3499 1473 3564 Prometheus

245 3560 493 3611 Assiduam
520 3560 670 3610 nimio
695 3568 898 3624 pectore
917 3560 1234 3625 pavit'avem.
1261 3562 1400 3615 Cum.

153 3630 473 3701 Palmumque
504 3632 714 3687 Titana.
748 3632 867 3687 Fuit
890 3648 1023 3686 avus
1053 3643 1332 3702 paternus.
1362 3634 1612 3690 Tuvsms.

154 3702 295 3759 Penes
322 3705 607 3760 Saturnum
627 3703 791 3758 solum
833 3705 948 3774 fuit.
984 3702 1110 3757 Fuit
1136 3720 1201 3759 ex
1231 3705 1485 3759 omnibus
1515 3721 1645 3760 mss.

90 3782 162 3827 est
188 3784 303 3829 etex
326 3776 604 3832 veteribus
639 3774 821 3837 editis;
847 3774 1020 3843 fuerit,
1042 3776 1091 3827 in
1112 3777 1507 3830 recentioribus
1548 3776 1650 3830 im-

89 3845 278 3913 pressis.
308 3848 575 3903 Saturnus
607 3845 706 3901 l'uit
751 3848 913 3901 etiam
959 3844 1124 3902 Urani
1161 3855 1216 3902 et
1252 3845 1437 3903 Titane
1480 3847 1643 3916 ﬁlius,

90 3930 143 3970 ac
160 3918 365 3989 proinde
388 3919 565 3989 Japeti
596 3917 779 3973 frater.

150 3985 342 4043 Factum
368 3985 473 4046 esse
494 3988 887 4053 diluvium,etc.
912 3988 1135 4061 Nonnus
1158 3989 1297 4061 libro
1323 4004 1399 4059 ιιι,
1426 3990 1645 4061 Dionys.

93 4065 184 4113 tres
205 4063 582 4134 θεαςακλυσμορς
607 4068 909 4134 enumerat.
939 4060 1177 4134 Isidorus
1203 4060 1376 4131 Orig.,
1410 4060 1500 4134 lib.
1531 4060 1646 4128 χιιι,

91 4142 191 4197 cap.
216 4131 299 4193 22.
333 4135 429 4189 tria
450 4131 664 4187 'diluvia
693 4141 962 4187 recenset.
994 4132 1286 4187 Mcunsrus.
1321 4163 1391 4176 —-
1423 4133 1649 4201 Propter

91 4211 332 4268 peccatum
361 4204 560 4260 factum
598 4218 720 4259 esse
752 4202 1036 4268 diluvium,
1077 4204 1473 4273 elegantissime
1519 4205 1647 4259 des-

93 4274 251 4341 cripsit
272 4275 444 4339 0vid.,
472 4275 568 4330 lib.
607 4291 625 4330 ι
657 4274 1010 4344 Metamorpli.
1059 4273 1113 4329 Si
1136 4275 1255 4344 quis
1278 4276 1427 4343 plura
1451 4273 1519 4329 de
1548 4275 1648 4330 hac

92 4356 142 4394 re
166 4345 275 4399 velit
307 4347 629 4410 testimonia,
660 4344 818 4399 adeat
839 4344 1086 4401 Grotium
1108 4345 1162 4401 in
1192 4348 1334 4401 notis
1360 4345 1428 4401 ad
1457 4346 1551 4401 lib.
1579 4346 1648 4403 de

94 4410 299 4488 Veritate
323 4418 471 4488 relig.
498 4417 824 4488 Christianus.

1755 3115 2079 3172 Prometheo.

1828 3187 1903 3242 Ab
1928 3205 2084 3259 eaque
2115 3190 2278 3257 primo
2304 3195 2477 3241 natam
2507 3202 2616 3259 esse
2639 3194 2819 3259 artem.
2852 3184 2929 3240 lla
2961 3187 3140 3259 cuncti
3169 3187 3343 3244 ferme

1753 3274 1883 3317 mss.
1914 3270 1969 3315 et
1997 3257 2101 3315 vet.
2133 3260 2263 3315 edit.
2300 3259 2459 3314 Rom.
2495 3257 2843 3314 Desideratur
2892 3274 2999 3313 esse
3035 3257 3091 3314 in
3131 3274 3265 3316 mss.
3308 3261 3346 3315 2

1752 3347 1863 3388 rec.
1894 3341 1949 3387 et
1976 3331 2029 3387 in
2057 3331 2240 3387 multis
2269 3332 2445 3387 editis.

1822 3410 2038 3481 Templa
2076 3412 2337 3466 constitui.
2376 3410 2647 3467 Inﬁnitive
2673 3409 2837 3466 modo
2867 3409 3021 3466 multi
3060 3410 3188 3467 editi
3226 3426 3345 3467 om-

1754 3497 1957 3554 nesque
1983 3497 2115 3537 mss.
2142 3494 2197 3536 ut
2224 3482 2290 3537 ad
2321 3482 2753 3552 casperunt,quod
2776 3482 3340 3550 sequitur,rcferalur.

1752 3553 1809 3608 In
1839 3553 2135 3609 l’Colbert.
2167 3570 2279 3609 rec.
2307 3562 2362 3609 et
2384 3554 2418 3608 ϐ
2446 3568 2558 3609 rec.
2586 3555 2814 3623 vulgatis
2842 3562 2947 3619 est,
2972 3555 3251 3608 constituit.

1824 3624 2064 3680 Fictio...
2089 3641 2117 3679 e
2137 3625 2258 3680 limo
2286 3624 2384 3678 Dei
2405 3634 2496 3678 est.
2519 3623 2645 3679 Haec
2671 3624 2742 3677 ita
2765 3627 2946 3693 capias
2972 3642 2986 3677 :
3018 3625 3117 3678 Dei
3142 3635 3215 3680 est
3241 3626 3341 3693 ﬁc-

1751 3698 1891 3750 tio...
1925 3697 2147 3750 hominis
2185 3711 2213 3750 e
2242 3696 2385 3763 (into,
2416 3698 2529 3748 sive
2558 3713 2571 3747 :
2601 3694 2739 3748 Deus
2774 3707 2846 3749 est
2874 3696 3022 3762 ﬁctor
3060 3696 3280 3750 hominis
3318 3712 3346 3750 e

1752 3768 1895 3822 limo.
1913 3767 2045 3822 Hinc
2059 3782 2268 3821 comma
2284 3765 2672 3820 cumWalchio
2702 3774 2823 3832 post
2851 3766 2993 3829 limo,
3024 3766 3337 3833 posui.BUN.

1827 3838 1980 3906 Quod
2004 3837 2217 3892 Hermes
2237 3854 2435 3908 quoque
2461 3834 2985 3908 tradidittTradidit,
3014 3834 3155 3908 quod
3178 3847 3261 3890 est
3288 3837 3343 3891 in

1751 3910 1786 3966 6
1816 3910 1972 3980 Reg,
2020 3912 2052 3964 4
2094 3906 2362 3971 Colbert.,
2406 3909 2596 3975 Brun.,
2638 3906 2888 3980 aliisque,
2928 3906 3210 3977 requirunt
3251 3921 3341 3962 se-

1751 3979 1969 4052 quentia
1998 3981 2184 4047 verba,
2231 3981 2429 4034 dixit...
2461 3979 2701 4052 tentavit;
2749 3992 2846 4052 sex
2892 3992 3174 4052 ms_s._rec.
3218 3992 3340 4033 cum

1752 4049 1932 4115 editis,
1964 4054 2141 4107 tradit.
2186 4053 2472 4108 Hominem
2518 4050 2585 4104 ad
2630 4049 2919 4119 imaginem
2966 4049 3059 4105 Dei
3098 4060 3340 4103 creatum

1752 4139 1875 4180 esse
1904 4133 2133 4179 testatur
2156 4125 2406 4189 Hermes,
2437 4121 2714 4179 Pimandri
2747 4120 2956 4176 scilicet
2974 4120 3154 4191 capite
3184 4122 3235 4174 l.
3265 4120 3344 4176 Ne

1746 4199 1870 4265 quis
1891 4207 2073 4251 autem
2100 4196 2410 4261 arbitretur,
2441 4195 2550 4249 Deo
2577 4191 3339 4265 summo_architectoAnomen

1749 4261 1838 4345 33m)
1869 4266 2178 4345 δημιᾳυρεγοῆ
2202 4284 2237 4345 _a
2271 4267 2501 4345 Platone
2520 4263 2682 4345 modo
2712 4271 2767 4319 et
2785 4261 3343 4345 Hermate_tribui,_ut

1745 4337 1857 4406 jam
1889 4334 2105 4407 smpiu's'
2130 4339 2385 4401 vidimus.
2427 4335 2699 4407 sciatlioc
2729 4334 2954 4404 reperiri
2982 4335 3143 4407 etiam
3176 4334 3228 4388 ln
3258 4334 3344 4407 lit-

1753 4404 1882 4465 teris
1906 4404 2258 4480 Apostolicis.
2288 4410 2438 4465 Paul.
2466 4408 2534 4481 ad
2561 4406 2724 4481 Hebr.
2757 4420 2875 4474 cap.
2903 4421 2966 4481 ιι,
2990 4404 3291 4481 δημιουργᾲς
3313 4406 3339 4460 ὁ

156 4486 206 4539 Si
228 4478 337 4559 ergo
361 4475 703 4559 caiaclysmus
727 4487 843 4559 ideo
874 4491 1040 4559 factus
1065 4497 1159 4544 est.
1194 4490 1272 4545 Ita
1303 4489 1478 4545 cuncti
1509 4504 1647 4559 pene
1671 4489 1727 4550 D
1751 4475 2030 4559 98inch.
2065 4482 2173 4539 Sed
2215 4486 2316 4559 hoc
2355 4479 2631 4559 opiﬁcium
2670 4475 2983 4559 Lactantius
3012 4475 3337 4559 nostrai-sin-

97 4558 657 4615 mss.etedd.Tornes.
690 4568 744 4614 et
774 4558 1045 4615 Soubron.
1079 4563 1148 4615 At
1170 4560 1206 4614 2
1230 4569 1337 4615 vet.
1379 4568 1434 4616 et
1458 4575 1586 4615 mss.
1611 4561 1649 4614 2

96 4642 186 4701 r_ec.
210 4644 296 4696 pro
313 4631 422 4685 ideo
437 4632 635 4687 habent
650 4647 679 4683 a
696 4629 829 4694 Deo;
853 4630 1101 4701 impressi
1122 4632 1272 4686 multi
1293 4642 1601 4699 utrumque,
1617 4649 1649 4686 a

96 4695 188 4771 Deo
210 4695 327 4756 ideo.
357 4703 428 4758 De
456 4701 743 4757 universali
773 4695 976 4756 diluvio
1005 4703 1145 4771 apud
1176 4718 1367 4758 omnes
1408 4695 1644 4770 constat,

96 4770 170 4842 qui
196 4771 241 4825 iu
269 4773 480 4827 dubium
524 4790 630 4827 non
665 4782 860 4827 vocant
896 4773 953 4829 S.
989 4770 1242 4830 Litteras.
1271 4771 1465 4829 Crateri
1499 4790 1648 4842 vero,

96 4840 151 4892 de
177 4842 573 4916 quibusqaliquid
605 4845 882 4899 memoriae
906 4844 1174 4916 proditum
1202 4856 1305 4909 est,
1332 4845 1534 4901 incerta
1556 4840 1651 4900 ad-l

98 4911 287 4986 modum
310 4913 411 4969 ﬁde
440 4911 705 4970 laborant.
739 4911 964 4981 Quidam
997 4926 1205 4978 tamen,
1232 4917 1371 4970 inter
1401 4932 1535 4986 quos
1567 4927 1652 4972 est

98 4977 325 5059 G_rotius,_
348 4985 398 5038 in
429 4977 866 5042 annotationibus
896 4988 962 5041 ad
991 5002 1111 5057 cap.
1146 4986 1212 5041 16
1251 4987 1317 5042 de
1343 4977 1487 5042 Ve'ra
1521 4987 1650 5042 reli-

96 5055 250 5118 gione,
279 5055 423 5119 Iib.1,
441 5060 741 5112 recentiora
768 5055 1164 5129 antiquioribus
1188 5059 1436 5124 miscent,
1463 5060 1651 5113 existi-

101 5133 324 5203 I_It_ant_que
351 5130 536 5203 eadem
564 5145 688 5203 esse
728 5128 956 5203 Noacbi,
993 5130 1189 5203 Ogygis
1209 5139 1275 5203 Aet
1307 5131 1649 5185 Deucalionis

98 5190 288 5314 diluvia,
323 5201 567 5268 quamvis
610 5201 749 5257 inter
790 5202 906 5257 haec
935 5190 1282 5272 i’psztjwmulta
1312 5202 1651 5257 intercedunt

118 5278 330 5314 elnmra-

118 5278 330 5333 empora.

164 5333 523 5397 Deucalionem.
555 5343 628 5397 De
657 5343 997 5399 Deucalionis
1042 5344 1266 5398 historia
1313 5343 1433 5397 vide
1475 5343 1643 5397 Justi-

102 5417 212 5485 llttm
239 5410 364 5485 libro
394 5430 450 5480 ιι,
480 5423 532 5469 et
558 5415 848 5470 Lttcianum
884 5417 934 5469 in
982 5415 1203 5483 Dialogo
1240 5414 1307 5468 de
1338 5414 1493 5485 Syria
1521 5414 1645 5470 dea.

103 5471 450 5557 Prometheum
480 5502 602 5542 vero
631 5487 970 5543 Deucalionis
1000 5471 1206 5557 pzitreum
1245 5471 1477 5557 septimo
1505 5502 1647 5541 anno

102 5542 298 5631 Muscas
311 5564 497 5631 natum
510 5572 648 5631 esse,
660 5568 863 5631 _narrat
888 5542 1141 5631 Cyrillus.

161 5617 298 5698 Ως(οᾷ
325 5625 387 5698 tie
408 5629 617 5698 api/icio
635 5617 954 5683 'Promctltei'
972 5629 1291 5685 narront.lta
1309 5644 1439 5684 mss.
1456 5644 1646 5684 omnes

90 5696 139 5772 et
157 5691 472 5772 editiplures
504 5691 640 5766 'vet.,
672 5701 808 5755 Edd.
835 5701 1007 5757 Betul.
1039 5709 1094 5756 et
1119 5699 1365 5772 Gymnic.
1402 5703 1647 5770 postopi-

97 5759 219 5837 ticig.
244 5759 438 5823 addunt
459 5759 646 5836 iidem;-
675 5788 765 5826 sex
797 5773 892 5837 al.,
917 5772 1117 5837 itidem;
1147 5759 1459 5835 I'Clarom'”
1490 5759 1642 5825 idem.

167 5829 447 5894 Promethea
487 5829 816 5897 simulacrum
858 5829 1231 5907 liontinis,'etc.
1267 5842 1357 5898 Sic
1396 5829 1644 5908 reposui-

108 5913 212 5962 tuus
236 5920 298 5967 ex
322 5914 683 5978 vetustissimis
708 5925 762 5977 ct
782 5915 998 5989 optimis
1020 5929 1150 5977 mss.
1166 5914 1370 5987 230m,
1388 5915 1419 5976 4
1438 5913 1642 5989 Regiis,

1751 4544 1920 4622 gulari
1947 4569 2114 4623 opere
2141 4544 2455 4624 complexus
2478 4558 2581 4624 est,
2606 4546 2749 4617 quod
2782 4548 2895 4616 ipse
2913 4546 3024 4624 jam
3053 4544 3119 4597 ad
3150 4545 3341 4599 Deme-

1755 4616 1999 4680 i'rianum'
2018 4616 2321 4681 auditorem
2350 4616 2635 4692 scripsisse
2666 4625 2919 4697 tnestatur.
2956 4616 3181 4697 Hermes
3209 4630 3340 4697 vero

1751 4706 1970 4769 secutus
2021 4706 2106 4752 est
2143 4685 2523 4769 Pythagoram,
2561 4699 2617 4745 et
2672 4689 3069 4761 Pythagoreum
3109 4685 3337 4742 Jambli-

1750 4766 1935 4832 chum,
1969 4777 2023 4823 et
2047 4766 2201 4824 alios.
2235 4766 2562 4825 Damnatus.

1823 4838 2062 4915 factum.
2090 4840 2217 4896 Mss.
2245 4841 2300 4915 9_,
2333 4841 2534 4915 ﬁctum;
2749 4905 2761 4915 _
2829 4904 2840 4915 ,
3107 4902 3139 4915 _.

1826 4909 2225 4987 Et_secutus_qeos
2248 4905 2479 4987 Tullius.
2513 4911 2598 4967 Ita
2634 4905 2939 4987 restituile
2964 4905 3173 4987 cun’ctis
3202 4916 3343 4986 pene

1752 4982 1999 5057 mss._Pro
2019 4983 2219 5057 Tullius
2247 4984 2299 5037 in
2324 4984 2359 5039 3
2385 4982 2518 5053 Reg.
2538 4998 2649 5038 rec.
2680 4987 2735 5036 et
2755 4975 2914 5057 editis
2942 4983 3027 5057 est
3054 4974 3267 5057 Ciceroi.
3286 4976 3337 5057 in

1752 5052 1965 5130 5__Colb.
1999 5054 2283 5130 et__Brun.,
2314 5044 2597 5130 et__secvutus
2628 5062 2700 5109 est
2737 5064 2822 5103 eos
2854 5045 3179 5130 Tullius..:—
3209 5044 3342 5101 Vide

1751 5125 2023 5207 (ὶὶρςιοιιη
2049 5125 2219 5207 _lib.’_tt
2250 5117 2319 5207 de
2348 5125 2534 5181 Natur.
2565 5125 2743 5189 deor.,
2766 5130 2868 5207 et}.
2884 5120 2950 5207 de
2973 5117 3160 5207 Legib.

1823 5195 2102 5272 Contingit.
2146 5197 2237 5253 Sic
2261 5198 2406 5272 lego
2454 5214 2575 5254 cum
2602 5188 2735 5251 mss.
2764 5195 2798 5247 6
2832 5190 3055 5272 ᾔεις.λῶ
3085 5188 3341 5272 Col-th}

1751 5258 2030 5339 Clarum,
2052 5268 2195 5323 Brun
2225 5258 2476 5339 aliisque,
2521 5284 2621 5339 nec
2651 5282 2758 5321 non
2781 5258 2945 5339 editis
2978 5260 3135 5339 Rom.
3173 5258 3335 5339 1468“,

1944 5330 2237 5417 Sdnbron"
2270 5330 2524 5417 Torne_s.,
2557 5338 2756 5396 Cellar.
2781 5335 2839 5416 In
2928 5346 3039 5387 rec.
3066 5330 3195 5400 Reg.
3224 5339 3280 5383 et
3303 5330 3339 5382 2

1748 5410 1992 5484 Colbert.
2027 5411 2293 5482 editisque
2318 5413 2564 5482 pluribus
2594 5408 2947 5484 (δδῑᾼεοηιὶςλὶιὲ
3133 5473 3144 5484 ,

1823 5482 2058 5537 Librum.
2082 5484 2183 5550 Qui
2208 5475 2294 5537 est
2319 5475 2390 5538 de
2425 5484 2653 5554 Opiﬁcio
2681 5482 2773 5555 Dei
2812 5475 2879 5532 ad
2911 5475 3332 5555 Demetrianum.

1750 5554 1905 5609 Hunc
1938 5543 2181 5623 reperies
2209 5554 2343 5610 infra
2374 5543 2521 5610 tonio
2551 5572 2606 5621 Il,
2634 5553 2793 5621 hujus
2822 5557 3023 5623 nostra:
3055 5543 3331 5623 editionis.

1828 5625 1874 5678 Η
1881 5615 2073 5680 omines
2094 5638 2376 5698 ca’teraque
2390 5615 2658 5681 animalia.
2682 5615 3336 5698 Vide_(_)rph:_eu_m._.Pacuf

1750 5698 1916 5764 vium,
1937 5706 1991 5752 et
2013 5688 2302 5753 Diodorum
2324 5699 2565 5754 Siculum
2589 5698 2682 5753 lib.
2710 5714 2744 5759 ι,
2771 5694 2860 5768 ul_)i
2891 5692 2960 5746 de
2984 5688 3198 5744 Fabulis
3225 5688 3335 5768 agit

1832 5763 2171 5839 Virgilianum
2215 5779 2287 5825 est
2327 5788 2346 5826 :
2374 5801 2446 5811 ——
2489 5769 2757 5838 Virumque
2781 5763 2996 5839 _Terrea
3043 5763 3327 5839 progenies,

1749 5850 1854 5897 etc.
1903 5829 2056 5909 Kpud
2110 5842 2384 5912 Virgilium
2414 5884 2428 5903 .
2473 5841 2564 5895 lib.
2638 5829 2686 5897 η’
2768 5836 2963 5904 Georg.
2994 5875 3008 5897 ,
3082 5847 3133 5884 ν.

1750 5903 2032 5977 Nonnullae
2089 5903 2350 5975 editiones
2405 5913 2597 5972 Ferrea
2650 5913 2872 5981 legunt,
2921 5903 2985 5965 et
3036 5903 3093 5964 in
3145 5903 3335 5974 primls
