3790 6274
394 302 505 365 515

1470 304 1660 369 FIBM.
1701 306 2074 373 LACTANTII
2116 306 2322 367 DWIN.
2364 306 2606 371 INSTIT.

3762 90 3767 189 i

3622 305 3717 358 εις

397 420 463 477 Et
494 422 527 483 ii
557 421 792 481 maxime
815 423 1029 483 fuerunt
1067 424 1120 487 in
1149 439 1211 489 ea
1236 424 1505 485 sententia
1532 426 1628 499 qui
1658 442 1780 487 esse
1808 429 1989 499 provi-
2016 432 2071 499 Α
2094 434 2208 487 tate
2236 435 2526 494 terrarum,
2559 442 2679 499 quae
2727 427 2978 485 accidere
3007 426 3377 498 particulatim
3416 424 3608 488 solet;
3644 425 3715 478 vei
3768 496 3769 499 η

405 512 641 570 dentiam
671 522 884 585 negant.
920 506 1053 577 Nam
1078 514 1231 577 stoici
1253 510 1606 575 animantium
1636 517 1890 581 labricam
1914 519 1994 579 di-

400 605 542 664 vina:
574 598 807 661 solertia:
840 602 1099 665 tribuunt.
1131 604 1455 662 Aristoteles
1492 616 1673 663 autem
1715 608 1899 665 labore
1940 625 1999 666 se

314 706 373 732 "
401 716 465 758 ac
494 699 737 755 molestia
763 698 1036 771 liberavit,
1069 696 1254 757 dicens
1279 715 1495 772 semper
1516 701 1775 758 mundum
1809 702 1996 771 fuisse;

401 790 582 863 itaque
608 800 662 848 et
686 791 981 849 humanum
1010 810 1201 867 genus,
1234 804 1289 851 et
1316 805 1513 855 cmtera
1541 812 1659 875 quae
1682 796 1735 851 in
1761 812 1828 853 eo
1849 807 1993 864 sunt,

400 885 613 941 initium
657 900 762 942 non
803 885 1027 954 habere,
1060 884 1155 944 sed
1195 887 1363 945 fuisse
1410 905 1644 960 semper,
1679 904 1741 955 ac
1783 906 2000 963 semper

400 976 539 1035 fore.
574 976 682 1034 Sed
721 992 842 1033 cum
876 979 1160 1035 videamus
1203 980 1414 1053 singula
1462 998 1691 1054 quaeque
1721 982 1995 1051 animalia,

403 1084 525 1146 qua:
552 1081 677 1128 ante
695 1088 800 1131 non
830 1073 1065 1141 fuerant,
1086 1073 1328 1146 incipere
1350 1091 1494 1141 esse,
1514 1086 1703 1132 etesse
1722 1074 1996 1145 desinere,

406 1182 631 1223 necesse
669 1175 753 1223 est
795 1175 964 1224 totum
991 1184 1162 1239 genus
1191 1170 1481 1241 aliquando
1511 1185 1632 1228 esse
1666 1172 1917 1243 coepisse,
1949 1180 2004 1227 et

401 1258 692 1330 aliquando
721 1256 1021 1316 desiturum
1046 1276 1189 1330 esse,
1224 1262 1348 1335 quia
1378 1264 1625 1334 coeperit.

473 1350 663 1408 Omnia
700 1351 846 1408 enim
896 1353 1067 1409 tribus
1112 1355 1447 1427 temporibus
1476 1354 1745 1412 contineri
1776 1369 2003 1413 necesse

404 1452 504 1510 est,
541 1444 834 1514 praeterito,
879 1446 1156 1516 praesenti,
1190 1446 1392 1503 futuro.
1425 1446 1691 1504 Praeteriti
1722 1457 1805 1504 est
1829 1448 2001 1520 origo,

405 1536 689 1606 prtesentis
711 1536 1035 1605 substantia,
1060 1537 1222 1594 futuri
1251 1538 1554 1596 dissolutio.
1583 1540 1714 1610 Qum
1744 1539 1924 1596 omnia
1952 1540 2004 1595 in

403 1627 633 1701 singulis
652 1627 964 1684 hominibus
986 1639 1271 1700 apparent,
1296 1640 1352 1687 et
1379 1631 1665 1702 incipimus
1693 1632 1858 1699 enim,
1884 1646 2003 1686 cum

402 1720 708 1786 nascimur;
740 1728 797 1779 et
843 1736 1051 1789 sumus,
1101 1739 1223 1778 cum
1270 1722 1537 1789 vivimus;
1594 1732 1650 1781 et
1686 1724 2003 1791 desinimus,

2104 519 2407 591 pestilentia
2438 519 2634 591 ubique
2674 519 2889 586 diffusa,
2919 534 3040 591 quae
3081 519 3321 589 singulas
3351 517 3530 573 urbes
3556 525 3716 584 atque
3768 536 3769 539 η

2102 610 2353 682 regiones
2374 611 2687 682 plerumque
2710 612 3026 682 populatur;
3047 610 3133 667 vel
3157 610 3419 666 incendio
3442 610 3503 663 in
3525 608 3715 663 orbes

2103 701 2290 769 misso,
2320 702 2479 772 quale
2504 702 2616 773 jam
2647 702 2812 758 fuisse
2855 703 2956 758 sub
2993 703 3295 759 Phaetonte
3334 701 3551 757 dicitur
3578 718 3599 766 ;
3644 715 3718 756 ve.

2103 793 2305 855 diluvio
2329 811 2613 867 aquarum,
2638 796 2798 867 quale
2826 797 2928 853 sub
2958 796 3282 852 Deucalione
3310 795 3578 861 traditur,
3603 809 3715 849 cui:
3770 816 3771 819 η

2104 896 2303 958 praeter
2320 903 2486 944 unum
2509 886 2782 945 hominem
2801 904 2971 960 genus
2988 902 3150 944 omne
3166 888 3407 944 deletum
3427 895 3547 942 est.
3573 886 3717 954 Quod

2105 900 2303 958 praeter
2320 903 2486 944 unum
2511 900 2782 945 hominem
2801 904 2971 960 genus
2988 902 3150 944 omne
3166 900 3407 944 deletum
3427 900 3547 942 est.
3573 900 3717 954 quos

2105 977 2367 1035 diluvium
2398 980 2443 1035 si
2466 994 2595 1037 casu
2621 981 2840 1045 accidit,
2872 982 3117 1052 profecto
3147 983 3319 1051 potuit
3349 980 3649 1045 accidere,
3675 994 3719 1036 st

2104 1080 2160 1129 et
2181 1088 2318 1127 unus
2341 1071 2455 1137 ille,
2485 1073 2574 1143 qui
2605 1072 2892 1143 superfuit,
2922 1074 3190 1129 interiret.
3220 1073 3278 1129 Si
3301 1086 3499 1129 autem
3530 1072 3719 1129 divina
3772 1080 3773 1097 ‘

2106 1164 2460 1236 providentize
2490 1174 2642 1230 nutu,
2691 1166 2833 1236 quod
2876 1166 3059 1238 negari
3090 1181 3194 1223 non
3227 1177 3429 1237 potest,
3461 1166 3540 1221 ad
3575 1183 3720 1237 reps.
3774 1218 3775 1229 χ

2107 1254 2303 1311 raudos
2352 1255 2599 1312 homines
2648 1267 2957 1314 reservatus
3006 1268 3110 1325 est,
3143 1269 3372 1331 apparet
3403 1261 3460 1314 in
3502 1259 3607 1314 Dei
3638 1275 3719 1329 po.
3774 1246 3775 1255 “

2108 1355 2299 1405 testate
2320 1362 2464 1413 esse,
2493 1348 2574 1403 vel
2600 1349 2787 1415 vitam,
2808 1350 2892 1409 vel
2920 1350 3199 1406 interitum
3225 1351 3449 1421 generis
3481 1349 3719 1405 humani

2107 1430 2262 1508 Quod
2293 1440 2338 1496 si
2371 1450 2549 1512 potest
2589 1442 2838 1498 occidere
2880 1442 2932 1497 iu
2981 1453 3169 1507 totum,
3223 1443 3347 1513 quia
3397 1458 3507 1513 per
3560 1452 3722 1511 partes

2107 1534 2328 1600 occidit,
2360 1544 2585 1606 apparet
2613 1534 2902 1606 aliquando
2940 1550 3060 1591 esse
3088 1544 3305 1603 ortum;
3336 1545 3391 1592 et
3427 1546 3497 1590 ut
3535 1533 3721 1606 fragili
3776 1536 3777 1615 ι

2110 1637 2194 1687 tas
2240 1628 2485 1694 initium,
2516 1630 2593 1684 sic
2621 1629 2861 1685 declarat
2884 1638 2940 1684 et
2966 1629 3281 1687 terminum.
3328 1628 3477 1698 Quae
3535 1629 3586 1683 si
3616 1646 3722 1685 ver:
3776 1628 3777 1667 ι

2109 1732 2256 1791 sunt,
2311 1739 2419 1781 non
2468 1724 2661 1793 poterit
2704 1723 2996 1780 defendere
3031 1724 3381 1790 Aristoteles,
3432 1723 3723 1795 quominus

404 1826 529 1869 cum
563 1812 863 1869 interimus.
895 1813 1052 1871 Unde
1092 1816 1253 1871 etiam
1287 1824 1394 1873 tres
1421 1816 1620 1872 Parcas
1647 1831 1767 1871 esse
1816 1815 2006 1871 volue-
2035 1837 2086 1903 Β
2114 1816 2357 1874 habuerit
2389 1825 2443 1871 et
2469 1817 2701 1872 mundus
2728 1816 2843 1887 ipse
2872 1816 3217 1886 principium.
3247 1814 3406 1884 Quod
3434 1816 3486 1870 si
3521 1814 3724 1870 Aristo-

315 1914 345 1934 ’
405 1904 567 1969 runt;
592 1921 774 1973 unam,
802 1921 923 1977 quin
943 1910 1105 1965 vitam
1126 1907 1441 1971 hominibus
1462 1909 1736 1976 ordiatur;
1760 1909 2006 1975 alteram,

408 2008 526 2069 quae
555 2004 813 2053 contexat
837 2015 851 2065 ;
882 2000 1117 2065 tertiam,
1155 2017 1274 2072 qua:
1300 2011 1513 2072 rumpat
1539 2017 1602 2057 ac
1620 2002 1787 2057 finiat.
1815 2001 1873 2057 ln
1900 2011 2013 2058 toto

410 2098 589 2146 autem
612 2105 810 2162 genere
838 2091 1132 2160 hominum,
1168 2095 1291 2165 quia
1322 2094 1495 2151 solum
1529 2112 1770 2169 praesens
1798 2106 2012 2166 tempus

410 2192 658 2254 apparet,
709 2199 775 2240 ex
820 2198 888 2241 eo
931 2192 1112 2242 tamen
1158 2192 1211 2242 et
1251 2187 1611 2257 praeteritum,
1642 2188 1693 2244 id
1726 2198 1829 2256 est,
1859 2189 2011 2260 origo

412 2276 704 2348 colligitur;
731 2284 786 2333 et
811 2277 1075 2345 futurum,
1105 2277 1156 2336 id
1188 2290 1292 2348 est,
1342 2280 1648 2337 dissolutio.
1697 2276 1826 2336 Nam
1876 2297 2013 2353 quo-

416 2369 559 2425 niam
586 2378 691 2439 est,
716 2380 939 2442 apparet
958 2373 1251 2445 aliquando
1274 2374 1507 2445 coepisse
1527 2377 1670 2447 (esse
1697 2375 1838 2430 enim
1864 2374 2011 2430 nulla

414 2476 505 2518 res
566 2463 684 2519 sine
722 2463 944 2519 exordio
983 2466 1218 2535 potest);
1260 2475 1314 2522 et
1362 2467 1484 2537 quia
1537 2466 1734 2538 ccepit,
1790 2475 2012 2540 apparet

412 2556 734 2626 quandoque
810 2555 1128 2614 desiturum.
1194 2552 1305 2617 Nec
1368 2560 1513 2617 enim
1575 2569 1752 2634 potest
1815 2560 1868 2617 id
1932 2569 2014 2617 to-

411 2657 523 2705 tum
587 2663 709 2706 esse
772 2651 1119 2719 immortale,
1182 2652 1323 2725 quod
1382 2670 1449 2712 ex
1511 2653 1829 2711 mortalibus
1885 2669 2013 2710 con-

415 2749 543 2797 stat.
576 2740 710 2797 Nam
769 2743 909 2799 sicut
966 2746 1203 2805 universi
1272 2763 1367 2819 per
1417 2749 1658 2820 singulos
1708 2748 2007 2815 interimus,

412 2833 525 2889 fieri
555 2842 754 2906 potest,
788 2846 843 2891 ut
869 2836 1050 2909 aliquo
1075 2853 1205 2897 casu
1233 2856 1426 2898 omnes
1452 2842 1647 2906 simul;
1680 2839 1765 2897 vel
1812 2841 2012 2899 sterili-

2113 1910 2205 1966 teii
2237 1909 2389 1965 Plato
2416 1916 2470 1963 et
2496 1908 2760 1978 Epicurus
2787 1916 3130 1978 extorquent,
3162 1916 3220 1963 et
3246 1906 3473 1961 Platoni
3534 1917 3593 1962 et
3626 1908 3724 1961 Ari—

2111 2001 2316 2069 stoteli,
2372 2002 2461 2072 qui
2507 2015 2723 2070 semper
2767 2000 2880 2055 fore
2924 1998 3183 2055 mundum
3214 2006 3587 2070 putaverunt,
3620 1999 3726 2053 licet
3778 1998 3779 2009 ‘

2113 2096 2577 2165 sinteloquentes,
2596 2095 2820 2165 ingratis
2846 2105 3025 2151 tamen
3055 2094 3197 2150 idem
3223 2094 3503 2164 Epicurus
3522 2094 3605 2148 eri
3614 2093 3726 2163 piet,

2112 2192 2241 2262 quia
2271 2190 2535 2262 sequitur,
2565 2200 2624 2245 ut
2646 2188 2842 2245 habeat
2868 2198 2924 2243 et
2953 2188 3137 2244 finem.
3173 2187 3280 2244 Sed
3309 2186 3431 2243 btec
3455 2188 3519 2242 in
3552 2187 3730 2243 ultimo

2113 2284 2253 2342 libro
2272 2283 2533 2356 pluribus.
2550 2281 2701 2339 Nunc
2719 2282 2787 2337 ad
2813 2281 3050 2337 hominis
3073 2282 3334 2352 originem
3355 2295 3726 2337 recurramas.

2718 2415 2947 2474 CAPUT
2986 2415 3104 2474 ΧΠ.

2120 2534 2273 2605 Quod
2300 2534 2548 2591 animalia
2577 2550 2679 2589 non
2708 2541 2889 2605 sponte
2930 2540 3049 2588 nata
3084 2532 3208 2599 sint,
3255 2531 3346 2586 sed
3397 2531 3727 2602 dispositioni

2190 2629 2384 2693 divina,
2403 2627 2548 2694 cuius
2568 2625 2763 2698 fecisset
2792 2641 2885 2680 nos
2905 2624 3138 2680 conscios
3153 2622 3314 2690 Deus,
3340 2624 3387 2679 si
3412 2623 3559 2680 seire
3588 2641 3728 2695 αρε·

2191 2722 2341 2775 diret.

2191 2837 2357 2892 Aiunt
2374 2835 2540 2891 certis
2568 2832 3016 2890 conversionibus
3046 2831 3194 2899 coeli,
3216 2838 3271 2887 et
3299 2838 3586 2887 astrorum
3620 2844 3726 2884 mo-

1731 2982 2095 3042 VARIORUM
2133 2978 2364 3038 NOTZE.

411 3115 737 3180 Heinsiana;
777 3118 873 3174 sed
929 3120 1069 3175 male
1126 3137 1143 3175 :

410 3187 815 3264 corrigendos.‘
849 3188 1157 3264 Squerrea
1206 3191 1475 3247 Lactantii
1526 3201 1774 3264 tempore
1823 3191 2015 3252 fuisse;

411 3260 609 3332 lectum
676 3260 817 3330 apud
884 3261 1162 3332 Virgilium
1194 3304 1209 3326 ,
1286 3280 1477 3318 versus
1552 3260 1657 3319 hic'
1693 3279 1861 3332 seopo
1910 3277 2011 3322 suo

413 3330 562 3403 nullo
607 3332 769 3403 modo
806 3330 1143 3399 quadrasset.
1189 3333 1259 3390 Ut
1289 3336 1482 3403 probet
1509 3335 1716 3391 dictum
1766 3330 2011 3393 Philoso-

413 3402 680 3471 phorum,
721 3402 838 3459 sine
879 3403 988 3457 ullo
1026 3404 1235 3458 artiﬁce
1276 3402 1525 3460 homines
1573 3418 1627 3462 et
1667 3419 1810 3461 terra
1861 3415 2012 3466 ortos

411 3472 1050 3550 existimantiumndndit.
1108 3476 1422 3550 unde_illud
1484 3477 2009 3550 Virgilianum._Mss.

411 3543 447 3598 ὅ
472 3543 600 3621 lieg.
632 3542 921 3621 Ferrem—
946 3543 1240 3621 Virumque.
1260 3548 1409 3621 Hanc
1438 3542 1646 3617 vocem,
1663 3566 1783 3621 quze
1797 3548 1862 3604 ad
1880 3548 2011 3606 Lac-

418 3614 570 3684 tantii
627 3615 963 3684 propositum
1022 3614 1190 3683 facit,
1233 3619 1412 3674 addidi
1440 3636 1505 3675 ex
1541 3614 1693 3677 mss:
1720 3621 1928 3677 Bonon.
1959 3632 2015 3677 et

410 3684 450 3740 2
478 3683 661 3756 Regiis
705 3686 811 3743 900
841 3702 1034 3743 annor.
1084 3703 1147 3743 ac
1176 3690 1210 3743 2
1263 3691 1340 3749 al.
1375 3693 1504 3764 Reg.
1538 3708 1675 3758 rec.,
1725 3692 1821 3749 sed
1857 3693 2013 3749 bonae

415 3766 581 3811 ηοιεε.

482 3826 777 3903 Aristoteles
802 3841 971 3887 autem
1001 3830 1177 3886 labore
1203 3849 1274 3897 se,
1303 3844 1408 3890 etc.
1458 3836 1577 3892 Lib.
1617 3853 1633 3891 ι
1666 3835 1734 3891 de
1759 3835 1932 3903 Caelo,
1958 3852 2007 3893 c.

413 3899 481 3955 10
518 3910 573 3954 et
603 3902 638 3955 l.
670 3917 730 3974 tt,
776 3918 825 3957 c.
861 3904 914 3957 1.
951 3903 1076 3957 litec
1102 3904 1284 3974 Opinio
1328 3923 1434 3962 non
1465 3909 1638 3961 solum
1671 3899 2010 3963 Aristotelem

409 3979 686 4026 auctorem
720 3972 914 4036 habet;
948 3972 1323 4030 veruin‘etiam
1354 3979 1443 4032 alii
1473 3993 1593 4034 eam
1621 3990 1746 4033 sunt
1790 3982 1957 4033 secuti
1994 3997 2006 4033 :

414 4041 827 4116 sic_Heraclitus
854 4045 1120 4114 Ephesius
1144 4048 1279 4116 apud
1306 4047 1574 4104 Clement.
1620 4049 1911 4104 Alexandr.
1971 4051 2008 4104 l.

412 4128 466 4190 vi
493 4112 778 4190 Stro_mat_.;
811 4112 1010 4171 Plinius
1032 4116 1068 4190 lg.
1096 4132 1134 4180 t.
1156 4112 1204 4173 c'.
1231 4120 1284 4173 1.
1307 4119 1455 4175 lianc
1479 4120 1787 4190 opinionem
1815 4120 2014 4177 refellit

414 4182 696 4261 Lucretius
723 4186 758 4241 i.
791 4203 844 4255 v,
875 4204 930 4261 v._
955 4188 1147 4261 5257a
1170 4204 1323 4261 seqq.
1356 4182 1649 4248 Gauisus.

485 4254 680 4330 Tribus
698 4254 1022 4330 temporibus.
1063 4254 1367 4315 Stoicorum
1402 4263 1517 4318 haec
1541 4260 1800 4330 temporis
1825 4270 1910 4316 est
1931 4262 2013 4317 di-

413 4326 684 4402 visio,_qni
711 4326 1040 4398 praeteritum
1064 4342 1117 4385 et
1139 4332 1372 4387 futurum
1396 4334 1605 4389 iuﬂnita
1629 4326 1848 4395 faciunt,
1877 4349 2015 4402 prte-

413 4410 541 4475 sens
568 4398 969 4475 fini_tum._Sunt
1002 4404 1088 4471 qui
1121 4418 1360 4474 praesens
1385 4414 1594 4474 tempus
1623 4418 1742 4458 esse
1781 4398 2010 4475 negent;

1197 3136 1262 3175 ex
1316 3121 1422 3176 hoc
1476 3122 1597 3177 loco
1654 3135 1845 3178 versus
1912 3116 2003 3175 ille
2029 3116 2075 3181 C
2109 3124 2234 3187 puta
2268 3124 2527 3187 teinpns,_
2550 3111 2632 3187 vel
2677 3119 2846 3165 totum
2875 3125 3046 3187 genus
3075 3109 3145 3165 de
3175 3120 3285 3187 quo
3312 3121 3509 3187 supra.
3546 3108 3611 3187 In
3641 3124 3731 3163 uno

2125 3189 2285 3243 Brun.
2334 3180 2394 3240 et
2419 3186 2440 3239 1
2488 3182 2725 3238 Colbert.
2760 3190 2866 3246 est,
2884 3180 3231 3254 defuturum;
3264 3180 3548 3254 inuitem
3576 3181 3729 3235 Brun.

2119 3269 2221 3321 est.
2253 3260 2527 3330 defutura;
2559 3255 2612 3309 in
2648 3254 2856 3330 i‘Colb.
2900 3251 2974 3309 δι’
3000 3253 3038 3306 2
3078 3252 3261 3321 editis,
3304 3251 3584 3319 desitum;
3633 3255 3727 3306 ini

2121 3330 2254 3396 Reg.
2284 3326 2390 3384 900
2423 3342 2640 3387 annon,
2670 3326 2970 3380 desiturum.

2194 3392 2498 3454 Phaetonte.
2531 3398 2659 3468 Ejus
2703 3396 2886 3452 fabula
2934 3398 3138 3468 legatur
3166 3393 3307 3468 apud
3338 3392 3513 3468 Oyid.
3549 3394 3654 3449 sub
3685 3395 3731 3447 εἰ-
3784 3392 3787 3465 1

2118 3488 2241 3528 nem
2290 3472 2412 3527 libri
2443 3487 2456 3524 ι
2484 3464 2841 3536 Metamorpb.
2890 3480 2944 3521 et
2994 3464 3161 3521 initio
3189 3464 3247 3521 ll.
3276 3466 3348 3519 At
3378 3464 3667 3520 anianus
3693 3468 3729 3518 in

2117 3543 2419 3611 Astrologia
2435 3541 2606 3595 credit
2625 3542 2975 3611 l’liaettmtein
3003 3537 3133 3611 solis
3146 3552 3366 3611 cursum
3385 3536 3729 3601 observasse,

2116 3631 2179 3672 ac
2208 3609 2652 3682 deprehendisse,
2681 3612 2821 3665 sicut
2849 3609 3150 3682 Endymion
3181 3609 3346 3663 lunas.

2192 3679 2391 3740 Divina:
2429 3683 2761 3750 providentia:
2810 3679 3076 3735 nutuJIta
3124 3694 3317 3735 omnes
3372 3679 3637 3747 impressi
3682 3694 3732 3732 se

2116 3773 2250 3815 mss.
2284 3756 2530 3821 praeteri
2571 3755 2776 3808 Bonon.
2813 3755 2981 3820 antiq.
3017 3760 3073 3807 et
3116 3753 3139 3805 l
3174 3750 3420 3806 Clarum.
3456 3753 3517 3804 in
3550 3750 3733 3821 quibus

2116 3840 2221 3889 est.
2248 3829 2435 3883 divina:
2453 3826 2784 3897 providentia:
2809 3824 2984 3897 datur.

2192 3900 2255 3954 In
2286 3892 2466 3951 totum;
2500 3898 2550 3951 Id
2581 3907 2663 3950 est
2696 3938 2708 3956 .
2739 3896 3001 3949 omnino:
3033 3893 3125 3947 lib.
3163 3909 3236 3959 tv,
3263 3907 3315 3948 c.
3351 3892 3375 3945 1
3402 3908 3420 3957 ;
3468 3892 3513 3946 Ι.
3550 3909 3623 3947 vn
3649 3933 3665 3957 ,
3692 3908 3733 3945 ς.

2114 3974 2223 4038 20;
2254 3970 2485 4039 Epitom.
2514 3984 2634 4037 cap.
2668 3969 2756 4035 6t;
2788 3967 2856 4021 de
2881 3965 2963 4020 ira
2989 3965 3120 4029 Dei,
3175 3980 3295 4035 cap.
3318 3963 3417 4030 2i;
3462 3965 3543 4018 de
3582 3962 3734 4034 0pif.,

2117 4060 2236 4100 can.
2267 4044 2320 4098 8.

2185 4060 2320 4169 [didii
2359 4110 2543 4184 poterit
2588 4109 2860 4184 defendere
2908 4108 3225 4184 Aristoteles.
3275 4105 3405 4161 Haec
3438 4114 3533 4184 est
3580 4107 3733 4184 lectio

2117 4178 2368 4241 omnium
2394 4183 2506 4237 t‘cre
2540 4178 2667 4236 mss.
2725 4191 2777 4237 et
2821 4182 2856 4238 5
2884 4181 3013 4235 edit.
3062 4194 3224 4249 quam
3273 4178 3648 4249 praecedentia
3694 4188 3738 4231 et

2117 4255 2501 4330 subsequentia
2528 4254 2821 4324 postulant,
2848 4251 3142 4330 accedente
3172 4266 3273 4305 ms.
3297 4249 3428 4304 Jun.
3453 4252 3568 4330 qui
3588 4251 3739 4330 habet

2120 4320 2385 4396 potet-aid
2413 4320 2547 4397 Reg:
2578 4336 2738 4397 potest
2764 4343 2783 4392 ;
2806 4324 2993 4394 scripti
3020 4326 3258 4393 quinque
3279 4335 3397 4377 rec.
3422 4332 3476 4376 et
3496 4320 3574 4376 10
3594 4322 3736 4386 editi,

2122 4401 2307 4468 potuit.

415 4468 513 4572 ξ.ῗέ
551 4469 753 4572 dahae.
792 4473 937 4572 (iis);
960 4468 1735 4572 esse;ria-giras“-
1763 4468 2009 4572 Aaécu'sz
2036 4510 2090 4572 o
2115 4489 2442 4572 -.1"9"a"'§-
2493 4488 2589 4572 ".ic
2635 4487 2848 4559 εηρναεεε
2894 4484 3208 4572 adversm
3241 4492 3345 4572 «as:-
3375 4482 3464 4572 εει
3505 4491 3568 4572 es
3609 4482 3732 4564 ne

414 4554 553 4614 (ξιιμ.
589 4543 657 4596 10
702 4552 757 4599 ct
807 4543 1002 4614 set—up;

413 4610 683 4687 _Confe_s_s_.,
714 4630 765 4669 c.
794 4617 860 4671 17
890 4610 959 4671 et
1003 4615 1092 4671 18.
1138 4616 1243 4670 Sed
1291 4617 1405 4671 haec
1445 4610 1575 4671 tota'
1608 4610 1901 4687 disputatio
1954 4619 2009 4673 in

414 4680 1175 4757 hocadhibetur,utstatuatur
1192 4688 1524 4757 providentia
1548 4690 1663 4743 Dei.
1681 4680 2006 4745 BETULEIDS.

488 4753 766 4812 Praesentis
787 4760 1088 4813 substantia.
1120 4753 1230 4830 llo'c
1254 4769 1355 4818 est.
1374 4760 1622 4830 substitit
1643 4769 1853 4827 tempus
1874 4776 2011 4830 prae—

414 4841 559 4950 εεῖε,
585 4830 728 4912 quod
759 4846 900 4885 nunc
916 4838 1085 4885 extat.
1111 4829 1200 4885 Sic
1226 4839 1282 4885 et
1301 4829 1461 4899 infra,
1486 4832 1749 4902 prasentis
1771 4829 2012 4902 temporis

414 4915 472 4950 stt
509 4908 714 4950 stantia.

414 4901 714 4955 substantia.

484 4968 618 5045 Tres
643 4969 859 5045 Pareas.
880 4970 1213 5045 Htecjabuia
1237 4972 1717 5045 triuml’arearum
1747 4974 2011 5045 originem

415 5043 647 5114 sumpsit
676 5044 745 5097 ab
768 5043 983 5098 liesiodi
1010 5043 1342 5114 Tlieogonia.
1376 5044 1511 5100 Vide
1556 5056 1607 5100 et
1638 5043 1917 5101 Platonem
1950 5046 2013 5101 li-

414 5113 515 5168 bro
548 5130 599 5186 ii,
630 5114 698 5167 de
718 5114 947 5186 Republ.
981 5114 1121 5169 circa
1152 5113 1334 5176 linem.
1366 5132 1429 5172 ac
1462 5118 1731 5186 praecipue
1760 5119 2019 5172 Aristote-

415 5186 521 5239 lem
551 5185 693 5238 libro
716 5186 784 5240 de
806 5185 1040 5257 blando,
1073 5187 1158 5241 ubi
1191 5188 1417 5257 plurima
1457 5185 1639 5243 unius,
1662 5189 1751 5243 Dei
1796 5188 2015 5243 nomina

414 5257 776 5324 euutneravit,
804 5254 1096 5312 Parcarum
1130 5254 1392 5315 rationem
1423 5269 1478 5317 et
1515 5259 1691 5315 ofﬁcia
1722 5261 1897 5316 eidem
1926 5260 2016 5314 uni

419 5327 534 5383 Deo
565 5326 913 5399 tribuens.—
935 5328 1150 5384 Parcas.
1183 5330 1339 5386 Conf.
1368 5332 1522 5387 Voss.
1550 5348 1587 5387 ll
1613 5332 1822 5399 idoloi.,
1868 5346 1920 5387 c.
1947 5331 2019 5386 44

419 5407 566 5471 toto.
588 5395 758 5453 Prave
789 5401 934 5471 Lips.
968 5402 1031 5463 ὅ,
1067 5412 1168 5457 tres
1190 5413 1379 5471 partes.
1411 5404 1547 5459 Bon.

1062 4546 1242 4631 velnsiI
1270 4546 1424 4631 malis
1464 4550 1727 4631 August,
1797 4546 1892 4627 lib.
1955 4563 2009 4629 ,ιι

2187 4546 2360 4617 autum
2381 4546 2797 4631 Amphytraact.
2828 4573 2867 4624 i,
2896 4571 3046 4631 scen.
3083 4557 3136 4622 l,
3164 4572 3220 4631 v.
3260 4556 3344 4631 l0.
3375 4552 3437 4609 Id
3466 4564 3585 4631 est,
3611 4546 3733 4609 inri-

2117 4636 2216 4698 tis;
2247 4643 2337 4687 aut
2359 4626 2511 4702 juxta
2544 4626 2853 4701 Sparkium,
2886 4628 3059 4695 velint,
3084 4628 3266 4682 nolint.
3303 4630 3328 4682 1
3355 4641 3463 4682 ms.
3485 4626 3721 4682 Claram.

2115 4715 2170 4762 et
2199 4707 2233 4762 4
2268 4705 2423 4768 cdit.,
2455 4704 2675 4775 ingrate.

2194 4797 2449 4865 Epicurus
2486 4795 2682 4866 eripiet.
2710 4793 2851 4864 Lege
2881 4790 3151 4866 Plutarch.
3187 4789 3275 4866 de
3300 4788 3737 4866 Placitisphilo—

2116 4861 2406 4939 sophorum
2433 4868 2469 4922 l.
2512 4861 2570 4933 n,
2596 4880 2648 4921 c.
2691 4866 2759 4929 4;
2789 4861 2844 4920 et
2871 4862 3137 4919 Galenum
3170 4861 3489 4934 pliilosotib.
3549 4863 3735 4917 histor.

2117 4957 2238 5012 cap.
2273 4940 2363 4995 42.

2193 5038 2461 5093 Pluribus.
2491 5035 2593 5090 Ms.
2622 5036 2644 5090 1
2679 5031 2917 5089 Claram.
2962 5043 3016 5089 et
3045 5034 3077 5087 7
3106 5032 3238 5088 edit.
3290 5046 3406 5088 rec.
3441 5045 3728 5102 perperam

2120 5110 2323 5166 addunt
2349 5123 2672 5174 exequemur,
2690 5106 2833 5176 quod
2856 5106 3009 5161 abest
3029 5121 3059 5159 a
3081 5105 3292 5160 caneris
3315 5112 3606 5176 tum_mss.
3634 5111 3735 5176 tua}

2123 5186 2374 5252 impress.
2404 5171 2509 5234 Pro
2537 5171 2789 5260 pluribus,
2830 5179 2883 5232 in
2929 5178 3144 5244 scriptis
3174 5189 3287 5229 rec.
3345 5175 3371 5229 1
3422 5174 3569 5256 Reg.
3615 5184 3671 5229 et
3704 5171 3735 5225 9.

2122 5253 2278 5309 Coll).
2308 5261 2411 5309 est.
2454 5250 2684 5309 olemus;
2717 5265 2766 5302 Ill
2797 5250 2821 5303 1
2857 5248 3011 5303 Coib.
3041 5258 3096 5301 et
3118 5247 3312 5307 Brun.,
3348 5246 3633 5309 prolixius.

2168 5264 2278 5309 oll).
2308 5264 2411 5317 est,
2454 5264 2684 5321 plenius;
2717 5265 2766 5302 In
2797 5264 2821 5303 ι
2857 5264 3011 5303 host).
3041 5264 3096 5301 et
3120 5264 3312 5307 brum,
3348 5264 3633 5313 prostantis.

2196 5327 2387 5387 Aiunt,
2419 5330 2524 5378 etc.
2570 5320 2788 5376 Scilicet
2836 5319 3103 5388 Epicurei.
3145 5316 3279 5373 Nam
3309 5315 3734 5388 Censorinttsgde

2126 5398 2221 5454 liie
2248 5385 2466 5451 nat.’de
2509 5395 2610 5447 hac
2642 5392 2854 5459 Epicuri
2886 5385 3164 5445 sententia
3210 5391 3288 5444 sic
3335 5388 3533 5443 scribit
3586 5406 3601 5443 :
3652 5385 3735 5440 De-

509 5468 673 5545 Vitam
695 5460 984 5527 hominibus
1013 5460 1267 5529 ordiatitr.
1303 5476 1393 5530 Sic
1420 5477 1538 5545 lego
1563 5489 1684 5529 cum
1713 5474 2020 5530 veterrimis
2123 5469 2332 5545 mocrito
2365 5481 2479 5545 uero
2508 5464 2762 5545 Abderitte
2797 5478 3029 5545 ex_aqua
3060 5460 3282 5530 limoque
3322 5460 3556 5545 pnﬁmum
3588 5460 3732 5545 uisui}

424 5539 749 5612 mss.ABon.,
783 5545 827 5599 Β

423 5685 528 5753 ptis
557 5699 621 5738 ac
643 5693 673 5737 Ξ
698 5687 785 5742 ed.
813 5688 972 5743 Rom.
1002 5696 1106 5751 est.
1138 5690 1377 5746 hominis.

499 5757 811 5834 Desiturnm.
838 5761 914 5834 ita
937 5761 1145 5818 correxi
1170 5778 1235 5819 ex
1266 5779 1395 5820 mss.
1428 5762 1761 5834 [legio-Pun.
1790 5758 2025 5834 igColb.,

423 5830 612 5900 60th.,
633 5832 806 5909 Lips,
834 5836 857 5891 l
882 5833 1146 5912 Clarpni.,
1171 5830 1540 5920 pluribusque:
1542 5835 1682 5896 aliis.
1709 5832 2025 5905 Desiturum,

833 5545 1130 5615 egio—Put.,
1161 5546 1195 5600 5
1226 5547 1403 5612 Coll»,
1432 5549 1468 5602 Ξ
1495 5545 1729 5601 Clarom.
1763 5555 1818 5601 et
1845 5545 2023 5600 omni—

425 5612 525 5667 bus
561 5610 673 5670 fere
697 5610 890 5672 editis:
911 5616 967 5670 In
997 5619 1019 5671 l
1052 5610 1182 5685 Reg.
1213 5617 1319 5674 900
1344 5610 1537 5675 annor.
1565 5630 1617 5674 et
1643 5618 1712 5673 15
1739 5632 1849 5673 rec.
1882 5617 2021 5672 scri-

2126 5557 2233 5595 esse
2255 5539 2480 5593 homines
2510 5543 2822 5607 procreatos.
2857 5532 2908 5587 Ν
2915 5528 2967 5587 ec
2990 5532 3139 5604 longe
3163 5528 3602 5607 secusEpicurus
3638 5546 3675 5607 ._‘_
3697 5528 3736 5607 is

2127 5614 2262 5666 enim
2283 5600 2521 5669 credidit;
2550 5607 2671 5660 limo
2694 5606 2963 5676 calefacto,
2992 5600 3157 5657 utcf-os
3196 5603 3378 5676 nescio
3393 5618 3525 5676 quos
3555 5600 3736 5657 reditio

2129 5684 2221 5738 bus
2239 5679 2690 5739 terrteincrevisse,
2720 5688 2765 5731 et
2785 5674 3069 5748 infantibus
3089 5692 3157 5729 ea:
3176 5691 3230 5730 se
3256 5674 3429 5748 editis,
3456 5675 3731 5745 ingeniun.

2132 5756 2277 5809 lactis
2301 5754 2583 5815 humorem,
2617 5762 2803 5802 natura
2830 5743 3169 5812 ministrante,
3189 5743 3471 5813 pra’bttisse
3489 5743 3735 5815 {quasi}!

2134 5827 2372 5889 educatos
2403 5834 2450 5882 et
2489 5813 2714 5888 adultas,
2771 5836 2925 5897 genus
2973 5819 3231 5877 hominum
3277 5832 3625 5897 prapagasse.
3672 5813 3736 5877 De
