3790 6274
38 321 176 385 517
1145 336 1353 404 LIBER
1390 335 1455 405 ll.
1496 335 1586 403 DE
1622 335 1904 401 ORIGINE
1945 338 2263 402 BRRORIS.
3271 346 3377 404 518

39 442 214 501 tibus
246 447 612 505 maturitatem
632 448 921 520 quamdam
949 451 1198 517 extitisse
1231 452 1545 515 animalium
1583 466 1672 511 se-
1694 465 1752 529 Α
1776 453 1938 525 facta,
1970 465 2032 513 ut
2051 457 2306 516 animalia
2334 473 2523 517 recens
2551 461 2721 529 edita,
2754 462 2836 521 vel
2864 461 3122 521 haberent
3150 463 3380 520 alimeuv

37 538 406 609 rendorum;
457 542 638 616 itaque
686 552 887 609 terram
935 559 1154 613 novam,
1210 560 1397 602 semen
1443 545 1683 618 genitale
1786 559 1919 616 tum,
1944 552 2025 608 vel
2048 568 2156 608 non
2176 552 2440 612 haberent
2463 556 2783 627 periculum,
2813 571 3037 615 necesse
3060 566 3165 627 est,
3197 567 3254 616 ut
3278 558 3379 614 alia

36 632 430 705 retinentem,
464 632 732 695 folliculos
774 653 838 701 ex
887 652 948 695 se
996 638 1260 710 quosdam
1300 639 1357 694 in
1402 650 1679 697 uterorutn

36 725 488 789 similitudinem
518 729 832 804 protulisse,
861 730 930 788 de
956 732 1153 802 quibus
1177 732 1460 790 Lucretius
1484 747 1498 786 :

262 847 566 900 Crescebant
583 849 716 899 uteri
738 851 893 899 terrae
910 848 1158 900 radicibus
1174 850 1306 912 apti;

34 964 315 1024 eosque,
345 968 464 1010 cum
498 961 891 1017 maturassent,
943 962 1134 1009 natura
1190 960 1422 1022 cogente
1467 960 1675 1023 ruptos,

30 1045 333 1102 animalia
365 1055 548 1104 tenera
579 1044 902 1116 profudisse.
930 1045 1131 1102 Deinde
1153 1054 1353 1102 terram
1377 1045 1548 1115 ipsam
1578 1043 1683 1099 hu-

32 1151 228 1192 more
272 1136 531 1209 quodam,
564 1138 654 1209 qui
698 1147 844 1195 esset
885 1137 1009 1194 lacti
1051 1137 1279 1205 similis,
1329 1137 1677 1203 exuberasse,

31 1244 253 1301 eoque
282 1232 542 1288 alimento
587 1231 895 1289 animantes
936 1245 1058 1288 esse
1102 1232 1355 1286 nutritas.
1396 1228 1681 1299 Quomodo

30 1324 240 1393 igitur
263 1328 371 1382 vim
406 1325 622 1397 frigoris
650 1334 744 1381 aut
766 1325 965 1381 caloris
996 1325 1139 1381 ferre
1173 1333 1267 1380 aut
1295 1325 1467 1380 vitare
1493 1331 1684 1393 potue-

32 1428 223 1484 runt,
247 1427 346 1475 aut
367 1420 590 1475 omnino
615 1419 786 1487 nasci,
813 1434 937 1475 cum
969 1419 1051 1474 soi
1072 1426 1351 1485 exureret,
1394 1416 1563 1488 frigus
1589 1430 1682 1472 as-

34 1508 382 1582 tringeret?
419 1510 538 1568 Non
581 1520 756 1575 erant,
802 1510 1070 1580 inquiunt,
1113 1511 1166 1565 in
1198 1509 1467 1581 principio
1497 1507 1681 1564 mundi

28 1602 267 1675 hyeme
309 1619 413 1660 nec
461 1612 645 1672 aestas,
690 1603 788 1660 sed
820 1611 1077 1677 perpetua
1128 1604 1440 1674 temperies,
1491 1611 1547 1658 et
1589 1616 1684 1657 ver

26 1696 365 1768 agitabile.
396 1695 506 1753 Cur
532 1711 661 1768 ergo
683 1697 811 1752 nihil
837 1696 1031 1752 horum
1054 1696 1173 1752 fieri
1201 1696 1512 1752 etiamnunc
1532 1693 1682 1750 vide-

28 1792 233 1863 mus}
260 1792 403 1861 Quia
445 1790 636 1856 semel,
688 1792 862 1859 aiunt,
893 1790 1012 1846 fieri
1039 1791 1405 1847 necessarium
1452 1788 1574 1855 fuit,
1624 1797 1683 1844 ut

1784 643 1906 716 quis
1933 643 2113 702 divina
2139 648 2322 704 nescio
2343 663 2446 719 qua
2475 651 2686 706 ratione
2714 649 3030 722 providerit.

1776 786 1779 793 '
1861 778 1992 845 Quis
2019 789 2196 837 autem
2223 791 2400 854 potest
2425 784 2725 853 providere,
2757 785 2859 841 nisi
2884 784 3060 842 Deus?
3083 786 3379 847 Videamus

1787 878 1965 928 tamen
2016 888 2084 928 an
2133 874 2185 929 id
2236 875 2444 945 ipsum,
2476 876 2618 947 quod
2648 876 2924 947 dictitant,
2960 877 3074 934 fieri
3104 881 3379 951 potuerit:

1787 974 1842 1019 ut
1871 964 2119 1021 homines
2149 977 2501 1026 nascerentur
2525 986 2557 1024 e
2586 980 2749 1026 terra.
2772 971 2828 1026 Si
2850 972 3160 1029 consideret
3185 974 3384 1043 aliquis

1784 1057 2052 1127 quandiu,
2084 1068 2139 1114 et
2165 1058 2356 1129 quibus
2389 1058 2563 1121 modis
2601 1060 2861 1121 educetur
2890 1062 3086 1132 infans,
3118 1064 3386 1138 intelliget

1785 1146 2027 1219 profecto
2072 1165 2178 1204 non
2226 1153 2463 1222 potuisse
2511 1154 2805 1224 terrigenas
2852 1154 2970 1213 illos
3021 1171 3221 1228 pueros
3266 1160 3385 1216 sine

1784 1237 1894 1294 ullo
1921 1239 2213 1301 educatore
2242 1242 2457 1299 nutriri.
2510 1243 2634 1301 Fuit
2673 1247 2817 1302 enim
2848 1262 3074 1304 necesse
3099 1252 3383 1321 quamplue

1784 1331 1934 1393 ribus
1986 1333 2260 1391 mensibus
2300 1335 2483 1407 jacere
2509 1336 2800 1409 proiectos,
2830 1338 3005 1396 donec
3050 1339 3385 1398 conﬁrmatis

1784 1427 1965 1484 nervis
1994 1442 2214 1486 movere
2243 1445 2324 1499 se,
2359 1431 2643 1507 locumque
2685 1443 2893 1490 mutare
2933 1444 3153 1509 possent
3185 1454 3198 1491 :
3242 1437 3386 1508 quod

1784 1520 1874 1577 vix
1900 1520 2038 1577 intra
2072 1522 2229 1579 unius
2256 1524 2383 1579 anni
2426 1525 2659 1595 spatium
2709 1526 2824 1587 fieri
2864 1537 3059 1599 potest.
3106 1527 3224 1585 Jam
3265 1528 3387 1587 vide

1786 1620 2039 1668 utrumne
2068 1611 2245 1670 infans
2271 1612 2461 1673 eodem
2491 1612 2673 1683 modo,
2707 1629 2760 1674 et
2794 1620 2984 1675 eodem
3019 1619 3138 1676 loco
3165 1635 3272 1693 quo
3301 1628 3386 1676 est

1785 1702 1987 1760 eii‘usus
2008 1747 2022 1771 ,
2063 1704 2248 1776 jacere
2280 1722 2377 1776 per
2405 1706 2604 1764 multos
2631 1725 2847 1766 menses
2876 1708 3136 1777 valuerit,
3170 1726 3234 1767 ac
3278 1728 3383 1769 non

1787 1808 1840 1853 et
1872 1800 2098 1856 humore
2126 1801 2217 1856 illo
2249 1810 2434 1871 terrai,
2464 1814 2626 1874 quem
2656 1802 2895 1860 alimenti
2922 1806 3092 1876 gratia
3114 1807 3387 1862 ministra-

26 1886 331 1942 animalia
352 1894 745 1951 nascerentur;
775 1893 1059 1955 postquam
1080 1898 1210 1938 vero
1236 1896 1357 1938 esse
1377 1889 1678 1953 cmperunt,
1708 1861 1758 1927 Β
1786 1887 1907 1956 bat,
1957 1900 2013 1945 et
2057 1891 2140 1946 sui
2184 1861 2432 1964 corporis
2479 1861 2840 1971 purgamentis
2886 1861 2951 1950 in:
2990 1912 3155 1951 unum
3202 1861 3386 1955 mixtis

28 1992 339 2034 concessa
367 1977 452 2032 bis
484 1977 741 2032 facultate
761 1975 1079 2047 generandi,
1111 1984 1166 2030 et
1191 1984 1333 2030 terra
1366 1987 1559 2044 parere
1586 1972 1683 2027 de-

29 2072 174 2139 siit,
212 2081 271 2128 et
302 2071 563 2142 temporis
591 2069 831 2127 conditio
868 2078 1069 2125 mutata
1100 2077 1204 2124 est.
1251 2066 1298 2142 ρ
1334 2081 1495 2139 quam
1526 2065 1682 2142 facile

2 2228 3 2231 η
30 2177 136 2221 est
165 2164 459 2221 mendacia
481 2163 835 2242 redargueret
868 2162 1133 2226 Primum,
1161 2161 1305 2232 quod
1347 2160 1480 2214 nihil
1502 2166 1682 2231 potest

28 2274 188 2315 esse
224 2259 283 2314 in
315 2258 418 2314 hoc
446 2258 670 2322 mundo,
701 2257 843 2329 quod
874 2273 981 2314 non
1011 2257 1089 2311 sic
1120 2263 1452 2327 permaneat,
1484 2264 1542 2309 ut
1562 2269 1679 2310 cm-

34 2355 160 2425 pit.
199 2352 324 2411 Nec
350 2353 492 2410 enim
526 2354 630 2419 sol,
662 2364 717 2408 et
744 2353 893 2419 luna,
933 2361 989 2407 et
1011 2360 1157 2406 astra
1207 2359 1336 2405 tune
1366 2363 1471 2404 non
1502 2357 1679 2413 erant,

31 2457 157 2504 aut
192 2462 328 2503 cum
353 2455 558 2516 essent,
590 2456 800 2502 meatus
821 2460 927 2500 non
955 2443 1246 2509 habebant,
1279 2457 1343 2498 ac
1369 2456 1474 2497 non
1500 2440 1682 2497 divina

38 2540 408 2605 moderatio,
438 2555 562 2611 quae
584 2552 773 2595 cursus
802 2552 993 2596 eorum
1020 2545 1285 2608 temperat
1311 2544 1367 2591 et
1392 2535 1680 2606 gubernat,

39 2650 196 2690 cum
231 2634 368 2704 ipsis
405 2633 561 2688 simul
598 2632 841 2701 coeperit.
888 2629 1093 2686 Deinde
1132 2628 1274 2699 quod
1304 2629 1350 2684 si
1389 2628 1460 2683 ita
1487 2626 1580 2691 sit,
1625 2635 1686 2683 ut

42 2727 289 2792 dicunt,
322 2723 713 2796 providentiam
760 2737 883 2779 esse
908 2733 1133 2779 necesse
1151 2728 1269 2783 est;
1300 2730 1353 2776 et
1374 2720 1428 2777 in
1450 2719 1683 2789 idipsum

46 2817 351 2883 incidunt,
392 2815 534 2887 quod
570 2815 804 2871 maxime
831 2814 1059 2885 fugiunt.
1089 2811 1338 2868 Nondum
1372 2812 1514 2866 enim
1545 2812 1684 2867 natis

44 2908 430 2974 animalibus,
454 2908 645 2978 aliquis
665 2907 848 2977 utique
870 2905 1126 2977 providit,
1147 2915 1206 2961 ut
1225 2914 1595 2968 nascerentur,
1616 2918 1685 2961 ne

46 3003 225 3059 orbis
254 3011 420 3058 terra:
441 3000 708 3066 desertus,
739 3009 902 3069 atque
946 2998 1183 3055 incultus
1207 2996 1475 3053 horreret.
1504 2995 1569 3054 Ut
1591 3011 1687 3053 au-

47 3105 180 3149 tem
221 3093 296 3149 de
330 3102 469 3148 terra
499 3092 618 3146 sine
638 3091 815 3145 officio
830 3100 1114 3162 parentum
1139 3091 1281 3143 nasci
1314 3097 1551 3158 possent,
1582 3103 1683 3143 ne-

45 3203 232 3245 cesse
258 3199 346 3242 eSt
373 3201 565 3256 magna
614 3186 822 3239 ratione
864 3199 986 3240 esse
1036 3182 1346 3253 provisum;
1403 3175 1597 3237 deinde
1627 3190 1684 3236 ut

1254 2128 1648 2151 l.._—'__-.—————-—

1784 1978 2011 2037 obrutus
2041 1992 2436 2056 corruptusque
2468 1995 2794 2042 moreretur.
2831 1984 3015 2061 Itaque
3046 1988 3193 2046 nullo
3225 1989 3385 2047 modo

1786 2070 1902 2128 fieri
1949 2082 2158 2144 potest,
2208 2072 2333 2147 quin
2381 2074 2449 2131 ab
2498 2075 2681 2149 aliquo
2728 2078 2889 2134 fuerit
2936 2072 3224 2149 educatus;
3282 2081 3383 2138 nisi

1783 2164 1926 2220 forte
1969 2166 2220 2222 animalia
2268 2169 2450 2223 omnia
2505 2184 2611 2226 non
2664 2180 2847 2227 tenera
2903 2180 3027 2227 nata
3078 2180 3240 2241 sunt,
3287 2172 3387 2229 sed

1784 2268 2039 2314 excreta:
2070 2259 2213 2330 quod
2253 2268 2315 2315 ut
2348 2260 2624 2331 dicerent,
2658 2273 2950 2333 numquam
2992 2264 3140 2320 venit
3180 2262 3287 2320 illis
3330 2266 3384 2321 in

1784 2358 2044 2406 mentem.
2075 2350 2264 2407 Omnis
2292 2367 2422 2423 ergo
2450 2353 2537 2408 illa
2565 2355 2703 2409 ratio
2732 2354 3112 2425 impossibilis,
3150 2363 3205 2410 et
3244 2370 3382 2410 vana

1784 2452 1909 2497 est:
1935 2443 1982 2498 si
2011 2452 2191 2499 tamen
2219 2446 2357 2499 ratio
2381 2445 2487 2500 dici
2514 2454 2710 2517 potest,
2738 2460 2843 2518 qua
2875 2446 2928 2502 id
2952 2448 3131 2517 agitur
3158 2454 3215 2502 ut
3238 2448 3384 2504 nulla

1786 2535 1858 2590 sit
1879 2535 2038 2590 ratio.
2067 2536 2166 2604 Qtti
2198 2539 2345 2592 enim
2371 2537 2504 2593 dicit
2527 2538 2706 2594 omnia
2735 2553 2831 2593 sua
2867 2547 3062 2608 sponte
3087 2553 3208 2594 esse
3235 2550 3381 2604 nata,

1787 2626 2030 2697 nihilque
2055 2628 2251 2684 divinte
2277 2629 2629 2699 providentiae
2662 2629 2869 2695 tribuit,
2901 2629 2987 2686 hic
3018 2629 3261 2700 profecto
3292 2646 3382 2687 ra.

1788 2717 1988 2774 tionem
2020 2734 2126 2774 non
2154 2720 2369 2786 asserit,
2396 2720 2491 2776 sed
2520 2721 2736 2776 evertit.
2769 2721 2923 2789 Quod
2954 2723 2998 2776 si
3029 2736 3206 2791 neque
3231 2722 3385 2794 quid-

1788 2824 1951 2880 quam
1982 2810 2098 2866 fieri
2125 2809 2243 2867 sine
2273 2812 2505 2877 ratione,
2535 2827 2712 2882 neque
2742 2812 2890 2868 nasci
2921 2821 3117 2883 potest,
3160 2824 3384 2885 apparet

1787 2900 2023 2959 divinant
2051 2916 2175 2960 esse
2201 2904 2613 2975 providentiam,
2645 2904 2800 2974 cujus
2825 2914 2909 2960 est
2937 2906 3211 2976 proprium
3238 2907 3383 2977 quod

1786 2995 1985 3055 dicitur
2013 2998 2171 3059 ratio.
2204 2999 2344 3055 Deus
2370 2999 2535 3068 igitur
2565 3014 2746 3055 rerum
2774 2999 3017 3055 omnium
3048 2998 3385 3056 machinator

1786 3092 1913 3151 fecit
1944 3090 2238 3163 hominem.
2270 3092 2423 3162 Quod
2452 3093 2665 3160 Cicero,
2696 3096 2941 3164 quamvis
2969 3109 3161 3165 expers
3190 3095 3386 3151 coeles-

1790 3188 1920 3242 lium
1963 3187 2293 3260 litterarum,
2322 3188 2455 3243 vidit
2498 3197 2711 3254 tamen;
2740 3188 2830 3259 qui
2874 3188 3011 3243 libro
3048 3189 3114 3243 de
3151 3187 3384 3259 Legibus

45 3286 277 3340 humor
298 3280 390 3336 ille
411 3290 695 3336 concretus
719 3280 786 3334 de
810 3288 949 3334 terra
979 3279 1031 3335 in
1064 3278 1240 3332 varias
1265 3277 1528 3348 imagines
1554 3290 1678 3333 cors
1706 3252 1753 3317 θ
1789 3282 1962 3351 primo
1991 3281 2092 3335 hoc
2121 3280 2262 3336 idem
2293 3278 2527 3349 tradidit,
2553 3276 2694 3353 quad
2722 3281 3018 3354 prophetae,
3041 3282 3196 3354 cujus
3222 3283 3379 3339 verba

44 3390 269 3448 porum
304 3375 627 3445 fingeretur;
664 3370 787 3426 item
827 3382 883 3426 ut
921 3387 950 3424 e
978 3368 1260 3437 folliculis,
1291 3368 1484 3439 quibus
1531 3378 1680 3439 tege-

42 3471 302 3533 bantur,
330 3476 550 3536 accepta
582 3462 819 3530 vivendi,
868 3462 1246 3532 sentiendique
1269 3463 1501 3528 ratione,
1545 3469 1683 3516 tam-

40 3576 238 3633 quam
266 3574 340 3615 ex
371 3560 492 3614 alvo
521 3565 753 3612 matrum
785 3554 1263 3626 profundereutur,
1295 3554 1428 3609 mira
1460 3550 1680 3610 inextri-

40 3653 379 3724 cabilisque
410 3651 648 3723 provisio
676 3658 780 3709 est.
810 3648 915 3706 Sed
950 3652 1199 3720 putemus
1229 3646 1279 3702 id
1310 3662 1525 3719 quoque
1551 3660 1679 3702 casu

37 3748 343 3805 accidisse
370 3763 384 3801 :
419 3746 509 3801 illa
532 3752 680 3800 certe
701 3758 822 3814 qua:
844 3750 1162 3812 sequuntur,
1188 3740 1403 3795 fortuita
1428 3754 1549 3796 esse
1568 3754 1674 3794 non

38 3847 339 3913 possunt;
388 3847 445 3892 ut
474 3846 615 3893 terra
655 3837 910 3891 continuo
956 3834 1095 3889 lacte
1139 3840 1401 3899 manaret,
1452 3838 1509 3886 ut
1536 3833 1677 3888 acris

43 3908 371 4005 temperies
400 3937 545 3987 esset
581 3928 820 4001 aqualis.
854 3927 984 3996 Quae
1022 3926 1067 3981 si
1094 3932 1305 3981 constat
1332 3924 1531 3980 idcirco
1555 3908 1688 3981 esse

1783 3373 1986 3443 suhjeci
2014 3392 2027 3429 :
2063 3393 2082 3426 ι
2123 3375 2235 3429 Hoc
2261 3375 2458 3429 animai
2491 3375 2767 3449 providum
2791 3418 2805 3441 ,
2838 3391 3000 3449 sagax
3023 3418 3036 3441 ,
3067 3376 3344 3448 multiplex
3364 3415 3379 3443 ,

1783 3477 2030 3534 acutum,
2079 3484 2308 3536 memor,
2341 3464 2557 3537 plenum
2599 3462 2825 3524 rationis
2856 3477 2911 3524 et
2938 3466 3149 3525 consilii
3172 3509 3188 3537 ,
3219 3484 3379 3540 quem

1782 3572 2039 3614 vocamus
2069 3558 2364 3623 hominem,
2396 3559 2650 3628 praeclara
2682 3560 2911 3629 quadam
2946 3559 3261 3615 conditione
3290 3574 3384 3629 ge-

1784 3658 2028 3705 neratum
2056 3664 2177 3705 esse
2205 3665 2236 3704 a
2266 3664 2520 3718 supremo
2552 3650 2691 3715 Deo;
2725 3649 2899 3705 solum
2925 3658 3010 3705 est
3037 3649 3183 3707 enim
3210 3666 3275 3703 ex
3304 3657 3384 3706 tot

1783 3741 2136 3797 animantium
2165 3741 2455 3811 generibus
2490 3751 2652 3810 atque
2697 3743 2934 3805 naturis,
2982 3744 3250 3810 partleeps
3294 3757 3383 3796 ra-

1785 3834 1947 3889 tionis
1971 3842 2027 3888 et
2054 3833 2412 3904 cogitationis,
2445 3846 2569 3887 cum
2613 3840 2810 3887 caetera
2842 3831 2949 3886 sint
2980 3831 3159 3885 omnia
3188 3844 3382 3899 exper—

1784 3926 1877 3980 tia.
1914 3942 1934 3978 t
1966 3923 2201 3981 Videsne
2248 3923 2554 3991 hominem,
2599 3925 2843 3994 quamvis
2889 3921 3046 3993 longe
3084 3936 3112 3976 a
3142 3919 3380 3977 veritatis

1407 4036 1770 4097 VARIORUM
1807 4040 2040 4096 ΝΟΤιΕ.

47 4182 170 4235 qua
200 4180 266 4220 re
298 4162 421 4219 vide
448 4162 607 4235 Lucr.
632 4161 681 4235 l.
700 4177 755 4230 v,
785 4173 928 4216 vers.
960 4157 1089 4216 806.
1124 4156 1678 4217 Remulum—Vide

46 4234 328 4294 Ciceron.
358 4235 395 4289 1.
420 4237 519 4290 tde
540 4234 791 4304 Legibus.

132 4307 326 4363 Terrae
345 4303 601 4362 radicibus
619 4299 757 4375 'apti.
787 4301 937 4375 llaud
963 4316 1133 4375 secus
1148 4300 1346 4375 habent
1367 4314 1497 4375 mss.
1528 4299 1680 4356 codi-o

48 4397 160 4436 ces
190 4377 531 4442 Lucretiani;
564 4370 1023 4431 nec'Lactantiani
1050 4375 1082 4426 6
1110 4373 1265 4443 Reg.
1299 4373 1326 4428 1
1358 4370 1596 4443 Claront.
1622 4379 1677 4429 et

47 4453 93 4508 8
124 4450 411 4520 impressi.
441 4450 509 4503 At
534 4449 659 4520 Iteg.
709 4448 851 4513 Put.,
884 4445 912 4500 1
947 4446 1017 4500 al.
1048 4442 1259 4520 Regii
1280 4442 1671 4520 Colbllirunq

1861 4158 2259 4215 Inextricabilis.
2279 4157 2405 4214 Haec
2423 4157 2647 4212 mutatio
2670 4155 2806 4211 facta
2828 4172 2892 4211 ex
2912 4171 3041 4211 mss.
3082 4154 3118 4209 2
3146 4154 3376 4221 Bonum,

1784 4230 1811 4286 1
1843 4231 1996 4287 Colb.
2021 4231 2188 4301 antiq.
2209 4228 2360 4301 Jun.,
2388 4228 2606 4295 Ultr.,2
2632 4227 2799 4301 Bruti.
2829 4243 2891 4301 ac
2923 4226 3045 4301 edd.
3076 4225 3302 4281 Turues.
3327 4234 3382 4281 et

1785 4304 1979 4359 Soubr.
2007 4302 2063 4357 In
2111 4298 2241 4358 edit.
2270 4300 2484 4357 Walcb.
2536 4309 2621 4356 est
2668 4298 3084 4370 inexpricubilis,
3133 4309 3380 4370 typogra-

1783 4374 1940 4445 phico
1999 4374 2230 4440 mendo;
2282 4373 2335 4427 in
2390 4373 2635 4445 caeteris,
2690 4367 3081 4445 ittetcpficabilis.
3126 4367 3381 4445 -ἐ-Μξνα

1781 4438 2252 4515 inexplicabilisque
2300 4445 2539 4515 provisio.
2596 4443 2729 4496 Bon.
2749 4482 2771 4515 ,Α
2799 4440 2960 4515 Ultr.,
2992 4440 3119 4515 dun.
3140 4438 3377 4515 ,__Gotlt.,

50 4507 158 4578 ed.
198 4507 359 4577 l'tom.
394 4520 554 4583 M70,
588 4507 982 4591 lfahent_t'€rra_;
1012 4516 1102 4591 alii
1129 4507 1349 4591 2833.,
1376 4515 1410 4568 2
1435 4511 1613 4581 Colb.,
1645 4515 1672 4570 1
1703 4524 1757 4591 D
1782 4507 1914 4591 miro
1939 4507 2416 4591 inextricabilis'que.
2445 4520 2512 4591 At
2534 4512 2939 4591 iterumjunxit
2971 4511 3038 4564 de
3065 4509 3205 4580 Upif.
3230 4523 3279 4563 c.
3306 4507 3375 4563 8:

50 4595 344 4658 Claram,
371 4592 457 4647 ed.
490 4591 647 4645 Rom.
688 4589 821 4645 1408
849 4599 903 4644 et
933 4588 1103 4643 Paris.
1142 4586 1306 4651 1525,
1331 4596 1537 4658 terram.

140 4655 523 4719 ﬂaturassent.
557 4662 853 4716 Buneman.
896 4659 1024 4729 legit
1052 4658 1450 4724 maturuissent,
1488 4655 1682 4729 neque

52 4736 175 4793 hac
216 4736 453 4791 lectione
496 4736 576 4789 sic
618 4732 775 4789 habet
811 4750 823 4787 :
864 4752 882 4786 α
912 4726 1001 4787 Sic
1046 4730 1187 4786 edidi
1233 4744 1301 4784 ex
1348 4743 1451 4783 ms.
1487 4726 1675 4794 Ullraj.

55 4810 240 4863 etiam
274 4804 594 4861 Munckerus
622 4804 706 4858 hic
738 4804 817 4875 ita,
838 4804 1021 4875 legere
1034 4802 1296 4875 malebat,
1329 4810 1385 4854 et
1413 4799 1491 4854 sic
1516 4799 1680 4870 ilygi-

56 4896 205 4935 num
228 4877 553 4948 corrigebat,
581 4876 686 4932 fab.
728 4874 849 4948 1756,
960 4873 1086 4929 205.
1122 4892 1141 4925 ›
1188 4871 1320 4948 βω.

141 4934 451 5005 Αηίηιαηῖεε
479 4934 584 5003 esse
616 4934 854 5001 nutritas.
882 4934 964 5000 'lta
994 4941 1215 5015 reposui
1254 4956 1323 4999 ex
1355 4954 1484 4997 mss.
1532 4934 1677 4998 Editi

50 5023 265 5094 legunt
285 5020 520 5094 nutritus.

141 5084 422 5158 Quomodo
447 5091 620 5162 igitur.
646 5088 734 5162 Sic
755 5087 1053 5162 restituiex
1073 5099 1221 5162 mss.
1232 5084 1500 5162 omnibus,
1526 5099 1682 5145 acce-

50 5157 331 5220 dentibus
361 5163 395 5217 5
425 5157 811 5217 recentioribus
837 5170 889 5213 et
917 5157 1043 5214 edit.
1072 5157 1245 5213 Betui.
1278 5158 1329 5210 in
1361 5157 1555 5226 quibus
1596 5163 1681 5212 est

52 5252 200 5308 ergo
224 5250 239 5301 ;
268 5233 519 5308 in_editis,
540 5234 796 5308 quomodo
825 5240 1013 5308 ςυρψ.
1050 5228 1330 5308 Lucretius
1356 5227 1592 5308 eod._li_b.
1619 5245 1671 5285 ν.

139 5299 285 5360 Nec.
320 5299 564 5375 Reposui
581 5321 644 5359 ex
679 5318 805 5358 mss.
830 5302 866 5357 2
900 5300 1033 5372 Reg.
1064 5300 1168 5375 900
1219 5315 1409 5355 annor.
1448 5299 1678 5373 aliisque

48 5388 223 5435 octo.
258 5378 317 5432 In
340 5376 375 5430 2
402 5373 522 5430 aliis
548 5385 633 5431 est
657 5385 743 5428 aut
770 5390 784 5439 ;
819 5376 872 5429 in
897 5373 1130 5438 cameris,
1162 5381 1229 5426 et.

150 5448 396 5503 Viventii.
430 5448 520 5503 Sic
555 5446 769 5503 restitui
818 5460 884 5500 ex
906 5453 1014 5499 vet.
1066 5443 1226 5498 editis
1254 5442 1290 5497 4
1312 5485 1327 5509 ,
1356 5443 1675 5509 cunctisque

48 5535 206 5579 mss.
238 5520 463 5588 dempto
493 5534 599 5574 uno
629 5517 857 5574 Tornes.
876 5516 1074 5587 inquo,
1109 5523 1170 5569 ut
1198 5514 1251 5569 in
1277 5514 1558 5586 impressis
1582 5514 1670 5581 10,

47 5603 149 5650 est
182 5592 415 5647 videndi.

140 5674 231 5728 Ea:
258 5672 379 5727 aleo
434 5679 661 5727 matrum
700 5667 1149 5739 profunderentur.
1196 5666 1401 5723 Arnob.
1460 5666 1558 5739 lib.
1612 5683 1671 5736 ll,

52 5746 384 5810 Nascimur,
440 5756 487 5800 et
536 5759 599 5799 ea:
644 5736 1413 5810 alitis'e/ftmdimurgmatrunt.
1442 5736 1668 5808 August.

1783 4589 2171 4659 Inexplicabilis
2219 4597 2291 4642 est
2320 4581 2399 4641 'ac
2428 4587 2566 4659 inira
2592 4584 2869 4659 subtilitas.
2902 4581 3033 4659 Buu.

1854 4650 1931 4715 Ac
1950 4678 2051 4715 non
2081 4670 2128 4714 et
2160 4660 2390 4713 humore.
2423 4657 2497 4713 Ita
2526 4658 2832 4712 restitutum
2856 4669 2921 4709 ex
2946 4653 3034 4708 ed.
3063 4650 3293 4707 Tornes.
3324 4658 3381 4706 et

1781 4731 1975 4789 Cellar.
2010 4731 2369 4800 omnibusque
2395 4743 2526 4783 mss.
2555 4725 3000 4800 praetetj_Etn.,_itt
3021 4739 3127 4794 quo
3147 4722 3375 4800 deside-

1782 4814 1932 4861 ratur
1957 4814 2027 4868 et;
2055 4795 2390 4870 Lipsiensent
2421 4795 2581 4854 unum
2628 4807 2683 4853 et
2723 4798 2875 4853 Colb.
2917 4796 3041 4865 i,iu
3071 4795 3266 4867 quibus
3293 4804 3380 4850 est

1785 4892 1846 4931 ac
1876 4892 1976 4931 non
1999 4890 2062 4929 ea:
2093 4873 2327 4927 humore.

1852 4949 1925 5003 Ac
1952 4963 2055 5003 non
2079 4945 2289 4999 humore
2314 4943 2405 4998 illo
2422 4951 2587 4997 terra.
2613 4938 2863 4997 Emman.
2880 4946 2933 4994 et
2960 4938 3133 5009 Lips.,
3153 4954 3212 4991 ac
3239 4954 3376 4992 non:

1780 5019 1890 5087 alii,
1922 5032 2115 5073 annon.
2157 5017 2232 5072 De
2279 5014 2445 5085 0pif.,
2475 5030 2525 5069 c.
2560 5010 2662 5087 t6;
2694 5010 2879 5087 P_ote_s_t_
2907 5027 2975 5067 ne
3015 5011 3198 5087 aliquis
3238 5025 3380 5065 cont-

1781 5081 2162 5163 prehendere...
2188 5103 2251 5143 ac
2276 5081 2381 5141 non
2413 5081 2476 5142 ea:
2500 5102 2557 5163 eo
2582 5086 2692 5163 ipso
2716 5083 2989 5163 intelligat.
3024 5081 3160 5163 Dus:

1854 5163 2034 5228 Quem.
2068 5162 2277 5216 Habent
2304 5169 2414 5215 tres
2442 5152 2630 5229 optimi
2661 5170 2792 5210 mss.
2838 5152 3012 5229 Regii,
3044 5155 3068 5209 1
3113 5152 3377 5224 Colb.};et

1777 5230 1813 5288 2
1844 5226 2008 5303 Bruti.
2040 5233 2285 5303 impressi
2315 5239 2369 5285 ct
2396 5226 2636 5303 plerique
2668 5243 2800 5282 mss.
2827 5226 2980 5297 quod.

1850 5302 2093 5358 Exorata.
2118 5294 2259 5372 'Quia
2291 5302 2342 5357 in
2376 5294 2656 5357 Lactantio
2682 5294 2869 5372 omnes
2900 5295 3085 5372 scripti
3114 5294 3371 5364 cditique,

1777 5386 1998 5443 excreta,
2031 5368 2219 5440 servo;
2251 5374 2329 5430 sic
2356 5371 2548 5444 Virgil.
2578 5386 2633 5426 ill
2675 5370 2871 5443 Georg.
2902 5368 3026 5425 597.
3065 5384 3078 5421 :

1870 5486 2011 5538 Multi
2028 5485 2130 5549 jam
2154 5491 2386 5538 excretos
2408 5483 2673 5549 prohibent
2695 5494 2725 5531 a
2747 5482 2988 5532 matribus
3008 5478 3197 5530 haedos.

2981 5564 3103 5615 Bmt.

1849 5663 1894 5719 A
1922 5674 2159 5731 supremo
2192 5655 2317 5711 Deo.
2350 5655 2588 5731 siccum
2618 5653 2869 5731 omnibus
2895 5666 3035 5731 pene
3079 5661 3207 5731 mss.
3238 5648 3369 5703 edit.

1775 5717 2005 5795 Tornes'.
2041 5732 2237 5789 Soubr.
2268 5740 2321 5784 et
2344 5726 2559 5785 Waich.
2591 5717 3122 5795 cutitrtiqtie'cttdires
3151 5717 3371 5795 (ξίρρτο-

50 5789 797 5876 "'.\-"'&e"s.'"tt}i.14{l.
819 5789 1488 5880 semis?compositi;
1514 5789 1675 5868 τᾶὶὲἓέ
1773 5789 1918 5866 niani
1951 5825 1964 5862 :
1993 5807 2030 5862 2
2063 5806 2362 5880 lieg.‘rec.,
2391 5820 2422 5857 a
2457 5815 2684 5880 superno
2716 5789 2865 5862 Deo;
2894 5796 2927 5852 5
2967 5792 3147 5865 Colb.,
3174 5791 3209 5850 2
3235 5789 3369 5877 Reg,

55 5891 263 5971 ﬁnibus
287 5886 484 5970 επαοαο
503 5898 593 5950 tu.
626 5884 850 5969 Quintil.
879 5881 1303 5959 πεισθῶμετο
1322 5880 1380 5950 in
1394 5882 1670 5951 Pisonem.

1782 5888 1906 5947 eum
1936 5879 2118 5948 inultis
2141 5869 2327 5949 editis,
2348 5869 2387 5938 'a
2412 5869 2610 5937 autumo
2637 5869 2767 5932 Deo.
