3790 6274
390 322 502 393 519

1461 304 1650 389 FlRM.
1692 325 2059 387 LACTANTII
2096 328 2302 388 DIVIN.
2341 330 2582 393 INSTIT.

3611 335 3715 391 520

395 452 585 509 notitia
618 459 906 518 remotum,
937 458 1140 516 tamen,
1169 445 1424 520 quoniam
1469 447 1757 519 imaginem
1789 445 2003 516 sapien-
2025 455 2078 519 Α
2105 448 2291 505 mundi
2334 465 2402 507 ex
2441 452 2726 510 contrariis
2751 455 3049 511 constantis
3076 455 3360 514 elementis
3388 453 3714 513 similitudi-
3788 452 3790 517 ξ

398 545 491 601 tite
536 544 805 612 tuebatur,
836 542 1169 599 intellexisse
1216 557 1324 597 non
1368 541 1470 597 nisi
1509 556 1541 597 a
1582 541 1693 597 Deo
1720 541 1995 597 hominem

399 638 640 710 potuisse
667 636 957 709 generari?
982 634 1087 691 Sed
1117 644 1297 691 tamen
1325 633 1520 690 divinis
1546 649 1682 704 opus
1724 643 1807 690 est
1841 633 1998 690 testi-

398 729 619 795 moniis,
648 745 717 786 ne
746 730 924 785 minus
954 724 1188 783 humana
1235 726 1525 784 sufficiant.
1573 726 1781 799 Sibylla
1821 725 1999 783 homi-

397 837 521 880 nem
549 824 645 882 Dei
673 839 808 894 opus
834 838 956 880 esse
986 831 1212 879 testatur
1236 840 1249 877 :

640 942 692 1000 ὃς
714 954 821 1003 μόνος
846 952 929 991 lati.
948 953 1038 999 Θιὸς
1060 953 1212 1000 κτίστης
1234 950 1442 1003 iaspis-nso:
1464 949 1645 1003 ἰηιᾶρχυν,

642 1016 760 1061 Αὗτὸς
783 1011 826 1053 δι
851 1015 1014 1066 ιστήριξι
1035 1015 1148 1053 suum
1172 1019 1313 1067 μορφῆς
1337 1017 1557 1066 μιρόπυντι,

645 1078 763 1125 Aine;
787 1076 885 1127 ῐμιει
907 1078 1011 1129 φύσιν
1033 1078 1176 1117 πάντων
1197 1083 1320 1128 γινιῆς
1347 1079 1505 1127 βιότοιο.

401 1171 607 1228 Eadem
637 1181 841 1227 sanctae
870 1171 1063 1227 litterae
1094 1172 1394 1227 continent.
1431 1172 1571 1226 Deus
1599 1185 1730 1242 ergo
1764 1169 1878 1225 veri
1909 1182 2003 1240 pa-

399 1265 498 1320 tris
527 1263 708 1321 officio
736 1263 951 1320 functus
978 1276 1080 1322 est.
1111 1264 1231 1336 Ipse
1258 1279 1456 1336 corpus
1483 1263 1722 1330 effluxit;
1752 1263 1868 1336 ipse
1887 1262 2005 1318 ani-

403 1373 546 1414 mam
574 1373 678 1429 qua
710 1358 980 1429 Spiramus
1006 1357 1222 1413 infudit.
1247 1357 1392 1413 Illius
1419 1367 1502 1412 est
1521 1365 1713 1422 totum,
1745 1353 2005 1428 quidquid

402 1466 609 1508 sumus.
654 1450 937 1518 Quomodo
986 1449 1041 1506 id
1089 1449 1310 1515 fecerit,
1341 1450 1385 1505 si
1414 1464 1514 1505 nos
1540 1456 1817 1520 oporteret
1841 1445 2003 1514 scire,

402 1546 697 1616 docuisset,
730 1546 869 1603 sicut
896 1546 1080 1602 docuit
1116 1554 1312 1601 caetera
1354 1560 1475 1617 qua;
1503 1543 1869 1615 cognitionem
1909 1555 2008 1598 no-

401 1639 506 1709 bis,
539 1648 596 1696 et
623 1640 832 1712 pristini
854 1639 1058 1698 erroris
1082 1647 1138 1694 et
1162 1638 1279 1695 veri
1304 1637 1526 1694 luminis
1553 1636 1870 1694 attulerunt.

1001 1774 1231 1833 CAPUT
1269 1774 1409 1830 XIII.

414 1913 585 1984 Quare
615 1913 717 1969 duo
746 1930 897 1970 sexus
918 1914 972 1969 in
1000 1914 1242 1969 homine:
1271 1913 1393 1984 quid
1423 1913 1490 1968 sit
1515 1927 1652 1967 mors
1674 1911 1786 1982 ejus
1815 1906 2003 1982 prima,

483 2007 606 2077 quid
645 2006 904 2074 secunda;
945 2015 993 2062 et
1037 2007 1100 2061 de
1142 2007 1424 2078 primorum
1465 2014 1741 2078 parentum
1765 2003 1921 2075 culpa
1960 2012 2009 2059 et

483 2115 651 2172 paena.

483 2233 618 2290 Cum
649 2248 779 2308 ergo
805 2249 1010 2301 marem
1040 2235 1107 2291 ad
1138 2235 1541 2292 similitudinem
1579 2250 1731 2291 suam
1776 2235 2010 2306 primum

415 2324 659 2382 ﬁnxisset
677 2369 691 2395 ,
729 2337 839 2383 tum
864 2327 1029 2385 etiam
1059 2327 1337 2384 fteminam
1365 2327 1719 2399 contiguravit
1744 2327 1811 2382 ad
1840 2326 2010 2397 ipsius

415 2418 650 2475 hominis
675 2420 932 2492 effigiem,
953 2430 1014 2477 ut
1041 2421 1147 2477 duo
1177 2421 1320 2477 inter
1349 2436 1409 2477 se
1435 2422 1675 2492 pcrmisti
1699 2435 1860 2478 sexus
1882 2435 2009 2491 pro-

411 2527 607 2584 pagare
634 2514 877 2570 sobolem
910 2522 1159 2585 possent,
1213 2523 1269 2572 et
1296 2529 1509 2570 omnem
1538 2525 1736 2570 terram
1761 2513 2009 2569 multitu-

411 2605 537 2663 dine
567 2609 811 2679 opplere.
856 2608 913 2663 In
962 2608 1132 2679 ipsius
1160 2618 1342 2664 autem
1374 2607 1608 2663 hominis
1651 2607 1866 2662 fictione
1893 2605 2010 2661 illa—

409 2713 529 2754 rum
554 2700 781 2755 duarum
814 2701 1184 2770 materiarum,
1213 2714 1349 2771 quas
1377 2701 1518 2756 inter
1543 2714 1603 2754 se
1631 2699 1865 2755 diximus
1888 2712 2012 2755 esse

410 2794 737 2859 contrarias,
772 2794 910 2865 ignis
938 2803 991 2850 et
1020 2810 1206 2865 aquae,
1249 2794 1516 2852 conclusit
1553 2794 1883 2866 perfecitque
1918 2808 2010 2849 ra-

410 2885 636 2941 tionem.
667 2886 820 2942 Ficto
853 2889 997 2943 enim
1029 2902 1289 2959 corpore,
1330 2888 1555 2960 spiravit
1592 2889 1643 2944 ei
1670 2887 1905 2943 animam
1943 2886 2012 2944 de

407 2980 556 3036 vitali
583 2981 731 3037 fonte
759 2983 981 3053 spiritus
1007 2982 1132 3050 sui,
1172 2983 1266 3055 qui
1290 2990 1374 3041 est
1403 2983 1692 3054 perennis,
1744 2991 1803 3040 ut
1841 2982 2012 3053 ipsius

2099 557 2221 598 nem
2248 552 2481 614 gereret.
2512 545 2733 602 Constat
2772 547 2917 603 enim
2957 562 3026 603 ex
3061 549 3237 604 anima
3274 556 3332 605 et
3354 562 3623 618 corpore,
3663 546 3713 602 id

2099 644 2201 701 est,
2230 638 2381 707 quasi
2408 652 2440 694 e
2466 636 2606 693 ctelo
2632 650 2688 695 et
2708 648 2850 695 terra
2872 656 2885 694 :
2909 640 3344 712 quandoquidem
3370 640 3588 704 anima,
3608 653 3713 709 qua

2098 729 2347 796 vivimus,
2376 731 2524 787 velut
2551 748 2583 788 e
2611 733 2774 801 ctelo,
2806 733 2980 789 oritur
3008 749 3037 788 a
3070 734 3204 803 Deo,
3227 748 3431 807 corpus
3464 747 3503 790 e
3545 741 3711 800 terra,

2098 822 2255 893 cujus
2281 838 2312 878 e
2339 822 2467 879 limo
2493 823 2727 882 diximus
2758 840 2879 882 esse
2910 826 3218 883 formatum.

2172 916 2552 988 Empedocles,
2581 934 2740 991 quem
2780 920 2993 976 nescias
3035 931 3289 978 utrumne
3319 921 3463 978 inter
3495 928 3711 994 poetas,

2100 1024 2168 1064 an
2197 1009 2337 1065 inter
2367 1010 2720 1083 philosophos
2752 1027 3025 1081 numeres,
3053 1013 3179 1085 quia
3208 1014 3276 1071 de
3307 1030 3493 1072 rerum
3523 1021 3712 1069 natura

2100 1104 2346 1160 versibus
2365 1106 2600 1176 scripsit,
2624 1115 2684 1162 ut
2708 1106 2850 1178 apud
2879 1106 3153 1164 Romanos
3176 1108 3465 1166 Lucretius
3499 1118 3563 1164 et
3586 1108 3716 1165 ναι-
3732 1154 3749 1161 -

2102 1210 2186 1262 ro,
2211 1205 2442 1267 quatuor
2460 1198 2729 1255 elementa
2752 1200 3054 1268 constituit,
3069 1200 3124 1256 id
3147 1211 3251 1269 est,
3268 1203 3470 1273 ignem,
3505 1216 3713 1269 aerem,

2102 1302 2293 1359 aquam
2317 1331 2331 1354 ,
2375 1298 2431 1346 et
2470 1300 2704 1359 terram;
2736 1291 2970 1349 fortasse
3009 1292 3422 1365 Trismegistum
3450 1302 3710 1357 secutus,
3732 1278 3747 1294 ³

2103 1383 2193 1453 qui
2227 1390 2410 1439 nostra
2437 1398 2666 1454 corpora
2695 1400 2761 1442 ex
2794 1385 2880 1441 his
2910 1396 3143 1458 quatuor
3167 1387 3456 1444 elementis
3509 1386 3715 1443 conﬂi.

2106 1481 2218 1529 tuta
2244 1488 2366 1530 esse
2394 1474 2529 1530 dixit
2554 1490 2585 1530 a
2621 1476 2769 1533 Deo:
2803 1477 3005 1534 habere
3047 1493 3279 1550 namque
3317 1479 3371 1534 in
3413 1493 3479 1535 se
3510 1478 3713 1550 aliqua

2105 1566 2247 1639 ignis
2266 1609 2281 1634 ,
2312 1568 2513 1639 aliquid
2540 1570 2680 1627 aeris
2699 1611 2714 1639 ,
2742 1570 2943 1643 aliquid
2971 1586 3158 1644 aqum,
3190 1571 3398 1644 aliquid
3430 1581 3639 1638 terrai;
3667 1580 3714 1627 et

2109 1673 2282 1731 neque
2307 1659 2486 1731 ignem
2516 1676 2661 1731 esse,
2692 1677 2866 1734 neque
2908 1678 3114 1731 aerem,
3143 1679 3320 1736 neque
3364 1679 3597 1737 aquam,
3621 1680 3713 1721 ne-

2109 1766 2214 1823 que
2246 1761 2443 1808 terram
2473 1772 2489 1809 :
2514 1769 2634 1825 quin
2659 1754 2878 1826 quidem
2908 1756 3040 1813 falsa
3070 1772 3178 1813 non
3207 1764 3352 1812 sunt.
3389 1756 3537 1813 Nam
3568 1768 3715 1814 terra

2036 1857 2085 1918 Β
2112 1845 2249 1901 ratio
2278 1845 2331 1901 in
2361 1862 2524 1904 carne
2551 1858 2668 1916 est;
2705 1848 2951 1906 humoris
2972 1891 2987 1918 ,
3029 1850 3083 1907 in
3124 1851 3420 1923 sanguine;
3448 1852 3604 1908 aeris
3623 1895 3639 1919 ,
3670 1854 3714 1910 in

2113 1937 2339 2008 spiritu;
2372 1939 2527 2011 ignis,
2559 1941 2612 1997 in
2650 1941 2833 1999 calore
2862 1943 3032 1999 vitali.
3065 1943 3172 2000 Sed
3212 1960 3391 2017 neque
3435 1945 3669 2017 sanguis
3690 1963 3716 2002 ι

2114 2048 2342 2105 corpore
2366 2036 2576 2091 secerni
2606 2045 2802 2107 potest,
2829 2038 2967 2095 sicut
2995 2038 3193 2095 humor
3232 2054 3262 2094 a
3310 2048 3500 2107 terra;
3552 2056 3719 2111 neque

2115 2126 2268 2183 calor
2294 2127 2475 2183 vitalis
2502 2143 2533 2183 a
2560 2128 2774 2199 spiritu,
2802 2129 3096 2201 sicutignis
3113 2131 3183 2187 ab
3203 2144 3363 2187 aere:
3383 2131 3720 2189 adeorerun

2116 2221 2356 2276 omnium
2406 2221 2515 2277 duo
2562 2222 2676 2280 sola
2725 2223 3072 2295 reperiuntur
3126 2225 3435 2303 elementa,
3488 2241 3715 2297 quorum

2116 2319 2293 2374 omnis
2319 2318 2456 2375 ratio
2485 2320 2539 2375 in
2565 2319 2736 2375 nostri
2764 2321 3009 2392 corporis
3048 2320 3265 2378 fictione
3309 2322 3579 2379 conclusa
3623 2336 3716 2380 est.

2116 2414 2194 2470 Ex
2232 2414 2394 2470 rebus
2423 2414 2586 2486 igitur
2605 2412 2835 2471 diversis
2864 2430 2929 2472 ac
2954 2417 3380 2487 repugnantibus
3406 2417 3583 2474 homo
3620 2418 3718 2475 fac-

2114 2517 2202 2566 tus
2230 2518 2335 2576 est,
2364 2509 2505 2565 sicut
2538 2510 2654 2581 ipse
2679 2509 2914 2567 mundus
2943 2526 3009 2566 ex
3059 2510 3177 2569 luce
3223 2526 3287 2568 ac
3334 2513 3621 2581 tenebris,
3663 2531 3717 2571 ex

2114 2603 2224 2658 vita
2249 2611 2304 2659 et
2328 2612 2505 2659 morte
2531 2620 2544 2657 :
2576 2617 2701 2675 quae
2723 2602 2830 2659 duo
2860 2603 3002 2662 inter
3034 2619 3095 2661 se
3118 2620 3361 2676 pugnare
3407 2607 3463 2662 in
3511 2608 3719 2666 homine

2113 2700 2392 2771 praecepit,
2424 2706 2483 2754 ut
2510 2698 2556 2754 si
2583 2698 2761 2754 anima
2792 2700 3165 2771 superaverit,
3196 2715 3319 2772 qum
3345 2716 3415 2756 ex
3455 2701 3578 2758 Deo
3618 2705 3721 2758 ori.

2118 2801 2225 2859 tur,
2257 2792 2329 2849 sit
2354 2792 2698 2860 immortalis,
2729 2800 2782 2849 et
2810 2794 2864 2848 in
2892 2802 3151 2865 perpetua
3189 2793 3312 2850 luce
3360 2806 3655 2865 versetur;
3682 2802 3720 2855 si

2113 2898 2293 2945 autem
2319 2902 2518 2960 corpus
2548 2888 2742 2944 vicerit
2765 2888 3028 2958 animam,
3059 2888 3364 2960 ditionique
3408 2891 3719 2963 subiecerit,

2117 2981 2187 3036 sit
2214 2981 2267 3035 in
2295 2979 2533 3036 tenebris
2562 2980 2927 3052 sempiternis,
2953 2989 3010 3037 et
3034 2982 3087 3037 in
3111 2989 3303 3039 morte.
3333 2980 3513 3054 Cujus
3540 2999 3649 3041 non
3668 3000 3721 3041 ea

1756 3097 2121 3158 VARIORUM
2159 3096 2392 3154 NOTIE.

408 3220 415 3229 '
480 3218 703 3291 Divinis.
735 3219 844 3279 Sed
874 3227 1078 3275 tantum
1104 3220 1255 3291 juxta
1282 3219 1563 3276 Ethnicos.

477 3289 569 3355 “0:;
598 3294 760 3367 μόνος,
791 3300 897 3348 etc.
931 3289 1216 3363 luterp'ret.
1249 3291 1343 3347 lat.
1374 3310 1388 3344 :

502 3406 597 3466 Qui
618 3405 752 3458 solus
772 3413 849 3457 est
869 3407 1008 3457 Deus
1026 3411 1220 3456 creator
1246 3408 1459 3455 invictus
1479 3405 1720 3465 existens,

501 3469 615 3531 Ipse
634 3478 800 3519 autem
823 3470 1034 3520 firmavit
1049 3470 1254 3530 figuram
1273 3466 1441 3517 formae
1465 3468 1837 3531 hominumque,

498 3530 612 3594 Ipse
633 3534 826 3583 miscuit
844 3541 1069 3583 naturam
1086 3533 1303 3583 omnium
1326 3530 1669 3593 generationis
1688 3530 1817 3581 vitae.

408 3636 536 3694 Haec
558 3640 796 3694 carmina
818 3654 886 3694 ex
914 3638 1194 3712 Sibyllinis
1210 3637 1482 3702 Oraeulis,
1509 3652 1675 3694 serm.
1703 3639 1754 3693 l.

478 3733 638 3793 Αὐτὸς
663 3730 817 3801 ἔμιξε.
857 3731 931 3786 Ita
964 3730 1095 3787 editi
1121 3740 1175 3786 et
1202 3745 1332 3785 mss.
1366 3731 1631 3801 praeter}
1679 3727 1918 3785 Clarom.
1951 3739 2006 3786 et

407 3803 537 3858 edit.
575 3799 727 3857 ltom.
761 3807 813 3856 in
841 3803 1032 3873 quibus
1057 3813 1162 3869 est,
1193 3804 1350 3864 Αὐτὸς
1368 3799 1530 3868 ίὲλιξε.
1563 3799 1822 3873 Betuleius
1844 3803 2002 3857 resti-

407 3874 618 4002 giLVﬁil
644 3877 811 3950 αὐγὰς
838 3872 970 3949 μίξε.
1020 3873 1184 3930 Ιδαευε
1211 3882 1393 3929 monet
1417 3874 1496 3929 sic
1524 3872 1708 3927 haberi
1737 3873 1791 3928 in
1816 3873 2004 3930 codice

450 3962 462 3999 t
510 3963 535 4002 ν
588 3962 695 4000 mo.

450 3962 695 4073 "filiai:
728 4018 927 4074 litterw.
979 4016 1198 4074 Scilicet
1241 4016 1441 4074 Genes.
1505 4031 1559 4080 ι,

410 4088 657 4143 Psalmis.

485 4179 741 4237 Hominis.
790 4183 846 4237 ld
891 4192 1001 4248 est,
1052 4182 1239 4249 maris,
1284 4181 1404 4237 viri.
1458 4181 1658 4236 Iterum
1704 4179 1867 4236 homo
1898 4180 2013 4238 κατ’

408 4255 615 4325 ἐξοχὴν,
653 4269 747 4321 pro
785 4257 910 4319 viro,
945 4254 1102 4309 infra.
1136 4255 1269 4309 BUN.

481 4276 512 4306 I"
537 4275 615 4316 ην,
653 4275 747 4321 pro
785 4275 910 4319 vtro,
945 4275 1102 4309 lllll'a.
1136 4275 1269 4309 DUN.

481 4275 710 4393 g'piravit
733 4327 779 4380 ei
804 4327 1027 4380 animam
1058 4327 1121 4380 de
1151 4326 1293 4380 vitali
1322 4327 1483 4396 fonte,
1507 4323 1886 4396 etchpiravit,
1908 4338 2010 4396 pro

404 4394 701 4457 inspiravit.
744 4398 885 4467 quod
918 4409 1001 4452 est
1030 4399 1080 4451 in
1113 4413 1216 4451 ms.
1260 4398 1284 4450 1
1321 4393 1559 4452 Clarom.
1594 4393 1826 4467 Verbum
1873 4395 2006 4450 sim-

407 4468 529 4537 plex
565 4484 659 4535 pro
683 4466 983 4539 composito
1011 4469 1275 4539 familiare
1301 4468 1601 4539 Lactantio.
1621 4466 1791 4535 Supra
1813 4476 2003 4539 auctor

407 4546 590 4594 noster
616 4540 767 4604 dixit,
799 4537 1031 4595 animum
1060 4554 1182 4595 esse
1211 4538 1426 4609 igneum
1455 4537 1706 4607 quiddam
1750 4553 1813 4591 ac
1848 4537 1997 4593 calo-

406 4624 541 4675 rem,
574 4620 629 4664 et
670 4611 772 4666 huc
801 4627 920 4679 cap.
962 4614 1097 4681 quod
1124 4611 1168 4665 si
1196 4610 1366 4663 anitua
1393 4610 1526 4681 ignis
1553 4621 1624 4662 est
1644 4650 1661 4681 ε
1690 4618 1743 4662 ut
1779 4610 1999 4663 ostendi-

1625 4023 1679 4071 et
1734 4015 1898 4071 David
1948 4015 2003 4071 in

406 4698 537 4734 mus.
571 4681 668 4738 Hic
695 4684 882 4738 scribit
911 4679 1031 4738 esse
1074 4697 1138 4737 ex
1193 4681 1327 4748 Deo,
1381 4679 1443 4737 ac
1487 4682 1530 4735 si
1578 4679 1773 4734 anima:
1819 4690 2029 4735 essent,

406 4752 684 4818 particulae
721 4755 918 4808 divina:
961 4753 1246 4819 essentite;
1291 4769 1412 4807 nam
1454 4760 1811 4821 praeterquam
1857 4751 2002 4819 quod

406 4822 492 4877 liic
520 4823 665 4879 dicat
694 4828 861 4880 Deum
894 4826 1116 4892 spirasse
1141 4824 1365 4879 animam
1393 4826 1457 4879 de
1491 4823 1632 4877 vitali
1672 4827 1830 4893 fonte,
1867 4822 2001 4878 infra

406 4893 508 4949 hoc
537 4896 834 4964 explicans,
868 4895 998 4949 dicit
1027 4896 1169 4950 illam
1210 4911 1272 4949 ex
1317 4895 1426 4950 Deo
1466 4895 1609 4956 oriri.
1643 4896 1752 4948 itno
1790 4909 1854 4947 ea:
1894 4893 2002 4948 Deo

403 4976 653 5020 constare.
690 4964 779 5020 Est
812 4982 874 5019 ea:
898 4968 1023 5021 cmlo
1050 4976 1094 5019 et
1120 4968 1259 5033 Deo,
1306 4967 1454 5022 addit
1498 4965 1660 5035 paulo
1689 4972 1841 5037 post;
1882 4979 2003 5034 qua:

404 5036 567 5091 verba
599 5039 718 5106 ejus
746 5049 979 5092 mentem
1011 5038 1141 5092 satis
1171 5045 1462 5107 exponunt.
1509 5037 1658 5092 Hanc
1690 5035 2002 5099 opinionem

405 5107 607 5179 [clellit
636 5110 963 5178 Augustinus
1012 5109 1067 5163 in
1117 5106 1276 5179 epist.
1327 5110 1392 5165 ad
1440 5109 1660 5163 Hieron.
1715 5106 1822 5167 28:
1873 5110 2002 5163 item

405 5177 644 5249 Thomas
674 5177 935 5249 Auuinas,
967 5177 1162 5236 contra
1185 5179 1388 5237 Gentes
1418 5180 1511 5236 lib.
1541 5197 1598 5244 ιι,
1628 5195 1748 5249 cap.
1779 5179 1868 5234 85.
1914 5180 2005 5235 Sic

406 5248 516 5303 Leo
557 5248 615 5315 Ι,
654 5250 723 5306 de
744 5248 850 5305 hac
880 5252 1170 5321 opinione:
1207 5250 1440 5306 Nimium
1467 5253 1624 5321 igitur
1665 5248 1892 5321 superbi,
1922 5252 2002 5305 ni-

406 5321 663 5389 miumque
690 5333 807 5377 sunt
838 5325 978 5381 ctrci.
1025 5325 1128 5392 qui,
1177 5341 1290 5378 cum
1333 5325 1505 5377 dicant
1553 5324 1777 5377 animant
1823 5325 2005 5375 huma-

407 5409 524 5447 nam
552 5394 738 5449 divinae
760 5412 867 5450 esse
890 5396 1202 5462 substantiw,
1236 5412 1339 5450 non
1368 5394 1678 5464 intelligunt,
1704 5394 1833 5448 nihil
1859 5393 2005 5449 aliud

406 5480 459 5518 se
491 5467 672 5529 dicere,
706 5483 858 5536 quam
885 5466 1050 5521 Deum
1102 5484 1210 5522 esse
1251 5466 1567 5529 mutabilem,
1597 5477 1643 5521 et
1671 5468 1841 5536 ipsum
1890 5482 2005 5535 per-

405 5538 509 5612 peti
557 5539 804 5610 quidquid
834 5549 995 5608 potest
1022 5551 1220 5594 natura
1247 5542 1363 5612 ejus
1398 5539 1595 5612 inferri.
1645 5539 1812 5607 llujus
1851 5553 2003 5612 erro-

407 5611 484 5664 ris
514 5612 852 5665 nccasionem
885 5610 1327 5681 sumpserunth
1355 5611 1475 5666 loco
1493 5610 1833 5679 Gen.n,v.7,
1866 5610 2005 5666 male

406 5682 703 5749 intellecto,
733 5683 823 5738 ubi
855 5683 968 5739 haec
1010 5680 1261 5755 leguntur
1291 5684 1453 5739 verba
1488 5680 1616 5755 :ﬂEt
1644 5682 1909 5755 inspiravit
1950 5684 2006 5737 in

409 5756 589 5824 [aciem
620 5758 729 5825 ejus
752 5754 1224 5825 spiraculum’vitw.
1268 5756 1401 5822 Quae
1438 5754 1586 5809 nullo
1612 5754 1770 5808 modo
1792 5754 2001 5825 dicunt,

412 5824 705 5897 in~piras$c
751 5826 932 5885 flatum
979 5829 1103 5886 vitae
1146 5842 1211 5885 ex
1259 5844 1356 5886 sua
1386 5826 1698 5885 substantia
1734 5824 1871 5882 :sed
1902 5825 2005 5884 hoc

2035 3218 2082 3281 C
2117 3224 2321 3272 tantum
2352 3215 2797 3294 innuunt,_Deum
2829 3215 3090 3273 infudisse
3114 3217 3375 3294 animam,
3404 3234 3517 3294 qua
3540 3235 3720 3294 corpus

2123 3303 2157 3360 e
2182 3296 2324 3344 terra
2353 3286 2551 3360 factum
2583 3289 2824 3360 viveret;
2854 3304 2959 3343 non
2989 3289 3132 3360 quod
3160 3305 3229 3345 ex
3262 3291 3384 3360 ipsa
3418 3291 3519 3346 Dei
3545 3286 3720 3350 esse»

2122 3359 2312 3435 tia__sit
2359 3359 2639 3435 inspirata.
2683 3358 3025 3435 lloc_ta_ntum
3057 3358 3528 3435 Spiritui‘Sancto
3570 3380 3721 3435 pecu-

2119 3429 2342 3504 culiare,
2376 3434 2462 3500 qui
2480 3430 2671 3504 _Pat_ris
2693 3440 2749 3504 et
2778 3430 2896 3504 Filii
2920 3439 3003 3504 est
3030 3429 3317 3504 essentiale
3341 3429 3682 3504 spiraculum
3707 3455 3719 3501 ;

2120 3512 2173 3576 et
2222 3502 2267 3558 si
2316 3504 2420 3576 l_to_c
2462 3500 2530 3557 de
2571 3502 2797 3576 homine
2828 3503 2901 3557 ita
2930 3503 3336 3576 intelligendum
3376 3500 3561 3575 esset,
3598 3509 3719 3564 Dens

2118 3570 2291 3628 factus
2323 3573 2528 3628 fuisset.
2560 3572 2851 3630 Caunus.

2190 3643 2552 3720 Empedocles.
2581 3644 2804 3720 Legitur
2827 3646 3042 3720 quidem
3074 3646 3344 3720 ejusAVVita
3376 3648 3534 3720 apud
3566 3649 3717 3706 Laer-

2110 3716 2243 3785 tium
2274 3716 2414 3771 inter
2447 3715 2888 3785 philosophorum
2917 3715 3148 3773 aliorum
3167 3717 3359 3775 Vitas:
3392 3715 3429 3774 ti
3458 3720 3713 3777 Cicerone

2112 3784 2453 3862 frequentius
2476 3788 2615 3842 inter
2645 3799 2832 3862 poetas
2864 3799 3214 3862 numeratur;
3243 3789 3340 3845 sed
3376 3792 3431 3846 in
3458 3793 3645 3862 primo
3664 3794 3718 3849 de

2110 3855 2360 3933 Oratore,
2394 3867 2557 3928 negat
2581 3855 2770 3933 eadem
2806 3861 3013 3933 ratione
3033 3861 3139 3916 dici
3168 3861 3430 3933 physicos
3458 3855 3526 3918 et
3548 3874 3718 3933 poetas

2110 3929 2377 4016 eosdem.“
2414 3932 2677 4016 quoniam
2716 3929 3075 4014 Empedocles
3121 3929 3393 4016 physicus
3444 3929 3717 4016 egregiam

2113 4001 2560 4075 poemafecerit.
2618 4001 2748 4075 Ejus
2791 4003 3030 4075 carmina
3086 4001 3317 4071 plurima
3359 4001 3625 4075 leguntur
3674 4008 3717 4060 in

2111 4069 2446 4144 collectione
2473 4069 2689 4144 HeuriCi
2717 4074 2996 4144 Stephani,
3021 4069 3106 4130 cui
3139 4075 3359 4131 titulus:
3384 4069 3586 4133 Phasis
3608 4078 3719 4133 Phi-

2114 4142 2412 4212 IOSOphica,
2443 4143 2585 4199 edita
2616 4144 2669 4197 in
2697 4142 2883 4200 octava
2918 4145 3108 4200 forma.

2191 4214 2425 4278 Quatuor
2481 4216 2745 4290 elementa.
2802 4217 2877 4271 De
2931 4216 3014 4290 liis
3071 4216 3193 4272 vide
3246 4216 3306 4290 S.
3341 4218 3718 4290 Epiphaniam

2111 4283 2207 4339 lib.
2237 4300 2294 4340 Ill
2314 4326 2328 4349 ,
2357 4296 2542 4340 contra
2573 4286 2841 4349 Haereses;
2866 4296 2922 4342 et
2941 4288 3218 4344 Plutarch.
3244 4289 3313 4344 de
3339 4283 3577 4347 Plaéitis
3604 4293 3718 4346 Pni-

2112 4354 2418 4424 losophor.,
2443 4356 2539 4411 lib.
2567 4373 2618 4422 ι,
2654 4373 2773 4424 cap.
2805 4360 2859 4415 5.
2891 4358 3028 4415 Vide
3075 4370 3129 4416 et
3179 4358 3467 4416 Laertium
3504 4362 3562 4418 in
3595 4362 3717 4418 Vitis

2110 4425 2490 4500 Philosophor.
2543 4459 2615 4469 —
2666 4428 3141 4500 Empedocles......
3206 4430 3392 4486 Varro.
3465 4433 3639 4500 Sequi

2025 4488 2080 4550 D
2105 4488 2510 4572 Quintilianum,
2543 4501 2579 4554 l.
2609 4517 2661 4561 ι.
2693 4488 2852 4565 Inst,
2881 4516 2931 4555 c.
2965 4502 3020 4558 4.
3056 4502 3391 4572 Empedocles
3417 4488 3715 4569 iniciant,

2117 4568 2280 4648 Varro
2330 4588 2390 4625 ac
2444 4569 2710 4648 Lucretius
2764 4574 2819 4648 in
2859 4572 3072 4648 Latinis
3131 4568 3391 4648 princepta
3453 4568 3722 4648 sapientk

2105 4641 2328 4696 versibus
2380 4642 2721 4697 tradiderunt.
2779 4641 3140 4704 Aristoteles,
3189 4641 3408 4702 libide
3466 4641 3715 4713 Poetica,

2104 4713 2656 4841 EtLBEImpedoclem
2702 4716 2989 4792 φυσιολὸγσν
3025 4718 3206 4790 μᾶλλον
3233 4716 3264 4777 ἧ
3289 4724 3514 4779 ποιητήν
3542 4719 3715 4793 appel-

2188 4826 2200 4839 .
2279 4801 2310 4840 u
2352 4826 2366 4839 .

2188 4826 2200 4839 .
2235 4801 2366 4840 UUN.

2177 4874 2561 4952 Trismegistum
2597 4886 2816 4933 secutus.
2865 4878 2959 4935 Est
2990 4880 3094 4937 tale
3124 4878 3253 4952 quid
3282 4876 3341 4935 in
3372 4883 3549 4938 tertio
3578 4881 3710 4937 Poe-

2104 4946 2317 5020 mandri
2348 4946 2588 5020 Dialogo.

2180 5017 2322 5095 ρὶαξξι
2344 5036 2376 5072 a
2401 5017 2531 5095 Deo.
2571 5020 2978 5095 Videreumdem
3011 5022 3349 5095 Trismegist.
3384 5023 3542 5095 apud
3568 5024 3713 5081 Stob.

2106 5088 2162 5145 in
2191 5088 2417 5145 Collect.
2448 5089 2628 5146 Serm.
2666 5094 2724 5148 ll
2759 5094 2827 5149 de
2857 5095 3117 5150 Veritate.

2182 5159 2263 5237 Sit
2291 5162 2610 5237 immortalis.
2641 5163 2697 5219 Id
2722 5174 2825 5229 est,
2861 5167 2913 5221 in
2947 5176 3260 5235 perpetuum
3295 5169 3479 5223 beata.
3536 5168 3719 5237 EXpli-

2107 5241 2192 5287 eat
2219 5232 2376 5308 ipse:
2409 5235 2462 5308 in
2502 5246 2745 5304 perpetua
2787 5238 2900 5292 luce
2940 5232 3185 5304 versetur,
3218 5239 3362 5308 quod
3415 5232 3717 5296 notandum

2108 5311 2295 5379 contra
2340 5305 2697 5379 Dodwellum.
2738 5307 2807 5362 de
2849 5324 2956 5379 quo
3002 5309 3152 5378 plura
3199 5305 3264 5366 ad
3310 5310 3347 5366 l.
3390 5326 3462 5365 vn
3492 5352 3511 5378 ,
3558 5329 3609 5369 e.
3653 5314 3714 5375 5;

2107 5373 2426 5430 Immortalis
2454 5389 2505 5431 et
2535 5373 2907 5434 immortalitas.
2944 5373 3076 5436 Butv.

2178 5466 2248 5522 Et
2272 5468 2328 5546 in
2358 5479 2534 5523 morte.
2586 5469 2774 5526 Mortis
2821 5487 3038 5538 nomen,
3086 5473 3208 5543 quia
3256 5475 3625 5546 amphibolon
3672 5478 3717 5531 ia

2108 5540 2407 5619 quaestione
2436 5555 2589 5619 sacra
2614 5551 2716 5610 cst,
2748 5546 3071 5619 removenda
3103 5540 3407 5619 gentilibus
3435 5550 3711 5619 ambigui-

2109 5618 2191 5690 tas
2221 5622 2356 5690 erat,
2389 5612 2583 5682 quibus
2608 5618 2797 5690 mortis
2845 5630 3039 5690 nomen
3088 5612 3196 5672 tale
3235 5616 3371 5690 nihil
3420 5612 3716 5690 signilicat.

2108 5681 2165 5758 In
2193 5683 2361 5739 sacris
2388 5700 2516 5758 vero
2544 5686 2768 5756 paginis,
2801 5687 2996 5742 anima;
3016 5702 3047 5742 a
3070 5703 3300 5758 corpore
3324 5681 3622 5747 discevssus
3641 5707 3719 5746 ra-

2108 5755 2222 5809 rius
2249 5757 2436 5830 mortis
2478 5755 2731 5830 nomine,
2775 5758 3109 5830 frequentius
3154 5755 3355 5830 quietis
3397 5772 3502 5817 aut
3551 5762 3723 5818 sonmi

2109 5840 2244 5883 voce
2268 5827 2618 5898 significatur.
2671 5829 2763 5886 Sic
2805 5827 3044 5889 Lazarus
3094 5827 3337 5888 dormire
3384 5833 3635 5904 dicitur;
3676 5843 3729 5889 et
