3790 6274
467 305 576 366 323

1545 301 1730 365 FIRM.
1772 301 2139 367 LACTANTII
2178 305 2382 368 DIVIN.
2429 309 2673 371 INSTIT.
3640 329 3697 371 πῶς

3640 357 3702 388 UH

471 423 792 481 immortalis
823 431 1084 489 maneret,
1119 423 1164 478 si
1197 422 1641 490 transcendisset,
1677 431 1850 480 morte
1877 423 2064 480 allice-
2089 429 2142 492 Α
2171 427 2275 497 igni
2309 429 2756 497 circumvallavit,
2789 446 2856 487 ne
2881 430 3045 488 homo
3073 441 3262 503 posset
3287 433 3558 503 accedere,
3581 438 3695 496 donec

471 530 644 576 retur.
680 517 733 572 Id
761 525 942 573 autem
983 525 1309 588 pra-ceptum
1347 517 1444 571 fuit
1467 561 1481 585 ,
1515 525 1571 573 ut
1601 532 1668 573 ex
1711 517 1906 574 arbore
1934 535 2060 586 una,

471 627 590 682 qua:
616 619 730 665 erat
763 609 814 663 in
857 607 1037 664 medio
1080 609 1349 678 paradisi,
1403 625 1507 664 non
1549 617 1826 681 gustaret,
1869 610 1923 665 in
1960 625 2065 681 qua

469 709 722 772 posuerat
776 699 1194 771 intelligentiam
1225 701 1352 756 boni
1379 709 1432 756 et
1461 701 1609 756 mali.
1645 700 1782 756 Tum
1814 701 2066 757 crimina-

469 804 555 849 tor
604 793 694 848 ille
745 793 996 850 invidens
1048 795 1307 866 operibus
1348 793 1466 860 Dei,
1498 811 1688 851 omnes
1735 793 1974 851 fallacias
2013 797 2070 852 et

463 885 791 942 calliditates
834 899 961 941 suas
1007 887 1071 941 ad
1100 885 1476 956 decipiendum
1505 887 1777 943 hominem
1810 887 2061 953 intendit,

463 987 523 1034 ut
551 982 599 1034 ei
628 979 894 1035 adimeret
942 979 1429 1037 immortalitatem.
1469 981 1535 1036 Et
1578 981 1752 1051 primo
1783 981 2064 1036 mulierem

465 1069 594 1126 dolo
625 1070 816 1134 illexit,
854 1077 912 1124 ut
944 1071 1168 1125 vetitum
1201 1071 1381 1126 cibum
1415 1083 1690 1137 sumeret;
1723 1081 1775 1127 et
1813 1087 1911 1144 per
1946 1089 2065 1128 eam

467 1162 570 1232 ipsi
613 1175 829 1232 quoque
859 1160 1067 1217 homini
1101 1164 1384 1233 persuasit,
1431 1174 1489 1220 ut
1533 1163 1943 1220 transcenderet
1975 1163 2071 1220 Dei

463 1257 658 1326 legem.
695 1255 955 1324 Percepta
987 1256 1150 1326 igitur
1177 1257 1403 1312 scientia
1433 1256 1558 1312 boni
1589 1265 1644 1312 et
1670 1257 1828 1325 mali,
1865 1256 2070 1328 pudere

465 1365 591 1406 eum
640 1349 898 1404 nuditatis
945 1363 1058 1404 sua:
1101 1351 1288 1420 coepit,
1331 1347 1720 1422 abseonditque
1761 1364 1821 1406 se
1862 1366 1893 1405 a
1933 1349 2073 1406 facie

464 1441 580 1506 Dei,
611 1441 753 1513 quod
783 1453 942 1498 antea
975 1458 1080 1498 non
1114 1442 1340 1498 solebat.
1367 1442 1504 1498 Tum
1535 1443 1681 1498 Deus
1711 1443 1871 1513 ejeeit
1898 1442 2076 1498 homi-

462 1552 587 1594 nem
637 1535 707 1592 de
754 1536 1028 1608 paradiso,
1067 1539 1337 1594 sententia
1375 1539 1428 1594 in
1458 1546 1797 1610 peccatorem
1840 1539 1970 1606 lata,
2014 1551 2074 1594 ut

2170 533 2439 574 summum
2485 521 2747 591 judicium
2795 523 2956 579 faciat
3001 525 3053 579 in
3106 535 3271 588 terra,
3317 535 3371 581 et
3403 526 3571 598 justos
3608 535 3696 588 vina

2170 613 2408 669 cultores
2436 630 2562 669 suos
2605 617 2656 670 in
2688 617 2936 673 eumdem
2967 619 3142 674 locum
3172 629 3410 688 revocet,
3439 632 3605 679 morte
3624 629 3697 680 Sub-

2171 705 2308 772 lata;
2362 709 2501 763 sicut
2525 725 2692 766 sacrae
2715 726 2875 768 voces
2905 713 3122 781 docent,
3177 722 3231 769 et
3259 713 3456 786 Sibylla
3480 716 3697 788 Erythri:

2175 797 2319 871 (Vid.
2347 799 2708 876 Theophildad
2734 805 3090 875 Amphiloch.,
3119 806 3207 862 lib.
3229 806 3313 879 ιι),
3341 823 3457 864 cum
3487 811 3637 869 dicit:

2421 952 2469 992 οἶ
2493 949 2535 991 8's
2557 952 2648 992 Θεὸν
2671 960 2843 1003 “pinu
2864 955 3048 1003 ἀληθινὸν,
3071 952 3200 995 inab!
3224 971 3264 1006 τι

2423 1038 2521 1083 μὴν
2543 1037 2822 1092 dmin,
2841 1039 2908 1086 τὴν
2931 1039 3059 1086 die“
3081 1042 3206 1090 ιρινον
3231 1040 3340 1080 αὐτοὶ

2422 1120 2614 1165 Οὶιοῦηις
2634 1116 2858 1170 «uacuam
2881 1120 2978 1170 6m
3001 1121 3168 1173 ιριοηλια
3189 1127 3320 1170 κῆπον.

2175 1249 2374 1306 Verum
2397 1251 2652 1321 quoniam
2683 1251 2798 1308 haec
2821 1262 3060 1308 extrema
3087 1263 3231 1321 sunt,
3249 1254 3301 1308 in
3331 1265 3565 1310 extrema
3589 1265 3700 1327 operis

2176 1343 2337 1416 hujus
2383 1356 2533 1418 parte
2575 1347 2946 1402 tractabimus.
2979 1345 3133 1403 Nunc
3161 1363 3244 1416 ea,
3279 1363 3398 1419 qua:
3429 1349 3591 1419 prima
3615 1367 3701 1420 sunt,

2174 1441 2528 1512 explicemus.
2555 1440 2693 1496 Mors
2723 1441 2903 1513 itaque
2932 1452 3117 1498 secuta
3159 1452 3240 1498 eat
3269 1442 3539 1500 hominem
3581 1462 3704 1502 sauri-

2175 1533 2300 1588 dum
2349 1533 2442 1589 Dei
2485 1534 2843 1602 sententiam;
2871 1533 3013 1606 quod
3041 1536 3202 1592 etiam
3231 1535 3437 1609 Sibylla
3463 1537 3516 1594 in
3541 1545 3702 1600 carmine

461 1631 661 1688 victum
693 1629 796 1686 sibi
826 1629 1012 1687 labore
1039 1631 1408 1702 conquireret,
1441 1632 1728 1704 ipsumque
1758 1630 2068 1702 paradisum
2100 1621 2149 1682 B
2175 1645 2275 1685 suo
2304 1627 2482 1695 docet,
2514 1627 2741 1685 dicens:

1779 1765 2146 1824 VARIORUM
2183 1765 2414 1824 ΝΟΤᾹΞ.

464 1912 714 1977 laborum,
743 1919 1006 1985 repugnat
1051 1911 1108 1968 S.
1135 1910 1446 1980 Scripturae.
1483 1927 1602 1983 quae
1629 1910 1760 1966 dicit
1793 1909 2055 1965 Adamum

461 2002 489 2038 a
522 1986 630 2039 Deo
653 1986 704 2039 in
732 1985 987 2039 Paradiso
1015 1985 1356 2048 collocatum,
1387 1992 1441 2036 ut
1467 1985 1672 2037 coleret
1701 1999 1824 2037 eum
1848 1999 1862 2045 ;
1892 1995 2061 2050 quare

463 2057 566 2110 hoc
592 2057 793 2110 dictum
825 2057 1030 2124 accipio
1054 2057 1121 2110 de
1158 2055 1386 2110 molesto
1434 2056 1615 2108 labore
1655 2064 1712 2109 et
1752 2053 2056 2119 dolorilico,

461 2129 556 2197 qui
579 2128 726 2181 solus
756 2138 838 2181 est
865 2143 1018 2197 poena
1056 2132 1281 2197 peccati.
1315 2127 1389 2180 Ita
1419 2126 1702 2181 GALL£US.

535 2196 851 2252 Immortalis
870 2195 1112 2252 maneret.
1145 2195 1271 2252 Hzec
1297 2208 1486 2250 contra
1515 2196 2061 2266 Pelagium,'ejusque

461 2271 698 2325 asscclas
713 2270 1027 2324 Sociuiauos
1044 2269 1294 2331 militant,
1318 2269 1408 2338 qni
1435 2269 1768 2322 contendunt
1793 2267 2060 2321 Adamum

463 2351 650 2395 natura
697 2341 978 2395 mortalem
1011 2340 1174 2394 fuisse
1203 2348 1465 2392 creatutn.
1511 2339 1663 2405 Quod
1711 2339 1901 2391 falsum
1939 2353 2062 2392 esse

462 2413 714 2466 evincunt
740 2414 854 2466 loca
878 2412 1035 2465 Rom.
1066 2427 1139 2476 vi,
1167 2427 1216 2463 v.
1250 2411 1342 2472 25,
1374 2419 1428 2462 et
1457 2425 1472 2462 ι
1499 2409 1620 2464 Cor.
1657 2425 1746 2472 xv,
1781 2426 1834 2464 v.
1867 2411 1958 2474 55,
1991 2409 2060 2464 54

462 2495 516 2537 et
564 2483 876 2537 damnatum
925 2481 1091 2538 fuisse
1144 2483 1196 2534 in
1225 2481 1468 2536 Concilio
1507 2480 1835 2547 Milevitauo,
1889 2480 1940 2534 id
1969 2497 2066 2535 no-

464 2563 612 2608 tante
641 2555 798 2609 15.120.

536 2624 602 2680 Ut
625 2642 689 2680 ea:
717 2626 916 2690 arbore,
950 2633 1053 2678 etc.
1083 2622 1194 2695 lloc
1214 2631 1316 2684 est,
1343 2623 1517 2695 fructu
1542 2622 1740 2695 arbbris
1765 2639 1783 2677 :
1810 2621 1952 2678 hanc
1976 2637 2063 2677 ar-

462 2695 646 2752 borem
675 2699 864 2768 vulgus
897 2698 1094 2750 malum
1127 2694 1316 2768 fuisse
1337 2694 1508 2764 putat,
1553 2694 1840 2768 deceptum
1880 2696 2059 2749 anthi-

459 2786 564 2839 guo
596 2771 731 2836 pomi
753 2764 1032 2830 voeahnlo,
1059 2764 1201 2835 quod
1230 2765 1386 2820 latius
1410 2774 1635 2834 patet,et
1663 2766 1819 2820 ﬁcum
1843 2782 2058 2839 quoque

462 2838 889 2918 comprehendit.
943 2839 1168 2918 Veteres
1220 2852 1324 2918 non
1374 2841 1764 2918 consentiunt:
1814 2838 2057 2918 plerique

462 2907 635 2980 ficum,
672 2914 758 2967 alii
789 2913 970 2965 citrum
1001 2910 1162 2964 fuisse
1189 2907 1395 2972 volunt,
1426 2924 1654 2980 quorum
1681 2909 1795 2963 loca
1829 2907 2058 2964 Drusius

461 2982 636 3037 affert.
665 2984 768 3038 Sed
799 2999 885 3038 res
917 2981 1274 3035 incertissima
1305 2989 1404 3034 est.
1435 2981 1695 3036 Gnorlus.

537 3055 663 3119 Qua:
689 3066 817 3109 erat.
850 3054 927 3108 lta
957 3067 1060 3107 ms.
1081 3050 1402 3122 Regio-Pot.
1433 3061 1488 3106 et
1513 3052 1537 3105 1
1567 3053 1638 3106 al.
1675 3051 1808 3123 Reg.
1838 3051 2056 3122 optima:

462 3137 626 3180 none.

537 3194 602 3250 In
628 3213 726 3267 qua
741 3205 1003 3266 posuerat,
1023 3206 1127 3249 etc.
1161 3192 1276 3248 Non
1305 3202 1388 3267 est
1411 3193 1528 3267 haec
1545 3192 1812 3267 sententia
1833 3193 1900 3246 ita
1920 3193 2062 3248 acci-

461 3263 676 3338 pienda,
706 3263 770 3322 ac
799 3269 843 3320 si
876 3268 1037 3321 arbor
1062 3275 1207 3320 esset
1232 3265 1532 3328 rationalis,
1569 3266 1748 3338 sciens
1772 3263 1972 3338 bonum
2005 3276 2060 3338 et

464 3335 663 3392 iualum
701 3357 715 3393 :
763 3354 937 3408 neque
982 3339 1146 3408 etiam
1199 3347 1419 3390 vocatur
1457 3338 1620 3408 arbor
1648 3336 1890 3408 scientiae
1931 3335 2056 3390 boni

461 3420 517 3465 et
556 3410 707 3475 mali,
753 3425 818 3464 eo
852 3405 1006 3479 'qund
1058 3407 1252 3462 habent
1293 3409 1397 3461 vim
1440 3406 1602 3479 dandi
1647 3405 2058 3477 intelligentiam

465 3481 587 3534 boni
615 3491 671 3536 et
701 3481 823 3535 mali
847 3497 861 3545 ;
884 3477 986 3536 sed
1013 3480 1080 3531 ab
1109 3487 1305 3532 eventu
1341 3481 1410 3532 ita
1444 3477 1772 3540 nominatur,
1803 3479 1930 3547 quia
1963 3479 2060 3533 ho-

463 3552 594 3606 mini
622 3552 722 3606 hoc
767 3555 1031 3616 eveniret,
1059 3557 1116 3604 ut
1144 3552 1308 3604 sciret
1341 3549 1469 3618 quid
1509 3549 1632 3603 boni
1660 3549 1965 3614 amisisset,
1997 3565 2060 3605 ac

465 3625 588 3677 mali
607 3624 998 3693 acquisivisset,
1023 3622 1151 3690 quid
1175 3624 1460 3693 interesset
1483 3621 1620 3693 inter
1635 3619 1956 3693 obedientim
1976 3621 2062 3675 ho-

464 3709 588 3772 nuni
603 3704 656 3749 et
671 3690 864 3749 malum
880 3690 1854 3772 inohedjenlim.llattcintelligentiam
1876 3690 2060 3772 habuit

462 3767 699 3820 Adamus
731 3776 850 3833 post
883 3781 1036 3821 esum
1066 3763 1272 3818 fructus
1304 3763 1481 3826 vetiti;
1516 3763 1696 3816 statim
1725 3763 1870 3833 enim
1892 3764 2061 3832 erepit

463 3853 583 3890 cum
631 3831 832 3906 pudere
853 3837 957 3899 Sui,
1010 3847 1064 3891 et
1111 3834 1244 3889 vidit
1295 3849 1354 3888 se
1378 3833 1577 3888 nudum
1616 3849 1756 3906 esse.
1799 3831 2054 3906 Exlsio.

461 3904 786 3963 Criminator
807 3907 875 3962 de
900 3922 1008 3977 quo
1036 3908 1143 3969 hic,
1172 3907 1310 3959 alius
1337 3920 1441 3959 non
1467 3915 1551 3959 est
1578 3919 1608 3958 a
1637 3904 1876 3977 diabolo:

533 3980 612 4032 Ad
638 3974 995 4049 decipiendum
1041 3977 1313 4030 hominem.
1347 3977 1422 4049 Ita
1468 3992 1591 4049 cum
1627 3974 2058 4049 tBon.,_Witeb.,

463 4050 634 4118 I.ips.,
655 4045 885 4105 ltei'mm.
905 4051 1025 4104 aliis
1038 4063 1166 4103 mss.
1185 4062 1373 4101 omnes
1386 4047 1497 4102 fere
1509 4045 1792 4118 editiones.
1812 4046 2056 4118 Emman.

461 4117 698 4175 et’Goth.
723 4120 1015 4175 etTornes.
1044 4120 1202 4183 1587,
1232 4119 1392 4182 1615,
1418 4120 1496 4171 Ad
1520 4117 1880 4187 dejiciendum
1899 4117 2064 4171 Itami-

464 4207 612 4256 nem;
641 4204 792 4248 certe
824 4206 980 4260 supra
1015 4201 1228 4260 captum
1251 4189 1641 4260 Librariorum,
1661 4205 1723 4242 ex
1747 4188 2064 4260 genioLac—

467 4265 619 4318 tantii
650 4265 687 4317 Ι.
718 4280 776 4318 ιιι
800 4307 814 4330 ,
847 4259 902 4318 εξ
925 4264 1016 4328 29,
1064 4259 1123 4318 Si
1153 4263 1280 4318 dolo
1309 4259 1441 4314 nihil
1480 4261 1788 4330 profecerit,
1821 4259 2064 4313 violentia

463 4334 697 4402 dejicere
720 4345 950 4389 conatur.
975 4335 1034 4389 L.
1061 4348 1199 4399 lv,c.
1223 4333 1292 4387 27
1319 4350 1330 4384 :
1366 4331 1634 4385 Dwinones
1664 4331 1947 4402 dejiciendi
1971 4333 2064 4385 Ito-

465 4400 613 4459 minis
641 4423 799 4461 causa
851 4408 1088 4461 varios...
1119 4407 1357 4458 cultus...
1388 4403 1743 4456 condiderunt.
1775 4400 2059 4472 Cyprian.,

463 4477 529 4531 de
561 4476 701 4533 Unit.
735 4477 884 4534 Eccl.
943 4480 1113 4548 princ.
1148 4475 1473 4536 Persecutio,
1502 4487 1617 4548 quae
1670 4473 1972 4528 subruendis
2002 4491 2062 4528 ac

463 4547 779 4617 dejiciendis
809 4549 906 4602 Dei
932 4542 1205 4603 servis”...
1238 4542 1521 4617 grassatur.
1559 4542 1690 4617 Burit

540 4612 606 4674 Ut
656 4622 1032 4674 transcenderet
1077 4618 1177 4672 Dei
1223 4612 1627 4688 legemllecte.
1683 4612 1809 4688 Vide
1855 4630 2061 4685 supra:

463 4691 620 4746 Dedit
643 4693 687 4745 ei
714 4702 852 4746 certa
882 4692 1143 4755 mandata,
1169 4687 1350 4757 quae...
1383 4687 1427 4740 si
1457 4687 1874 4752 transcendisset,
1905 4698 2065 4741 morte

462 4764 758 4833 afﬁceretur.
790 4761 886 4817 Ms.
917 4765 942 4816 1
972 4764 1105 4814 Bon.
1132 4761 1299 4833 antiq.
1326 4759 1494 4833 solus,
1524 4767 1582 4833 ut
1602 4761 2058 4833 transgrederetur.

537 4835 674 4888 Deus
702 4835 851 4904 ejecit
878 4835 1132 4886 hominem
1163 4832 1228 4884 de
1257 4828 1520 4904 paradiso.
1549 4828 1776 4896 Quidam
1807 4839 2065 4897 putarunt

466 4901 770 4974 paradiSuin
821 4905 987 4958 fuisse
1043 4904 1219 4957 locum
1268 4901 1552 4972 quemdam
1597 4915 1868 4974 alumnum
1911 4912 2062 4954 extra

462 4971 603 5031 hunc
644 4978 829 5030 orbem
879 4974 1255 5039 habitabilem;
1291 4971 1358 5028 et
1401 4988 1522 5027 cum
1557 4971 1761 5041 primos
1812 4983 2063 5040 parentes

463 5058 684 5102 nostros
712 5063 775 5101 ex
812 5043 1064 5115 paradiso
1087 5048 1292 5113 eiectos
1319 5045 1378 5099 S.
1407 5044 1681 5110 Scriptura
1716 5043 1912 5115 tradit,_
1931 5042 2061 5099 illud

464 5113 891 5186 intelligendum,
926 5131 990 5171 ex
1027 5117 1118 5169 illo
1144 5119 1292 5180 loco,
1330 5118 1383 5170 in
1429 5115 1687 5186 mundum
1717 5113 1860 5168 hunc
1891 5113 2060 5172 fuisse

462 5183 750 5258 relegatos.
783 5186 936 5254 Quod
970 5187 1117 5242 nullo
1144 5189 1360 5258 quidem
1390 5187 1574 5240 nititur
1595 5183 1968 5258 fundamento,
1997 5202 2061 5242 ac

462 5257 792 5314 contrarium
860 5261 1060 5330 patebit
1106 5257 1284 5330 ei’qni
1343 5259 1600 5330 attentius
1649 5257 1898 5325 inspiciet
1946 5267 2060 5313 tex-

463 5341 612 5395 tum;
644 5330 714 5384 ibi
747 5329 888 5387 enim
922 5330 1123 5386 ruentia
1171 5329 1227 5385 lit
1253 5329 1531 5384 ﬂuminum
1581 5329 1792 5382 hortum
1832 5330 2060 5399 irrigan-

462 5405 616 5469 tium,
648 5417 767 5472 quae
817 5405 1112 5458 etiamnum
1141 5402 1317 5457 adhuc
1359 5411 1483 5456 sunt
1532 5401 1586 5456 in
1618 5416 1797 5472 rerum
1843 5409 2052 5455 natura.

461 5471 978 5542 Quare’dicendum
1027 5482 1146 5538 est,
1201 5475 1322 5528 illos
1371 5473 1426 5528 in
1472 5472 1717 5542 paradiso
1769 5471 2053 5542 degentes,

461 5549 620 5601 etiam
654 5548 704 5602 in
740 5548 838 5602 hac
869 5555 1049 5601 nostra
1083 5556 1225 5601 terra
1254 5545 1545 5609 habitasse,
1570 5552 1768 5599 etcum
1795 5544 2058 5614 ejiceren-

463 5627 547 5672 tur
575 5619 640 5673 de
667 5619 940 5690 paradiso,
976 5619 1096 5672 illos
1141 5628 1344 5673 tantum
1377 5627 1614 5672 mutasse
1644 5613 1832 5670 locum
1863 5614 1919 5670 in
1949 5613 2054 5669 hoc

460 5689 680 5745 tmtndo.
711 5689 1000 5746 Causas.

532 5764 796 5818 Sententia
822 5766 874 5834 in
912 5770 1224 5834 peccatorem
1260 5761 1386 5815 lata.
1413 5760 1506 5834 jta
1548 5759 1764 5834 restitui
1799 5773 1885 5834 ex_
1918 5773 2048 5813 mss.

462 5835 764 5892 veterrimis
807 5827 997 5904 cm,
1044 5833 1080 5887 2
1127 5831 1358 5899 Bouou.,
1413 5827 1528 5886 Pal.
1583 5840 1635 5886 ct
1682 5827 1809 5885 edit.
1865 5827 1934 5885 Is.
1997 5836 2052 5884 et

2166 1907 2403 1978 Epitom.
2439 1922 2558 1974 cap.
2589 1907 2694 1972 27,
2729 1905 3036 1964 faventibus
3075 1909 3110 1963 2
3144 1907 3278 1981 Reg.
3310 1919 3367 1966 et
3403 1911 3475 1966 12
3525 1911 3649 1970 editis
3674 1918 3699 1972 in

2167 1981 2361 2058 quibus
2390 1988 2474 2034 est
2499 1981 2550 2033 in
2579 1990 2867 2058 peccatores
2887 1981 3014 2058 lata.
3036 1981 3170 2058 ΔΑιξῚ
3193 1982 3383 2058 scripti
3407 1983 3616 2058 Regis:
3635 1993 3700 2058 qui.

2171 2053 2271 2105 bus
2301 2053 2409 2106 duo
2439 2061 2563 2120 sunt
2589 2051 2971 2120 antiquissimi,
3027 2052 3062 2107 6
3117 2051 3315 2112 Colb..’
3353 2051 3511 2120 Jun;
3550 2051 3700 2118 ΗΜΛ

2168 2123 2402 2196 Clarom.
2439 2133 2492 2196 et
2520 2119 2684 2176 Brun.
2723 2119 2785 2177 ac
2803 2124 2933 2196 edit.
2966 2123 3193 2180 Tornes.
3227 2135 3284 2181 et
3307 2119 3527 2182 Walch.
3554 2130 3698 2196 habent,

2170 2194 2419 2248 sententia
2447 2194 2499 2246 in
2527 2203 2815 2262 peccatores
2843 2194 2987 2248 data.

2241 2266 2590 2336 Conquireret.
2623 2265 2713 2320 Sic
2762 2266 2996 2319 emendo
3023 2280 3088 2320 ex
3131 2267 3386 2323 omnibus
3405 2285 3541 2324 mss.
3581 2274 3700 2326 etei:-

2169 2335 2237 2390 tis
2270 2335 2426 2390 Rom.
2461 2336 2624 2399 1468,
2656 2337 2816 2401 N70,
2845 2346 2899 2391 et
2926 2336 3139 2392 Walch.
3168 2339 3271 2409 nisi
3295 2340 3440 2409 quod
3476 2343 3528 2394 in
3556 2342 3584 2396 5
3606 2345 3696 2397 Cultu.

2171 2409 2364 2478 legitur
2389 2419 2748 2480 conquereret;
2784 2409 2835 2460 in
2879 2409 2988 2462 alio
3015 2410 3142 2462 item
3183 2408 3505 2465 Colbertino
3536 2419 3699 2480 acquin-

2168 2490 2274 2534 ret:
2307 2481 2356 2532 in
2386 2479 2548 2533 editis
2571 2478 2758 2533 decem
2798 2482 3183 2548 conquirerent,
3216 2482 3393 2536 minus
3438 2478 3698 2540 bene—Dea

2167 2551 2312 2604 enim
2340 2551 2513 2605 solum
2541 2549 2813 2604 hominem
2843 2552 2908 2602 ad
2952 2550 3193 2606 laborem
3223 2553 3542 2620 damnavit,
3572 2559 3697 2612 mula-

2164 2637 2282 2676 rem
2304 2637 2432 2677 vero
2450 2621 2516 2674 ad
2537 2633 2719 2689 partus
2735 2620 3193 2689 dolorem(Cenes.
3218 2625 3698 2689 ο.ιιι,υ.16,17,19.ξ

2236 2690 2357 2763 Igni
2383 2692 2808 2747 circumvallavit.
2836 2691 3058 2747 Variant
3092 2709 3255 2763 super
3278 2695 3381 2750 hac
3408 2712 3473 2750 re
3500 2698 3697 2752 όθαιπιῑιι

2165 2767 2469 2819 sentcntim.
2501 2763 2868 2818 Tertullianns
2900 2766 3235 2834 Apolcgetic.
3267 2781 3387 2833 cap.
3417 2769 3515 2823 46.
3541 2769 3590 2823 S.
3614 2771 3700 2823 Tho-

2167 2845 2366 2908 maset
2407 2836 2495 2890 alii
2525 2835 2743 2908 quidam
2767 2835 3020 2908 dixerunt
3043 2876 3058 2901 ,
3094 2837 3276 2891 Mosen
3319 2839 3562 2908 ﬁguratis
3585 2842 3698 2893 verbis

2164 2906 2471 2976 signiﬁcare
2529 2907 2796 2971 voluisse,
2844 2907 3148 2975 paradisum
3221 2908 3325 2963 sub
3363 2906 3518 2965 'zona
3569 2914 3697 2965 torrida

2164 2979 2352 3044 situm,
2388 2977 2618 3052 ideoque
2647 2978 2953 3033 hominibus
2977 2979 3314 3052 inaccessum
3338 2996 3498 3046 esse;
3524 2985 3697 3052 quoniam

2165 3059 2380 3119 recepta
2436 3051 2712 3119 Opinione,
2769 3065 2903 3103 zona
2957 3049 3161 3104 torrida
3205 3053 3276 3106 ob
3320 3049 3550 3108 nimium
3573 3066 3696 3108 tESllllIl

2167 3118 2347 3189 putata
2376 3129 2460 3174 est
2488 3121 2616 3175 olim
2644 3118 3008 3175 inhabitabilis
3037 3139 3050 3174 :
3083 3138 3239 3187 quam
3265 3125 3574 3192 opinionem
3597 3142 3696 3190 exiv-

2163 3192 2357 3246 rientia
2393 3192 2564 3246 nostri
2592 3192 2776 3245 saeculi
2825 3193 2955 3246 satis
2985 3192 3201 3248 refellit.
3228 3195 3404 3249 Aliter
3435 3197 3696 3250 Ambrosius.

2163 3257 2407 3334 Lyranns
2458 3272 2514 3317 ut
2562 3262 2891 3334 Lactantius.
2937 3261 3287 3334 Intelligenda
3355 3267 3596 3322 videntur
3647 3283 3697 3334 per

2164 3333 2294 3406 illud
2352 3333 2790 3406 ﬂammaigladii,
2816 3349 2964 3388 arma
3012 3333 3208 3404 quibus
3257 3335 3552 3392 Cherultim
3591 3333 3697 3406 angeli

2164 3404 2378 3459 hortum
2408 3405 2820 3470 custodiebant;
2856 3407 3027 3476 igneis
3055 3423 3176 3461 cum
3212 3409 3565 3465 mucronibus
3587 3451 3598 3472 ,
3620 3404 3697 3476 qius

2165 3476 2496 3547 horrendum
2538 3479 2588 3530 in
2625 3477 2844 3547 modum
2878 3479 3194 3544 vibrabant,
3225 3481 3541 3547 paradisum
3576 3481 3699 3536 redde-

2165 3546 2292 3601 bant
2325 3548 2686 3602 iuaccessum.
2723 3545 2923 3602 Partim
2954 3566 3016 3604 ex
3047 3545 3266 3604 Ριιυιεό.

2237 3617 2410 3692 Donec
2439 3636 2692 3692 sumntum
2721 3617 2983 3692 judicium
3023 3623 3200 3692 faciat.
3235 3620 3373 3677 Cum
3413 3622 3695 3685 Tertulliani,

2164 3689 2322 3764 Apol.
2355 3707 2403 3745 e.
2437 3690 2527 3755 46,
2561 3700 2707 3746 errat
2736 3689 3067 3756 Lactantius,
3097 3693 3330 3748 dicendo
3352 3694 3532 3764 justos
3571 3697 3612 3749 in
3641 3694 3696 3747 Pa-

2164 3761 2401 3836 radisum
2435 3772 2771 3836 terrestrem,
2801 3775 2941 3836 post
2979 3764 3226 3836 ultimum
3283 3761 3571 3836 judicium.
3597 3770 3700 3820 intro

2163 3833 2460 3906 ducendos.
2492 3833 2978 3906 Hanciopinionem
3012 3833 3305 3890 hauserant
3332 3838 3554 3906 quidam
3579 3852 3699 3892 enn-

2166 3903 2330 3977 tiquis
2358 3921 2386 3957 a
2421 3905 2582 3974 Papia
2614 3905 3054 3973 Hierapolitano,
3088 3908 3178 3974 qui
3208 3923 3274 3962 ex
3301 3903 3484 3977 capite
3512 3926 3576 3964 xx
3609 3910 3697 3973 Apo-

2164 3975 2447 4046 calypseos
2470 3977 2609 4030 male
2635 3977 2914 4050 intellecto
2935 3979 3344 4050 somniaverunt
3373 3975 3590 4050 regnum
3611 3979 3698 4032 mille

2163 4063 2462 4121 annorum,
2496 4057 2784 4121 antequam
2811 4047 2961 4121 Beati
3012 4049 3064 4102 in
3096 4051 3375 4121 caelestem
3422 4047 3628 4121 patriam
3657 4052 3700 4101 in

2166 4117 2599 4173 traducerentur.
2643 4119 2758 4184 Qua
2807 4119 2876 4174 de
2927 4136 2988 4175 re
3039 4119 3161 4175 vide
3223 4117 3520 4177 Eusebium
3566 4124 3698 4177 llislot.

2167 4187 2482 4260 Ecclesiast.
2520 4190 2657 4243 libro
2709 4205 2797 4244 vni
2823 4230 2836 4254 .
2883 4207 3002 4260 cap.
3037 4191 3126 4245 59.
3177 4191 3231 4246 Si
3274 4195 3503 4250 caeleste
3545 4206 3700 4260 regnum

2168 4258 2547 4326 intellexisset,
2579 4277 2765 4314 verum
2798 4258 3056 4327 dixisset;
3085 4262 3337 4318 Christus
3385 4269 3530 4320 enim
3567 4258 3698 4319 diserte

2166 4339 2430 4404 testatur,_
2451 4332 2568 4404 illos
2600 4334 3204 4404 ingressurosiregnum
3235 4336 3504 4390 caelorum
3525 4377 3541 4401 ,
3576 4333 3698 4390 Matth.
3747 4341 3749 4346 '

2169 4417 2304 4475 xxv,
2333 4419 2384 4475 vi.
2414 4401 2504 4467 ὄις
2536 4415 2586 4457 et
2612 4401 2674 4456 B.
2701 4403 2900 4458 Paulus
2926 4403 2970 4459 Π
2996 4401 3214 4470 Cor.,v,
3240 4423 3291 4459 v.
3328 4407 3349 4461 1
3384 4426 3397 4462 :
3430 4408 3701 4475 Scimuqu-

2089 4501 2144 4568 ι)
2169 4473 2376 4568 nianrsi
2408 4475 2867 4568 terrestristgnms
2909 4489 3084 4530 nostra
3115 4478 3267 4568 I't‘ujusl
3295 4479 3610 4568 habitationis
3635 4473 3700 4528 titt-

2164 4545 2412 4609 solvatur,
2435 4552 2571 4617 quod
2603 4546 2995 4612 aediﬁcationem
3017 4565 3081 4603 ex
3115 4549 3220 4603 Deo
3248 4550 3498 4606 habemus
3523 4593 3537 4619 ,
3563 4551 3699 4604 domum

2167 4632 2266 4670 non
2300 4623 2670 4685 manufactam,
2700 4630 2941 4672 wternam
2968 4621 3020 4673 in
3042 4622 3203 4674 caelis.

2241 4687 2420 4759 Sacra?
2449 4705 2592 4742 voces
2636 4689 2836 4742 docent.
2875 4690 2966 4745 Sic
3005 4692 3221 4759 reposui
3260 4709 3325 4747 ex
3377 4693 3509 4749 edit.
3547 4690 3698 4752 Soubh

2166 4757 2308 4822 Bet.,
2339 4758 2807 4833 Tornes.,Walch.
2841 4770 2896 4816 et
2922 4757 3132 4816 cunctis
3159 4779 3328 4833 prope
3359 4762 3698 4829 msanillq.

2165 4845 2276 4884 rec.
2291 4841 2345 4884 et
2365 4832 2642 4901 impressis
2665 4831 2731 4884 l2
2754 4833 2947 4901 legitur
2959 4850 3118 4888 sacra:
3139 4831 3421 4892 litteirce.At
3443 4836 3701 4900 manuscrip-

2167 4909 2341 4975 _torum
2383 4901 2541 4956 lectio
2584 4902 2940 4975 praeferenda,
2990 4921 3094 4975 qua
3137 4907 3300 4960 etiam
3345 4905 3478 4963 usus
3508 4920 3581 4962 est
3605 4905 3698 4959 Lael.

2163 4972 2255 5046 lib.
2293 4989 2364 5039 IV,
2411 4990 2530 5042 cap.
2562 4975 2657 5035 26;
2686 4983 2740 5028 et
2783 4972 3054 5046 Sulpicius
3075 4977 3312 5032 Severus
3334 5019 3350 5044 ,
3381 4979 3574 5033 Histor.
3600 4975 3698 5032 Sacr.

2163 5044 2256 5098 lib.
2289 5061 2347 5109 ιι,
2381 5047 2539 5115 paulo
2571 5044 2897 5117 post.med.,‘
2923 5047 2990 5102 ad
3017 5048 3361 5104 Constantini
3406 5051 3575 5120 magni
3616 5058 3700 5101 tem-

2165 5131 2317 5186 pora.

2160 5226 2220 5281 oi
2241 5226 2295 5282 δὲ
2315 5228 2458 5284 Θεὸν.
2502 5226 2790 5298 lnterpret.
2826 5228 3015 5285 Latina
3046 5248 3062 5285 :

2162 5359 2254 5426 Qui
2280 5367 2444 5426 autem
2469 5358 2628 5426 Deum
2651 5360 2894 5426 honorant
2913 5376 3105 5426 verum,
3137 5365 3492 5426 sempiternam
3519 5363 3656 5424 utique

2161 5421 2319 5489 Xitam
2348 5423 2662 5489 hereditario
2676 5423 2790 5486 jure
2812 5421 3201 5489 possident,'per
3218 5421 3387 5476 saeculi
3411 5421 3672 5488 tempus'ijai

2158 5483 2454 5534 Hahitantes
2478 5483 2754 5547 paradisum
2778 5483 2923 5549 aeque
2949 5501 3040 5551 per
3062 5483 3310 5538 adicenum
3333 5483 3543 5540 hortum.

2237 5612 2476 5667 Extrema
2506 5622 2641 5679 sunt,
2673 5613 2725 5666 in
2753 5622 2996 5668 extrema.
3027 5614 3156 5672 Mss.
3183 5631 3296 5672 rec.
3322 5627 3377 5672 et
3408 5617 3583 5686 plures
3597 5605 3696 5672 editi.

2160 5682 2405 5739 Extrema
2422 5694 2538 5738 sunt
2557 5694 2659 5739 tota
2687 5685 2737 5738 in
2766 5696 3011 5742 extrema.

2231 5755 2451 5826 Sibylla.
2487 5757 2558 5809 De
2583 5771 2687 5827 qna
2711 5755 2832 5812 vide
2855 5756 3026 5815 Serm
3057 5775 3096 5827 ι,
3116 5759 3216 5815 sub
3241 5757 3465 5826 initium,
3496 5766 3549 5814 et
3569 5755 3694 5813 Serm.

2158 5825 2212 5884 8.
2244 5828 2385 5882 circa
2409 5825 2549 5884 med.

2199 5871 2212 5897 ,
2246 5870 2385 5882 νιινυι
2409 5870 2549 5884 ιιινυο
