  <div class='ocr_page' id='page_1' title='image "/cluster/home/n/w/nwhite01/storage/ocr_20150623/6/uva.x000669814/178.png"; bbox 0 0 3790 6274; ppageno 0'>
   <div class='ocr_carea' id='block_1_1' title="bbox 77 271 212 334">
    <p class='ocr_par' dir='ltr' id='par_1_1' title="bbox 77 271 212 334">
     <span class='ocr_line' id='line_1_1' title="bbox 77 271 212 334; baseline 0.015 -2"><span class='ocrx_word' id='word_1_1' title='bbox 77 271 212 334; x_wconf 73' lang='grc'><strong>557</strong></span> 
     </span>
    </p>
   </div>
   <div class='ocr_carea' id='block_1_2' title="bbox 1159 285 2274 356">
    <p class='ocr_par' dir='ltr' id='par_1_2' title="bbox 1159 285 2274 356">
     <span class='ocr_line' id='line_1_2' title="bbox 1159 285 2274 356; baseline 0.008 -11"><span class='ocrx_word' id='word_1_2' title='bbox 1159 285 1364 346; x_wconf 82' lang='lat' dir='ltr'><strong>LIBER</strong></span> <span class='ocrx_word' id='word_1_3' title='bbox 1403 290 1466 347; x_wconf 90' lang='lat' dir='ltr'><strong>ll.</strong></span> <span class='ocrx_word' id='word_1_4' title='bbox 1512 290 1600 347; x_wconf 87' lang='lat' dir='ltr'><strong>DE</strong></span> <span class='ocrx_word' id='word_1_5' title='bbox 1638 290 1920 350; x_wconf 86' lang='lat' dir='ltr'><strong>ORIGINE</strong></span> <span class='ocrx_word' id='word_1_6' title='bbox 1951 294 2274 356; x_wconf 86' lang='lat' dir='ltr'><strong>ERRORIS.</strong></span> 
     </span>
    </p>
   </div>
   <div class='ocr_carea' id='block_1_3' title="bbox 3303 303 3413 366">
    <p class='ocr_par' dir='ltr' id='par_1_3' title="bbox 3303 303 3413 366">
     <span class='ocr_line' id='line_1_3' title="bbox 3303 303 3413 366; baseline 0.018 -2"><span class='ocrx_word' id='word_1_7' title='bbox 3303 303 3413 366; x_wconf 76' lang='lat'><strong>558</strong></span> 
     </span>
    </p>
   </div>
   <div class='ocr_carea' id='block_1_4' title="bbox 77 399 3406 491">
    <p class='ocr_par' dir='ltr' id='par_1_4' title="bbox 77 399 3406 491">
     <span class='ocr_line' id='line_1_4' title="bbox 77 399 3406 491; baseline 0.008 -40"><span class='ocrx_word' id='word_1_8' title='bbox 77 399 288 455; x_wconf 86' lang='lat' dir='ltr'><strong>omnia</strong></span> <span class='ocrx_word' id='word_1_9' title='bbox 309 415 408 473; x_wconf 90' lang='lat' dir='ltr'><strong>per</strong></span> <span class='ocrx_word' id='word_1_10' title='bbox 427 416 487 460; x_wconf 86' lang='lat' dir='ltr'><strong>se</strong></span> <span class='ocrx_word' id='word_1_11' title='bbox 510 401 645 460; x_wconf 81' lang='lat' dir='ltr'><strong>falsa</strong></span> <span class='ocrx_word' id='word_1_12' title='bbox 660 411 804 472; x_wconf 88' lang='lat' dir='ltr'><strong>sunt,</strong></span> <span class='ocrx_word' id='word_1_13' title='bbox 821 412 880 460; x_wconf 92' lang='lat' dir='ltr'><strong>ut</strong></span> <span class='ocrx_word' id='word_1_14' title='bbox 901 404 1108 478; x_wconf 84' lang='lat' dir='ltr'><strong>Sibylla</strong></span> <span class='ocrx_word' id='word_1_15' title='bbox 1131 406 1415 480; x_wconf 66' lang='lat' dir='ltr'><strong>Erythraea</strong></span> <span class='ocrx_word' id='word_1_16' title='bbox 1435 418 1695 470; x_wconf 87' lang='lat' dir='ltr'><strong>testatur:</strong></span> <span class='ocrx_word' id='word_1_17' title='bbox 1727 423 1779 484; x_wconf 82' lang='grc' dir='ltr'>Α</span> <span class='ocrx_word' id='word_1_18' title='bbox 1804 412 1997 468; x_wconf 87' lang='lat' dir='ltr'><strong>volunt</strong></span> <span class='ocrx_word' id='word_1_19' title='bbox 2022 431 2034 466; x_wconf 90' lang='lat'>:</span> <span class='ocrx_word' id='word_1_20' title='bbox 2066 429 2298 487; x_wconf 82' lang='lat' dir='ltr'><strong>quorum</strong></span> <span class='ocrx_word' id='word_1_21' title='bbox 2347 431 2512 472; x_wconf 92' lang='lat' dir='ltr'><strong>unum</strong></span> <span class='ocrx_word' id='word_1_22' title='bbox 2544 417 2830 491; x_wconf 89' lang='lat' dir='ltr'><strong>solumque</strong></span> <span class='ocrx_word' id='word_1_23' title='bbox 2856 419 3097 477; x_wconf 83' lang='lat' dir='ltr'><strong>ofﬁcium</strong></span> <span class='ocrx_word' id='word_1_24' title='bbox 3138 430 3258 490; x_wconf 90' lang='lat' dir='ltr'><strong>est,</strong></span> <span class='ocrx_word' id='word_1_25' title='bbox 3286 437 3406 478; x_wconf 80' lang='lat' dir='ltr'><strong>ser-</strong></span> 
     </span>
    </p>
   </div>
   <div class='ocr_carea' id='block_1_5' title="bbox 359 527 1278 586">
    <p class='ocr_par' dir='ltr' id='par_1_5' title="bbox 359 527 1278 586">
     <span class='ocr_line' id='line_1_5' title="bbox 359 527 1278 586; baseline 0.009 -16"><span class='ocrx_word' id='word_1_26' title='bbox 359 556 376 586; x_wconf 47' lang='lat' dir='ltr'><strong>e</strong></span> <span class='ocrx_word' id='word_1_27' title='bbox 413 556 426 570; x_wconf 77' lang='grc' dir='ltr'><strong>ο</strong></span> <span class='ocrx_word' id='word_1_28' title='bbox 462 561 472 572; x_wconf 93' lang='grc'><strong><em>.</em></strong></span> <span class='ocrx_word' id='word_1_29' title='bbox 509 561 520 572; x_wconf 93' lang='grc'><strong>.</strong></span> <span class='ocrx_word' id='word_1_30' title='bbox 561 557 574 571; x_wconf 77' lang='grc' dir='ltr'>ι</span> <span class='ocrx_word' id='word_1_31' title='bbox 612 557 628 572; x_wconf 77' lang='grc' dir='ltr'><strong>ο</strong></span> <span class='ocrx_word' id='word_1_32' title='bbox 664 527 754 576; x_wconf 60' lang='grc' dir='ltr'><strong>ἐπὶ</strong></span> <span class='ocrx_word' id='word_1_33' title='bbox 774 537 894 575; x_wconf 65' lang='grc' dir='ltr'><strong>πλάνη</strong></span> <span class='ocrx_word' id='word_1_34' title='bbox 914 539 1036 578; x_wconf 67' lang='grc' dir='ltr'><strong>πάντα.</strong></span> <span class='ocrx_word' id='word_1_35' title='bbox 1056 536 1142 578; x_wconf 76' lang='grc' dir='ltr'><strong>τάδ’</strong></span> <span class='ocrx_word' id='word_1_36' title='bbox 1164 541 1278 586; x_wconf 59' lang='grc' dir='ltr'><strong>ἔστιν,</strong></span> 
     </span>
    </p>
   </div>
   <div class='ocr_carea' id='block_1_6' title="bbox 353 585 1198 655">
    <p class='ocr_par' dir='ltr' id='par_1_6' title="bbox 353 585 1198 655">
     <span class='ocr_line' id='line_1_6' title="bbox 353 585 1198 655; baseline 0.008 -21"><span class='ocrx_word' id='word_1_37' title='bbox 353 585 451 648; x_wconf 49' lang='lat' dir='ltr'><strong>ista</strong></span> <span class='ocrx_word' id='word_1_38' title='bbox 472 592 620 648; x_wconf 64' lang='grc' dir='ltr'><strong>ἄφρονις</strong></span> <span class='ocrx_word' id='word_1_39' title='bbox 644 593 772 650; x_wconf 59' lang='lat' dir='ltr'><strong>(iudet;</strong></span> <span class='ocrx_word' id='word_1_40' title='bbox 798 601 963 650; x_wconf 71' lang='grc' dir='ltr'><strong>ιριυνῶσι</strong></span> <span class='ocrx_word' id='word_1_41' title='bbox 986 603 1068 640; x_wconf 70' lang='grc' dir='ltr'><strong>κατ’</strong></span> <span class='ocrx_word' id='word_1_42' title='bbox 1083 596 1198 655; x_wconf 62' lang='grc' dir='ltr'><strong>ἦμαρ.</strong></span> 
     </span>
    </p>
   </div>
   <div class='ocr_carea' id='block_1_7' title="bbox 78 701 1700 782">
    <p class='ocr_par' dir='ltr' id='par_1_7' title="bbox 78 701 1700 782">
     <span class='ocr_line' id='line_1_7' title="bbox 78 701 1700 782; baseline 0.012 -25"><span class='ocrx_word' id='word_1_43' title='bbox 78 701 208 759; x_wconf 84' lang='lat' dir='ltr'><strong>Sed</strong></span> <span class='ocrx_word' id='word_1_44' title='bbox 241 704 408 762; x_wconf 91' lang='lat' dir='ltr'><strong>iidem</strong></span> <span class='ocrx_word' id='word_1_45' title='bbox 428 708 526 778; x_wconf 88' lang='lat' dir='ltr'><strong>ipsi</strong></span> <span class='ocrx_word' id='word_1_46' title='bbox 547 719 796 767; x_wconf 77' lang='lat' dir='ltr'><strong>auctores</strong></span> <span class='ocrx_word' id='word_1_47' title='bbox 816 715 1104 782; x_wconf 74' lang='lat' dir='ltr'><strong>praesentia</strong></span> <span class='ocrx_word' id='word_1_48' title='bbox 1121 732 1216 771; x_wconf 91' lang='lat' dir='ltr'><strong>sua</strong></span> <span class='ocrx_word' id='word_1_49' title='bbox 1243 716 1464 782; x_wconf 82' lang='lat' dir='ltr'><strong>iaciunt,</strong></span> <span class='ocrx_word' id='word_1_50' title='bbox 1489 727 1548 773; x_wconf 92' lang='lat' dir='ltr'><strong>ut</strong></span> <span class='ocrx_word' id='word_1_51' title='bbox 1571 735 1700 776; x_wconf 88' lang='lat' dir='ltr'><strong>vera</strong></span> 
     </span>
    </p>
   </div>
   <div class='ocr_carea' id='block_1_8' title="bbox 74 799 1700 868">
    <p class='ocr_par' dir='ltr' id='par_1_8' title="bbox 74 799 1700 868">
     <span class='ocr_line' id='line_1_8' title="bbox 74 799 1700 868; baseline 0.012 -19"><span class='ocrx_word' id='word_1_52' title='bbox 74 808 220 851; x_wconf 88' lang='lat' dir='ltr'><strong>esse</strong></span> <span class='ocrx_word' id='word_1_53' title='bbox 249 799 562 854; x_wconf 80' lang='lat' dir='ltr'><strong>credantur.</strong></span> <span class='ocrx_word' id='word_1_54' title='bbox 586 801 954 860; x_wconf 83' lang='lat' dir='ltr'><strong>ltahoniinum</strong></span> <span class='ocrx_word' id='word_1_55' title='bbox 979 807 1354 864; x_wconf 73' lang='lat' dir='ltr'><strong>credulitatem</strong></span> <span class='ocrx_word' id='word_1_56' title='bbox 1379 813 1600 868; x_wconf 92' lang='lat' dir='ltr'><strong>mentita</strong></span> <span class='ocrx_word' id='word_1_57' title='bbox 1617 813 1700 868; x_wconf 93' lang='lat' dir='ltr'><strong>di-</strong></span> 
     </span>
    </p>
   </div>
   <div class='ocr_carea' id='block_1_9' title="bbox 71 889 1700 974">
    <p class='ocr_par' dir='ltr' id='par_1_9' title="bbox 71 889 1700 974">
     <span class='ocr_line' id='line_1_9' title="bbox 71 889 1700 974; baseline 0.014 -32"><span class='ocrx_word' id='word_1_58' title='bbox 71 889 326 948; x_wconf 83' lang='lat' dir='ltr'><strong>vinitate</strong></span> <span class='ocrx_word' id='word_1_59' title='bbox 349 892 646 964; x_wconf 87' lang='lat' dir='ltr'><strong>deludunt,</strong></span> <span class='ocrx_word' id='word_1_60' title='bbox 678 898 821 968; x_wconf 91' lang='lat' dir='ltr'><strong>quod</strong></span> <span class='ocrx_word' id='word_1_61' title='bbox 855 901 960 954; x_wconf 89' lang='lat' dir='ltr'><strong>illis</strong></span> <span class='ocrx_word' id='word_1_62' title='bbox 989 917 1177 958; x_wconf 91' lang='lat' dir='ltr'><strong>verum</strong></span> <span class='ocrx_word' id='word_1_63' title='bbox 1208 905 1422 974; x_wconf 89' lang='lat' dir='ltr'><strong>aperire</strong></span> <span class='ocrx_word' id='word_1_64' title='bbox 1468 921 1574 962; x_wconf 92' lang='lat' dir='ltr'><strong>non</strong></span> <span class='ocrx_word' id='word_1_65' title='bbox 1603 923 1700 964; x_wconf 84' lang='lat' dir='ltr'><strong>ex-</strong></span> 
     </span>
    </p>
   </div>
   <div class='ocr_carea' id='block_1_10' title="bbox 71 983 1697 1072">
    <p class='ocr_par' dir='ltr' id='par_1_10' title="bbox 71 983 1697 1072">
     <span class='ocr_line' id='line_1_10' title="bbox 71 983 1697 1072; baseline 0.014 -36"><span class='ocrx_word' id='word_1_66' title='bbox 71 983 273 1050; x_wconf 81' lang='lat' dir='ltr'><strong>pedit.</strong></span> <span class='ocrx_word' id='word_1_67' title='bbox 320 987 382 1041; x_wconf 82' lang='lat' dir='ltr'><strong>lli</strong></span> <span class='ocrx_word' id='word_1_68' title='bbox 428 991 670 1062; x_wconf 90' lang='lat' dir='ltr'><strong>suntqui</strong></span> <span class='ocrx_word' id='word_1_69' title='bbox 702 992 1000 1064; x_wconf 78' lang='lat' dir='ltr'><strong>imagines,</strong></span> <span class='ocrx_word' id='word_1_70' title='bbox 1049 1005 1104 1052; x_wconf 93' lang='lat' dir='ltr'><strong>et</strong></span> <span class='ocrx_word' id='word_1_71' title='bbox 1161 998 1450 1055; x_wconf 91' lang='lat' dir='ltr'><strong>simulacra</strong></span> <span class='ocrx_word' id='word_1_72' title='bbox 1493 1001 1697 1072; x_wconf 87' lang='lat' dir='ltr'><strong>ﬁngere</strong></span> 
     </span>
    </p>
   </div>
   <div class='ocr_carea' id='block_1_11' title="bbox 67 1073 1695 1152">
    <p class='ocr_par' dir='ltr' id='par_1_11' title="bbox 67 1073 1695 1152">
     <span class='ocr_line' id='line_1_11' title="bbox 67 1073 1695 1152; baseline 0.014 -24"><span class='ocrx_word' id='word_1_73' title='bbox 67 1073 440 1145; x_wconf 87' lang='lat' dir='ltr'><strong>docuerunt;</strong></span> <span class='ocrx_word' id='word_1_74' title='bbox 486 1083 614 1152; x_wconf 88' lang='lat' dir='ltr'><strong>qui,</strong></span> <span class='ocrx_word' id='word_1_75' title='bbox 664 1093 721 1138; x_wconf 93' lang='lat' dir='ltr'><strong>ut</strong></span> <span class='ocrx_word' id='word_1_76' title='bbox 768 1086 1048 1143; x_wconf 86' lang='lat' dir='ltr'><strong>hominum</strong></span> <span class='ocrx_word' id='word_1_77' title='bbox 1099 1099 1309 1147; x_wconf 88' lang='lat' dir='ltr'><strong>mentes</strong></span> <span class='ocrx_word' id='word_1_78' title='bbox 1349 1094 1551 1149; x_wconf 89' lang='lat' dir='ltr'><strong>acultu</strong></span> <span class='ocrx_word' id='word_1_79' title='bbox 1582 1095 1695 1150; x_wconf 89' lang='lat' dir='ltr'><strong>veri</strong></span> 
     </span>
    </p>
   </div>
   <div class='ocr_carea' id='block_1_12' title="bbox 70 1166 1690 1258">
    <p class='ocr_par' dir='ltr' id='par_1_12' title="bbox 70 1166 1690 1258">
     <span class='ocr_line' id='line_1_12' title="bbox 70 1166 1690 1258; baseline 0.015 -38"><span class='ocrx_word' id='word_1_80' title='bbox 70 1166 188 1223; x_wconf 89' lang='lat' dir='ltr'><strong>Dei</strong></span> <span class='ocrx_word' id='word_1_81' title='bbox 219 1181 560 1241; x_wconf 83' lang='lat' dir='ltr'><strong>averterent,</strong></span> <span class='ocrx_word' id='word_1_82' title='bbox 590 1186 646 1232; x_wconf 90' lang='lat' dir='ltr'><strong>et</strong></span> <span class='ocrx_word' id='word_1_83' title='bbox 683 1177 841 1234; x_wconf 85' lang='lat' dir='ltr'><strong>ﬁctos</strong></span> <span class='ocrx_word' id='word_1_84' title='bbox 872 1190 1210 1239; x_wconf 90' lang='lat' dir='ltr'><strong>mortuorum</strong></span> <span class='ocrx_word' id='word_1_85' title='bbox 1254 1201 1442 1258; x_wconf 89' lang='lat' dir='ltr'><strong>regum</strong></span> <span class='ocrx_word' id='word_1_86' title='bbox 1476 1189 1690 1255; x_wconf 89' lang='lat' dir='ltr'><strong>vultus,</strong></span> 
     </span>
    </p>
   </div>
   <div class='ocr_carea' id='block_1_13' title="bbox 66 1270 1696 1342">
    <p class='ocr_par' dir='ltr' id='par_1_13' title="bbox 66 1270 1696 1342">
     <span class='ocr_line' id='line_1_13' title="bbox 66 1270 1696 1342; baseline 0.014 -26"><span class='ocrx_word' id='word_1_87' title='bbox 66 1270 135 1316; x_wconf 84' lang='lat' dir='ltr'><strong>et</strong></span> <span class='ocrx_word' id='word_1_88' title='bbox 171 1273 408 1321; x_wconf 88' lang='lat' dir='ltr'><strong>ornatos</strong></span> <span class='ocrx_word' id='word_1_89' title='bbox 437 1270 700 1339; x_wconf 88' lang='lat' dir='ltr'><strong>exquisita</strong></span> <span class='ocrx_word' id='word_1_90' title='bbox 732 1273 1134 1342; x_wconf 87' lang='lat' dir='ltr'><strong>pulchritudine</strong></span> <span class='ocrx_word' id='word_1_91' title='bbox 1165 1281 1327 1334; x_wconf 85' lang='lat' dir='ltr'><strong>statui</strong></span> <span class='ocrx_word' id='word_1_92' title='bbox 1357 1284 1696 1339; x_wconf 88' lang='lat' dir='ltr'><strong>consecrari-</strong></span> 
     </span>
    </p>
   </div>
   <div class='ocr_carea' id='block_1_14' title="bbox 63 1354 1693 1444">
    <p class='ocr_par' dir='ltr' id='par_1_14' title="bbox 63 1354 1693 1444">
     <span class='ocr_line' id='line_1_14' title="bbox 63 1354 1693 1444; baseline 0.016 -37"><span class='ocrx_word' id='word_1_93' title='bbox 63 1369 195 1423; x_wconf 84' lang='lat' dir='ltr'><strong>que</strong></span> <span class='ocrx_word' id='word_1_94' title='bbox 233 1354 498 1427; x_wconf 84' lang='lat' dir='ltr'><strong>fecerunt,</strong></span> <span class='ocrx_word' id='word_1_95' title='bbox 531 1369 587 1415; x_wconf 90' lang='lat' dir='ltr'><strong>et</strong></span> <span class='ocrx_word' id='word_1_96' title='bbox 613 1356 826 1418; x_wconf 82' lang='lat' dir='ltr'><strong>illorum</strong></span> <span class='ocrx_word' id='word_1_97' title='bbox 850 1365 951 1422; x_wconf 91' lang='lat' dir='ltr'><strong>sibi</strong></span> <span class='ocrx_word' id='word_1_98' title='bbox 983 1371 1224 1438; x_wconf 90' lang='lat' dir='ltr'><strong>nomina,</strong></span> <span class='ocrx_word' id='word_1_99' title='bbox 1251 1374 1404 1443; x_wconf 91' lang='lat' dir='ltr'><strong>quasi</strong></span> <span class='ocrx_word' id='word_1_100' title='bbox 1430 1390 1693 1444; x_wconf 87' lang='lat' dir='ltr'><strong>personas</strong></span> 
     </span>
    </p>
   </div>
   <div class='ocr_carea' id='block_1_15' title="bbox 58 1448 1692 1538">
    <p class='ocr_par' dir='ltr' id='par_1_15' title="bbox 58 1448 1692 1538">
     <span class='ocr_line' id='line_1_15' title="bbox 58 1448 1692 1538; baseline 0.017 -38"><span class='ocrx_word' id='word_1_101' title='bbox 58 1448 338 1519; x_wconf 82' lang='lat' dir='ltr'><strong>aliquas,</strong></span> <span class='ocrx_word' id='word_1_102' title='bbox 391 1453 705 1512; x_wconf 89' lang='lat' dir='ltr'><strong>induerunt.</strong></span> <span class='ocrx_word' id='word_1_103' title='bbox 739 1459 846 1514; x_wconf 89' lang='lat' dir='ltr'><strong>Sed</strong></span> <span class='ocrx_word' id='word_1_104' title='bbox 895 1475 992 1517; x_wconf 89' lang='lat' dir='ltr'><strong>eos</strong></span> <span class='ocrx_word' id='word_1_105' title='bbox 1033 1465 1171 1536; x_wconf 88' lang='lat' dir='ltr'><strong>magi</strong></span> <span class='ocrx_word' id='word_1_106' title='bbox 1193 1507 1208 1530; x_wconf 94' lang='lat'><strong>,</strong></span> <span class='ocrx_word' id='word_1_107' title='bbox 1243 1477 1298 1522; x_wconf 89' lang='lat' dir='ltr'><strong>et</strong></span> <span class='ocrx_word' id='word_1_108' title='bbox 1330 1466 1365 1521; x_wconf 94' lang='lat' dir='ltr'><strong>ii</strong></span> <span class='ocrx_word' id='word_1_109' title='bbox 1401 1483 1538 1538; x_wconf 91' lang='lat' dir='ltr'><strong>quos</strong></span> <span class='ocrx_word' id='word_1_110' title='bbox 1562 1486 1692 1527; x_wconf 87' lang='lat' dir='ltr'><strong>vere</strong></span> 
     </span>
    </p>
   </div>
   <div class='ocr_carea' id='block_1_16' title="bbox 59 1543 1690 1622">
    <p class='ocr_par' dir='ltr' id='par_1_16' title="bbox 59 1543 1690 1622">
     <span class='ocr_line' id='line_1_16' title="bbox 59 1543 1690 1622; baseline 0.013 -28"><span class='ocrx_word' id='word_1_111' title='bbox 59 1543 372 1600; x_wconf 85' lang='lat' dir='ltr'><strong>maleﬁcos</strong></span> <span class='ocrx_word' id='word_1_112' title='bbox 398 1547 592 1619; x_wconf 90' lang='lat' dir='ltr'><strong>vulgus</strong></span> <span class='ocrx_word' id='word_1_113' title='bbox 621 1551 891 1622; x_wconf 88' lang='lat' dir='ltr'><strong>appellat,</strong></span> <span class='ocrx_word' id='word_1_114' title='bbox 928 1568 1050 1611; x_wconf 92' lang='lat' dir='ltr'><strong>cum</strong></span> <span class='ocrx_word' id='word_1_115' title='bbox 1080 1565 1228 1613; x_wconf 88' lang='lat' dir='ltr'><strong>artes</strong></span> <span class='ocrx_word' id='word_1_116' title='bbox 1253 1573 1380 1614; x_wconf 85' lang='lat' dir='ltr'><strong>suas</strong></span> <span class='ocrx_word' id='word_1_117' title='bbox 1407 1563 1690 1618; x_wconf 77' lang='lat' dir='ltr'><strong>execrabi-</strong></span> 
     </span>
    </p>
   </div>
   <div class='ocr_carea' id='block_1_17' title="bbox 55 1631 1689 1718">
    <p class='ocr_par' dir='ltr' id='par_1_17' title="bbox 55 1631 1689 1718">
     <span class='ocr_line' id='line_1_17' title="bbox 55 1631 1689 1718; baseline 0.014 -32"><span class='ocrx_word' id='word_1_118' title='bbox 55 1631 153 1688; x_wconf 88' lang='lat' dir='ltr'><strong>les</strong></span> <span class='ocrx_word' id='word_1_119' title='bbox 185 1646 482 1703; x_wconf 82' lang='lat' dir='ltr'><strong>exercent,</strong></span> <span class='ocrx_word' id='word_1_120' title='bbox 516 1641 660 1696; x_wconf 92' lang='lat' dir='ltr'><strong>veris</strong></span> <span class='ocrx_word' id='word_1_121' title='bbox 689 1643 800 1698; x_wconf 89' lang='lat' dir='ltr'><strong>suis</strong></span> <span class='ocrx_word' id='word_1_122' title='bbox 828 1645 1136 1703; x_wconf 90' lang='lat' dir='ltr'><strong>nominibus</strong></span> <span class='ocrx_word' id='word_1_123' title='bbox 1161 1649 1323 1718; x_wconf 88' lang='lat' dir='ltr'><strong>cient,</strong></span> <span class='ocrx_word' id='word_1_124' title='bbox 1354 1651 1462 1706; x_wconf 88' lang='lat' dir='ltr'><strong>illis</strong></span> <span class='ocrx_word' id='word_1_125' title='bbox 1493 1654 1689 1709; x_wconf 75' lang='lat' dir='ltr'><strong>cccles-</strong></span> 
     </span>
    </p>
   </div>
   <div class='ocr_carea' id='block_1_18' title="bbox 57 1725 1688 1815">
    <p class='ocr_par' dir='ltr' id='par_1_18' title="bbox 57 1725 1688 1815">
     <span class='ocr_line' id='line_1_18' title="bbox 57 1725 1688 1815; baseline 0.013 -35"><span class='ocrx_word' id='word_1_126' title='bbox 57 1725 261 1794; x_wconf 81' lang='lat' dir='ltr'><strong>tibus,</strong></span> <span class='ocrx_word' id='word_1_127' title='bbox 300 1746 418 1799; x_wconf 75' lang='lat' dir='ltr'><strong>quae</strong></span> <span class='ocrx_word' id='word_1_128' title='bbox 449 1732 502 1786; x_wconf 91' lang='lat' dir='ltr'><strong>in</strong></span> <span class='ocrx_word' id='word_1_129' title='bbox 536 1732 730 1790; x_wconf 89' lang='lat' dir='ltr'><strong>litteris</strong></span> <span class='ocrx_word' id='word_1_130' title='bbox 759 1738 961 1792; x_wconf 86' lang='lat' dir='ltr'><strong>sanctis</strong></span> <span class='ocrx_word' id='word_1_131' title='bbox 1008 1739 1278 1810; x_wconf 86' lang='lat' dir='ltr'><strong>leguntur.</strong></span> <span class='ocrx_word' id='word_1_132' title='bbox 1310 1742 1376 1798; x_wconf 78' lang='lat' dir='ltr'><strong>ili</strong></span> <span class='ocrx_word' id='word_1_133' title='bbox 1408 1759 1572 1815; x_wconf 90' lang='lat' dir='ltr'><strong>porro</strong></span> <span class='ocrx_word' id='word_1_134' title='bbox 1603 1746 1688 1800; x_wconf 80' lang='lat' dir='ltr'><strong>in—</strong></span> 
     </span>
    </p>
   </div>
   <div class='ocr_carea' id='block_1_19' title="bbox 1805 503 3407 587">
    <p class='ocr_par' dir='ltr' id='par_1_19' title="bbox 1805 503 3407 587">
     <span class='ocr_line' id='line_1_19' title="bbox 1805 503 3407 587; baseline 0.009 -29"><span class='ocrx_word' id='word_1_135' title='bbox 1805 503 1923 560; x_wconf 89' lang='lat' dir='ltr'><strong>vire</strong></span> <span class='ocrx_word' id='word_1_136' title='bbox 1969 506 2190 562; x_wconf 90' lang='lat' dir='ltr'><strong>nutibus</strong></span> <span class='ocrx_word' id='word_1_137' title='bbox 2222 507 2348 572; x_wconf 85' lang='lat' dir='ltr'><strong>Dei,</strong></span> <span class='ocrx_word' id='word_1_138' title='bbox 2398 525 2502 566; x_wconf 90' lang='lat' dir='ltr'><strong>nec</strong></span> <span class='ocrx_word' id='word_1_139' title='bbox 2527 511 2746 565; x_wconf 89' lang='lat' dir='ltr'><strong>omnino</strong></span> <span class='ocrx_word' id='word_1_140' title='bbox 2787 512 3075 583; x_wconf 86' lang='lat' dir='ltr'><strong>quidquam</strong></span> <span class='ocrx_word' id='word_1_141' title='bbox 3123 515 3226 570; x_wconf 87' lang='lat' dir='ltr'><strong>nisi</strong></span> <span class='ocrx_word' id='word_1_142' title='bbox 3249 515 3407 587; x_wconf 86' lang='lat' dir='ltr'><strong>jussu</strong></span> 
     </span>
    </p>
   </div>
   <div class='ocr_carea' id='block_1_20' title="bbox 1803 593 3407 674">
    <p class='ocr_par' dir='ltr' id='par_1_20' title="bbox 1803 593 3407 674">
     <span class='ocr_line' id='line_1_20' title="bbox 1803 593 3407 674; baseline 0.01 -26"><span class='ocrx_word' id='word_1_143' title='bbox 1803 593 2005 650; x_wconf 85' lang='lat' dir='ltr'><strong>facere.</strong></span> <span class='ocrx_word' id='word_1_144' title='bbox 2040 596 2129 653; x_wconf 91' lang='lat' dir='ltr'><strong>Sic</strong></span> <span class='ocrx_word' id='word_1_145' title='bbox 2161 600 2307 654; x_wconf 90' lang='lat' dir='ltr'><strong>enim</strong></span> <span class='ocrx_word' id='word_1_146' title='bbox 2340 600 2601 656; x_wconf 90' lang='lat' dir='ltr'><strong>mundum</strong></span> <span class='ocrx_word' id='word_1_147' title='bbox 2647 602 2760 674; x_wconf 86' lang='lat' dir='ltr'><strong>regi</strong></span> <span class='ocrx_word' id='word_1_148' title='bbox 2802 618 2829 657; x_wconf 93' lang='lat' dir='ltr'><strong>a</strong></span> <span class='ocrx_word' id='word_1_149' title='bbox 2862 604 2972 659; x_wconf 90' lang='lat' dir='ltr'><strong>Deo</strong></span> <span class='ocrx_word' id='word_1_150' title='bbox 2998 603 3258 672; x_wconf 87' lang='lat' dir='ltr'><strong>dicimus,</strong></span> <span class='ocrx_word' id='word_1_151' title='bbox 3291 618 3407 664; x_wconf 86' lang='lat' dir='ltr'><strong>uta</strong></span> 
     </span>
    </p>
   </div>
   <div class='ocr_carea' id='block_1_21' title="bbox 1802 693 3404 767">
    <p class='ocr_par' dir='ltr' id='par_1_21' title="bbox 1802 693 3404 767">
     <span class='ocr_line' id='line_1_21' title="bbox 1802 693 3404 767; baseline 0.007 -23"><span class='ocrx_word' id='word_1_152' title='bbox 1802 698 2016 746; x_wconf 89' lang='lat' dir='ltr'><strong>rectore</strong></span> <span class='ocrx_word' id='word_1_153' title='bbox 2049 693 2384 762; x_wconf 79' lang='lat' dir='ltr'><strong>provinciam</strong></span> <span class='ocrx_word' id='word_1_154' title='bbox 2416 713 2431 750; x_wconf 91' lang='lat'><strong><em>:</em></strong></span> <span class='ocrx_word' id='word_1_155' title='bbox 2466 695 2620 764; x_wconf 87' lang='lat' dir='ltr'><strong>cujus</strong></span> <span class='ocrx_word' id='word_1_156' title='bbox 2647 697 2986 767; x_wconf 86' lang='lat' dir='ltr'><strong>apparitores</strong></span> <span class='ocrx_word' id='word_1_157' title='bbox 3027 713 3187 754; x_wconf 90' lang='lat' dir='ltr'><strong>nemo</strong></span> <span class='ocrx_word' id='word_1_158' title='bbox 3226 703 3404 757; x_wconf 89' lang='lat' dir='ltr'><strong>socios</strong></span> 
     </span>
    </p>
   </div>
   <div class='ocr_carea' id='block_1_22' title="bbox 1803 783 3399 860">
    <p class='ocr_par' dir='ltr' id='par_1_22' title="bbox 1803 783 3399 860">
     <span class='ocr_line' id='line_1_22' title="bbox 1803 783 3399 860; baseline 0.008 -24"><span class='ocrx_word' id='word_1_159' title='bbox 1803 796 1925 837; x_wconf 91' lang='lat' dir='ltr'><strong>esse</strong></span> <span class='ocrx_word' id='word_1_160' title='bbox 1952 783 2004 836; x_wconf 89' lang='lat' dir='ltr'><strong>in</strong></span> <span class='ocrx_word' id='word_1_161' title='bbox 2033 785 2272 854; x_wconf 89' lang='lat' dir='ltr'><strong>regenda</strong></span> <span class='ocrx_word' id='word_1_162' title='bbox 2324 787 2602 856; x_wconf 89' lang='lat' dir='ltr'><strong>provincia</strong></span> <span class='ocrx_word' id='word_1_163' title='bbox 2633 789 2860 856; x_wconf 81' lang='lat' dir='ltr'><strong>dixerit,</strong></span> <span class='ocrx_word' id='word_1_164' title='bbox 2895 792 3142 860; x_wconf 85' lang='lat' dir='ltr'><strong>quamvis</strong></span> <span class='ocrx_word' id='word_1_165' title='bbox 3188 792 3399 847; x_wconf 90' lang='lat' dir='ltr'><strong>illorum</strong></span> 
     </span>
    </p>
   </div>
   <div class='ocr_carea' id='block_1_23' title="bbox 1801 875 3404 957">
    <p class='ocr_par' dir='ltr' id='par_1_23' title="bbox 1801 875 3404 957">
     <span class='ocr_line' id='line_1_23' title="bbox 1801 875 3404 957; baseline 0.009 -28"><span class='ocrx_word' id='word_1_166' title='bbox 1801 875 2106 932; x_wconf 90' lang='lat' dir='ltr'><strong>ministerio</strong></span> <span class='ocrx_word' id='word_1_167' title='bbox 2133 893 2219 934; x_wconf 90' lang='lat' dir='ltr'><strong>res</strong></span> <span class='ocrx_word' id='word_1_168' title='bbox 2246 889 2485 949; x_wconf 83' lang='lat' dir='ltr'><strong>geratur.</strong></span> <span class='ocrx_word' id='word_1_169' title='bbox 2518 881 2583 936; x_wconf 86' lang='lat' dir='ltr'><strong>Et</strong></span> <span class='ocrx_word' id='word_1_170' title='bbox 2611 883 2666 936; x_wconf 80' lang='lat' dir='ltr'><strong>lii</strong></span> <span class='ocrx_word' id='word_1_171' title='bbox 2717 892 2894 939; x_wconf 86' lang='lat' dir='ltr'><strong>tamen</strong></span> <span class='ocrx_word' id='word_1_172' title='bbox 2942 895 3166 954; x_wconf 92' lang='lat' dir='ltr'><strong>possunt</strong></span> <span class='ocrx_word' id='word_1_173' title='bbox 3202 886 3404 957; x_wconf 90' lang='lat' dir='ltr'><strong>aliquid</strong></span> 
     </span>
    </p>
   </div>
   <div class='ocr_carea' id='block_1_24' title="bbox 1799 971 3408 1050">
    <p class='ocr_par' dir='ltr' id='par_1_24' title="bbox 1799 971 3408 1050">
     <span class='ocr_line' id='line_1_24' title="bbox 1799 971 3408 1050; baseline 0.009 -29"><span class='ocrx_word' id='word_1_174' title='bbox 1799 977 2002 1038; x_wconf 70' lang='lat' dir='ltr'><strong>praeter</strong></span> <span class='ocrx_word' id='word_1_175' title='bbox 2025 971 2176 1039; x_wconf 88' lang='lat' dir='ltr'><strong>jussa</strong></span> <span class='ocrx_word' id='word_1_176' title='bbox 2223 973 2454 1027; x_wconf 87' lang='lat' dir='ltr'><strong>rectoris</strong></span> <span class='ocrx_word' id='word_1_177' title='bbox 2475 1015 2489 1039; x_wconf 91' lang='lat'><strong>,</strong></span> <span class='ocrx_word' id='word_1_178' title='bbox 2525 989 2620 1043; x_wconf 91' lang='lat' dir='ltr'><strong>per</strong></span> <span class='ocrx_word' id='word_1_179' title='bbox 2651 977 2816 1044; x_wconf 92' lang='lat' dir='ltr'><strong>ipsius</strong></span> <span class='ocrx_word' id='word_1_180' title='bbox 2843 975 3200 1047; x_wconf 85' lang='lat' dir='ltr'><strong>ignorantiam</strong></span> <span class='ocrx_word' id='word_1_181' title='bbox 3223 1020 3239 1046; x_wconf 97' lang='lat'><strong>,</strong></span> <span class='ocrx_word' id='word_1_182' title='bbox 3286 994 3408 1050; x_wconf 72' lang='lat' dir='ltr'><strong>qua:</strong></span> 
     </span>
    </p>
   </div>
   <div class='ocr_carea' id='block_1_25' title="bbox 1799 1061 3408 1140">
    <p class='ocr_par' dir='ltr' id='par_1_25' title="bbox 1799 1061 3408 1140">
     <span class='ocr_line' id='line_1_25' title="bbox 1799 1061 3408 1140; baseline 0.011 -27"><span class='ocrx_word' id='word_1_183' title='bbox 1799 1069 1882 1114; x_wconf 92' lang='lat' dir='ltr'><strong>est</strong></span> <span class='ocrx_word' id='word_1_184' title='bbox 1902 1061 2232 1118; x_wconf 84' lang='lat' dir='ltr'><strong>conditionis</strong></span> <span class='ocrx_word' id='word_1_185' title='bbox 2261 1063 2537 1120; x_wconf 64' lang='lat' dir='ltr'><strong>humanae.</strong></span> <span class='ocrx_word' id='word_1_186' title='bbox 2561 1067 2658 1121; x_wconf 91' lang='lat' dir='ltr'><strong>Ille</strong></span> <span class='ocrx_word' id='word_1_187' title='bbox 2687 1076 2868 1124; x_wconf 90' lang='lat' dir='ltr'><strong>autem</strong></span> <span class='ocrx_word' id='word_1_188' title='bbox 2893 1085 3092 1138; x_wconf 84' lang='lat' dir='ltr'><strong>praeses</strong></span> <span class='ocrx_word' id='word_1_189' title='bbox 3113 1073 3320 1140; x_wconf 91' lang='lat' dir='ltr'><strong>mundi,</strong></span> <span class='ocrx_word' id='word_1_190' title='bbox 3349 1083 3408 1130; x_wconf 93' lang='lat' dir='ltr'><strong>et</strong></span> 
     </span>
    </p>
   </div>
   <div class='ocr_carea' id='block_1_26' title="bbox 1798 1155 3404 1230">
    <p class='ocr_par' dir='ltr' id='par_1_26' title="bbox 1798 1155 3404 1230">
     <span class='ocr_line' id='line_1_26' title="bbox 1798 1155 3404 1230; baseline 0.01 -25"><span class='ocrx_word' id='word_1_191' title='bbox 1798 1161 1978 1207; x_wconf 89' lang='lat' dir='ltr'><strong>rector</strong></span> <span class='ocrx_word' id='word_1_192' title='bbox 2004 1155 2243 1210; x_wconf 83' lang='lat' dir='ltr'><strong>universi</strong></span> <span class='ocrx_word' id='word_1_193' title='bbox 2268 1197 2284 1224; x_wconf 96' lang='lat'><strong>,</strong></span> <span class='ocrx_word' id='word_1_194' title='bbox 2316 1157 2408 1228; x_wconf 93' lang='lat' dir='ltr'><strong>qui</strong></span> <span class='ocrx_word' id='word_1_195' title='bbox 2439 1158 2544 1212; x_wconf 89' lang='lat' dir='ltr'><strong>scit</strong></span> <span class='ocrx_word' id='word_1_196' title='bbox 2569 1161 2750 1214; x_wconf 90' lang='lat' dir='ltr'><strong>omnia</strong></span> <span class='ocrx_word' id='word_1_197' title='bbox 2777 1202 2793 1227; x_wconf 93' lang='lat'><strong>,</strong></span> <span class='ocrx_word' id='word_1_198' title='bbox 2824 1161 2981 1230; x_wconf 86' lang='lat' dir='ltr'><strong>cujus</strong></span> <span class='ocrx_word' id='word_1_199' title='bbox 3007 1161 3205 1218; x_wconf 87' lang='lat' dir='ltr'><strong>divinis</strong></span> <span class='ocrx_word' id='word_1_200' title='bbox 3231 1164 3404 1221; x_wconf 89' lang='lat' dir='ltr'><strong>oculis</strong></span> 
     </span>
    </p>
   </div>
   <div class='ocr_carea' id='block_1_27' title="bbox 1797 1246 3401 1318">
    <p class='ocr_par' dir='ltr' id='par_1_27' title="bbox 1797 1246 3401 1318">
     <span class='ocr_line' id='line_1_27' title="bbox 1797 1246 3401 1318; baseline 0.01 -19"><span class='ocrx_word' id='word_1_201' title='bbox 1797 1246 1931 1300; x_wconf 88' lang='lat' dir='ltr'><strong>nihil</strong></span> <span class='ocrx_word' id='word_1_202' title='bbox 1976 1256 2189 1312; x_wconf 90' lang='lat' dir='ltr'><strong>septum</strong></span> <span class='ocrx_word' id='word_1_203' title='bbox 2221 1259 2344 1318; x_wconf 90' lang='lat' dir='ltr'><strong>est,</strong></span> <span class='ocrx_word' id='word_1_204' title='bbox 2377 1252 2528 1308; x_wconf 87' lang='lat' dir='ltr'><strong>solus</strong></span> <span class='ocrx_word' id='word_1_205' title='bbox 2559 1252 2726 1310; x_wconf 89' lang='lat' dir='ltr'><strong>habet</strong></span> <span class='ocrx_word' id='word_1_206' title='bbox 2767 1271 2951 1310; x_wconf 92' lang='lat' dir='ltr'><strong>rerum</strong></span> <span class='ocrx_word' id='word_1_207' title='bbox 3002 1257 3246 1313; x_wconf 91' lang='lat' dir='ltr'><strong>omnium</strong></span> <span class='ocrx_word' id='word_1_208' title='bbox 3275 1275 3401 1316; x_wconf 90' lang='lat' dir='ltr'><strong>cum</strong></span> 
     </span>
    </p>
   </div>
   <div class='ocr_carea' id='block_1_28' title="bbox 1795 1336 3403 1418">
    <p class='ocr_par' dir='ltr' id='par_1_28' title="bbox 1795 1336 3403 1418">
     <span class='ocr_line' id='line_1_28' title="bbox 1795 1336 3403 1418; baseline 0.009 -26"><span class='ocrx_word' id='word_1_209' title='bbox 1795 1336 1909 1392; x_wconf 83' lang='lat' dir='ltr'><strong>ﬁlio</strong></span> <span class='ocrx_word' id='word_1_210' title='bbox 1935 1350 2292 1410; x_wconf 86' lang='lat' dir='ltr'><strong>potestatem;</strong></span> <span class='ocrx_word' id='word_1_211' title='bbox 2326 1359 2428 1398; x_wconf 92' lang='lat' dir='ltr'><strong>nec</strong></span> <span class='ocrx_word' id='word_1_212' title='bbox 2468 1356 2551 1400; x_wconf 88' lang='lat' dir='ltr'><strong>est</strong></span> <span class='ocrx_word' id='word_1_213' title='bbox 2579 1347 2632 1400; x_wconf 92' lang='lat' dir='ltr'><strong>in</strong></span> <span class='ocrx_word' id='word_1_214' title='bbox 2661 1347 2869 1417; x_wconf 84' lang='lat' dir='ltr'><strong>angelis</strong></span> <span class='ocrx_word' id='word_1_215' title='bbox 2914 1349 3209 1418; x_wconf 89' lang='lat' dir='ltr'><strong>quidquam</strong></span> <span class='ocrx_word' id='word_1_216' title='bbox 3232 1393 3247 1416; x_wconf 96' lang='lat'><strong>,</strong></span> <span class='ocrx_word' id='word_1_217' title='bbox 3297 1351 3403 1407; x_wconf 91' lang='lat' dir='ltr'><strong>nisi</strong></span> 
     </span>
    </p>
   </div>
   <div class='ocr_carea' id='block_1_29' title="bbox 1795 1431 3402 1507">
    <p class='ocr_par' dir='ltr' id='par_1_29' title="bbox 1795 1431 3402 1507">
     <span class='ocr_line' id='line_1_29' title="bbox 1795 1431 3402 1507; baseline 0.01 -24"><span class='ocrx_word' id='word_1_218' title='bbox 1795 1431 2019 1500; x_wconf 88' lang='lat' dir='ltr'><strong>parendi</strong></span> <span class='ocrx_word' id='word_1_219' title='bbox 2047 1435 2368 1491; x_wconf 88' lang='lat' dir='ltr'><strong>necessitas.</strong></span> <span class='ocrx_word' id='word_1_220' title='bbox 2390 1435 2581 1507; x_wconf 89' lang='lat' dir='ltr'><strong>Itaque</strong></span> <span class='ocrx_word' id='word_1_221' title='bbox 2612 1439 2821 1494; x_wconf 87' lang='lat' dir='ltr'><strong>nullmn</strong></span> <span class='ocrx_word' id='word_1_222' title='bbox 2871 1439 2977 1495; x_wconf 91' lang='lat' dir='ltr'><strong>sibi</strong></span> <span class='ocrx_word' id='word_1_223' title='bbox 3011 1441 3273 1497; x_wconf 88' lang='lat' dir='ltr'><strong>honorem</strong></span> <span class='ocrx_word' id='word_1_224' title='bbox 3304 1445 3402 1499; x_wconf 91' lang='lat' dir='ltr'><strong>tri-</strong></span> 
     </span>
    </p>
   </div>
   <div class='ocr_carea' id='block_1_30' title="bbox 1795 1519 3404 1596">
    <p class='ocr_par' dir='ltr' id='par_1_30' title="bbox 1795 1519 3404 1596">
     <span class='ocr_line' id='line_1_30' title="bbox 1795 1519 3404 1596; baseline 0.01 -21"><span class='ocrx_word' id='word_1_225' title='bbox 1795 1519 1886 1577; x_wconf 87' lang='lat' dir='ltr'><strong>bui</strong></span> <span class='ocrx_word' id='word_1_226' title='bbox 1914 1523 2137 1591; x_wconf 90' lang='lat' dir='ltr'><strong>volunt,</strong></span> <span class='ocrx_word' id='word_1_227' title='bbox 2168 1542 2398 1596; x_wconf 90' lang='lat' dir='ltr'><strong>quorum</strong></span> <span class='ocrx_word' id='word_1_228' title='bbox 2429 1529 2606 1585; x_wconf 86' lang='lat' dir='ltr'><strong>omnis</strong></span> <span class='ocrx_word' id='word_1_229' title='bbox 2639 1531 2814 1586; x_wconf 91' lang='lat' dir='ltr'><strong>honor</strong></span> <span class='ocrx_word' id='word_1_230' title='bbox 2839 1531 2893 1586; x_wconf 92' lang='lat' dir='ltr'><strong>in</strong></span> <span class='ocrx_word' id='word_1_231' title='bbox 2923 1532 3036 1588; x_wconf 91' lang='lat' dir='ltr'><strong>Deo</strong></span> <span class='ocrx_word' id='word_1_232' title='bbox 3063 1545 3165 1589; x_wconf 88' lang='lat' dir='ltr'><strong>est.</strong></span> <span class='ocrx_word' id='word_1_233' title='bbox 3196 1533 3278 1590; x_wconf 92' lang='lat' dir='ltr'><strong>llli</strong></span> <span class='ocrx_word' id='word_1_234' title='bbox 3307 1550 3404 1590; x_wconf 89' lang='lat' dir='ltr'><strong>au-</strong></span> 
     </span>
    </p>
   </div>
   <div class='ocr_carea' id='block_1_31' title="bbox 1797 1618 3402 1696">
    <p class='ocr_par' dir='ltr' id='par_1_31' title="bbox 1797 1618 3402 1696">
     <span class='ocr_line' id='line_1_31' title="bbox 1797 1618 3402 1696; baseline 0.009 -26"><span class='ocrx_word' id='word_1_235' title='bbox 1797 1623 1936 1681; x_wconf 89' lang='lat' dir='ltr'><strong>tem,</strong></span> <span class='ocrx_word' id='word_1_236' title='bbox 1961 1619 2050 1688; x_wconf 86' lang='lat' dir='ltr'><strong>qui</strong></span> <span class='ocrx_word' id='word_1_237' title='bbox 2079 1618 2424 1676; x_wconf 91' lang='lat' dir='ltr'><strong>desciverunt</strong></span> <span class='ocrx_word' id='word_1_238' title='bbox 2449 1637 2480 1676; x_wconf 91' lang='lat' dir='ltr'><strong>a</strong></span> <span class='ocrx_word' id='word_1_239' title='bbox 2507 1623 2600 1679; x_wconf 88' lang='lat' dir='ltr'><strong>Dei</strong></span> <span class='ocrx_word' id='word_1_240' title='bbox 2633 1625 2972 1693; x_wconf 89' lang='lat' dir='ltr'><strong>ministerio,</strong></span> <span class='ocrx_word' id='word_1_241' title='bbox 3002 1627 3126 1696; x_wconf 90' lang='lat' dir='ltr'><strong>quia</strong></span> <span class='ocrx_word' id='word_1_242' title='bbox 3153 1638 3279 1682; x_wconf 90' lang='lat' dir='ltr'><strong>sunt</strong></span> <span class='ocrx_word' id='word_1_243' title='bbox 3303 1644 3402 1685; x_wconf 84' lang='lat' dir='ltr'><strong>ve-</strong></span> 
     </span>
    </p>
   </div>
   <div class='ocr_carea' id='block_1_32' title="bbox 1791 1707 3400 1784">
    <p class='ocr_par' dir='ltr' id='par_1_32' title="bbox 1791 1707 3400 1784">
     <span class='ocr_line' id='line_1_32' title="bbox 1791 1707 3400 1784; baseline 0.009 -22"><span class='ocrx_word' id='word_1_244' title='bbox 1791 1707 1964 1763; x_wconf 89' lang='lat' dir='ltr'><strong>ritatis</strong></span> <span class='ocrx_word' id='word_1_245' title='bbox 1991 1711 2229 1778; x_wconf 91' lang='lat' dir='ltr'><strong>inimici,</strong></span> <span class='ocrx_word' id='word_1_246' title='bbox 2264 1721 2319 1768; x_wconf 89' lang='lat' dir='ltr'><strong>et</strong></span> <span class='ocrx_word' id='word_1_247' title='bbox 2344 1715 2786 1783; x_wconf 70' lang='lat' dir='ltr'><strong>praevaricatores</strong></span> <span class='ocrx_word' id='word_1_248' title='bbox 2819 1717 2947 1784; x_wconf 88' lang='lat' dir='ltr'><strong>Dei,</strong></span> <span class='ocrx_word' id='word_1_249' title='bbox 2980 1734 3176 1772; x_wconf 91' lang='lat' dir='ltr'><strong>nomen</strong></span> <span class='ocrx_word' id='word_1_250' title='bbox 3214 1720 3315 1775; x_wconf 87' lang='lat' dir='ltr'><strong>sibi</strong></span> <span class='ocrx_word' id='word_1_251' title='bbox 3344 1729 3400 1776; x_wconf 89' lang='lat' dir='ltr'><strong>et</strong></span> 
     </span>
    </p>
   </div>
   <div class='ocr_carea' id='block_1_33' title="bbox 52 1801 3398 1904">
    <p class='ocr_par' dir='ltr' id='par_1_33' title="bbox 52 1801 3398 1904">
     <span class='ocr_line' id='line_1_33' title="bbox 52 1801 3398 1904; baseline 0.013 -30"><span class='ocrx_word' id='word_1_252' title='bbox 52 1822 218 1876; x_wconf 83' lang='lat' dir='ltr'><strong>cesti</strong></span> <span class='ocrx_word' id='word_1_253' title='bbox 244 1838 315 1879; x_wconf 88' lang='lat' dir='ltr'><strong>ac</strong></span> <span class='ocrx_word' id='word_1_254' title='bbox 341 1825 461 1895; x_wconf 86' lang='lat' dir='ltr'><strong>vagi</strong></span> <span class='ocrx_word' id='word_1_255' title='bbox 492 1828 747 1897; x_wconf 87' lang='lat' dir='ltr'><strong>spiritus,</strong></span> <span class='ocrx_word' id='word_1_256' title='bbox 793 1840 850 1886; x_wconf 92' lang='lat' dir='ltr'><strong>ut</strong></span> <span class='ocrx_word' id='word_1_257' title='bbox 889 1801 1110 1890; x_wconf 69' lang='lat' dir='ltr'><strong>turbent</strong></span> <span class='ocrx_word' id='word_1_258' title='bbox 1137 1836 1321 1891; x_wconf 87' lang='lat' dir='ltr'><strong>omnia</strong></span> <span class='ocrx_word' id='word_1_259' title='bbox 1342 1881 1356 1904; x_wconf 94' lang='lat'><strong>,</strong></span> <span class='ocrx_word' id='word_1_260' title='bbox 1391 1801 1446 1893; x_wconf 73' lang='lat' dir='ltr'><strong>et</strong></span> <span class='ocrx_word' id='word_1_261' title='bbox 1472 1853 1688 1895; x_wconf 87' lang='lat' dir='ltr'><strong>errores</strong></span> <span class='ocrx_word' id='word_1_262' title='bbox 1718 1837 1767 1898; x_wconf 91' lang='lat' dir='ltr'><strong>B</strong></span> <span class='ocrx_word' id='word_1_263' title='bbox 1794 1801 1998 1904; x_wconf 48' lang='lat' dir='ltr'><strong>fumum</strong></span> <span class='ocrx_word' id='word_1_264' title='bbox 2029 1803 2255 1904; x_wconf 28' lang='lat' dir='ltr'><strong>de???</strong></span> <span class='ocrx_word' id='word_1_265' title='bbox 2297 1806 2578 1904; x_wconf 27' lang='lat' dir='ltr'><strong>Vindicate</strong></span> <span class='ocrx_word' id='word_1_266' title='bbox 2623 1819 2926 1904; x_wconf 29' lang='lat' dir='ltr'><strong>minamur}.</strong></span> <span class='ocrx_word' id='word_1_267' title='bbox 2951 1825 3056 1904; x_wconf 37' lang='lat' dir='ltr'><strong>pm}</strong></span> <span class='ocrx_word' id='word_1_268' title='bbox 3087 1827 3197 1881; x_wconf 68' lang='lat' dir='ltr'><strong>quo</strong></span> <span class='ocrx_word' id='word_1_269' title='bbox 3225 1813 3398 1867; x_wconf 67' lang='lat' dir='ltr'><strong>unum</strong></span> 
     </span>
    </p>
   </div>
   <div class='ocr_carea' id='block_1_34' title="bbox 53 1912 1691 1992">
    <p class='ocr_par' dir='ltr' id='par_1_34' title="bbox 53 1912 1691 1992">
     <span class='ocr_line' id='line_1_34' title="bbox 53 1912 1691 1992; baseline 0.013 -26"><span class='ocrx_word' id='word_1_270' title='bbox 53 1912 340 1971; x_wconf 88' lang='lat' dir='ltr'><strong>humanis</strong></span> <span class='ocrx_word' id='word_1_271' title='bbox 385 1920 700 1987; x_wconf 87' lang='lat' dir='ltr'><strong>pectoribus</strong></span> <span class='ocrx_word' id='word_1_272' title='bbox 745 1922 1057 1992; x_wconf 82' lang='lat' dir='ltr'><strong>oli‘undant,</strong></span> <span class='ocrx_word' id='word_1_273' title='bbox 1108 1938 1297 1984; x_wconf 85' lang='lat' dir='ltr'><strong>serunt</strong></span> <span class='ocrx_word' id='word_1_274' title='bbox 1344 1944 1408 1985; x_wconf 88' lang='lat' dir='ltr'><strong>ac</strong></span> <span class='ocrx_word' id='word_1_275' title='bbox 1462 1931 1691 1987; x_wconf 89' lang='lat' dir='ltr'><strong>miscent</strong></span> 
     </span>
    </p>
   </div>
   <div class='ocr_carea' id='block_1_35' title="bbox 49 2004 1688 2082">
    <p class='ocr_par' dir='ltr' id='par_1_35' title="bbox 49 2004 1688 2082">
     <span class='ocr_line' id='line_1_35' title="bbox 49 2004 1688 2082; baseline 0.012 -24"><span class='ocrx_word' id='word_1_276' title='bbox 49 2004 216 2061; x_wconf 80' lang='lat' dir='ltr'><strong>falsa</strong></span> <span class='ocrx_word' id='word_1_277' title='bbox 245 2022 371 2062; x_wconf 92' lang='lat' dir='ltr'><strong>cum</strong></span> <span class='ocrx_word' id='word_1_278' title='bbox 421 2010 587 2066; x_wconf 88' lang='lat' dir='ltr'><strong>veris.</strong></span> <span class='ocrx_word' id='word_1_279' title='bbox 619 2011 726 2082; x_wconf 91' lang='lat' dir='ltr'><strong>lpsi</strong></span> <span class='ocrx_word' id='word_1_280' title='bbox 757 2015 904 2070; x_wconf 90' lang='lat' dir='ltr'><strong>enim</strong></span> <span class='ocrx_word' id='word_1_281' title='bbox 937 2017 1188 2075; x_wconf 69' lang='lat' dir='ltr'><strong>caelestes</strong></span> <span class='ocrx_word' id='word_1_282' title='bbox 1215 2021 1414 2075; x_wconf 90' lang='lat' dir='ltr'><strong>multos</strong></span> <span class='ocrx_word' id='word_1_283' title='bbox 1438 2036 1559 2077; x_wconf 90' lang='lat' dir='ltr'><strong>esse</strong></span> <span class='ocrx_word' id='word_1_284' title='bbox 1589 2022 1688 2076; x_wconf 89' lang='lat' dir='ltr'><strong>ﬁn-</strong></span> 
     </span>
    </p>
   </div>
   <div class='ocr_carea' id='block_1_36' title="bbox 48 2106 1684 2184">
    <p class='ocr_par' dir='ltr' id='par_1_36' title="bbox 48 2106 1684 2184">
     <span class='ocr_line' id='line_1_36' title="bbox 48 2106 1684 2184; baseline 0.012 -34"><span class='ocrx_word' id='word_1_285' title='bbox 48 2108 284 2154; x_wconf 70' lang='lat' dir='ltr'><strong>xerunt</strong></span> <span class='ocrx_word' id='word_1_286' title='bbox 307 2142 323 2168; x_wconf 97' lang='lat'><strong>,</strong></span> <span class='ocrx_word' id='word_1_287' title='bbox 364 2117 642 2174; x_wconf 87' lang='lat' dir='ltr'><strong>unumque</strong></span> <span class='ocrx_word' id='word_1_288' title='bbox 670 2106 911 2160; x_wconf 88' lang='lat' dir='ltr'><strong>omnium</strong></span> <span class='ocrx_word' id='word_1_289' title='bbox 961 2124 1145 2180; x_wconf 86' lang='lat' dir='ltr'><strong>regem</strong></span> <span class='ocrx_word' id='word_1_290' title='bbox 1176 2110 1402 2179; x_wconf 86' lang='lat' dir='ltr'><strong>Jovem;</strong></span> <span class='ocrx_word' id='word_1_291' title='bbox 1436 2128 1503 2169; x_wconf 91' lang='lat' dir='ltr'><strong>eo</strong></span> <span class='ocrx_word' id='word_1_292' title='bbox 1541 2115 1684 2184; x_wconf 90' lang='lat' dir='ltr'><strong>quod</strong></span> 
     </span>
    </p>
   </div>
   <div class='ocr_carea' id='block_1_37' title="bbox 53 2193 1683 2278">
    <p class='ocr_par' dir='ltr' id='par_1_37' title="bbox 53 2193 1683 2278">
     <span class='ocr_line' id='line_1_37' title="bbox 53 2193 1683 2278; baseline 0.012 -34"><span class='ocrx_word' id='word_1_293' title='bbox 53 2193 247 2246; x_wconf 87' lang='lat' dir='ltr'><strong>multi</strong></span> <span class='ocrx_word' id='word_1_294' title='bbox 281 2202 409 2249; x_wconf 90' lang='lat' dir='ltr'><strong>sunt</strong></span> <span class='ocrx_word' id='word_1_295' title='bbox 439 2195 661 2265; x_wconf 91' lang='lat' dir='ltr'><strong>spiritus</strong></span> <span class='ocrx_word' id='word_1_296' title='bbox 689 2199 1004 2270; x_wconf 85' lang='lat' dir='ltr'><strong>angelorum</strong></span> <span class='ocrx_word' id='word_1_297' title='bbox 1038 2202 1091 2257; x_wconf 95' lang='lat' dir='ltr'><strong>in</strong></span> <span class='ocrx_word' id='word_1_298' title='bbox 1119 2203 1292 2272; x_wconf 85' lang='lat' dir='ltr'><strong>coelo,</strong></span> <span class='ocrx_word' id='word_1_299' title='bbox 1325 2215 1380 2261; x_wconf 91' lang='lat' dir='ltr'><strong>et</strong></span> <span class='ocrx_word' id='word_1_300' title='bbox 1425 2223 1562 2263; x_wconf 92' lang='lat' dir='ltr'><strong>unus</strong></span> <span class='ocrx_word' id='word_1_301' title='bbox 1591 2223 1683 2278; x_wconf 92' lang='lat' dir='ltr'><strong>pa-</strong></span> 
     </span>
    </p>
   </div>
   <div class='ocr_carea' id='block_1_38' title="bbox 45 2287 1680 2358">
    <p class='ocr_par' dir='ltr' id='par_1_38' title="bbox 45 2287 1680 2358">
     <span class='ocr_line' id='line_1_38' title="bbox 45 2287 1680 2358; baseline 0.012 -19"><span class='ocrx_word' id='word_1_302' title='bbox 45 2299 208 2340; x_wconf 84' lang='lat' dir='ltr'><strong>rens</strong></span> <span class='ocrx_word' id='word_1_303' title='bbox 235 2301 304 2342; x_wconf 90' lang='lat' dir='ltr'><strong>ac</strong></span> <span class='ocrx_word' id='word_1_304' title='bbox 329 2287 580 2346; x_wconf 91' lang='lat' dir='ltr'><strong>dominus</strong></span> <span class='ocrx_word' id='word_1_305' title='bbox 601 2293 843 2349; x_wconf 92' lang='lat' dir='ltr'><strong>omnium</strong></span> <span class='ocrx_word' id='word_1_306' title='bbox 875 2295 1017 2352; x_wconf 92' lang='lat' dir='ltr'><strong>Deus</strong></span> <span class='ocrx_word' id='word_1_307' title='bbox 1049 2314 1063 2352; x_wconf 90' lang='lat'>:</span> <span class='ocrx_word' id='word_1_308' title='bbox 1088 2297 1183 2354; x_wconf 90' lang='lat' dir='ltr'><strong>sed</strong></span> <span class='ocrx_word' id='word_1_309' title='bbox 1212 2301 1494 2357; x_wconf 89' lang='lat' dir='ltr'><strong>veritatem</strong></span> <span class='ocrx_word' id='word_1_310' title='bbox 1525 2317 1680 2358; x_wconf 92' lang='lat' dir='ltr'><strong>men-</strong></span> 
     </span>
    </p>
   </div>
   <div class='ocr_carea' id='block_1_39' title="bbox 49 2378 1552 2450">
    <p class='ocr_par' dir='ltr' id='par_1_39' title="bbox 49 2378 1552 2450">
     <span class='ocr_line' id='line_1_39' title="bbox 49 2378 1552 2450; baseline 0.012 -18"><span class='ocrx_word' id='word_1_311' title='bbox 49 2378 191 2435; x_wconf 91' lang='lat' dir='ltr'><strong>titis</strong></span> <span class='ocrx_word' id='word_1_312' title='bbox 225 2382 532 2440; x_wconf 82' lang='lat' dir='ltr'><strong>nominibus</strong></span> <span class='ocrx_word' id='word_1_313' title='bbox 561 2384 856 2442; x_wconf 89' lang='lat' dir='ltr'><strong>involutam</strong></span> <span class='ocrx_word' id='word_1_314' title='bbox 883 2403 956 2446; x_wconf 79' lang='lat' dir='ltr'><strong>ex</strong></span> <span class='ocrx_word' id='word_1_315' title='bbox 986 2391 1160 2447; x_wconf 89' lang='lat' dir='ltr'><strong>oculis</strong></span> <span class='ocrx_word' id='word_1_316' title='bbox 1187 2391 1552 2450; x_wconf 90' lang='lat' dir='ltr'><strong>abstulerunt.</strong></span> 
     </span>
    </p>
   </div>
   <div class='ocr_carea' id='block_1_40' title="bbox 137 2538 1672 2622">
    <p class='ocr_par' dir='ltr' id='par_1_40' title="bbox 137 2538 1672 2622">
     <span class='ocr_line' id='line_1_40' title="bbox 137 2538 1672 2622; baseline 0.009 -29"><span class='ocrx_word' id='word_1_317' title='bbox 137 2538 293 2595; x_wconf 86' lang='lat' dir='ltr'><strong>Nam</strong></span> <span class='ocrx_word' id='word_1_318' title='bbox 319 2540 477 2608; x_wconf 87' lang='lat' dir='ltr'><strong>Deus,</strong></span> <span class='ocrx_word' id='word_1_319' title='bbox 508 2551 567 2598; x_wconf 94' lang='lat' dir='ltr'><strong>ut</strong></span> <span class='ocrx_word' id='word_1_320' title='bbox 591 2543 853 2616; x_wconf 91' lang='lat' dir='ltr'><strong>principio</strong></span> <span class='ocrx_word' id='word_1_321' title='bbox 873 2547 1031 2604; x_wconf 90' lang='lat' dir='ltr'><strong>docui</strong></span> <span class='ocrx_word' id='word_1_322' title='bbox 1061 2547 1215 2619; x_wconf 87' lang='lat' dir='ltr'><strong>(Scil.</strong></span> <span class='ocrx_word' id='word_1_323' title='bbox 1238 2550 1328 2606; x_wconf 88' lang='lat' dir='ltr'><strong>lib.</strong></span> <span class='ocrx_word' id='word_1_324' title='bbox 1361 2566 1411 2617; x_wconf 85' lang='grc' dir='ltr'><strong>ι,</strong></span> <span class='ocrx_word' id='word_1_325' title='bbox 1441 2568 1558 2622; x_wconf 90' lang='lat' dir='ltr'><strong>cap.</strong></span> <span class='ocrx_word' id='word_1_326' title='bbox 1590 2551 1672 2621; x_wconf 87' lang='lat'><strong>6),</strong></span> 
     </span>
    </p>
   </div>
   <div class='ocr_carea' id='block_1_41' title="bbox 46 2633 1674 2714">
    <p class='ocr_par' dir='ltr' id='par_1_41' title="bbox 46 2633 1674 2714">
     <span class='ocr_line' id='line_1_41' title="bbox 46 2633 1674 2714; baseline 0.008 -29"><span class='ocrx_word' id='word_1_327' title='bbox 46 2644 256 2700; x_wconf 92' lang='lat' dir='ltr'><strong>neque</strong></span> <span class='ocrx_word' id='word_1_328' title='bbox 283 2633 534 2700; x_wconf 90' lang='lat' dir='ltr'><strong>nomine,</strong></span> <span class='ocrx_word' id='word_1_329' title='bbox 582 2650 706 2692; x_wconf 90' lang='lat' dir='ltr'><strong>cum</strong></span> <span class='ocrx_word' id='word_1_330' title='bbox 751 2638 902 2694; x_wconf 89' lang='lat' dir='ltr'><strong>solus</strong></span> <span class='ocrx_word' id='word_1_331' title='bbox 931 2639 1038 2706; x_wconf 85' lang='lat' dir='ltr'><strong>sit,</strong></span> <span class='ocrx_word' id='word_1_332' title='bbox 1071 2650 1227 2713; x_wconf 88' lang='lat' dir='ltr'><strong>eget;</strong></span> <span class='ocrx_word' id='word_1_333' title='bbox 1260 2659 1434 2714; x_wconf 89' lang='lat' dir='ltr'><strong>neque</strong></span> <span class='ocrx_word' id='word_1_334' title='bbox 1458 2644 1674 2714; x_wconf 90' lang='lat' dir='ltr'><strong>angeli,</strong></span> 
     </span>
    </p>
   </div>
   <div class='ocr_carea' id='block_1_42' title="bbox 46 2724 1676 2808">
    <p class='ocr_par' dir='ltr' id='par_1_42' title="bbox 46 2724 1676 2808">
     <span class='ocr_line' id='line_1_42' title="bbox 46 2724 1676 2808; baseline 0.009 -30"><span class='ocrx_word' id='word_1_335' title='bbox 46 2737 194 2778; x_wconf 90' lang='lat' dir='ltr'><strong>cum</strong></span> <span class='ocrx_word' id='word_1_336' title='bbox 225 2724 339 2780; x_wconf 89' lang='lat' dir='ltr'><strong>sint</strong></span> <span class='ocrx_word' id='word_1_337' title='bbox 365 2725 698 2788; x_wconf 88' lang='lat' dir='ltr'><strong>immortales</strong></span> <span class='ocrx_word' id='word_1_338' title='bbox 718 2771 734 2796; x_wconf 92' lang='lat'><strong>,</strong></span> <span class='ocrx_word' id='word_1_339' title='bbox 764 2730 870 2787; x_wconf 91' lang='lat' dir='ltr'><strong>dici</strong></span> <span class='ocrx_word' id='word_1_340' title='bbox 892 2745 953 2788; x_wconf 92' lang='lat' dir='ltr'><strong>se</strong></span> <span class='ocrx_word' id='word_1_341' title='bbox 978 2731 1112 2789; x_wconf 88' lang='lat' dir='ltr'><strong>deos</strong></span> <span class='ocrx_word' id='word_1_342' title='bbox 1138 2745 1232 2790; x_wconf 89' lang='lat' dir='ltr'><strong>aut</strong></span> <span class='ocrx_word' id='word_1_343' title='bbox 1259 2737 1558 2808; x_wconf 88' lang='lat' dir='ltr'><strong>patiuntur,</strong></span> <span class='ocrx_word' id='word_1_344' title='bbox 1584 2746 1676 2792; x_wconf 88' lang='lat' dir='ltr'><strong>aut</strong></span> 
     </span>
    </p>
   </div>
   <div class='ocr_carea' id='block_1_43' title="bbox 1797 1891 3393 1974">
    <p class='ocr_par' dir='ltr' id='par_1_43' title="bbox 1797 1891 3393 1974">
     <span class='ocr_line' id='line_1_43' title="bbox 1797 1891 3393 1974; baseline 0.006 -28"><span class='ocrx_word' id='word_1_345' title='bbox 1797 1891 2060 1950; x_wconf 91' lang='lat' dir='ltr'><strong>honorem</strong></span> <span class='ocrx_word' id='word_1_346' title='bbox 2084 1898 2399 1954; x_wconf 89' lang='lat' dir='ltr'><strong>desiderent</strong></span> <span class='ocrx_word' id='word_1_347' title='bbox 2426 1899 2582 1970; x_wconf 89' lang='lat' dir='ltr'><strong>(quis</strong></span> <span class='ocrx_word' id='word_1_348' title='bbox 2612 1902 2754 1954; x_wconf 89' lang='lat' dir='ltr'><strong>enim</strong></span> <span class='ocrx_word' id='word_1_349' title='bbox 2777 1901 3003 1972; x_wconf 86' lang='lat' dir='ltr'><strong>perditis</strong></span> <span class='ocrx_word' id='word_1_350' title='bbox 3033 1902 3208 1957; x_wconf 88' lang='lat' dir='ltr'><strong>honor</strong></span> <span class='ocrx_word' id='word_1_351' title='bbox 3237 1904 3393 1974; x_wconf 74' lang='lat' dir='ltr'><strong>eSti),</strong></span> 
     </span>
    </p>
   </div>
   <div class='ocr_carea' id='block_1_44' title="bbox 1795 1987 3400 2063">
    <p class='ocr_par' dir='ltr' id='par_1_44' title="bbox 1795 1987 3400 2063">
     <span class='ocr_line' id='line_1_44' title="bbox 1795 1987 3400 2063; baseline 0.007 -23"><span class='ocrx_word' id='word_1_352' title='bbox 1795 2001 1895 2041; x_wconf 87' lang='lat' dir='ltr'><strong>nec</strong></span> <span class='ocrx_word' id='word_1_353' title='bbox 1921 1996 1977 2042; x_wconf 92' lang='lat' dir='ltr'><strong>ut</strong></span> <span class='ocrx_word' id='word_1_354' title='bbox 2009 1987 2120 2043; x_wconf 90' lang='lat' dir='ltr'><strong>Deo</strong></span> <span class='ocrx_word' id='word_1_355' title='bbox 2161 2001 2422 2058; x_wconf 89' lang='lat' dir='ltr'><strong>noceant,</strong></span> <span class='ocrx_word' id='word_1_356' title='bbox 2455 1993 2543 2046; x_wconf 92' lang='lat' dir='ltr'><strong>cui</strong></span> <span class='ocrx_word' id='word_1_357' title='bbox 2573 1995 2756 2048; x_wconf 90' lang='lat' dir='ltr'><strong>noceri</strong></span> <span class='ocrx_word' id='word_1_358' title='bbox 2803 2009 2909 2048; x_wconf 92' lang='lat' dir='ltr'><strong>non</strong></span> <span class='ocrx_word' id='word_1_359' title='bbox 2939 2005 3118 2063; x_wconf 88' lang='lat' dir='ltr'><strong>potest</strong></span> <span class='ocrx_word' id='word_1_360' title='bbox 3165 2014 3178 2050; x_wconf 94' lang='lat'>:</span> <span class='ocrx_word' id='word_1_361' title='bbox 3208 1995 3306 2051; x_wconf 88' lang='lat' dir='ltr'><strong>sed</strong></span> <span class='ocrx_word' id='word_1_362' title='bbox 3339 2005 3400 2052; x_wconf 90' lang='lat' dir='ltr'><strong>ut</strong></span> 
     </span>
    </p>
   </div>
   <div class='ocr_carea' id='block_1_45' title="bbox 1792 2078 3395 2152">
    <p class='ocr_par' dir='ltr' id='par_1_45' title="bbox 1792 2078 3395 2152">
     <span class='ocr_line' id='line_1_45' title="bbox 1792 2078 3395 2152; baseline 0.008 -20"><span class='ocrx_word' id='word_1_363' title='bbox 1792 2078 2124 2149; x_wconf 88' lang='lat' dir='ltr'><strong>hominibus,</strong></span> <span class='ocrx_word' id='word_1_364' title='bbox 2153 2097 2289 2152; x_wconf 91' lang='lat' dir='ltr'><strong>quos</strong></span> <span class='ocrx_word' id='word_1_365' title='bbox 2312 2084 2559 2139; x_wconf 91' lang='lat' dir='ltr'><strong>nituntur</strong></span> <span class='ocrx_word' id='word_1_366' title='bbox 2579 2100 2607 2138; x_wconf 90' lang='lat' dir='ltr'><strong>a</strong></span> <span class='ocrx_word' id='word_1_367' title='bbox 2633 2085 2781 2140; x_wconf 90' lang='lat' dir='ltr'><strong>cultu</strong></span> <span class='ocrx_word' id='word_1_368' title='bbox 2809 2096 2864 2141; x_wconf 91' lang='lat' dir='ltr'><strong>et</strong></span> <span class='ocrx_word' id='word_1_369' title='bbox 2889 2087 3079 2142; x_wconf 89' lang='lat' dir='ltr'><strong>notitia</strong></span> <span class='ocrx_word' id='word_1_370' title='bbox 3108 2103 3251 2144; x_wconf 86' lang='lat' dir='ltr'><strong>verae</strong></span> <span class='ocrx_word' id='word_1_371' title='bbox 3278 2104 3395 2144; x_wconf 90' lang='lat' dir='ltr'><strong>ma-</strong></span> 
     </span>
    </p>
   </div>
   <div class='ocr_carea' id='block_1_46' title="bbox 1786 2171 3391 2252">
    <p class='ocr_par' dir='ltr' id='par_1_46' title="bbox 1786 2171 3391 2252">
     <span class='ocr_line' id='line_1_46' title="bbox 1786 2171 3391 2252; baseline 0.007 -26"><span class='ocrx_word' id='word_1_372' title='bbox 1786 2171 2002 2242; x_wconf 87' lang='lat' dir='ltr'><strong>jestatis</strong></span> <span class='ocrx_word' id='word_1_373' title='bbox 2024 2184 2292 2239; x_wconf 88' lang='lat' dir='ltr'><strong>avertere,</strong></span> <span class='ocrx_word' id='word_1_374' title='bbox 2325 2191 2392 2230; x_wconf 93' lang='lat' dir='ltr'><strong>ne</strong></span> <span class='ocrx_word' id='word_1_375' title='bbox 2415 2177 2875 2236; x_wconf 91' lang='lat' dir='ltr'><strong>immortalitatem</strong></span> <span class='ocrx_word' id='word_1_376' title='bbox 2904 2179 3130 2250; x_wconf 90' lang='lat' dir='ltr'><strong>adipisci</strong></span> <span class='ocrx_word' id='word_1_377' title='bbox 3159 2183 3391 2252; x_wconf 89' lang='lat' dir='ltr'><strong>possint,</strong></span> 
     </span>
    </p>
   </div>
   <div class='ocr_carea' id='block_1_47' title="bbox 1789 2269 3394 2346">
    <p class='ocr_par' dir='ltr' id='par_1_47' title="bbox 1789 2269 3394 2346">
     <span class='ocr_line' id='line_1_47' title="bbox 1789 2269 3394 2346; baseline 0.007 -25"><span class='ocrx_word' id='word_1_378' title='bbox 1789 2282 1951 2338; x_wconf 91' lang='lat' dir='ltr'><strong>quam</strong></span> <span class='ocrx_word' id='word_1_379' title='bbox 1978 2269 2077 2338; x_wconf 90' lang='lat' dir='ltr'><strong>ipsi</strong></span> <span class='ocrx_word' id='word_1_380' title='bbox 2110 2285 2204 2324; x_wconf 90' lang='lat' dir='ltr'><strong>sua</strong></span> <span class='ocrx_word' id='word_1_381' title='bbox 2234 2272 2472 2342; x_wconf 88' lang='lat' dir='ltr'><strong>nequitia</strong></span> <span class='ocrx_word' id='word_1_382' title='bbox 2505 2272 3394 2346; x_wconf 78' lang='lat' dir='ltr'><strong>perdiderunt.0ﬂunduntitaque</strong></span> 
     </span>
    </p>
   </div>
   <div class='ocr_carea' id='block_1_48' title="bbox 1783 2360 3387 2435">
    <p class='ocr_par' dir='ltr' id='par_1_48' title="bbox 1783 2360 3387 2435">
     <span class='ocr_line' id='line_1_48' title="bbox 1783 2360 3387 2435; baseline 0.007 -21"><span class='ocrx_word' id='word_1_383' title='bbox 1783 2360 2038 2416; x_wconf 83' lang='lat' dir='ltr'><strong>tenebras</strong></span> <span class='ocrx_word' id='word_1_384' title='bbox 2058 2403 2072 2428; x_wconf 92' lang='lat'><strong>,</strong></span> <span class='ocrx_word' id='word_1_385' title='bbox 2103 2370 2158 2417; x_wconf 91' lang='lat' dir='ltr'><strong>et</strong></span> <span class='ocrx_word' id='word_1_386' title='bbox 2185 2363 2470 2419; x_wconf 85' lang='lat' dir='ltr'><strong>veritatem</strong></span> <span class='ocrx_word' id='word_1_387' title='bbox 2499 2366 2734 2435; x_wconf 90' lang='lat' dir='ltr'><strong>caligine</strong></span> <span class='ocrx_word' id='word_1_388' title='bbox 2774 2367 3083 2435; x_wconf 89' lang='lat' dir='ltr'><strong>obducunt,</strong></span> <span class='ocrx_word' id='word_1_389' title='bbox 3114 2385 3184 2424; x_wconf 89' lang='lat' dir='ltr'><strong>ne</strong></span> <span class='ocrx_word' id='word_1_390' title='bbox 3208 2370 3387 2425; x_wconf 92' lang='lat' dir='ltr'><strong>domi-</strong></span> 
     </span>
    </p>
   </div>
   <div class='ocr_carea' id='block_1_49' title="bbox 1783 2457 3391 2529">
    <p class='ocr_par' dir='ltr' id='par_1_49' title="bbox 1783 2457 3391 2529">
     <span class='ocr_line' id='line_1_49' title="bbox 1783 2457 3391 2529; baseline 0.006 -22"><span class='ocrx_word' id='word_1_391' title='bbox 1783 2468 1936 2519; x_wconf 92' lang='lat' dir='ltr'><strong>num,</strong></span> <span class='ocrx_word' id='word_1_392' title='bbox 1959 2469 2026 2510; x_wconf 92' lang='lat' dir='ltr'><strong>ue</strong></span> <span class='ocrx_word' id='word_1_393' title='bbox 2042 2463 2253 2524; x_wconf 86' lang='lat' dir='ltr'><strong>patrem</strong></span> <span class='ocrx_word' id='word_1_394' title='bbox 2277 2471 2432 2511; x_wconf 92' lang='lat' dir='ltr'><strong>suum</strong></span> <span class='ocrx_word' id='word_1_395' title='bbox 2460 2457 2675 2526; x_wconf 83' lang='lat' dir='ltr'><strong>norint;</strong></span> <span class='ocrx_word' id='word_1_396' title='bbox 2709 2467 2763 2514; x_wconf 91' lang='lat' dir='ltr'><strong>et</strong></span> <span class='ocrx_word' id='word_1_397' title='bbox 2791 2469 2851 2514; x_wconf 91' lang='lat' dir='ltr'><strong>ut</strong></span> <span class='ocrx_word' id='word_1_398' title='bbox 2877 2460 3101 2515; x_wconf 90' lang='lat' dir='ltr'><strong>illiciant</strong></span> <span class='ocrx_word' id='word_1_399' title='bbox 3125 2461 3304 2529; x_wconf 81' lang='lat' dir='ltr'><strong>facile,</strong></span> <span class='ocrx_word' id='word_1_400' title='bbox 3335 2463 3391 2517; x_wconf 94' lang='lat' dir='ltr'><strong>in</strong></span> 
     </span>
    </p>
   </div>
   <div class='ocr_carea' id='block_1_50' title="bbox 1782 2545 3388 2622">
    <p class='ocr_par' dir='ltr' id='par_1_50' title="bbox 1782 2545 3388 2622">
     <span class='ocr_line' id='line_1_50' title="bbox 1782 2545 3388 2622; baseline 0.006 -23"><span class='ocrx_word' id='word_1_401' title='bbox 1782 2545 1999 2615; x_wconf 88' lang='lat' dir='ltr'><strong>templis</strong></span> <span class='ocrx_word' id='word_1_402' title='bbox 2041 2561 2102 2602; x_wconf 90' lang='lat' dir='ltr'><strong>se</strong></span> <span class='ocrx_word' id='word_1_403' title='bbox 2151 2547 2437 2611; x_wconf 90' lang='lat' dir='ltr'><strong>occulunt,</strong></span> <span class='ocrx_word' id='word_1_404' title='bbox 2485 2558 2538 2603; x_wconf 91' lang='lat' dir='ltr'><strong>et</strong></span> <span class='ocrx_word' id='word_1_405' title='bbox 2577 2549 2858 2606; x_wconf 86' lang='lat' dir='ltr'><strong>sacriﬁciis</strong></span> <span class='ocrx_word' id='word_1_406' title='bbox 2903 2551 3156 2607; x_wconf 91' lang='lat' dir='ltr'><strong>omnibus</strong></span> <span class='ocrx_word' id='word_1_407' title='bbox 3188 2561 3388 2622; x_wconf 63' lang='lat' dir='ltr'><strong>praesto</strong></span> 
     </span>
    </p>
   </div>
   <div class='ocr_carea' id='block_1_51' title="bbox 1775 2637 3382 2715">
    <p class='ocr_par' dir='ltr' id='par_1_51' title="bbox 1775 2637 3382 2715">
     <span class='ocr_line' id='line_1_51' title="bbox 1775 2637 3382 2715; baseline 0.004 -22"><span class='ocrx_word' id='word_1_408' title='bbox 1775 2637 1972 2694; x_wconf 90' lang='lat' dir='ltr'><strong>adsunt</strong></span> <span class='ocrx_word' id='word_1_409' title='bbox 1990 2681 2005 2704; x_wconf 93' lang='lat'><strong>,</strong></span> <span class='ocrx_word' id='word_1_410' title='bbox 2035 2638 2309 2709; x_wconf 89' lang='lat' dir='ltr'><strong>eduntque</strong></span> <span class='ocrx_word' id='word_1_411' title='bbox 2331 2656 2478 2710; x_wconf 60' lang='lat' dir='ltr'><strong>saepe</strong></span> <span class='ocrx_word' id='word_1_412' title='bbox 2502 2641 2769 2712; x_wconf 86' lang='lat' dir='ltr'><strong>prodigia,</strong></span> <span class='ocrx_word' id='word_1_413' title='bbox 2799 2643 2996 2713; x_wconf 90' lang='lat' dir='ltr'><strong>quibus</strong></span> <span class='ocrx_word' id='word_1_414' title='bbox 3017 2644 3382 2715; x_wconf 86' lang='lat' dir='ltr'><strong>obstupefacti</strong></span> 
     </span>
    </p>
   </div>
   <div class='ocr_carea' id='block_1_52' title="bbox 1781 2737 3382 2808">
    <p class='ocr_par' dir='ltr' id='par_1_52' title="bbox 1781 2737 3382 2808">
     <span class='ocr_line' id='line_1_52' title="bbox 1781 2737 3382 2808; baseline 0.004 -15"><span class='ocrx_word' id='word_1_415' title='bbox 1781 2737 2031 2796; x_wconf 87' lang='lat' dir='ltr'><strong>homines</strong></span> <span class='ocrx_word' id='word_1_416' title='bbox 2052 2781 2068 2808; x_wconf 92' lang='lat'><strong>,</strong></span> <span class='ocrx_word' id='word_1_417' title='bbox 2096 2739 2260 2796; x_wconf 85' lang='lat' dir='ltr'><strong>ﬁdem</strong></span> <span class='ocrx_word' id='word_1_418' title='bbox 2289 2742 2640 2796; x_wconf 89' lang='lat' dir='ltr'><strong>commodent</strong></span> <span class='ocrx_word' id='word_1_419' title='bbox 2665 2741 2973 2798; x_wconf 86' lang='lat' dir='ltr'><strong>simulacris</strong></span> <span class='ocrx_word' id='word_1_420' title='bbox 2997 2740 3292 2799; x_wconf 86' lang='lat' dir='ltr'><strong>divinitatis</strong></span> <span class='ocrx_word' id='word_1_421' title='bbox 3318 2758 3382 2799; x_wconf 91' lang='lat' dir='ltr'><strong>ac</strong></span> 
     </span>
    </p>
   </div>
   <div class='ocr_carea' id='block_1_53' title="bbox 1441 2872 2077 2931">
    <p class='ocr_par' dir='ltr' id='par_1_53' title="bbox 1441 2872 2077 2931">
     <span class='ocr_line' id='line_1_53' title="bbox 1441 2872 2077 2931; baseline 0.003 -2"><span class='ocrx_word' id='word_1_422' title='bbox 1441 2872 1804 2931; x_wconf 84' lang='lat' dir='ltr'><strong>VARIORUM</strong></span> <span class='ocrx_word' id='word_1_423' title='bbox 1841 2873 2077 2931; x_wconf 68' lang='lat' dir='ltr'><strong>NOTAE.</strong></span> 
     </span>
    </p>
   </div>
   <div class='ocr_carea' id='block_1_54' title="bbox 132 3008 3383 3083">
    <p class='ocr_par' dir='ltr' id='par_1_54' title="bbox 132 3008 3383 3083">
     <span class='ocr_line' id='line_1_54' title="bbox 132 3008 3383 3083; baseline 0.003 -19"><span class='ocrx_word' id='word_1_424' title='bbox 132 3008 287 3066; x_wconf 76' lang='grc' dir='ltr'><strong>Ἐπεὶ</strong></span> <span class='ocrx_word' id='word_1_425' title='bbox 308 3011 491 3067; x_wconf 77' lang='grc' dir='ltr'><strong>πλάνοι.</strong></span> <span class='ocrx_word' id='word_1_426' title='bbox 525 3010 615 3068; x_wconf 93' lang='lat' dir='ltr'><strong>Sic</strong></span> <span class='ocrx_word' id='word_1_427' title='bbox 642 3013 853 3069; x_wconf 90' lang='lat' dir='ltr'><strong>restitui</strong></span> <span class='ocrx_word' id='word_1_428' title='bbox 878 3027 943 3068; x_wconf 82' lang='lat' dir='ltr'><strong>ex</strong></span> <span class='ocrx_word' id='word_1_429' title='bbox 975 3027 1080 3068; x_wconf 92' lang='lat' dir='ltr'><strong>ms.</strong></span> <span class='ocrx_word' id='word_1_430' title='bbox 1107 3013 1486 3083; x_wconf 86' lang='lat' dir='ltr'><strong>antiquissimo</strong></span> <span class='ocrx_word' id='word_1_431' title='bbox 1514 3014 1540 3066; x_wconf 97' lang='grc'><strong>1</strong></span> <span class='ocrx_word' id='word_1_432' title='bbox 1565 3013 1672 3068; x_wconf 89' lang='lat' dir='ltr'><strong>Re-</strong></span> <span class='ocrx_word' id='word_1_433' title='bbox 1697 3012 1743 3074; x_wconf 89' lang='lat' dir='ltr'><strong>C</strong></span> <span class='ocrx_word' id='word_1_434' title='bbox 1851 3009 2066 3066; x_wconf 85' lang='lat' dir='ltr'><strong>Errores</strong></span> <span class='ocrx_word' id='word_1_435' title='bbox 2093 3012 2334 3066; x_wconf 79' lang='lat' dir='ltr'><strong>humanis</strong></span> <span class='ocrx_word' id='word_1_436' title='bbox 2366 3012 2653 3080; x_wconf 78' lang='lat' dir='ltr'><strong>pectoribus</strong></span> <span class='ocrx_word' id='word_1_437' title='bbox 2680 3013 2976 3080; x_wconf 71' lang='lat' dir='ltr'><strong>offundunt.</strong></span> <span class='ocrx_word' id='word_1_438' title='bbox 3029 3015 3105 3070; x_wconf 89' lang='lat' dir='ltr'><strong>lta</strong></span> <span class='ocrx_word' id='word_1_439' title='bbox 3150 3020 3383 3076; x_wconf 90' lang='lat' dir='ltr'><strong>restituo</strong></span> 
     </span>
    </p>
   </div>
   <div class='ocr_carea' id='block_1_55' title="bbox 49 3082 1670 3151">
    <p class='ocr_par' dir='ltr' id='par_1_55' title="bbox 49 3082 1670 3151">
     <span class='ocr_line' id='line_1_55' title="bbox 49 3082 1670 3151; baseline 0.003 -17"><span class='ocrx_word' id='word_1_440' title='bbox 49 3083 155 3151; x_wconf 87' lang='lat' dir='ltr'><strong>gio</strong></span> <span class='ocrx_word' id='word_1_441' title='bbox 188 3082 300 3136; x_wconf 83' lang='lat'><strong>900</strong></span> <span class='ocrx_word' id='word_1_442' title='bbox 325 3098 614 3150; x_wconf 89' lang='lat' dir='ltr'><strong>annorum,</strong></span> <span class='ocrx_word' id='word_1_443' title='bbox 643 3100 752 3139; x_wconf 91' lang='lat' dir='ltr'><strong>non</strong></span> <span class='ocrx_word' id='word_1_444' title='bbox 800 3085 1185 3141; x_wconf 88' lang='lat' dir='ltr'><strong>abludentihus</strong></span> <span class='ocrx_word' id='word_1_445' title='bbox 1231 3082 1541 3140; x_wconf 85' lang='lat' dir='ltr'><strong>veterrimis</strong></span> <span class='ocrx_word' id='word_1_446' title='bbox 1564 3085 1670 3139; x_wconf 88' lang='lat' dir='ltr'><strong>Re-</strong></span> 
     </span>
    </p>
   </div>
   <div class='ocr_carea' id='block_1_56' title="bbox 47 3153 1684 3226">
    <p class='ocr_par' dir='ltr' id='par_1_56' title="bbox 47 3153 1684 3226">
     <span class='ocr_line' id='line_1_56' title="bbox 47 3153 1684 3226; baseline 0.003 -21"><span class='ocrx_word' id='word_1_447' title='bbox 47 3153 319 3226; x_wconf 47' lang='lat' dir='ltr'><strong>giml’ug</strong></span> <span class='ocrx_word' id='word_1_448' title='bbox 375 3165 429 3208; x_wconf 89' lang='lat' dir='ltr'><strong>et</strong></span> <span class='ocrx_word' id='word_1_449' title='bbox 473 3154 640 3209; x_wconf 90' lang='lat' dir='ltr'><strong>Cauc.</strong></span> <span class='ocrx_word' id='word_1_450' title='bbox 692 3157 888 3225; x_wconf 85' lang='lat' dir='ltr'><strong>quibus</strong></span> <span class='ocrx_word' id='word_1_451' title='bbox 935 3166 1019 3210; x_wconf 91' lang='lat' dir='ltr'><strong>est</strong></span> <span class='ocrx_word' id='word_1_452' title='bbox 1071 3157 1343 3212; x_wconf 78' lang='grc' dir='ltr'><strong>ἐπίπλανα.</strong></span> <span class='ocrx_word' id='word_1_453' title='bbox 1390 3155 1684 3226; x_wconf 88' lang='lat' dir='ltr'><strong>Etiamque</strong></span> 
     </span>
    </p>
   </div>
   <div class='ocr_carea' id='block_1_57' title="bbox 50 3225 1679 3298">
    <p class='ocr_par' dir='ltr' id='par_1_57' title="bbox 50 3225 1679 3298">
     <span class='ocr_line' id='line_1_57' title="bbox 50 3225 1679 3298; baseline 0.002 -20"><span class='ocrx_word' id='word_1_454' title='bbox 50 3225 228 3298; x_wconf 74' lang='lat' dir='ltr'><strong>erud.</strong></span> <span class='ocrx_word' id='word_1_455' title='bbox 278 3225 543 3280; x_wconf 83' lang='lat' dir='ltr'><strong>Francius</strong></span> <span class='ocrx_word' id='word_1_456' title='bbox 595 3227 879 3298; x_wconf 83' lang='lat' dir='ltr'><strong>legendum</strong></span> <span class='ocrx_word' id='word_1_457' title='bbox 943 3243 1066 3283; x_wconf 91' lang='lat' dir='ltr'><strong>esse</strong></span> <span class='ocrx_word' id='word_1_458' title='bbox 1113 3229 1371 3283; x_wconf 87' lang='lat' dir='ltr'><strong>censebat</strong></span> <span class='ocrx_word' id='word_1_459' title='bbox 1401 3225 1679 3282; x_wconf 57' lang='grc' dir='ltr'><strong>πλάναέιη</strong></span> 
     </span>
    </p>
   </div>
   <div class='ocr_carea' id='block_1_58' title="bbox 51 3296 1680 3371">
    <p class='ocr_par' dir='ltr' id='par_1_58' title="bbox 51 3296 1680 3371">
     <span class='ocr_line' id='line_1_58' title="bbox 51 3296 1680 3371; baseline 0.002 -21"><span class='ocrx_word' id='word_1_460' title='bbox 51 3296 260 3371; x_wconf 19' lang='grc' dir='ltr'><strong>ιιιιιιιίᾼε</strong></span> <span class='ocrx_word' id='word_1_461' title='bbox 290 3312 426 3371; x_wconf 56' lang='lat' dir='ltr'><strong>mss.</strong></span> <span class='ocrx_word' id='word_1_462' title='bbox 456 3296 691 3367; x_wconf 79' lang='lat' dir='ltr'><strong>graecum</strong></span> <span class='ocrx_word' id='word_1_463' title='bbox 723 3297 874 3354; x_wconf 86' lang='lat' dir='ltr'><strong>deest</strong></span> <span class='ocrx_word' id='word_1_464' title='bbox 905 3315 917 3351; x_wconf 92' lang='lat'><strong>:</strong></span> <span class='ocrx_word' id='word_1_465' title='bbox 954 3298 1006 3353; x_wconf 93' lang='lat' dir='ltr'><strong>in</strong></span> <span class='ocrx_word' id='word_1_466' title='bbox 1034 3300 1067 3354; x_wconf 75' lang='grc'>4</span> <span class='ocrx_word' id='word_1_467' title='bbox 1104 3300 1236 3369; x_wconf 80' lang='lat' dir='ltr'><strong>Reg.</strong></span> <span class='ocrx_word' id='word_1_468' title='bbox 1265 3308 1320 3355; x_wconf 87' lang='lat' dir='ltr'><strong>et</strong></span> <span class='ocrx_word' id='word_1_469' title='bbox 1347 3300 1399 3353; x_wconf 91' lang='lat' dir='ltr'><strong>in</strong></span> <span class='ocrx_word' id='word_1_470' title='bbox 1445 3299 1680 3371; x_wconf 86' lang='lat' dir='ltr'><strong>vulgatis</strong></span> 
     </span>
    </p>
   </div>
   <div class='ocr_carea' id='block_1_59' title="bbox 52 3369 1029 3440">
    <p class='ocr_par' dir='ltr' id='par_1_59' title="bbox 52 3369 1029 3440">
     <span class='ocr_line' id='line_1_59' title="bbox 52 3369 1029 3440; baseline 0.003 -19"><span class='ocrx_word' id='word_1_471' title='bbox 52 3376 153 3422; x_wconf 83' lang='lat' dir='ltr'><strong>est</strong></span> <span class='ocrx_word' id='word_1_472' title='bbox 183 3369 377 3440; x_wconf 76' lang='grc' dir='ltr'><strong>πλαγή.</strong></span> <span class='ocrx_word' id='word_1_473' title='bbox 405 3369 785 3440; x_wconf 90' lang='lat' dir='ltr'><strong>Iuterpretatio</strong></span> <span class='ocrx_word' id='word_1_474' title='bbox 813 3370 976 3425; x_wconf 87' lang='lat' dir='ltr'><strong>latina</strong></span> <span class='ocrx_word' id='word_1_475' title='bbox 1015 3387 1029 3424; x_wconf 91' lang='lat'>:</span> 
     </span>
    </p>
   </div>
   <div class='ocr_carea' id='block_1_60' title="bbox 325 3485 1270 3548">
    <p class='ocr_par' dir='ltr' id='par_1_60' title="bbox 325 3485 1270 3548">
     <span class='ocr_line' id='line_1_60' title="bbox 325 3485 1270 3548; baseline 0.008 -15"><span class='ocrx_word' id='word_1_476' title='bbox 325 3485 563 3545; x_wconf 90' lang='lat' dir='ltr'><strong>Quoniam</strong></span> <span class='ocrx_word' id='word_1_477' title='bbox 589 3501 798 3537; x_wconf 86' lang='lat' dir='ltr'><strong>erronea</strong></span> <span class='ocrx_word' id='word_1_478' title='bbox 825 3491 988 3539; x_wconf 87' lang='lat' dir='ltr'><strong>omnia</strong></span> <span class='ocrx_word' id='word_1_479' title='bbox 1010 3490 1117 3541; x_wconf 74' lang='lat' dir='ltr'><strong>haec</strong></span> <span class='ocrx_word' id='word_1_480' title='bbox 1139 3496 1270 3548; x_wconf 89' lang='lat' dir='ltr'><strong>sunt,</strong></span> 
     </span>
    </p>
   </div>
   <div class='ocr_carea' id='block_1_61' title="bbox 231 3547 1326 3617">
    <p class='ocr_par' dir='ltr' id='par_1_61' title="bbox 231 3547 1326 3617">
     <span class='ocr_line' id='line_1_61' title="bbox 231 3547 1326 3617; baseline 0.013 -22"><span class='ocrx_word' id='word_1_481' title='bbox 231 3547 354 3607; x_wconf 73' lang='lat' dir='ltr'><strong>Qua:</strong></span> <span class='ocrx_word' id='word_1_482' title='bbox 378 3550 514 3598; x_wconf 88' lang='lat' dir='ltr'><strong>stulti</strong></span> <span class='ocrx_word' id='word_1_483' title='bbox 535 3549 759 3600; x_wconf 88' lang='lat' dir='ltr'><strong>homines</strong></span> <span class='ocrx_word' id='word_1_484' title='bbox 781 3558 1066 3602; x_wconf 87' lang='lat' dir='ltr'><strong>scrutantur</strong></span> <span class='ocrx_word' id='word_1_485' title='bbox 1086 3547 1326 3617; x_wconf 89' lang='lat' dir='ltr'><strong>quotidie.</strong></span> 
     </span>
    </p>
   </div>
   <div class='ocr_carea' id='block_1_62' title="bbox 51 3651 1671 3778">
    <p class='ocr_par' dir='ltr' id='par_1_62' title="bbox 51 3651 1671 3778">
     <span class='ocr_line' id='line_1_62' title="bbox 51 3651 1671 3778; baseline 0.006 -70"><span class='ocrx_word' id='word_1_486' title='bbox 51 3653 205 3708; x_wconf 73' lang='lat' dir='ltr'><strong>llmc</strong></span> <span class='ocrx_word' id='word_1_487' title='bbox 227 3651 507 3778; x_wconf 47' lang='lat' dir='ltr'><strong>digamma</strong></span> <span class='ocrx_word' id='word_1_488' title='bbox 528 3663 655 3709; x_wconf 90' lang='lat' dir='ltr'><strong>sunt</strong></span> <span class='ocrx_word' id='word_1_489' title='bbox 676 3670 741 3710; x_wconf 84' lang='lat' dir='ltr'><strong>ex</strong></span> <span class='ocrx_word' id='word_1_490' title='bbox 764 3653 1061 3713; x_wconf 87' lang='lat' dir='ltr'><strong>Carminib.</strong></span> <span class='ocrx_word' id='word_1_491' title='bbox 1086 3658 1365 3733; x_wconf 88' lang='lat' dir='ltr'><strong>Sibyllinis</strong></span> <span class='ocrx_word' id='word_1_492' title='bbox 1384 3704 1398 3730; x_wconf 94' lang='lat'><strong>,</strong></span> <span class='ocrx_word' id='word_1_493' title='bbox 1424 3677 1589 3718; x_wconf 84' lang='lat' dir='ltr'><strong>scrin.</strong></span> <span class='ocrx_word' id='word_1_494' title='bbox 1615 3665 1671 3731; x_wconf 79' lang='lat'><strong>5,</strong></span> 
     </span>
     <span class='ocr_line' id='line_1_63' title="bbox 54 3738 378 3778; baseline 0 0"><span class='ocrx_word' id='word_1_495' title='bbox 54 3738 221 3778; x_wconf 83' lang='lat' dir='ltr'><strong>vers.</strong></span> <span class='ocrx_word' id='word_1_496' title='bbox 368 3769 378 3778; x_wconf 95' lang='lat'><strong>.</strong></span> 
     </span>
    </p>
   </div>
   <div class='ocr_carea' id='block_1_63' title="bbox 54 3725 378 3779">
    <p class='ocr_par' dir='ltr' id='par_1_63' title="bbox 54 3725 378 3779">
     <span class='ocr_line' id='line_1_64' title="bbox 54 3725 378 3779; baseline 0.003 -1"><span class='ocrx_word' id='word_1_497' title='bbox 54 3738 221 3778; x_wconf 79' lang='lat' dir='ltr'><strong>vers.</strong></span> <span class='ocrx_word' id='word_1_498' title='bbox 259 3725 378 3779; x_wconf 84' lang='grc'><strong>166.</strong></span> 
     </span>
    </p>
   </div>
   <div class='ocr_carea' id='block_1_64' title="bbox 139 3793 1671 3875">
    <p class='ocr_par' dir='ltr' id='par_1_64' title="bbox 139 3793 1671 3875">
     <span class='ocr_line' id='line_1_65' title="bbox 139 3793 1671 3875; baseline 0.008 -28"><span class='ocrx_word' id='word_1_499' title='bbox 139 3793 216 3848; x_wconf 83' lang='grc' dir='ltr'><strong>Ει</strong></span> <span class='ocrx_word' id='word_1_500' title='bbox 249 3797 430 3875; x_wconf 67' lang='lat' dir='ltr'><strong>ﬁctos.</strong></span> <span class='ocrx_word' id='word_1_501' title='bbox 467 3796 689 3867; x_wconf 83' lang='lat' dir='ltr'><strong>Legitur</strong></span> <span class='ocrx_word' id='word_1_502' title='bbox 718 3800 902 3869; x_wconf 71' lang='lat' dir='ltr'><strong>efﬁctos</strong></span> <span class='ocrx_word' id='word_1_503' title='bbox 938 3799 1077 3875; x_wconf 81' lang='lat' dir='ltr'><strong>apud</strong></span> <span class='ocrx_word' id='word_1_504' title='bbox 1099 3801 1451 3875; x_wconf 36' lang='lat' dir='ltr'><strong>“Bunemauq</strong></span> <span class='ocrx_word' id='word_1_505' title='bbox 1498 3806 1585 3875; x_wconf 89' lang='lat' dir='ltr'><strong>qui</strong></span> <span class='ocrx_word' id='word_1_506' title='bbox 1619 3806 1671 3860; x_wconf 92' lang='lat' dir='ltr'><strong>in</strong></span> 
     </span>
    </p>
   </div>
   <div class='ocr_carea' id='block_1_65' title="bbox 57 3867 1674 3946">
    <p class='ocr_par' dir='ltr' id='par_1_65' title="bbox 57 3867 1674 3946">
     <span class='ocr_line' id='line_1_66' title="bbox 57 3867 1674 3946; baseline 0.006 -26"><span class='ocrx_word' id='word_1_507' title='bbox 57 3868 214 3921; x_wconf 87' lang='lat' dir='ltr'><strong>hunc</strong></span> <span class='ocrx_word' id='word_1_508' title='bbox 249 3867 422 3922; x_wconf 88' lang='lat' dir='ltr'><strong>locum</strong></span> <span class='ocrx_word' id='word_1_509' title='bbox 452 3878 630 3946; x_wconf 80' lang='lat' dir='ltr'><strong>notam</strong></span> <span class='ocrx_word' id='word_1_510' title='bbox 652 3867 1674 3946; x_wconf 32' lang='lat' dir='ltr'><strong>sequentem—exhibet.—E/ﬁctos&#39;mor-</strong></span> 
     </span>
    </p>
   </div>
   <div class='ocr_carea' id='block_1_66' title="bbox 59 3941 1672 4020">
    <p class='ocr_par' dir='ltr' id='par_1_66' title="bbox 59 3941 1672 4020">
     <span class='ocr_line' id='line_1_67' title="bbox 59 3941 1672 4020; baseline 0.009 -30"><span class='ocrx_word' id='word_1_511' title='bbox 59 3952 275 3990; x_wconf 82' lang='lat' dir='ltr'><strong>tuorum</strong></span> <span class='ocrx_word' id='word_1_512' title='bbox 307 3956 479 4010; x_wconf 88' lang='lat' dir='ltr'><strong>regum</strong></span> <span class='ocrx_word' id='word_1_513' title='bbox 501 3941 689 4020; x_wconf 81' lang='lat' dir='ltr'><strong>vultus.</strong></span> <span class='ocrx_word' id='word_1_514' title='bbox 715 3941 840 3995; x_wconf 87' lang='lat' dir='ltr'><strong>Mss.</strong></span> <span class='ocrx_word' id='word_1_515' title='bbox 870 3943 1138 4020; x_wconf 47' lang='lat' dir='ltr'><strong>Emmang</strong></span> <span class='ocrx_word' id='word_1_516' title='bbox 1177 3941 1376 4014; x_wconf 44' lang='lat' dir='ltr'><strong>Goth,</strong></span> <span class='ocrx_word' id='word_1_517' title='bbox 1396 3948 1543 4018; x_wconf 87' lang='lat' dir='ltr'><strong>Lips.</strong></span> <span class='ocrx_word' id='word_1_518' title='bbox 1568 3950 1672 4020; x_wconf 72' lang='grc' dir='ltr'><strong>ι’θὶ-</strong></span> 
     </span>
    </p>
   </div>
   <div class='ocr_carea' id='block_1_67' title="bbox 59 4014 1258 4081">
    <p class='ocr_par' dir='ltr' id='par_1_67' title="bbox 59 4014 1258 4081">
     <span class='ocr_line' id='line_1_68' title="bbox 59 4014 1258 4081; baseline 0.009 -19"><span class='ocrx_word' id='word_1_519' title='bbox 59 4020 201 4081; x_wconf 76' lang='lat' dir='ltr'><strong>ctos;</strong></span> <span class='ocrx_word' id='word_1_520' title='bbox 235 4026 512 4080; x_wconf 72' lang='lat' dir='ltr'><strong>perperam</strong></span> <span class='ocrx_word' id='word_1_521' title='bbox 536 4014 805 4080; x_wconf 81' lang='lat' dir='ltr'><strong>vulgatum</strong></span> <span class='ocrx_word' id='word_1_522' title='bbox 831 4025 876 4066; x_wconf 87' lang='lat' dir='ltr'><strong>et</strong></span> <span class='ocrx_word' id='word_1_523' title='bbox 899 4014 1060 4081; x_wconf 76' lang='lat' dir='ltr'><strong>fictos.</strong></span> <span class='ocrx_word' id='word_1_524' title='bbox 1091 4014 1258 4073; x_wconf 79' lang='lat' dir='ltr'><strong>CELL.</strong></span> 
     </span>
    </p>
   </div>
   <div class='ocr_carea' id='block_1_68' title="bbox 142 4080 1668 4147">
    <p class='ocr_par' dir='ltr' id='par_1_68' title="bbox 142 4080 1668 4147">
     <span class='ocr_line' id='line_1_69' title="bbox 142 4080 1668 4147; baseline 0.009 -14"><span class='ocrx_word' id='word_1_525' title='bbox 142 4080 406 4136; x_wconf 81' lang='lat' dir='ltr'><strong>Personas</strong></span> <span class='ocrx_word' id='word_1_526' title='bbox 435 4084 633 4147; x_wconf 86' lang='lat' dir='ltr'><strong>aliquas</strong></span> <span class='ocrx_word' id='word_1_527' title='bbox 662 4080 956 4138; x_wconf 88' lang='lat' dir='ltr'><strong>induerunt.</strong></span> <span class='ocrx_word' id='word_1_528' title='bbox 1008 4087 1084 4141; x_wconf 89' lang='lat' dir='ltr'><strong>lta</strong></span> <span class='ocrx_word' id='word_1_529' title='bbox 1113 4105 1233 4143; x_wconf 88' lang='lat' dir='ltr'><strong>cum</strong></span> <span class='ocrx_word' id='word_1_530' title='bbox 1281 4089 1443 4145; x_wconf 89' lang='lat' dir='ltr'><strong>editis</strong></span> <span class='ocrx_word' id='word_1_531' title='bbox 1475 4105 1668 4146; x_wconf 87' lang='lat' dir='ltr'><strong>manu-</strong></span> 
     </span>
    </p>
   </div>
   <div class='ocr_carea' id='block_1_69' title="bbox 61 4153 1668 4230">
    <p class='ocr_par' dir='ltr' id='par_1_69' title="bbox 61 4153 1668 4230">
     <span class='ocr_line' id='line_1_70' title="bbox 61 4153 1668 4230; baseline 0.008 -24"><span class='ocrx_word' id='word_1_532' title='bbox 61 4153 523 4230; x_wconf 59' lang='lat' dir='ltr'><strong>scripti,_pr.irter</strong></span> <span class='ocrx_word' id='word_1_533' title='bbox 556 4157 576 4208; x_wconf 89' lang='grc'><strong>1</strong></span> <span class='ocrx_word' id='word_1_534' title='bbox 626 4155 832 4230; x_wconf 70' lang='lat' dir='ltr'><strong>Bonou.</strong></span> <span class='ocrx_word' id='word_1_535' title='bbox 865 4158 1052 4230; x_wconf 22' lang='lat' dir='ltr'><strong>antiqt</strong></span> <span class='ocrx_word' id='word_1_536' title='bbox 1082 4170 1133 4214; x_wconf 91' lang='lat' dir='ltr'><strong>et</strong></span> <span class='ocrx_word' id='word_1_537' title='bbox 1162 4158 1352 4216; x_wconf 85' lang='lat' dir='ltr'><strong>Colon.</strong></span> <span class='ocrx_word' id='word_1_538' title='bbox 1391 4163 1444 4215; x_wconf 92' lang='lat' dir='ltr'><strong>in</strong></span> <span class='ocrx_word' id='word_1_539' title='bbox 1473 4163 1668 4230; x_wconf 85' lang='lat' dir='ltr'><strong>quibus</strong></span> 
     </span>
    </p>
   </div>
   <div class='ocr_carea' id='block_1_70' title="bbox 65 4225 1668 4293">
    <p class='ocr_par' dir='ltr' id='par_1_70' title="bbox 65 4225 1668 4293">
     <span class='ocr_line' id='line_1_71' title="bbox 65 4225 1668 4293; baseline 0.007 -16"><span class='ocrx_word' id='word_1_540' title='bbox 65 4225 275 4293; x_wconf 86' lang='lat' dir='ltr'><strong>legitur</strong></span> <span class='ocrx_word' id='word_1_541' title='bbox 301 4225 633 4279; x_wconf 72' lang='lat' dir='ltr'><strong>induxerunt.</strong></span> <span class='ocrx_word' id='word_1_542' title='bbox 671 4225 778 4280; x_wconf 91' lang='lat' dir='ltr'><strong>Sed</strong></span> <span class='ocrx_word' id='word_1_543' title='bbox 811 4225 1088 4282; x_wconf 88' lang='lat' dir='ltr'><strong>retinenda</strong></span> <span class='ocrx_word' id='word_1_544' title='bbox 1125 4233 1338 4286; x_wconf 80' lang='lat' dir='ltr'><strong>videtur</strong></span> <span class='ocrx_word' id='word_1_545' title='bbox 1363 4225 1523 4288; x_wconf 80' lang='lat' dir='ltr'><strong>lectio</strong></span> <span class='ocrx_word' id='word_1_546' title='bbox 1551 4235 1668 4288; x_wconf 85' lang='lat' dir='ltr'><strong>vul-</strong></span> 
     </span>
    </p>
   </div>
   <div class='ocr_carea' id='block_1_71' title="bbox 63 4295 1664 4364">
    <p class='ocr_par' dir='ltr' id='par_1_71' title="bbox 63 4295 1664 4364">
     <span class='ocr_line' id='line_1_72' title="bbox 63 4295 1664 4364; baseline 0.007 -17"><span class='ocrx_word' id='word_1_547' title='bbox 63 4308 196 4364; x_wconf 81' lang='lat' dir='ltr'><strong>gata</strong></span> <span class='ocrx_word' id='word_1_548' title='bbox 221 4338 234 4358; x_wconf 94' lang='lat'><strong>,</strong></span> <span class='ocrx_word' id='word_1_549' title='bbox 267 4311 387 4364; x_wconf 66' lang='lat' dir='ltr'><strong>qua!</strong></span> <span class='ocrx_word' id='word_1_550' title='bbox 414 4310 495 4351; x_wconf 91' lang='lat' dir='ltr'><strong>est</strong></span> <span class='ocrx_word' id='word_1_551' title='bbox 521 4295 801 4352; x_wconf 86' lang='lat' dir='ltr'><strong>Ciceronis</strong></span> <span class='ocrx_word' id='word_1_552' title='bbox 826 4309 880 4352; x_wconf 89' lang='lat' dir='ltr'><strong>et</strong></span> <span class='ocrx_word' id='word_1_553' title='bbox 905 4299 1009 4352; x_wconf 91' lang='lat' dir='ltr'><strong>&#39;l‘iti</strong></span> <span class='ocrx_word' id='word_1_554' title='bbox 1036 4300 1192 4356; x_wconf 90' lang='lat' dir='ltr'><strong>Livii.</strong></span> <span class='ocrx_word' id='word_1_555' title='bbox 1220 4302 1357 4359; x_wconf 84' lang='lat' dir='ltr'><strong>Vide</strong></span> <span class='ocrx_word' id='word_1_556' title='bbox 1388 4303 1582 4359; x_wconf 65' lang='lat' dir='ltr'><strong>Isaeum</strong></span> <span class='ocrx_word' id='word_1_557' title='bbox 1611 4307 1664 4359; x_wconf 91' lang='lat' dir='ltr'><strong>in</strong></span> 
     </span>
    </p>
   </div>
   <div class='ocr_carea' id='block_1_72' title="bbox 67 4367 1341 4437">
    <p class='ocr_par' dir='ltr' id='par_1_72' title="bbox 67 4367 1341 4437">
     <span class='ocr_line' id='line_1_73' title="bbox 67 4367 1341 4437; baseline 0.006 -17"><span class='ocrx_word' id='word_1_558' title='bbox 67 4367 247 4421; x_wconf 87' lang='lat' dir='ltr'><strong>notis.</strong></span> <span class='ocrx_word' id='word_1_559' title='bbox 284 4369 347 4421; x_wconf 75' lang='lat' dir='ltr'><strong>Et</strong></span> <span class='ocrx_word' id='word_1_560' title='bbox 377 4383 620 4436; x_wconf 65' lang='lat' dir='ltr'><strong>personae</strong></span> <span class='ocrx_word' id='word_1_561' title='bbox 648 4369 794 4422; x_wconf 91' lang='lat' dir='ltr'><strong>indui</strong></span> <span class='ocrx_word' id='word_1_562' title='bbox 824 4372 1038 4437; x_wconf 90' lang='lat' dir='ltr'><strong>proprie</strong></span> <span class='ocrx_word' id='word_1_563' title='bbox 1065 4373 1341 4429; x_wconf 87' lang='lat' dir='ltr'><strong>dicuntur.</strong></span> 
     </span>
    </p>
   </div>
   <div class='ocr_carea' id='block_1_73' title="bbox 142 4438 1746 4543">
    <p class='ocr_par' dir='ltr' id='par_1_73' title="bbox 142 4438 1746 4543">
     <span class='ocr_line' id='line_1_74' title="bbox 142 4438 1746 4543; baseline 0.007 -53"><span class='ocrx_word' id='word_1_564' title='bbox 142 4438 306 4521; x_wconf 69' lang='lat' dir='ltr'><strong>Quos.</strong></span> <span class='ocrx_word' id='word_1_565' title='bbox 341 4479 354 4492; x_wconf 94' lang='lat'><strong>.</strong></span> <span class='ocrx_word' id='word_1_566' title='bbox 393 4480 405 4491; x_wconf 96' lang='lat'><strong>.</strong></span> <span class='ocrx_word' id='word_1_567' title='bbox 435 4441 714 4521; x_wconf 78' lang='lat' dir='ltr'><strong>maleficos,</strong></span> <span class='ocrx_word' id='word_1_568' title='bbox 748 4450 850 4495; x_wconf 91' lang='lat' dir='ltr'><strong>etc.</strong></span> <span class='ocrx_word' id='word_1_569' title='bbox 886 4441 1047 4524; x_wconf 80' lang='lat' dir='ltr'><strong>&#39;l‘itul.</strong></span> <span class='ocrx_word' id='word_1_570' title='bbox 1080 4454 1164 4528; x_wconf 76' lang='lat' dir='ltr'><strong>est</strong></span> <span class='ocrx_word' id='word_1_571' title='bbox 1193 4447 1248 4500; x_wconf 94' lang='lat' dir='ltr'><strong>in</strong></span> <span class='ocrx_word' id='word_1_572' title='bbox 1279 4445 1476 4543; x_wconf 51' lang='lat' dir='ltr'><strong>Ciri‘dice</strong></span> <span class='ocrx_word' id='word_1_573' title='bbox 1517 4445 1554 4499; x_wconf 92' lang='lat' dir='ltr'><strong>l.</strong></span> <span class='ocrx_word' id='word_1_574' title='bbox 1585 4463 1664 4529; x_wconf 68' lang='lat' dir='ltr'><strong>ix,</strong></span> <span class='ocrx_word' id='word_1_575' title='bbox 1695 4483 1746 4543; x_wconf 73' lang='grc' dir='ltr'><strong>Ι)</strong></span> 
     </span>
     <span class='ocr_line' id='line_1_75' title="bbox 143 4520 1664 4543; baseline 0 0"><span class='ocrx_word' id='word_1_576' title='bbox 143 4525 319 4543; x_wconf 70' lang='lat' dir='ltr'><strong>nil-nu:</strong></span> <span class='ocrx_word' id='word_1_577' title='bbox 351 4520 566 4543; x_wconf 64' lang='lat' dir='ltr'><strong>nnlnvnc</strong></span> <span class='ocrx_word' id='word_1_578' title='bbox 640 4528 692 4543; x_wconf 79' lang='lat' dir='ltr'><strong>In</strong></span> <span class='ocrx_word' id='word_1_579' title='bbox 727 4527 830 4543; x_wconf 76' lang='grc' dir='ltr'><strong>ιιι-η</strong></span> <span class='ocrx_word' id='word_1_580' title='bbox 860 4524 1170 4543; x_wconf 67' lang='grc' dir='ltr'><strong>ΛΛη.»Ιιιιιι-..</strong></span> <span class='ocrx_word' id='word_1_581' title='bbox 1205 4527 1280 4543; x_wconf 67' lang='lat' dir='ltr'><strong>nn.</strong></span> <span class='ocrx_word' id='word_1_582' title='bbox 1378 4526 1664 4543; x_wconf 56' lang='grc' dir='ltr'><strong>...καθέηκα-..ι</strong></span> 
     </span>
    </p>
   </div>
   <div class='ocr_carea' id='block_1_74' title="bbox 65 4510 1665 4580">
    <p class='ocr_par' dir='ltr' id='par_1_74' title="bbox 65 4510 1665 4580">
     <span class='ocr_line' id='line_1_76' title="bbox 65 4510 1665 4580; baseline 0.005 -17"><span class='ocrx_word' id='word_1_583' title='bbox 65 4510 321 4564; x_wconf 83' lang='lat' dir='ltr'><strong>decimus</strong></span> <span class='ocrx_word' id='word_1_584' title='bbox 351 4520 590 4574; x_wconf 87' lang='lat' dir='ltr'><strong>octavus,</strong></span> <span class='ocrx_word' id='word_1_585' title='bbox 640 4512 692 4564; x_wconf 90' lang='lat' dir='ltr'><strong>in</strong></span> <span class='ocrx_word' id='word_1_586' title='bbox 726 4527 831 4580; x_wconf 93' lang='lat' dir='ltr'><strong>quo</strong></span> <span class='ocrx_word' id='word_1_587' title='bbox 859 4515 1172 4569; x_wconf 71' lang='lat' dir='ltr'><strong>constitutio</strong></span> <span class='ocrx_word' id='word_1_588' title='bbox 1202 4527 1284 4570; x_wconf 89' lang='lat' dir='ltr'><strong>est</strong></span> <span class='ocrx_word' id='word_1_589' title='bbox 1329 4510 1665 4572; x_wconf 81' lang='lat' dir='ltr'><strong>Constantini</strong></span> 
     </span>
    </p>
   </div>
   <div class='ocr_carea' id='block_1_75' title="bbox 65 4581 1662 4655">
    <p class='ocr_par' dir='ltr' id='par_1_75' title="bbox 65 4581 1662 4655">
     <span class='ocr_line' id='line_1_77' title="bbox 65 4581 1662 4655; baseline 0.006 -23"><span class='ocrx_word' id='word_1_590' title='bbox 65 4581 326 4655; x_wconf 54' lang='lat' dir='ltr'><strong>Caesaris,</strong></span> <span class='ocrx_word' id='word_1_591' title='bbox 358 4582 439 4636; x_wconf 90' lang='lat' dir='ltr'><strong>vel</strong></span> <span class='ocrx_word' id='word_1_592' title='bbox 464 4585 639 4652; x_wconf 82' lang='lat' dir='ltr'><strong>potius</strong></span> <span class='ocrx_word' id='word_1_593' title='bbox 662 4582 986 4650; x_wconf 80' lang='lat' dir='ltr'><strong>Consmntii,</strong></span> <span class='ocrx_word' id='word_1_594' title='bbox 1005 4601 1148 4641; x_wconf 90' lang='lat' dir='ltr'><strong>anno</strong></span> <span class='ocrx_word' id='word_1_595' title='bbox 1169 4589 1271 4642; x_wconf 79' lang='grc'><strong>557</strong></span> <span class='ocrx_word' id='word_1_596' title='bbox 1305 4589 1405 4641; x_wconf 89' lang='lat' dir='ltr'><strong>lata</strong></span> <span class='ocrx_word' id='word_1_597' title='bbox 1434 4606 1447 4641; x_wconf 92' lang='lat'><strong>:</strong></span> <span class='ocrx_word' id='word_1_598' title='bbox 1474 4585 1662 4655; x_wconf 84' lang='lat' dir='ltr'><strong>Nemo,</strong></span> 
     </span>
    </p>
   </div>
   <div class='ocr_carea' id='block_1_76' title="bbox 65 4653 1667 4725">
    <p class='ocr_par' dir='ltr' id='par_1_76' title="bbox 65 4653 1667 4725">
     <span class='ocr_line' id='line_1_78' title="bbox 65 4653 1667 4725; baseline 0.005 -19"><span class='ocrx_word' id='word_1_599' title='bbox 65 4653 275 4723; x_wconf 85' lang='lat' dir='ltr'><strong>inquit,</strong></span> <span class='ocrx_word' id='word_1_600' title='bbox 308 4655 588 4719; x_wconf 88' lang='lat' dir='ltr'><strong>aruspicem</strong></span> <span class='ocrx_word' id='word_1_601' title='bbox 647 4656 882 4708; x_wconf 87' lang='lat' dir='ltr'><strong>consulat</strong></span> <span class='ocrx_word' id='word_1_602' title='bbox 910 4666 1000 4709; x_wconf 88' lang='lat' dir='ltr'><strong>aut</strong></span> <span class='ocrx_word' id='word_1_603' title='bbox 1044 4660 1474 4725; x_wconf 86' lang='lat' dir='ltr'><strong>mathematicum,</strong></span> <span class='ocrx_word' id='word_1_604' title='bbox 1521 4653 1667 4714; x_wconf 83' lang='lat' dir='ltr'><strong>nemo</strong></span> 
     </span>
    </p>
   </div>
   <div class='ocr_carea' id='block_1_77' title="bbox 66 4725 1661 4798">
    <p class='ocr_par' dir='ltr' id='par_1_77' title="bbox 66 4725 1661 4798">
     <span class='ocr_line' id='line_1_79' title="bbox 66 4725 1661 4798; baseline 0.005 -22"><span class='ocrx_word' id='word_1_605' title='bbox 66 4725 314 4798; x_wconf 84' lang='lat' dir='ltr'><strong>ariolum.</strong></span> <span class='ocrx_word' id='word_1_606' title='bbox 340 4726 601 4798; x_wconf 78' lang='lat' dir='ltr'><strong>Attgurum</strong></span> <span class='ocrx_word' id='word_1_607' title='bbox 624 4734 669 4779; x_wconf 89' lang='lat' dir='ltr'><strong>et</strong></span> <span class='ocrx_word' id='word_1_608' title='bbox 696 4735 865 4778; x_wconf 86' lang='lat' dir='ltr'><strong>vatum</strong></span> <span class='ocrx_word' id='word_1_609' title='bbox 888 4743 1044 4792; x_wconf 86' lang='lat' dir='ltr'><strong>prava</strong></span> <span class='ocrx_word' id='word_1_610' title='bbox 1070 4732 1322 4798; x_wconf 80' lang='lat' dir='ltr'><strong>confessio</strong></span> <span class='ocrx_word' id='word_1_611' title='bbox 1340 4731 1661 4785; x_wconf 84' lang='lat' dir='ltr'><strong>conticescat.</strong></span> 
     </span>
    </p>
   </div>
   <div class='ocr_carea' id='block_1_78' title="bbox 67 4795 1667 4872">
    <p class='ocr_par' dir='ltr' id='par_1_78' title="bbox 67 4795 1667 4872">
     <span class='ocr_line' id='line_1_80' title="bbox 67 4795 1667 4872; baseline 0.006 -26"><span class='ocrx_word' id='word_1_612' title='bbox 67 4795 328 4857; x_wconf 71' lang='lat' dir='ltr'><strong>Chaldaei,</strong></span> <span class='ocrx_word' id='word_1_613' title='bbox 370 4795 431 4872; x_wconf 80' lang='lat' dir='ltr'><strong>ac</strong></span> <span class='ocrx_word' id='word_1_614' title='bbox 455 4797 608 4872; x_wconf 82' lang='lat' dir='ltr'><strong>magi,</strong></span> <span class='ocrx_word' id='word_1_615' title='bbox 645 4807 691 4850; x_wconf 88' lang='lat' dir='ltr'><strong>et</strong></span> <span class='ocrx_word' id='word_1_616' title='bbox 722 4799 889 4872; x_wconf 65' lang='lat' dir='ltr'><strong>caeteri</strong></span> <span class='ocrx_word' id='word_1_617' title='bbox 917 4814 1042 4872; x_wconf 83' lang='lat' dir='ltr'><strong>quos</strong></span> <span class='ocrx_word' id='word_1_618' title='bbox 1072 4795 1332 4868; x_wconf 83' lang='lat' dir='ltr'><strong>maleﬁcos</strong></span> <span class='ocrx_word' id='word_1_619' title='bbox 1375 4802 1436 4854; x_wconf 86' lang='lat' dir='ltr'><strong>ob</strong></span> <span class='ocrx_word' id='word_1_620' title='bbox 1469 4803 1667 4872; x_wconf 81' lang='lat' dir='ltr'><strong>facino-</strong></span> 
     </span>
    </p>
   </div>
   <div class='ocr_carea' id='block_1_79' title="bbox 68 4866 1665 4941">
    <p class='ocr_par' dir='ltr' id='par_1_79' title="bbox 68 4866 1665 4941">
     <span class='ocr_line' id='line_1_81' title="bbox 68 4866 1665 4941; baseline 0.005 -23"><span class='ocrx_word' id='word_1_621' title='bbox 68 4884 190 4919; x_wconf 86' lang='lat' dir='ltr'><strong>rum</strong></span> <span class='ocrx_word' id='word_1_622' title='bbox 222 4866 620 4941; x_wconf 70' lang='lat' dir='ltr'><strong>magnitudinem</strong></span> <span class='ocrx_word' id='word_1_623' title='bbox 664 4868 1116 4941; x_wconf 43' lang='lat' dir='ltr'><strong>vulgus‘appellat,</strong></span> <span class='ocrx_word' id='word_1_624' title='bbox 1159 4866 1249 4925; x_wconf 83' lang='lat' dir='ltr'><strong>nec</strong></span> <span class='ocrx_word' id='word_1_625' title='bbox 1278 4874 1344 4926; x_wconf 90' lang='lat' dir='ltr'><strong>ad</strong></span> <span class='ocrx_word' id='word_1_626' title='bbox 1375 4866 1505 4926; x_wconf 76' lang='lat' dir='ltr'><strong>hanc</strong></span> <span class='ocrx_word' id='word_1_627' title='bbox 1541 4891 1665 4941; x_wconf 82' lang='lat' dir='ltr'><strong>par-</strong></span> 
     </span>
    </p>
   </div>
   <div class='ocr_carea' id='block_1_80' title="bbox 67 4926 1668 5012">
    <p class='ocr_par' dir='ltr' id='par_1_80' title="bbox 67 4926 1668 5012">
     <span class='ocr_line' id='line_1_82' title="bbox 67 4926 1668 5012; baseline 0.004 -22"><span class='ocrx_word' id='word_1_628' title='bbox 67 4949 170 4990; x_wconf 85' lang='lat' dir='ltr'><strong>tem</strong></span> <span class='ocrx_word' id='word_1_629' title='bbox 199 4926 395 5012; x_wconf 15' lang='lat' dir='ltr'><strong>arliquid</strong></span> <span class='ocrx_word' id='word_1_630' title='bbox 435 4926 950 5012; x_wconf 9' lang='lat' dir='ltr'><strong>ntolianturrfSiieut&#39;</strong></span> <span class='ocrx_word' id='word_1_631' title='bbox 977 4926 1206 4996; x_wconf 84' lang='lat' dir='ltr'><strong>omnibus</strong></span> <span class='ocrx_word' id='word_1_632' title='bbox 1259 4954 1498 5012; x_wconf 88' lang='lat' dir='ltr'><strong>perpetuo</strong></span> <span class='ocrx_word' id='word_1_633' title='bbox 1537 4926 1668 4997; x_wconf 73' lang='lat' dir='ltr'><strong>divi-</strong></span> 
     </span>
    </p>
   </div>
   <div class='ocr_carea' id='block_1_81' title="bbox 65 5009 1664 5085">
    <p class='ocr_par' dir='ltr' id='par_1_81' title="bbox 65 5009 1664 5085">
     <span class='ocr_line' id='line_1_83' title="bbox 65 5009 1664 5085; baseline 0.006 -25"><span class='ocrx_word' id='word_1_634' title='bbox 65 5009 236 5085; x_wconf 79' lang='lat' dir='ltr'><strong>nandi</strong></span> <span class='ocrx_word' id='word_1_635' title='bbox 259 5009 528 5065; x_wconf 76' lang='lat' dir='ltr'><strong>curiositas</strong></span> <span class='ocrx_word' id='word_1_636' title='bbox 550 5026 568 5064; x_wconf 94' lang='lat'><em>:</em></span> <span class='ocrx_word' id='word_1_637' title='bbox 590 5011 772 5085; x_wconf 81' lang='lat' dir='ltr'><strong>etenim</strong></span> <span class='ocrx_word' id='word_1_638' title='bbox 791 5012 1101 5081; x_wconf 82' lang='lat' dir='ltr'><strong>supplicium</strong></span> <span class='ocrx_word' id='word_1_639' title='bbox 1133 5009 1318 5078; x_wconf 78' lang='lat' dir='ltr'><strong>capitis</strong></span> <span class='ocrx_word' id='word_1_640' title='bbox 1344 5009 1467 5084; x_wconf 72' lang='lat' dir='ltr'><strong>feret</strong></span> <span class='ocrx_word' id='word_1_641' title='bbox 1488 5015 1664 5085; x_wconf 84' lang='lat' dir='ltr'><strong>gladio</strong></span> 
     </span>
    </p>
   </div>
   <div class='ocr_carea' id='block_1_82' title="bbox 66 5081 1666 5155">
    <p class='ocr_par' dir='ltr' id='par_1_82' title="bbox 66 5081 1666 5155">
     <span class='ocr_line' id='line_1_84' title="bbox 66 5081 1666 5155; baseline 0.005 -23"><span class='ocrx_word' id='word_1_642' title='bbox 66 5081 240 5134; x_wconf 80' lang='lat' dir='ltr'><strong>ultore</strong></span> <span class='ocrx_word' id='word_1_643' title='bbox 261 5090 560 5155; x_wconf 64' lang='lat' dir='ltr'><strong>prostratus,</strong></span> <span class='ocrx_word' id='word_1_644' title='bbox 580 5083 882 5152; x_wconf 85' lang='lat' dir='ltr'><strong>quicumque</strong></span> <span class='ocrx_word' id='word_1_645' title='bbox 894 5085 1079 5137; x_wconf 84' lang='lat' dir='ltr'><strong>nostris</strong></span> <span class='ocrx_word' id='word_1_646' title='bbox 1090 5085 1253 5155; x_wconf 88' lang='lat' dir='ltr'><strong>jussis</strong></span> <span class='ocrx_word' id='word_1_647' title='bbox 1274 5081 1564 5153; x_wconf 78' lang='lat' dir='ltr'><strong>obsequium</strong></span> <span class='ocrx_word' id='word_1_648' title='bbox 1577 5088 1666 5140; x_wconf 88' lang='lat' dir='ltr'><strong>de—</strong></span> 
     </span>
    </p>
   </div>
   <div class='ocr_carea' id='block_1_83' title="bbox 65 5152 695 5221">
    <p class='ocr_par' dir='ltr' id='par_1_83' title="bbox 65 5152 695 5221">
     <span class='ocr_line' id='line_1_85' title="bbox 65 5152 695 5221; baseline 0.002 -17"><span class='ocrx_word' id='word_1_649' title='bbox 65 5152 348 5221; x_wconf 75' lang='lat' dir='ltr'><strong>negaverit.</strong></span> <span class='ocrx_word' id='word_1_650' title='bbox 383 5153 695 5208; x_wconf 73' lang='lat' dir='ltr'><strong>BETULEIUS.</strong></span> 
     </span>
    </p>
   </div>
   <div class='ocr_carea' id='block_1_84' title="bbox 155 5222 1664 5295">
    <p class='ocr_par' dir='ltr' id='par_1_84' title="bbox 155 5222 1664 5295">
     <span class='ocr_line' id='line_1_86' title="bbox 155 5222 1664 5295; baseline 0.005 -20"><span class='ocrx_word' id='word_1_651' title='bbox 155 5222 300 5295; x_wconf 82' lang='lat' dir='ltr'><strong>Veris</strong></span> <span class='ocrx_word' id='word_1_652' title='bbox 324 5225 428 5277; x_wconf 85' lang='lat' dir='ltr'><strong>suis</strong></span> <span class='ocrx_word' id='word_1_653' title='bbox 449 5224 738 5279; x_wconf 81' lang='lat' dir='ltr'><strong>nominibus</strong></span> <span class='ocrx_word' id='word_1_654' title='bbox 756 5226 906 5277; x_wconf 87' lang='lat' dir='ltr'><strong>cient.</strong></span> <span class='ocrx_word' id='word_1_655' title='bbox 931 5227 1133 5282; x_wconf 85' lang='lat' dir='ltr'><strong>Arnob.</strong></span> <span class='ocrx_word' id='word_1_656' title='bbox 1159 5227 1252 5281; x_wconf 90' lang='lat' dir='ltr'><strong>lib.</strong></span> <span class='ocrx_word' id='word_1_657' title='bbox 1273 5244 1327 5292; x_wconf 89' lang='lat' dir='ltr'><strong>v,</strong></span> <span class='ocrx_word' id='word_1_658' title='bbox 1352 5227 1526 5295; x_wconf 90' lang='lat' dir='ltr'><strong>initio,</strong></span> <span class='ocrx_word' id='word_1_659' title='bbox 1554 5245 1664 5283; x_wconf 80' lang='lat' dir='ltr'><strong>nio-</strong></span> 
     </span>
    </p>
   </div>
   <div class='ocr_carea' id='block_1_85' title="bbox 67 5293 1663 5364">
    <p class='ocr_par' dir='ltr' id='par_1_85' title="bbox 67 5293 1663 5364">
     <span class='ocr_line' id='line_1_87' title="bbox 67 5293 1663 5364; baseline 0.006 -17"><span class='ocrx_word' id='word_1_660' title='bbox 67 5297 198 5347; x_wconf 87' lang='lat' dir='ltr'><strong>dum</strong></span> <span class='ocrx_word' id='word_1_661' title='bbox 246 5293 481 5348; x_wconf 82' lang='lat' dir='ltr'><strong>eliciendi</strong></span> <span class='ocrx_word' id='word_1_662' title='bbox 523 5295 704 5350; x_wconf 82' lang='lat' dir='ltr'><strong>Jovem</strong></span> <span class='ocrx_word' id='word_1_663' title='bbox 751 5295 928 5349; x_wconf 87' lang='lat' dir='ltr'><strong>Numa</strong></span> <span class='ocrx_word' id='word_1_664' title='bbox 970 5299 1200 5353; x_wconf 86' lang='lat' dir='ltr'><strong>edoctus.</strong></span> <span class='ocrx_word' id='word_1_665' title='bbox 1230 5298 1432 5364; x_wconf 87' lang='lat' dir='ltr'><strong>Livius,</strong></span> <span class='ocrx_word' id='word_1_666' title='bbox 1463 5293 1567 5363; x_wconf 75' lang='lat' dir='ltr'><strong>Li,</strong></span> <span class='ocrx_word' id='word_1_667' title='bbox 1595 5300 1663 5356; x_wconf 90' lang='lat' dir='ltr'><strong>de</strong></span> 
     </span>
    </p>
   </div>
   <div class='ocr_carea' id='block_1_86' title="bbox 64 5366 1661 5425">
    <p class='ocr_par' dir='ltr' id='par_1_86' title="bbox 64 5366 1661 5425">
     <span class='ocr_line' id='line_1_88' title="bbox 64 5366 1661 5425; baseline 0.002 -5"><span class='ocrx_word' id='word_1_668' title='bbox 64 5367 269 5421; x_wconf 85' lang='lat' dir='ltr'><strong>eodem</strong></span> <span class='ocrx_word' id='word_1_669' title='bbox 295 5366 485 5419; x_wconf 81' lang='lat' dir='ltr'><strong>Numa.</strong></span> <span class='ocrx_word' id='word_1_670' title='bbox 515 5367 726 5421; x_wconf 84' lang='lat' dir='ltr'><strong>Modum</strong></span> <span class='ocrx_word' id='word_1_671' title='bbox 753 5368 1011 5422; x_wconf 88' lang='lat' dir='ltr'><strong>evocandi</strong></span> <span class='ocrx_word' id='word_1_672' title='bbox 1034 5369 1165 5425; x_wconf 87' lang='lat' dir='ltr'><strong>deos</strong></span> <span class='ocrx_word' id='word_1_673' title='bbox 1190 5369 1444 5424; x_wconf 84' lang='lat' dir='ltr'><strong>tutelares</strong></span> <span class='ocrx_word' id='word_1_674' title='bbox 1475 5385 1538 5424; x_wconf 82' lang='lat' dir='ltr'><strong>ex</strong></span> <span class='ocrx_word' id='word_1_675' title='bbox 1571 5387 1661 5423; x_wconf 90' lang='lat' dir='ltr'><strong>ur-</strong></span> 
     </span>
    </p>
   </div>
   <div class='ocr_carea' id='block_1_87' title="bbox 67 5437 1661 5509">
    <p class='ocr_par' dir='ltr' id='par_1_87' title="bbox 67 5437 1661 5509">
     <span class='ocr_line' id='line_1_89' title="bbox 67 5437 1661 5509; baseline 0.004 -18"><span class='ocrx_word' id='word_1_676' title='bbox 67 5439 266 5497; x_wconf 85' lang='lat' dir='ltr'><strong>bibus,</strong></span> <span class='ocrx_word' id='word_1_677' title='bbox 316 5453 450 5506; x_wconf 89' lang='lat' dir='ltr'><strong>quas</strong></span> <span class='ocrx_word' id='word_1_678' title='bbox 499 5437 726 5492; x_wconf 89' lang='lat' dir='ltr'><strong>Romani</strong></span> <span class='ocrx_word' id='word_1_679' title='bbox 779 5449 1140 5509; x_wconf 70' lang='lat' dir='ltr'><strong>eitpugnatum</strong></span> <span class='ocrx_word' id='word_1_680' title='bbox 1189 5442 1373 5505; x_wconf 86' lang='lat' dir='ltr'><strong>ibant;</strong></span> <span class='ocrx_word' id='word_1_681' title='bbox 1422 5443 1661 5497; x_wconf 88' lang='lat' dir='ltr'><strong>invenies</strong></span> 
     </span>
    </p>
   </div>
   <div class='ocr_carea' id='block_1_88' title="bbox 59 5509 1359 5581">
    <p class='ocr_par' dir='ltr' id='par_1_88' title="bbox 59 5509 1359 5581">
     <span class='ocr_line' id='line_1_90' title="bbox 59 5509 1359 5581; baseline 0.002 -18"><span class='ocrx_word' id='word_1_682' title='bbox 59 5509 214 5581; x_wconf 81' lang='lat' dir='ltr'><strong>apud</strong></span> <span class='ocrx_word' id='word_1_683' title='bbox 245 5509 568 5581; x_wconf 74' lang='lat' dir='ltr'><strong>Mam-obium</strong></span> <span class='ocrx_word' id='word_1_684' title='bbox 605 5511 696 5565; x_wconf 87' lang='lat' dir='ltr'><strong>lib.</strong></span> <span class='ocrx_word' id='word_1_685' title='bbox 727 5512 1000 5566; x_wconf 88' lang='lat' dir='ltr'><strong>Saturnal.</strong></span> <span class='ocrx_word' id='word_1_686' title='bbox 1033 5528 1118 5574; x_wconf 86' lang='lat' dir='ltr'><strong>tu.</strong></span> <span class='ocrx_word' id='word_1_687' title='bbox 1149 5527 1270 5580; x_wconf 91' lang='lat' dir='ltr'><strong>cap.</strong></span> <span class='ocrx_word' id='word_1_688' title='bbox 1305 5513 1359 5567; x_wconf 88' lang='lat'><strong>9.</strong></span> 
     </span>
    </p>
   </div>
   <div class='ocr_carea' id='block_1_89' title="bbox 142 5579 1662 5653">
    <p class='ocr_par' dir='ltr' id='par_1_89' title="bbox 142 5579 1662 5653">
     <span class='ocr_line' id='line_1_91' title="bbox 142 5579 1662 5653; baseline 0.002 -20"><span class='ocrx_word' id='word_1_689' title='bbox 142 5579 360 5634; x_wconf 81' lang='lat' dir='ltr'><strong>Incesti.</strong></span> <span class='ocrx_word' id='word_1_690' title='bbox 392 5579 490 5634; x_wconf 80' lang='lat' dir='ltr'><strong>llic</strong></span> <span class='ocrx_word' id='word_1_691' title='bbox 519 5591 647 5636; x_wconf 86' lang='lat' dir='ltr'><strong>sunt</strong></span> <span class='ocrx_word' id='word_1_692' title='bbox 695 5583 818 5635; x_wconf 88' lang='lat' dir='ltr'><strong>tnali</strong></span> <span class='ocrx_word' id='word_1_693' title='bbox 866 5583 1116 5649; x_wconf 83' lang='lat' dir='ltr'><strong>spiritus,</strong></span> <span class='ocrx_word' id='word_1_694' title='bbox 1145 5579 1233 5653; x_wconf 86' lang='lat' dir='ltr'><strong>qui</strong></span> <span class='ocrx_word' id='word_1_695' title='bbox 1263 5584 1328 5653; x_wconf 81' lang='lat' dir='ltr'><strong>ad</strong></span> <span class='ocrx_word' id='word_1_696' title='bbox 1361 5582 1552 5637; x_wconf 84' lang='lat' dir='ltr'><strong>sordes</strong></span> <span class='ocrx_word' id='word_1_697' title='bbox 1583 5584 1662 5637; x_wconf 91' lang='lat' dir='ltr'><strong>in-</strong></span> 
     </span>
    </p>
   </div>
   <div class='ocr_carea' id='block_1_90' title="bbox 62 5651 1620 5720">
    <p class='ocr_par' dir='ltr' id='par_1_90' title="bbox 62 5651 1620 5720">
     <span class='ocr_line' id='line_1_92' title="bbox 62 5651 1620 5720; baseline -0.001 -11"><span class='ocrx_word' id='word_1_698' title='bbox 62 5655 280 5709; x_wconf 90' lang='lat' dir='ltr'><strong>clinant</strong></span> <span class='ocrx_word' id='word_1_699' title='bbox 320 5654 568 5706; x_wconf 84' lang='lat' dir='ltr'><strong>homines</strong></span> <span class='ocrx_word' id='word_1_700' title='bbox 601 5671 613 5706; x_wconf 93' lang='lat'><strong>:</strong></span> <span class='ocrx_word' id='word_1_701' title='bbox 645 5655 723 5706; x_wconf 91' lang='lat' dir='ltr'><strong>sic</strong></span> <span class='ocrx_word' id='word_1_702' title='bbox 752 5670 807 5706; x_wconf 88' lang='lat' dir='ltr'><strong>os</strong></span> <span class='ocrx_word' id='word_1_703' title='bbox 834 5653 1079 5707; x_wconf 85' lang='lat' dir='ltr'><strong>incestum</strong></span> <span class='ocrx_word' id='word_1_704' title='bbox 1111 5651 1249 5720; x_wconf 80' lang='lat' dir='ltr'><strong>apud</strong></span> <span class='ocrx_word' id='word_1_705' title='bbox 1278 5651 1620 5708; x_wconf 87' lang='lat' dir='ltr'><strong>Ciceronem.</strong></span> 
     </span>
    </p>
   </div>
   <div class='ocr_carea' id='block_1_91' title="bbox 155 5723 1656 5796">
    <p class='ocr_par' dir='ltr' id='par_1_91' title="bbox 155 5723 1656 5796">
     <span class='ocr_line' id='line_1_93' title="bbox 155 5723 1656 5796; baseline 0.003 -18"><span class='ocrx_word' id='word_1_706' title='bbox 155 5723 304 5794; x_wconf 81' lang='lat' dir='ltr'><strong>Vagi.</strong></span> <span class='ocrx_word' id='word_1_707' title='bbox 330 5724 470 5791; x_wconf 85' lang='lat' dir='ltr'><strong>Quia</strong></span> <span class='ocrx_word' id='word_1_708' title='bbox 493 5735 617 5796; x_wconf 74' lang='lat' dir='ltr'><strong>sunt</strong></span> <span class='ocrx_word' id='word_1_709' title='bbox 638 5724 794 5791; x_wconf 89' lang='lat' dir='ltr'><strong>aerii,</strong></span> <span class='ocrx_word' id='word_1_710' title='bbox 817 5732 872 5780; x_wconf 90' lang='lat' dir='ltr'><strong>ut</strong></span> <span class='ocrx_word' id='word_1_711' title='bbox 889 5739 955 5780; x_wconf 82' lang='lat' dir='ltr'><strong>ex</strong></span> <span class='ocrx_word' id='word_1_712' title='bbox 977 5725 1204 5796; x_wconf 87' lang='lat' dir='ltr'><strong>Apuleio</strong></span> <span class='ocrx_word' id='word_1_713' title='bbox 1227 5724 1284 5782; x_wconf 86' lang='lat' dir='ltr'><strong>S.</strong></span> <span class='ocrx_word' id='word_1_714' title='bbox 1310 5726 1656 5795; x_wconf 84' lang='lat' dir='ltr'><strong>AuguStiuus,</strong></span> 
     </span>
    </p>
   </div>
   <div class='ocr_carea' id='block_1_92' title="bbox 62 5795 785 5868">
    <p class='ocr_par' dir='ltr' id='par_1_92' title="bbox 62 5795 785 5868">
     <span class='ocr_line' id='line_1_94' title="bbox 62 5795 785 5868; baseline -0.006 -14"><span class='ocrx_word' id='word_1_715' title='bbox 62 5805 123 5854; x_wconf 90' lang='lat' dir='ltr'><strong>et</strong></span> <span class='ocrx_word' id='word_1_716' title='bbox 153 5797 425 5868; x_wconf 83' lang='lat' dir='ltr'><strong>Apuleius</strong></span> <span class='ocrx_word' id='word_1_717' title='bbox 449 5810 516 5851; x_wconf 76' lang='lat' dir='ltr'><strong>ex</strong></span> <span class='ocrx_word' id='word_1_718' title='bbox 545 5795 785 5850; x_wconf 88' lang='lat' dir='ltr'><strong>Platone.</strong></span> 
     </span>
    </p>
   </div>
   <div class='ocr_carea' id='block_1_93' title="bbox 1789 3083 3376 3159">
    <p class='ocr_par' dir='ltr' id='par_1_93' title="bbox 1789 3083 3376 3159">
     <span class='ocr_line' id='line_1_95' title="bbox 1789 3083 3376 3159; baseline 0.007 -23"><span class='ocrx_word' id='word_1_719' title='bbox 1789 3097 1876 3159; x_wconf 46' lang='lat' dir='ltr'><strong>es”</strong></span> <span class='ocrx_word' id='word_1_720' title='bbox 1904 3083 2284 3137; x_wconf 89' lang='lat' dir='ltr'><strong>vetustissimis</strong></span> <span class='ocrx_word' id='word_1_721' title='bbox 2328 3093 2384 3138; x_wconf 91' lang='lat' dir='ltr'><strong>et</strong></span> <span class='ocrx_word' id='word_1_722' title='bbox 2425 3085 2653 3159; x_wconf 62' lang='lat' dir='ltr'><strong>optimis</strong></span> <span class='ocrx_word' id='word_1_723' title='bbox 2692 3087 2879 3159; x_wconf 72' lang='lat' dir='ltr'><strong>mss._l</strong></span> <span class='ocrx_word' id='word_1_724' title='bbox 2915 3087 3146 3149; x_wconf 88' lang='lat' dir='ltr'><strong>Bonon..</strong></span> <span class='ocrx_word' id='word_1_725' title='bbox 3175 3088 3211 3142; x_wconf 76' lang='lat'><strong>2</strong></span> <span class='ocrx_word' id='word_1_726' title='bbox 3246 3091 3376 3159; x_wconf 79' lang='lat' dir='ltr'><strong>Reg.</strong></span> 
     </span>
    </p>
   </div>
   <div class='ocr_carea' id='block_1_94' title="bbox 1787 3153 3380 3224">
    <p class='ocr_par' dir='ltr' id='par_1_94' title="bbox 1787 3153 3380 3224">
     <span class='ocr_line' id='line_1_96' title="bbox 1787 3153 3380 3224; baseline 0.008 -18"><span class='ocrx_word' id='word_1_727' title='bbox 1787 3153 2018 3224; x_wconf 91' lang='lat' dir='ltr'><strong>aliisque</strong></span> <span class='ocrx_word' id='word_1_728' title='bbox 2041 3169 2132 3208; x_wconf 86' lang='lat' dir='ltr'><strong>sex</strong></span> <span class='ocrx_word' id='word_1_729' title='bbox 2156 3195 2171 3217; x_wconf 90' lang='lat'><strong>,</strong></span> <span class='ocrx_word' id='word_1_730' title='bbox 2199 3170 2409 3209; x_wconf 78' lang='lat' dir='ltr'><strong>necnon</strong></span> <span class='ocrx_word' id='word_1_731' title='bbox 2438 3155 2601 3210; x_wconf 90' lang='lat' dir='ltr'><strong>editis</strong></span> <span class='ocrx_word' id='word_1_732' title='bbox 2624 3156 2780 3209; x_wconf 90' lang='lat' dir='ltr'><strong>Rom.</strong></span> <span class='ocrx_word' id='word_1_733' title='bbox 2815 3157 2951 3212; x_wconf 77' lang='grc'><strong>1470</strong></span> <span class='ocrx_word' id='word_1_734' title='bbox 2975 3201 2989 3221; x_wconf 89' lang='grc'>,</span> <span class='ocrx_word' id='word_1_735' title='bbox 3019 3174 3083 3213; x_wconf 91' lang='lat' dir='ltr'><strong>ac</strong></span> <span class='ocrx_word' id='word_1_736' title='bbox 3110 3160 3283 3216; x_wconf 85' lang='lat' dir='ltr'><strong>Betul.</strong></span> <span class='ocrx_word' id='word_1_737' title='bbox 3311 3153 3380 3218; x_wconf 76' lang='lat' dir='ltr'><strong>Et</strong></span> 
     </span>
    </p>
   </div>
   <div class='ocr_carea' id='block_1_95' title="bbox 1785 3225 3373 3302">
    <p class='ocr_par' dir='ltr' id='par_1_95' title="bbox 1785 3225 3373 3302">
     <span class='ocr_line' id='line_1_97' title="bbox 1785 3225 3373 3302; baseline 0.004 -23"><span class='ocrx_word' id='word_1_738' title='bbox 1785 3225 1884 3302; x_wconf 87' lang='lat' dir='ltr'><strong>sic_</strong></span> <span class='ocrx_word' id='word_1_739' title='bbox 1913 3225 2224 3302; x_wconf 81' lang='lat' dir='ltr'><strong>Lactantius</strong></span> <span class='ocrx_word' id='word_1_740' title='bbox 2275 3225 2449 3302; x_wconf 78' lang='lat' dir='ltr'><strong>infra,</strong></span> <span class='ocrx_word' id='word_1_741' title='bbox 2483 3225 2769 3302; x_wconf 73' lang='lat' dir='ltr'><strong>offundunt</strong></span> <span class='ocrx_word' id='word_1_742' title='bbox 2803 3228 3062 3302; x_wconf 67' lang='lat' dir='ltr'><strong>tenebras,</strong></span> <span class='ocrx_word' id='word_1_743' title='bbox 3087 3241 3140 3285; x_wconf 92' lang='lat' dir='ltr'><strong>et</strong></span> <span class='ocrx_word' id='word_1_744' title='bbox 3188 3247 3373 3302; x_wconf 89' lang='lat' dir='ltr'><strong>supra,</strong></span> 
     </span>
    </p>
   </div>
   <div class='ocr_carea' id='block_1_96' title="bbox 1783 3295 3376 3366">
    <p class='ocr_par' dir='ltr' id='par_1_96' title="bbox 1783 3295 3376 3366">
     <span class='ocr_line' id='line_1_98' title="bbox 1783 3295 3376 3366; baseline 0.006 -17"><span class='ocrx_word' id='word_1_745' title='bbox 1783 3295 1976 3366; x_wconf 71' lang='lat' dir='ltr'><strong>eodem</strong></span> <span class='ocrx_word' id='word_1_746' title='bbox 2005 3296 2098 3350; x_wconf 90' lang='lat' dir='ltr'><strong>lib.</strong></span> <span class='ocrx_word' id='word_1_747' title='bbox 2133 3313 2171 3350; x_wconf 82' lang='lat' dir='ltr'><strong>tt</strong></span> <span class='ocrx_word' id='word_1_748' title='bbox 2192 3338 2206 3361; x_wconf 91' lang='lat'><strong>,</strong></span> <span class='ocrx_word' id='word_1_749' title='bbox 2236 3311 2355 3366; x_wconf 86' lang='lat' dir='ltr'><strong>cap.</strong></span> <span class='ocrx_word' id='word_1_750' title='bbox 2391 3298 2444 3362; x_wconf 90' lang='grc'><strong>1,</strong></span> <span class='ocrx_word' id='word_1_751' title='bbox 2473 3301 2615 3352; x_wconf 89' lang='lat' dir='ltr'><strong>circa</strong></span> <span class='ocrx_word' id='word_1_752' title='bbox 2650 3298 2817 3363; x_wconf 87' lang='lat' dir='ltr'><strong>med.,</strong></span> <span class='ocrx_word' id='word_1_753' title='bbox 2837 3297 3103 3362; x_wconf 78' lang='lat' dir='ltr'><strong>effundere</strong></span> <span class='ocrx_word' id='word_1_754' title='bbox 3125 3295 3376 3360; x_wconf 65' lang='lat' dir='ltr'><strong>tenebras.</strong></span> 
     </span>
    </p>
   </div>
   <div class='ocr_carea' id='block_1_97' title="bbox 1782 3364 3376 3437">
    <p class='ocr_par' dir='ltr' id='par_1_97' title="bbox 1782 3364 3376 3437">
     <span class='ocr_line' id='line_1_99' title="bbox 1782 3364 3376 3437; baseline 0.008 -19"><span class='ocrx_word' id='word_1_755' title='bbox 1782 3364 1841 3419; x_wconf 88' lang='lat' dir='ltr'><strong>In</strong></span> <span class='ocrx_word' id='word_1_756' title='bbox 1871 3366 1906 3419; x_wconf 75' lang='lat'><strong>2</strong></span> <span class='ocrx_word' id='word_1_757' title='bbox 1932 3367 2091 3437; x_wconf 67' lang='lat' dir='ltr'><strong>Rog.,</strong></span> <span class='ocrx_word' id='word_1_758' title='bbox 2129 3371 2152 3421; x_wconf 88' lang='grc'><strong>1</strong></span> <span class='ocrx_word' id='word_1_759' title='bbox 2185 3364 2355 3436; x_wconf 56' lang='lat' dir='ltr'><strong>Lips},</strong></span> <span class='ocrx_word' id='word_1_760' title='bbox 2387 3369 2420 3422; x_wconf 77' lang='grc'><strong>5</strong></span> <span class='ocrx_word' id='word_1_761' title='bbox 2449 3367 2601 3422; x_wconf 91' lang='lat' dir='ltr'><strong>Colb.</strong></span> <span class='ocrx_word' id='word_1_762' title='bbox 2632 3379 2687 3424; x_wconf 91' lang='lat' dir='ltr'><strong>et</strong></span> <span class='ocrx_word' id='word_1_763' title='bbox 2710 3369 2799 3424; x_wconf 91' lang='lat' dir='ltr'><strong>ed.</strong></span> <span class='ocrx_word' id='word_1_764' title='bbox 2830 3368 3025 3426; x_wconf 67' lang='lat' dir='ltr'><strong>Cellar.</strong></span> <span class='ocrx_word' id='word_1_765' title='bbox 3048 3383 3129 3426; x_wconf 84' lang='lat' dir='ltr'><strong>est</strong></span> <span class='ocrx_word' id='word_1_766' title='bbox 3160 3378 3376 3437; x_wconf 87' lang='lat' dir='ltr'><strong>pectori-</strong></span> 
     </span>
    </p>
   </div>
   <div class='ocr_carea' id='block_1_98' title="bbox 1781 3437 3372 3510">
    <p class='ocr_par' dir='ltr' id='par_1_98' title="bbox 1781 3437 3372 3510">
     <span class='ocr_line' id='line_1_100' title="bbox 1781 3437 3372 3510; baseline 0.008 -20"><span class='ocrx_word' id='word_1_767' title='bbox 1781 3437 1875 3510; x_wconf 67' lang='lat' dir='ltr'><strong>bus</strong></span> <span class='ocrx_word' id='word_1_768' title='bbox 1922 3437 2236 3510; x_wconf 72' lang='lat' dir='ltr'><strong>o/Tundunt;</strong></span> <span class='ocrx_word' id='word_1_769' title='bbox 2281 3442 2335 3493; x_wconf 92' lang='lat' dir='ltr'><strong>in</strong></span> <span class='ocrx_word' id='word_1_770' title='bbox 2364 3441 2396 3494; x_wconf 80' lang='grc'><strong>5</strong></span> <span class='ocrx_word' id='word_1_771' title='bbox 2436 3439 2507 3493; x_wconf 90' lang='lat' dir='ltr'><strong>al.</strong></span> <span class='ocrx_word' id='word_1_772' title='bbox 2542 3439 2704 3510; x_wconf 67' lang='lat' dir='ltr'><strong>Reg,</strong></span> <span class='ocrx_word' id='word_1_773' title='bbox 2758 3441 2791 3496; x_wconf 80' lang='lat'>5</span> <span class='ocrx_word' id='word_1_774' title='bbox 2834 3441 3008 3509; x_wconf 85' lang='lat' dir='ltr'><strong>Colb.,</strong></span> <span class='ocrx_word' id='word_1_775' title='bbox 3057 3443 3092 3497; x_wconf 74' lang='lat'>2</span> <span class='ocrx_word' id='word_1_776' title='bbox 3135 3437 3372 3502; x_wconf 85' lang='lat' dir='ltr'><strong>Claront.</strong></span> 
     </span>
    </p>
   </div>
   <div class='ocr_carea' id='block_1_99' title="bbox 1779 3507 3112 3583">
    <p class='ocr_par' dir='ltr' id='par_1_99' title="bbox 1779 3507 3112 3583">
     <span class='ocr_line' id='line_1_101' title="bbox 1779 3507 3112 3583; baseline 0.006 -21"><span class='ocrx_word' id='word_1_777' title='bbox 1779 3507 1981 3583; x_wconf 69' lang='lat' dir='ltr'><strong>Brttn_.,_</strong></span> <span class='ocrx_word' id='word_1_778' title='bbox 2001 3509 2302 3583; x_wconf 70' lang='lat' dir='ltr'><strong>effundant;</strong></span> <span class='ocrx_word' id='word_1_779' title='bbox 2330 3511 2401 3583; x_wconf 89' lang='lat' dir='ltr'><strong>Iu_</strong></span> <span class='ocrx_word' id='word_1_780' title='bbox 2421 3511 2483 3564; x_wconf 86' lang='grc'><strong>11</strong></span> <span class='ocrx_word' id='word_1_781' title='bbox 2519 3507 2784 3583; x_wconf 64' lang='lat' dir='ltr'><strong>vulgatis,</strong></span> <span class='ocrx_word' id='word_1_782' title='bbox 2816 3507 3112 3583; x_wconf 79' lang='lat' dir='ltr'><strong>infundant.</strong></span> 
     </span>
    </p>
   </div>
   <div class='ocr_carea' id='block_1_100' title="bbox 1859 3579 3372 3656">
    <p class='ocr_par' dir='ltr' id='par_1_100' title="bbox 1859 3579 3372 3656">
     <span class='ocr_line' id='line_1_102' title="bbox 1859 3579 3372 3656; baseline 0.007 -25"><span class='ocrx_word' id='word_1_783' title='bbox 1859 3579 1982 3656; x_wconf 83' lang='lat' dir='ltr'><strong>_Nisi</strong></span> <span class='ocrx_word' id='word_1_784' title='bbox 1999 3582 2153 3650; x_wconf 81' lang='lat' dir='ltr'><strong>jussu</strong></span> <span class='ocrx_word' id='word_1_785' title='bbox 2193 3580 2458 3656; x_wconf 68' lang='lat' dir='ltr'><strong>facerelta</strong></span> <span class='ocrx_word' id='word_1_786' title='bbox 2481 3579 2896 3656; x_wconf 51' lang='lat' dir='ltr'><strong>_pl_tirimi_mss.&#39;,</strong></span> <span class='ocrx_word' id='word_1_787' title='bbox 2925 3584 3268 3656; x_wconf 86' lang='lat' dir='ltr'><strong>Regio-Put.,</strong></span> <span class='ocrx_word' id='word_1_788' title='bbox 3301 3588 3372 3642; x_wconf 77' lang='grc'><strong>12</strong></span> 
     </span>
    </p>
   </div>
   <div class='ocr_carea' id='block_1_101' title="bbox 1778 3650 3370 3727">
    <p class='ocr_par' dir='ltr' id='par_1_101' title="bbox 1778 3650 3370 3727">
     <span class='ocr_line' id='line_1_103' title="bbox 1778 3650 3370 3727; baseline 0.004 -22"><span class='ocrx_word' id='word_1_789' title='bbox 1778 3653 1985 3727; x_wconf 72' lang='lat' dir='ltr'><strong>alii,_et</strong></span> <span class='ocrx_word' id='word_1_790' title='bbox 2015 3667 2120 3727; x_wconf 87' lang='lat' dir='ltr'><strong>sex_</strong></span> <span class='ocrx_word' id='word_1_791' title='bbox 2141 3650 2279 3727; x_wconf 73' lang='lat' dir='ltr'><strong>typis</strong></span> <span class='ocrx_word' id='word_1_792' title='bbox 2308 3653 2514 3727; x_wconf 80' lang='lat' dir='ltr'><strong>excusi.</strong></span> <span class='ocrx_word' id='word_1_793' title='bbox 2545 3650 2605 3727; x_wconf 84' lang='lat' dir='ltr'><strong>ln</strong></span> <span class='ocrx_word' id='word_1_794' title='bbox 2638 3653 2663 3705; x_wconf 89' lang='grc'><strong>1</strong></span> <span class='ocrx_word' id='word_1_795' title='bbox 2699 3652 2905 3727; x_wconf 76' lang='lat' dir='ltr'><strong>Bonon.</strong></span> <span class='ocrx_word' id='word_1_796' title='bbox 2935 3650 3129 3727; x_wconf 73' lang='lat' dir='ltr'><strong>aniiq.,</strong></span> <span class='ocrx_word' id='word_1_797' title='bbox 3162 3660 3181 3710; x_wconf 88' lang='lat' dir='ltr'><strong>l</strong></span> <span class='ocrx_word' id='word_1_798' title='bbox 3212 3650 3370 3727; x_wconf 81' lang='lat' dir='ltr'><strong>Reg.,</strong></span> 
     </span>
    </p>
   </div>
   <div class='ocr_carea' id='block_1_102' title="bbox 1779 3721 3369 3797">
    <p class='ocr_par' dir='ltr' id='par_1_102' title="bbox 1779 3721 3369 3797">
     <span class='ocr_line' id='line_1_104' title="bbox 1779 3721 3369 3797; baseline 0.001 -19"><span class='ocrx_word' id='word_1_799' title='bbox 1779 3721 1815 3797; x_wconf 70' lang='grc'>2</span> <span class='ocrx_word' id='word_1_800' title='bbox 1844 3723 2022 3797; x_wconf 86' lang='lat' dir='ltr'><strong>Colb.,</strong></span> <span class='ocrx_word' id='word_1_801' title='bbox 2056 3721 2145 3775; x_wconf 91' lang='lat' dir='ltr'><strong>ed.</strong></span> <span class='ocrx_word' id='word_1_802' title='bbox 2167 3721 2429 3797; x_wconf 63' lang='lat' dir='ltr'><strong>&quot;l‘ornes.,</strong></span> <span class='ocrx_word' id='word_1_803' title='bbox 2464 3723 2901 3797; x_wconf 75' lang='lat' dir='ltr'><strong>legitur,jussum</strong></span> <span class='ocrx_word' id='word_1_804' title='bbox 2925 3721 3082 3797; x_wconf 71' lang='lat' dir='ltr'><strong>;_in5</strong></span> <span class='ocrx_word' id='word_1_805' title='bbox 3101 3728 3172 3781; x_wconf 93' lang='lat' dir='ltr'><strong>al.</strong></span> <span class='ocrx_word' id='word_1_806' title='bbox 3197 3721 3369 3797; x_wconf 72' lang='lat' dir='ltr'><strong>scrin</strong></span> 
     </span>
    </p>
   </div>
   <div class='ocr_carea' id='block_1_103' title="bbox 1779 3792 3368 3917">
    <p class='ocr_par' dir='ltr' id='par_1_103' title="bbox 1779 3792 3368 3917">
     <span class='ocr_line' id='line_1_105' title="bbox 1779 3792 3368 3917; baseline 0.004 -73"><span class='ocrx_word' id='word_1_807' title='bbox 1779 3794 1882 3850; x_wconf 86' lang='lat' dir='ltr'><strong>tis.</strong></span> <span class='ocrx_word' id='word_1_808' title='bbox 1909 3794 2213 3872; x_wconf 81' lang='lat' dir='ltr'><strong>jussa;‘pro</strong></span> <span class='ocrx_word' id='word_1_809' title='bbox 2236 3794 2501 3874; x_wconf 73' lang='lat' dir='ltr'><strong>quojusta</strong></span> <span class='ocrx_word' id='word_1_810' title='bbox 2527 3792 2580 3845; x_wconf 91' lang='lat' dir='ltr'><strong>in</strong></span> <span class='ocrx_word' id='word_1_811' title='bbox 2606 3793 2628 3844; x_wconf 94' lang='grc'><strong>1</strong></span> <span class='ocrx_word' id='word_1_812' title='bbox 2660 3793 2794 3917; x_wconf 46' lang='lat' dir='ltr'><strong>Reg.</strong></span> <span class='ocrx_word' id='word_1_813' title='bbox 2828 3803 2883 3847; x_wconf 89' lang='lat' dir='ltr'><strong>et</strong></span> <span class='ocrx_word' id='word_1_814' title='bbox 2909 3794 2997 3848; x_wconf 90' lang='lat' dir='ltr'><strong>ed.</strong></span> <span class='ocrx_word' id='word_1_815' title='bbox 3027 3796 3181 3876; x_wconf 75' lang='lat' dir='ltr'><strong>Rom.</strong></span> <span class='ocrx_word' id='word_1_816' title='bbox 3209 3792 3368 3880; x_wconf 48' lang='lat'><strong>“6:8,</strong></span> 
     </span>
     <span class='ocr_line' id='line_1_106' title="bbox 1779 3862 3367 3917; baseline 0 0"><span class='ocrx_word' id='word_1_817' title='bbox 1779 3865 1948 3917; x_wconf 79' lang='lat' dir='ltr'><strong>M70:</strong></span> <span class='ocrx_word' id='word_1_818' title='bbox 1972 3865 2026 3917; x_wconf 93' lang='lat' dir='ltr'><strong>in</strong></span> <span class='ocrx_word' id='word_1_819' title='bbox 2049 3863 2162 3917; x_wconf 87' lang='lat' dir='ltr'><strong>Pal.</strong></span> <span class='ocrx_word' id='word_1_820' title='bbox 2195 3879 2358 3917; x_wconf 76' lang='lat' dir='ltr'><strong>iusst:</strong></span> <span class='ocrx_word' id='word_1_821' title='bbox 2387 3881 2438 3917; x_wconf 88' lang='lat' dir='ltr'><strong>tu</strong></span> <span class='ocrx_word' id='word_1_822' title='bbox 2470 3865 2495 3917; x_wconf 91' lang='grc'><strong>1</strong></span> <span class='ocrx_word' id='word_1_823' title='bbox 2532 3862 2693 3917; x_wconf 55' lang='lat' dir='ltr'><strong>Rea”</strong></span> <span class='ocrx_word' id='word_1_824' title='bbox 2719 3903 2736 3917; x_wconf 89' lang='lat'><strong>.</strong></span> <span class='ocrx_word' id='word_1_825' title='bbox 2773 3878 2907 3917; x_wconf 88' lang='lat' dir='ltr'><strong>arm.</strong></span> <span class='ocrx_word' id='word_1_826' title='bbox 2935 3874 2990 3917; x_wconf 92' lang='lat' dir='ltr'><strong>et</strong></span> <span class='ocrx_word' id='word_1_827' title='bbox 3011 3867 3043 3917; x_wconf 90' lang='lat'><strong>7</strong></span> <span class='ocrx_word' id='word_1_828' title='bbox 3069 3881 3367 3917; x_wconf 83' lang='lat' dir='ltr'><strong>lle‘eSSlS-</strong></span> 
     </span>
    </p>
   </div>
   <div class='ocr_carea' id='block_1_104' title="bbox 1779 3862 3368 3936">
    <p class='ocr_par' dir='ltr' id='par_1_104' title="bbox 1779 3862 3368 3936">
     <span class='ocr_line' id='line_1_107' title="bbox 1779 3862 3368 3936; baseline 0.004 -19"><span class='ocrx_word' id='word_1_829' title='bbox 1779 3862 1948 3926; x_wconf 79' lang='lat' dir='ltr'><strong>M70;</strong></span> <span class='ocrx_word' id='word_1_830' title='bbox 1972 3865 2026 3917; x_wconf 93' lang='lat' dir='ltr'><strong>in</strong></span> <span class='ocrx_word' id='word_1_831' title='bbox 2049 3863 2162 3917; x_wconf 91' lang='lat' dir='ltr'><strong>Pal.</strong></span> <span class='ocrx_word' id='word_1_832' title='bbox 2184 3862 2366 3934; x_wconf 52' lang='lat' dir='ltr'><strong>jussi,‘</strong></span> <span class='ocrx_word' id='word_1_833' title='bbox 2387 3865 2438 3918; x_wconf 90' lang='lat' dir='ltr'><strong>in</strong></span> <span class='ocrx_word' id='word_1_834' title='bbox 2470 3865 2495 3917; x_wconf 90' lang='grc'><strong>1</strong></span> <span class='ocrx_word' id='word_1_835' title='bbox 2532 3862 2693 3933; x_wconf 87' lang='lat' dir='ltr'><strong>Reg.,</strong></span> <span class='ocrx_word' id='word_1_836' title='bbox 2719 3862 2907 3918; x_wconf 82' lang='lat' dir='ltr'><strong>Marm.</strong></span> <span class='ocrx_word' id='word_1_837' title='bbox 2935 3874 2990 3920; x_wconf 89' lang='lat' dir='ltr'><strong>et</strong></span> <span class='ocrx_word' id='word_1_838' title='bbox 3011 3867 3043 3920; x_wconf 93' lang='lat'><strong>7</strong></span> <span class='ocrx_word' id='word_1_839' title='bbox 3069 3862 3368 3936; x_wconf 86' lang='lat' dir='ltr'><strong>impressis,</strong></span> 
     </span>
    </p>
   </div>
   <div class='ocr_carea' id='block_1_105' title="bbox 1890 3951 2075 3988">
    <p class='ocr_par' dir='ltr' id='par_1_105' title="bbox 1890 3951 2075 3988">
     <span class='ocr_line' id='line_1_108' title="bbox 1890 3951 2075 3988; baseline 0 0"><span class='ocrx_word' id='word_1_840' title='bbox 1890 3953 1922 3988; x_wconf 80' lang='grc' dir='ltr'><strong>ιι</strong></span> <span class='ocrx_word' id='word_1_841' title='bbox 1947 3951 2075 3988; x_wconf 67' lang='grc'><strong>81118.</strong></span> 
     </span>
    </p>
   </div>
   <div class='ocr_carea' id='block_1_106' title="bbox 1766 3953 3364 4079">
    <p class='ocr_par' dir='ltr' id='par_1_106' title="bbox 1766 3953 3364 4079">
     <span class='ocr_line' id='line_1_109' title="bbox 1766 3953 3364 4079; baseline 0.003 -19"><span class='ocrx_word' id='word_1_842' title='bbox 1766 3953 2223 4079; x_wconf 28' lang='grc' dir='ltr'><strong>Ιμαδῗίἲδέᾜθωυν.</strong></span> <span class='ocrx_word' id='word_1_843' title='bbox 2272 4004 2400 4060; x_wconf 89' lang='lat' dir='ltr'><strong>Mss.</strong></span> <span class='ocrx_word' id='word_1_844' title='bbox 2449 4005 2482 4060; x_wconf 89' lang='lat'>8</span> <span class='ocrx_word' id='word_1_845' title='bbox 2513 4013 2568 4061; x_wconf 86' lang='lat' dir='ltr'><strong>et</strong></span> <span class='ocrx_word' id='word_1_846' title='bbox 2605 4004 2691 4062; x_wconf 92' lang='lat' dir='ltr'><strong>ed.</strong></span> <span class='ocrx_word' id='word_1_847' title='bbox 2721 4005 2919 4061; x_wconf 89' lang='lat' dir='ltr'><strong>Cellar.</strong></span> <span class='ocrx_word' id='word_1_848' title='bbox 2939 4047 2956 4073; x_wconf 95' lang='lat'><strong>,</strong></span> <span class='ocrx_word' id='word_1_849' title='bbox 2989 4023 3070 4062; x_wconf 88' lang='lat' dir='ltr'><strong>res</strong></span> <span class='ocrx_word' id='word_1_850' title='bbox 3098 4020 3364 4079; x_wconf 84' lang='lat' dir='ltr'><strong>gerantur.</strong></span> 
     </span>
    </p>
   </div>
   <div class='ocr_carea' id='block_1_107' title="bbox 1772 4075 2326 4132">
    <p class='ocr_par' dir='ltr' id='par_1_107' title="bbox 1772 4075 2326 4132">
     <span class='ocr_line' id='line_1_110' title="bbox 1772 4075 2326 4132; baseline -0.005 -1"><span class='ocrx_word' id='word_1_851' title='bbox 1772 4075 1968 4132; x_wconf 67' lang='lat' dir='ltr'><strong>Caneri</strong></span> <span class='ocrx_word' id='word_1_852' title='bbox 1999 4085 2054 4130; x_wconf 87' lang='lat' dir='ltr'><strong>ut</strong></span> <span class='ocrx_word' id='word_1_853' title='bbox 2081 4077 2130 4130; x_wconf 88' lang='lat' dir='ltr'><strong>in</strong></span> <span class='ocrx_word' id='word_1_854' title='bbox 2160 4085 2326 4130; x_wconf 81' lang='lat' dir='ltr'><strong>textu.</strong></span> 
     </span>
    </p>
   </div>
   <div class='ocr_carea' id='block_1_108' title="bbox 1845 4145 3366 4218">
    <p class='ocr_par' dir='ltr' id='par_1_108' title="bbox 1845 4145 3366 4218">
     <span class='ocr_line' id='line_1_111' title="bbox 1845 4145 3366 4218; baseline 0.007 -17"><span class='ocrx_word' id='word_1_855' title='bbox 1845 4145 1972 4202; x_wconf 88' lang='lat' dir='ltr'><strong>Cum</strong></span> <span class='ocrx_word' id='word_1_856' title='bbox 2001 4147 2135 4214; x_wconf 84' lang='lat' dir='ltr'><strong>ﬁlio.</strong></span> <span class='ocrx_word' id='word_1_857' title='bbox 2190 4147 2267 4218; x_wconf 86' lang='lat' dir='ltr'><strong>Ita</strong></span> <span class='ocrx_word' id='word_1_858' title='bbox 2311 4148 2720 4213; x_wconf 90' lang='lat' dir='ltr'><strong>cumomnibus</strong></span> <span class='ocrx_word' id='word_1_859' title='bbox 2747 4148 2906 4204; x_wconf 89' lang='lat' dir='ltr'><strong>editis</strong></span> <span class='ocrx_word' id='word_1_860' title='bbox 2933 4165 3066 4206; x_wconf 89' lang='lat' dir='ltr'><strong>mss.</strong></span> <span class='ocrx_word' id='word_1_861' title='bbox 3098 4152 3188 4218; x_wconf 81' lang='grc'><strong>50,</strong></span> <span class='ocrx_word' id='word_1_862' title='bbox 3224 4154 3366 4210; x_wconf 90' lang='lat' dir='ltr'><strong>inter</strong></span> 
     </span>
    </p>
   </div>
   <div class='ocr_carea' id='block_1_109' title="bbox 1770 4217 3362 4290">
    <p class='ocr_par' dir='ltr' id='par_1_109' title="bbox 1770 4217 3362 4290">
     <span class='ocr_line' id='line_1_112' title="bbox 1770 4217 3362 4290; baseline 0.006 -18"><span class='ocrx_word' id='word_1_863' title='bbox 1770 4233 1906 4288; x_wconf 89' lang='lat' dir='ltr'><strong>quos</strong></span> <span class='ocrx_word' id='word_1_864' title='bbox 1937 4229 2020 4274; x_wconf 87' lang='lat' dir='ltr'><strong>est</strong></span> <span class='ocrx_word' id='word_1_865' title='bbox 2040 4217 2364 4290; x_wconf 85' lang='lat' dir='ltr'><strong>chio-Put.</strong></span> <span class='ocrx_word' id='word_1_866' title='bbox 2392 4219 2487 4274; x_wconf 69' lang='lat' dir='ltr'><strong>lite</strong></span> <span class='ocrx_word' id='word_1_867' title='bbox 2509 4219 2630 4274; x_wconf 69' lang='lat' dir='ltr'><strong>dum</strong></span> <span class='ocrx_word' id='word_1_868' title='bbox 2652 4235 2814 4276; x_wconf 83' lang='lat' dir='ltr'><strong>voces</strong></span> <span class='ocrx_word' id='word_1_869' title='bbox 2839 4222 3034 4277; x_wconf 91' lang='lat' dir='ltr'><strong>absunt</strong></span> <span class='ocrx_word' id='word_1_870' title='bbox 3054 4239 3082 4275; x_wconf 91' lang='lat' dir='ltr'><strong>a</strong></span> <span class='ocrx_word' id='word_1_871' title='bbox 3111 4224 3178 4278; x_wconf 81' lang='grc'><strong>15</strong></span> <span class='ocrx_word' id='word_1_872' title='bbox 3199 4240 3362 4282; x_wconf 90' lang='lat' dir='ltr'><strong>manu</strong></span> 
     </span>
    </p>
   </div>
   <div class='ocr_carea' id='block_1_110' title="bbox 1770 4300 2023 4344">
    <p class='ocr_par' dir='ltr' id='par_1_110' title="bbox 1770 4300 2023 4344">
     <span class='ocr_line' id='line_1_113' title="bbox 1770 4300 2023 4344; baseline -0.008 0"><span class='ocrx_word' id='word_1_873' title='bbox 1770 4300 2023 4344; x_wconf 82' lang='lat' dir='ltr'><strong>exaratis.</strong></span> 
     </span>
    </p>
   </div>
   <div class='ocr_carea' id='block_1_111' title="bbox 1848 4359 3361 4432">
    <p class='ocr_par' dir='ltr' id='par_1_111' title="bbox 1848 4359 3361 4432">
     <span class='ocr_line' id='line_1_114' title="bbox 1848 4359 3361 4432; baseline 0.007 -19"><span class='ocrx_word' id='word_1_874' title='bbox 1848 4359 1958 4415; x_wconf 86' lang='lat' dir='ltr'><strong>Nec</strong></span> <span class='ocrx_word' id='word_1_875' title='bbox 1985 4370 2058 4414; x_wconf 87' lang='lat' dir='ltr'><strong>est</strong></span> <span class='ocrx_word' id='word_1_876' title='bbox 2088 4361 2140 4415; x_wconf 90' lang='lat' dir='ltr'><strong>in</strong></span> <span class='ocrx_word' id='word_1_877' title='bbox 2165 4360 2378 4432; x_wconf 79' lang='lat' dir='ltr'><strong>angelis.</strong></span> <span class='ocrx_word' id='word_1_878' title='bbox 2405 4361 2484 4416; x_wconf 78' lang='lat' dir='ltr'><strong>Ex</strong></span> <span class='ocrx_word' id='word_1_879' title='bbox 2509 4377 2642 4417; x_wconf 90' lang='lat' dir='ltr'><strong>mss.</strong></span> <span class='ocrx_word' id='word_1_880' title='bbox 2668 4372 2722 4418; x_wconf 91' lang='lat' dir='ltr'><strong>et</strong></span> <span class='ocrx_word' id='word_1_881' title='bbox 2746 4364 3018 4418; x_wconf 90' lang='lat' dir='ltr'><strong>veteribus</strong></span> <span class='ocrx_word' id='word_1_882' title='bbox 3054 4365 3215 4420; x_wconf 87' lang='lat' dir='ltr'><strong>editis</strong></span> <span class='ocrx_word' id='word_1_883' title='bbox 3241 4382 3361 4423; x_wconf 88' lang='lat' dir='ltr'><strong>res-</strong></span> 
     </span>
    </p>
   </div>
   <div class='ocr_carea' id='block_1_112' title="bbox 1777 4431 3253 4502">
    <p class='ocr_par' dir='ltr' id='par_1_112' title="bbox 1777 4431 3253 4502">
     <span class='ocr_line' id='line_1_115' title="bbox 1777 4431 3253 4502; baseline 0.004 -18"><span class='ocrx_word' id='word_1_884' title='bbox 1777 4431 1893 4486; x_wconf 92' lang='lat' dir='ltr'><strong>titui</strong></span> <span class='ocrx_word' id='word_1_885' title='bbox 1926 4442 2028 4498; x_wconf 88' lang='lat' dir='ltr'><strong>est,</strong></span> <span class='ocrx_word' id='word_1_886' title='bbox 2065 4432 2209 4501; x_wconf 91' lang='lat' dir='ltr'><strong>quod</strong></span> <span class='ocrx_word' id='word_1_887' title='bbox 2237 4431 2290 4487; x_wconf 86' lang='lat' dir='ltr'><strong>in</strong></span> <span class='ocrx_word' id='word_1_888' title='bbox 2324 4433 2567 4501; x_wconf 91' lang='lat' dir='ltr'><strong>pluribus</strong></span> <span class='ocrx_word' id='word_1_889' title='bbox 2599 4449 2706 4488; x_wconf 89' lang='lat' dir='ltr'><strong>rec.</strong></span> <span class='ocrx_word' id='word_1_890' title='bbox 2741 4434 3018 4502; x_wconf 87' lang='lat' dir='ltr'><strong>impressis</strong></span> <span class='ocrx_word' id='word_1_891' title='bbox 3047 4435 3253 4491; x_wconf 87' lang='lat' dir='ltr'><strong>deerat.</strong></span> 
     </span>
    </p>
   </div>
   <div class='ocr_carea' id='block_1_113' title="bbox 1849 4502 3354 4570">
    <p class='ocr_par' dir='ltr' id='par_1_113' title="bbox 1849 4502 3354 4570">
     <span class='ocr_line' id='line_1_116' title="bbox 1849 4502 3354 4570; baseline 0.005 -15"><span class='ocrx_word' id='word_1_892' title='bbox 1849 4502 1970 4556; x_wconf 87' lang='lat' dir='ltr'><strong>Non</strong></span> <span class='ocrx_word' id='word_1_893' title='bbox 1999 4519 2115 4570; x_wconf 87' lang='lat' dir='ltr'><strong>quo.</strong></span> <span class='ocrx_word' id='word_1_894' title='bbox 2152 4503 2226 4557; x_wconf 87' lang='lat' dir='ltr'><strong>Ita</strong></span> <span class='ocrx_word' id='word_1_895' title='bbox 2255 4505 2463 4556; x_wconf 89' lang='lat' dir='ltr'><strong>restitui</strong></span> <span class='ocrx_word' id='word_1_896' title='bbox 2493 4519 2558 4558; x_wconf 82' lang='lat' dir='ltr'><strong>ex</strong></span> <span class='ocrx_word' id='word_1_897' title='bbox 2587 4504 2838 4558; x_wconf 89' lang='lat' dir='ltr'><strong>omnibus</strong></span> <span class='ocrx_word' id='word_1_898' title='bbox 2867 4519 2998 4558; x_wconf 91' lang='lat' dir='ltr'><strong>mss.</strong></span> <span class='ocrx_word' id='word_1_899' title='bbox 3033 4516 3086 4558; x_wconf 91' lang='lat' dir='ltr'><strong>et</strong></span> <span class='ocrx_word' id='word_1_900' title='bbox 3113 4507 3354 4563; x_wconf 85' lang='lat' dir='ltr'><strong>editione</strong></span> 
     </span>
    </p>
   </div>
   <div class='ocr_carea' id='block_1_114' title="bbox 1773 4572 3356 4645">
    <p class='ocr_par' dir='ltr' id='par_1_114' title="bbox 1773 4572 3356 4645">
     <span class='ocr_line' id='line_1_117' title="bbox 1773 4572 3356 4645; baseline 0.002 -18"><span class='ocrx_word' id='word_1_901' title='bbox 1773 4573 2002 4628; x_wconf 81' lang='lat' dir='ltr'><strong>Roman.</strong></span> <span class='ocrx_word' id='word_1_902' title='bbox 2039 4574 2197 4628; x_wconf 67' lang='grc'><strong>1468.</strong></span> <span class='ocrx_word' id='word_1_903' title='bbox 2227 4572 2432 4645; x_wconf 65' lang='lat' dir='ltr'><strong>Cmteri</strong></span> <span class='ocrx_word' id='word_1_904' title='bbox 2463 4574 2662 4645; x_wconf 87' lang='lat' dir='ltr'><strong>vulgati</strong></span> <span class='ocrx_word' id='word_1_905' title='bbox 2691 4574 3075 4645; x_wconf 77' lang='lat' dir='ltr'><strong>habentquod.</strong></span> <span class='ocrx_word' id='word_1_906' title='bbox 3105 4576 3176 4630; x_wconf 87' lang='lat' dir='ltr'><strong>At</strong></span> <span class='ocrx_word' id='word_1_907' title='bbox 3218 4593 3317 4645; x_wconf 89' lang='lat' dir='ltr'><strong>quo</strong></span> <span class='ocrx_word' id='word_1_908' title='bbox 3338 4620 3356 4642; x_wconf 91' lang='lat'><strong>,</strong></span> 
     </span>
    </p>
   </div>
   <div class='ocr_carea' id='block_1_115' title="bbox 1774 4643 3357 4716">
    <p class='ocr_par' dir='ltr' id='par_1_115' title="bbox 1774 4643 3357 4716">
     <span class='ocr_line' id='line_1_118' title="bbox 1774 4643 3357 4716; baseline 0.004 -18"><span class='ocrx_word' id='word_1_909' title='bbox 1774 4659 1870 4713; x_wconf 91' lang='lat' dir='ltr'><strong>pro</strong></span> <span class='ocrx_word' id='word_1_910' title='bbox 1891 4646 2046 4712; x_wconf 84' lang='lat' dir='ltr'><strong>quod,</strong></span> <span class='ocrx_word' id='word_1_911' title='bbox 2068 4645 2260 4716; x_wconf 85' lang='lat' dir='ltr'><strong>legitur</strong></span> <span class='ocrx_word' id='word_1_912' title='bbox 2299 4644 2438 4716; x_wconf 89' lang='lat' dir='ltr'><strong>apud</strong></span> <span class='ocrx_word' id='word_1_913' title='bbox 2466 4643 2782 4699; x_wconf 83' lang='lat' dir='ltr'><strong>Ciceronem</strong></span> <span class='ocrx_word' id='word_1_914' title='bbox 2808 4662 2821 4697; x_wconf 91' lang='lat'>:</span> <span class='ocrx_word' id='word_1_915' title='bbox 2849 4643 2973 4716; x_wconf 85' lang='lat' dir='ltr'><strong>Non</strong></span> <span class='ocrx_word' id='word_1_916' title='bbox 2993 4662 3091 4710; x_wconf 85' lang='lat' dir='ltr'><strong>quo</strong></span> <span class='ocrx_word' id='word_1_917' title='bbox 3115 4643 3357 4704; x_wconf 84' lang='lat' dir='ltr'><strong>alicunde</strong></span> 
     </span>
    </p>
   </div>
   <div class='ocr_carea' id='block_1_116' title="bbox 1769 4715 3028 4784">
    <p class='ocr_par' dir='ltr' id='par_1_116' title="bbox 1769 4715 3028 4784">
     <span class='ocr_line' id='line_1_119' title="bbox 1769 4715 3028 4784; baseline 0.001 -16"><span class='ocrx_word' id='word_1_918' title='bbox 1769 4717 2056 4782; x_wconf 83' lang='lat' dir='ltr'><strong>audiveris,</strong></span> <span class='ocrx_word' id='word_1_919' title='bbox 2086 4715 2182 4769; x_wconf 89' lang='lat' dir='ltr'><strong>lib.</strong></span> <span class='ocrx_word' id='word_1_920' title='bbox 2219 4731 2277 4782; x_wconf 70' lang='grc' dir='ltr'><strong>ι,</strong></span> <span class='ocrx_word' id='word_1_921' title='bbox 2310 4715 2375 4769; x_wconf 88' lang='lat' dir='ltr'><strong>ad</strong></span> <span class='ocrx_word' id='word_1_922' title='bbox 2399 4715 2560 4770; x_wconf 82' lang='lat' dir='ltr'><strong>Attic.</strong></span> <span class='ocrx_word' id='word_1_923' title='bbox 2593 4731 2680 4784; x_wconf 87' lang='lat' dir='ltr'><strong>ep.</strong></span> <span class='ocrx_word' id='word_1_924' title='bbox 2717 4732 2765 4780; x_wconf 86' lang='grc' dir='ltr'><strong>ι,</strong></span> <span class='ocrx_word' id='word_1_925' title='bbox 2799 4725 2854 4770; x_wconf 90' lang='lat' dir='ltr'><strong>et</strong></span> <span class='ocrx_word' id='word_1_926' title='bbox 2879 4715 3028 4770; x_wconf 89' lang='lat' dir='ltr'><strong>alibi.</strong></span> 
     </span>
    </p>
   </div>
   <div class='ocr_carea' id='block_1_117' title="bbox 1844 4785 3358 4856">
    <p class='ocr_par' dir='ltr' id='par_1_117' title="bbox 1844 4785 3358 4856">
     <span class='ocr_line' id='line_1_120' title="bbox 1844 4785 3358 4856; baseline 0.005 -17"><span class='ocrx_word' id='word_1_927' title='bbox 1844 4785 1963 4840; x_wconf 90' lang='lat' dir='ltr'><strong>Non</strong></span> <span class='ocrx_word' id='word_1_928' title='bbox 1995 4803 2092 4856; x_wconf 87' lang='lat' dir='ltr'><strong>quo</strong></span> <span class='ocrx_word' id='word_1_929' title='bbox 2120 4786 2279 4840; x_wconf 89' lang='lat' dir='ltr'><strong>ullum</strong></span> <span class='ocrx_word' id='word_1_930' title='bbox 2307 4787 2549 4839; x_wconf 81' lang='lat' dir='ltr'><strong>honorem</strong></span> <span class='ocrx_word' id='word_1_931' title='bbox 2577 4786 2882 4850; x_wconf 84' lang='lat' dir='ltr'><strong>desiderent,</strong></span> <span class='ocrx_word' id='word_1_932' title='bbox 2911 4797 3016 4841; x_wconf 88' lang='lat' dir='ltr'><strong>etc.</strong></span> <span class='ocrx_word' id='word_1_933' title='bbox 3048 4788 3203 4844; x_wconf 89' lang='lat' dir='ltr'><strong>Aliud</strong></span> <span class='ocrx_word' id='word_1_934' title='bbox 3233 4804 3358 4847; x_wconf 87' lang='lat' dir='ltr'><strong>sen-</strong></span> 
     </span>
    </p>
   </div>
   <div class='ocr_carea' id='block_1_118' title="bbox 1771 4857 3356 4930">
    <p class='ocr_par' dir='ltr' id='par_1_118' title="bbox 1771 4857 3356 4930">
     <span class='ocr_line' id='line_1_121' title="bbox 1771 4857 3356 4930; baseline 0.003 -19"><span class='ocrx_word' id='word_1_935' title='bbox 1771 4857 1833 4930; x_wconf 83' lang='lat' dir='ltr'><strong>tit</strong></span> <span class='ocrx_word' id='word_1_936' title='bbox 1857 4857 1914 4913; x_wconf 89' lang='lat' dir='ltr'><strong>S.</strong></span> <span class='ocrx_word' id='word_1_937' title='bbox 1945 4858 2170 4930; x_wconf 80' lang='lat' dir='ltr'><strong>August.</strong></span> <span class='ocrx_word' id='word_1_938' title='bbox 2210 4857 2246 4911; x_wconf 91' lang='lat' dir='ltr'><strong>l.</strong></span> <span class='ocrx_word' id='word_1_939' title='bbox 2283 4873 2332 4911; x_wconf 82' lang='lat' dir='ltr'><strong>ix</strong></span> <span class='ocrx_word' id='word_1_940' title='bbox 2364 4857 2585 4930; x_wconf 61' lang='lat' dir='ltr'><strong>deCiv.</strong></span> <span class='ocrx_word' id='word_1_941' title='bbox 2607 4858 2717 4930; x_wconf 78' lang='lat' dir='ltr'><strong>Dei.</strong></span> <span class='ocrx_word' id='word_1_942' title='bbox 2750 4872 2868 4927; x_wconf 87' lang='lat' dir='ltr'><strong>cap.</strong></span> <span class='ocrx_word' id='word_1_943' title='bbox 2897 4858 2986 4913; x_wconf 73' lang='grc'><strong>20.</strong></span> <span class='ocrx_word' id='word_1_944' title='bbox 3025 4858 3137 4924; x_wconf 86' lang='lat' dir='ltr'><strong>Est,</strong></span> <span class='ocrx_word' id='word_1_945' title='bbox 3164 4864 3356 4930; x_wconf 84' lang='lat' dir='ltr'><strong>inquit,</strong></span> 
     </span>
    </p>
   </div>
   <div class='ocr_carea' id='block_1_119' title="bbox 1768 4928 3355 5002">
    <p class='ocr_par' dir='ltr' id='par_1_119' title="bbox 1768 4928 3355 5002">
     <span class='ocr_line' id='line_1_122' title="bbox 1768 4928 3355 5002; baseline 0.004 -21"><span class='ocrx_word' id='word_1_946' title='bbox 1768 4929 1822 4982; x_wconf 85' lang='lat' dir='ltr'><strong>in</strong></span> <span class='ocrx_word' id='word_1_947' title='bbox 1847 4929 2160 4983; x_wconf 75' lang='lat' dir='ltr'><strong>dwmonibus</strong></span> <span class='ocrx_word' id='word_1_948' title='bbox 2179 4930 2388 5002; x_wconf 78' lang='lat' dir='ltr'><strong>scientia</strong></span> <span class='ocrx_word' id='word_1_949' title='bbox 2411 4929 2519 4982; x_wconf 85' lang='lat' dir='ltr'><strong>sine</strong></span> <span class='ocrx_word' id='word_1_950' title='bbox 2538 4928 2785 5002; x_wconf 81' lang='lat' dir='ltr'><strong>charitute</strong></span> <span class='ocrx_word' id='word_1_951' title='bbox 2804 4939 2891 5002; x_wconf 13' lang='lat' dir='ltr'><strong>;7et</strong></span> <span class='ocrx_word' id='word_1_952' title='bbox 2910 4929 3025 4983; x_wconf 87' lang='lat' dir='ltr'><strong>ideo</strong></span> <span class='ocrx_word' id='word_1_953' title='bbox 3046 4941 3147 4984; x_wconf 89' lang='lat' dir='ltr'><strong>tam</strong></span> <span class='ocrx_word' id='word_1_954' title='bbox 3169 4928 3355 5002; x_wconf 80' lang='lat' dir='ltr'><strong>inﬂati,</strong></span> 
     </span>
    </p>
   </div>
   <div class='ocr_carea' id='block_1_120' title="bbox 1768 4999 3360 5074">
    <p class='ocr_par' dir='ltr' id='par_1_120' title="bbox 1768 4999 3360 5074">
     <span class='ocr_line' id='line_1_123' title="bbox 1768 4999 3360 5074; baseline 0.004 -22"><span class='ocrx_word' id='word_1_955' title='bbox 1768 4999 1824 5053; x_wconf 83' lang='lat' dir='ltr'><strong>id</strong></span> <span class='ocrx_word' id='word_1_956' title='bbox 1847 5011 1918 5054; x_wconf 86' lang='lat' dir='ltr'><strong>est</strong></span> <span class='ocrx_word' id='word_1_957' title='bbox 1945 5010 2048 5053; x_wconf 83' lang='lat' dir='ltr'><strong>tum</strong></span> <span class='ocrx_word' id='word_1_958' title='bbox 2069 4999 2272 5069; x_wconf 85' lang='lat' dir='ltr'><strong>superbi</strong></span> <span class='ocrx_word' id='word_1_959' title='bbox 2295 5009 2411 5052; x_wconf 86' lang='lat' dir='ltr'><strong>sunt</strong></span> <span class='ocrx_word' id='word_1_960' title='bbox 2430 5041 2464 5074; x_wconf 84' lang='lat'><strong>,_</strong></span> <span class='ocrx_word' id='word_1_961' title='bbox 2469 5009 2522 5052; x_wconf 88' lang='lat' dir='ltr'><strong>ut</strong></span> <span class='ocrx_word' id='word_1_962' title='bbox 2547 5001 2763 5074; x_wconf 80' lang='lat' dir='ltr'><strong>[tonores</strong></span> <span class='ocrx_word' id='word_1_963' title='bbox 2784 5001 3072 5074; x_wconf 83' lang='lat' dir='ltr'><strong>divinos,et</strong></span> <span class='ocrx_word' id='word_1_964' title='bbox 3095 4999 3360 5074; x_wconf 83' lang='lat' dir='ltr'><strong>religionis</strong></span> 
     </span>
    </p>
   </div>
   <div class='ocr_carea' id='block_1_121' title="bbox 1767 5069 3364 5144">
    <p class='ocr_par' dir='ltr' id='par_1_121' title="bbox 1767 5069 3364 5144">
     <span class='ocr_line' id='line_1_124' title="bbox 1767 5069 3364 5144; baseline 0.003 -20"><span class='ocrx_word' id='word_1_965' title='bbox 1767 5073 2074 5131; x_wconf 78' lang='lat' dir='ltr'><strong>servitutem,</strong></span> <span class='ocrx_word' id='word_1_966' title='bbox 2102 5085 2254 5141; x_wconf 86' lang='lat' dir='ltr'><strong>quam</strong></span> <span class='ocrx_word' id='word_1_967' title='bbox 2276 5087 2391 5124; x_wconf 86' lang='lat' dir='ltr'><strong>vero</strong></span> <span class='ocrx_word' id='word_1_968' title='bbox 2429 5069 2532 5124; x_wconf 87' lang='lat' dir='ltr'><strong>Deo</strong></span> <span class='ocrx_word' id='word_1_969' title='bbox 2563 5071 2735 5144; x_wconf 78' lang='lat' dir='ltr'><strong>deberi</strong></span> <span class='ocrx_word' id='word_1_970' title='bbox 2755 5073 2940 5138; x_wconf 85' lang='lat' dir='ltr'><strong>sciunt,</strong></span> <span class='ocrx_word' id='word_1_971' title='bbox 2969 5073 3064 5125; x_wconf 85' lang='lat' dir='ltr'><strong>sibi</strong></span> <span class='ocrx_word' id='word_1_972' title='bbox 3091 5069 3364 5144; x_wconf 56' lang='lat' dir='ltr'><strong>sate&#39;gerint</strong></span> 
     </span>
    </p>
   </div>
   <div class='ocr_carea' id='block_1_122' title="bbox 1768 5141 3354 5212">
    <p class='ocr_par' dir='ltr' id='par_1_122' title="bbox 1768 5141 3354 5212">
     <span class='ocr_line' id='line_1_125' title="bbox 1768 5141 3354 5212; baseline 0.002 -17"><span class='ocrx_word' id='word_1_973' title='bbox 1768 5141 2012 5212; x_wconf 76' lang='lat' dir='ltr'><strong>exhiberi,</strong></span> <span class='ocrx_word' id='word_1_974' title='bbox 2038 5152 2083 5195; x_wconf 90' lang='lat' dir='ltr'><strong>et</strong></span> <span class='ocrx_word' id='word_1_975' title='bbox 2111 5152 2357 5209; x_wconf 84' lang='lat' dir='ltr'><strong>quantum</strong></span> <span class='ocrx_word' id='word_1_976' title='bbox 2389 5154 2620 5208; x_wconf 86' lang='lat' dir='ltr'><strong>possunt,</strong></span> <span class='ocrx_word' id='word_1_977' title='bbox 2645 5141 2816 5195; x_wconf 84' lang='lat' dir='ltr'><strong>adhuc</strong></span> <span class='ocrx_word' id='word_1_978' title='bbox 2843 5154 3020 5212; x_wconf 87' lang='lat' dir='ltr'><strong>agunt.</strong></span> <span class='ocrx_word' id='word_1_979' title='bbox 3050 5141 3264 5210; x_wconf 43' lang='lat' dir='ltr'><strong>Quin—et</strong></span> <span class='ocrx_word' id='word_1_980' title='bbox 3293 5147 3354 5199; x_wconf 94' lang='lat' dir='ltr'><strong>D.</strong></span> 
     </span>
    </p>
   </div>
   <div class='ocr_carea' id='block_1_123' title="bbox 1768 5211 3358 5283">
    <p class='ocr_par' dir='ltr' id='par_1_123' title="bbox 1768 5211 3358 5283">
     <span class='ocr_line' id='line_1_126' title="bbox 1768 5211 3358 5283; baseline 0.003 -18"><span class='ocrx_word' id='word_1_981' title='bbox 1768 5211 2002 5266; x_wconf 86' lang='lat' dir='ltr'><strong>Thomas</strong></span> <span class='ocrx_word' id='word_1_982' title='bbox 2043 5214 2254 5274; x_wconf 88' lang='lat' dir='ltr'><strong>asserit.</strong></span> <span class='ocrx_word' id='word_1_983' title='bbox 2286 5213 2506 5282; x_wconf 89' lang='lat' dir='ltr'><strong>spiritus</strong></span> <span class='ocrx_word' id='word_1_984' title='bbox 2563 5213 2734 5268; x_wconf 85' lang='lat' dir='ltr'><strong>malos</strong></span> <span class='ocrx_word' id='word_1_985' title='bbox 2788 5215 2840 5268; x_wconf 92' lang='lat' dir='ltr'><strong>in</strong></span> <span class='ocrx_word' id='word_1_986' title='bbox 2880 5211 3081 5268; x_wconf 80' lang='lat' dir='ltr'><strong>eodem</strong></span> <span class='ocrx_word' id='word_1_987' title='bbox 3140 5225 3358 5283; x_wconf 87' lang='lat' dir='ltr'><strong>peccato</strong></span> 
     </span>
    </p>
   </div>
   <div class='ocr_carea' id='block_1_124' title="bbox 1767 5284 3355 5355">
    <p class='ocr_par' dir='ltr' id='par_1_124' title="bbox 1767 5284 3355 5355">
     <span class='ocr_line' id='line_1_127' title="bbox 1767 5284 3355 5355; baseline 0.003 -19"><span class='ocrx_word' id='word_1_988' title='bbox 1767 5297 2084 5352; x_wconf 87' lang='lat' dir='ltr'><strong>permanere</strong></span> <span class='ocrx_word' id='word_1_989' title='bbox 2113 5299 2218 5352; x_wconf 87' lang='lat' dir='ltr'><strong>quo</strong></span> <span class='ocrx_word' id='word_1_990' title='bbox 2244 5284 2388 5352; x_wconf 76' lang='lat' dir='ltr'><strong>prius</strong></span> <span class='ocrx_word' id='word_1_991' title='bbox 2412 5293 2780 5352; x_wconf 89' lang='lat' dir='ltr'><strong>peccaverant,</strong></span> <span class='ocrx_word' id='word_1_992' title='bbox 2811 5294 3067 5355; x_wconf 89' lang='lat' dir='ltr'><strong>quantum</strong></span> <span class='ocrx_word' id='word_1_993' title='bbox 3094 5286 3159 5355; x_wconf 86' lang='lat' dir='ltr'><strong>ad</strong></span> <span class='ocrx_word' id='word_1_994' title='bbox 3190 5301 3355 5355; x_wconf 87' lang='lat' dir='ltr'><strong>appe-</strong></span> 
     </span>
    </p>
   </div>
   <div class='ocr_carea' id='block_1_125' title="bbox 1771 5354 3358 5424">
    <p class='ocr_par' dir='ltr' id='par_1_125' title="bbox 1771 5354 3358 5424">
     <span class='ocr_line' id='line_1_128' title="bbox 1771 5354 3358 5424; baseline 0.002 -16"><span class='ocrx_word' id='word_1_995' title='bbox 1771 5355 1944 5414; x_wconf 89' lang='lat' dir='ltr'><strong>titum.</strong></span> <span class='ocrx_word' id='word_1_996' title='bbox 1974 5355 2098 5408; x_wconf 84' lang='lat' dir='ltr'><strong>licet</strong></span> <span class='ocrx_word' id='word_1_997' title='bbox 2141 5370 2245 5408; x_wconf 90' lang='lat' dir='ltr'><strong>non</strong></span> <span class='ocrx_word' id='word_1_998' title='bbox 2291 5365 2548 5422; x_wconf 87' lang='lat' dir='ltr'><strong>quantum</strong></span> <span class='ocrx_word' id='word_1_999' title='bbox 2603 5355 2668 5409; x_wconf 87' lang='lat' dir='ltr'><strong>ad</strong></span> <span class='ocrx_word' id='word_1_1000' title='bbox 2698 5355 2798 5409; x_wconf 83' lang='lat' dir='ltr'><strong>hoc.</strong></span> <span class='ocrx_word' id='word_1_1001' title='bbox 2844 5354 2986 5424; x_wconf 93' lang='lat' dir='ltr'><strong>quod</strong></span> <span class='ocrx_word' id='word_1_1002' title='bbox 3017 5354 3270 5409; x_wconf 84' lang='lat' dir='ltr'><strong>obtinere</strong></span> <span class='ocrx_word' id='word_1_1003' title='bbox 3299 5370 3358 5412; x_wconf 91' lang='lat' dir='ltr'><strong>se</strong></span> 
     </span>
    </p>
   </div>
   <div class='ocr_carea' id='block_1_126' title="bbox 1768 5426 2393 5495">
    <p class='ocr_par' dir='ltr' id='par_1_126' title="bbox 1768 5426 2393 5495">
     <span class='ocr_line' id='line_1_129' title="bbox 1768 5426 2393 5495; baseline 0.002 -17"><span class='ocrx_word' id='word_1_1004' title='bbox 1768 5440 1928 5495; x_wconf 89' lang='lat' dir='ltr'><strong>posse</strong></span> <span class='ocrx_word' id='word_1_1005' title='bbox 1958 5433 2163 5495; x_wconf 89' lang='lat' dir='ltr'><strong>putent.</strong></span> <span class='ocrx_word' id='word_1_1006' title='bbox 2197 5426 2393 5480; x_wconf 76' lang='lat' dir='ltr'><strong>SPARK.</strong></span> 
     </span>
    </p>
   </div>
   <div class='ocr_carea' id='block_1_127' title="bbox 1837 5518 3354 5588">
    <p class='ocr_par' dir='ltr' id='par_1_127' title="bbox 1837 5518 3354 5588">
     <span class='ocr_line' id='line_1_130' title="bbox 1837 5518 3354 5588; baseline 0.001 -15"><span class='ocrx_word' id='word_1_1007' title='bbox 1837 5521 1881 5573; x_wconf 85' lang='grc' dir='ltr'><em>Α</em></span> <span class='ocrx_word' id='word_1_1008' title='bbox 1911 5521 2048 5573; x_wconf 86' lang='lat' dir='ltr'><strong>cultu</strong></span> <span class='ocrx_word' id='word_1_1009' title='bbox 2077 5529 2122 5572; x_wconf 86' lang='lat' dir='ltr'><strong>et</strong></span> <span class='ocrx_word' id='word_1_1010' title='bbox 2156 5521 2334 5572; x_wconf 86' lang='lat' dir='ltr'><strong>notitia</strong></span> <span class='ocrx_word' id='word_1_1011' title='bbox 2358 5535 2486 5573; x_wconf 75' lang='lat' dir='ltr'><strong>vera:</strong></span> <span class='ocrx_word' id='word_1_1012' title='bbox 2525 5519 2804 5588; x_wconf 81' lang='lat' dir='ltr'><strong>majestatis</strong></span> <span class='ocrx_word' id='word_1_1013' title='bbox 2848 5528 3090 5573; x_wconf 87' lang='lat' dir='ltr'><strong>avertere.</strong></span> <span class='ocrx_word' id='word_1_1014' title='bbox 3146 5518 3232 5575; x_wconf 89' lang='lat' dir='ltr'><strong>Sic</strong></span> <span class='ocrx_word' id='word_1_1015' title='bbox 3264 5535 3354 5575; x_wconf 87' lang='lat' dir='ltr'><strong>re-</strong></span> 
     </span>
    </p>
   </div>
   <div class='ocr_carea' id='block_1_128' title="bbox 1765 5589 3351 5659">
    <p class='ocr_par' dir='ltr' id='par_1_128' title="bbox 1765 5589 3351 5659">
     <span class='ocr_line' id='line_1_131' title="bbox 1765 5589 3351 5659; baseline 0 -15"><span class='ocrx_word' id='word_1_1016' title='bbox 1765 5592 1916 5659; x_wconf 87' lang='lat' dir='ltr'><strong>posui</strong></span> <span class='ocrx_word' id='word_1_1017' title='bbox 1947 5607 2010 5644; x_wconf 82' lang='lat' dir='ltr'><strong>ex</strong></span> <span class='ocrx_word' id='word_1_1018' title='bbox 2043 5607 2172 5643; x_wconf 83' lang='lat' dir='ltr'><strong>mss.</strong></span> <span class='ocrx_word' id='word_1_1019' title='bbox 2203 5589 2236 5643; x_wconf 94' lang='lat'>8</span> <span class='ocrx_word' id='word_1_1020' title='bbox 2269 5590 2400 5659; x_wconf 72' lang='lat' dir='ltr'><strong>Reg.</strong></span> <span class='ocrx_word' id='word_1_1021' title='bbox 2433 5593 2482 5643; x_wconf 93' lang='lat' dir='ltr'><strong>iu</strong></span> <span class='ocrx_word' id='word_1_1022' title='bbox 2508 5591 2702 5659; x_wconf 84' lang='lat' dir='ltr'><strong>quibus</strong></span> <span class='ocrx_word' id='word_1_1023' title='bbox 2749 5603 2871 5645; x_wconf 91' lang='lat' dir='ltr'><strong>sunt</strong></span> <span class='ocrx_word' id='word_1_1024' title='bbox 2900 5591 3008 5643; x_wconf 88' lang='lat' dir='ltr'><strong>duo</strong></span> <span class='ocrx_word' id='word_1_1025' title='bbox 3039 5591 3311 5644; x_wconf 89' lang='lat' dir='ltr'><strong>veterrimi</strong></span> <span class='ocrx_word' id='word_1_1026' title='bbox 3337 5631 3351 5655; x_wconf 94' lang='lat'><strong>,</strong></span> 
     </span>
    </p>
   </div>
   <div class='ocr_carea' id='block_1_129' title="bbox 1767 5660 3356 5740">
    <p class='ocr_par' dir='ltr' id='par_1_129' title="bbox 1767 5660 3356 5740">
     <span class='ocr_line' id='line_1_132' title="bbox 1767 5660 3356 5740; baseline -0.001 -26"><span class='ocrx_word' id='word_1_1027' title='bbox 1767 5664 1800 5714; x_wconf 84' lang='lat'><strong>6</strong></span> <span class='ocrx_word' id='word_1_1028' title='bbox 1829 5663 2093 5740; x_wconf 56' lang='lat' dir='ltr'><strong>Culliert.,</strong></span> <span class='ocrx_word' id='word_1_1029' title='bbox 2121 5661 2155 5714; x_wconf 71' lang='lat'><strong>2</strong></span> <span class='ocrx_word' id='word_1_1030' title='bbox 2186 5661 2362 5715; x_wconf 75' lang='lat' dir='ltr'><strong>Oxon.</strong></span> <span class='ocrx_word' id='word_1_1031' title='bbox 2394 5670 2596 5740; x_wconf 50' lang='lat' dir='ltr'><strong>etocto</strong></span> <span class='ocrx_word' id='word_1_1032' title='bbox 2624 5662 2767 5728; x_wconf 86' lang='lat' dir='ltr'><strong>aliis,</strong></span> <span class='ocrx_word' id='word_1_1033' title='bbox 2791 5672 2952 5740; x_wconf 67' lang='lat' dir='ltr'><strong>atque</strong></span> <span class='ocrx_word' id='word_1_1034' title='bbox 2975 5675 3080 5740; x_wconf 43' lang='lat' dir='ltr'><strong>sex.</strong></span> <span class='ocrx_word' id='word_1_1035' title='bbox 3107 5660 3356 5740; x_wconf 79' lang='lat' dir='ltr'><strong>vulgatis.</strong></span> 
     </span>
    </p>
   </div>
   <div class='ocr_carea' id='block_1_130' title="bbox 1763 5729 3369 5805">
    <p class='ocr_par' dir='ltr' id='par_1_130' title="bbox 1763 5729 3369 5805">
     <span class='ocr_line' id='line_1_133' title="bbox 1763 5729 3369 5805; baseline -0.001 -18"><span class='ocrx_word' id='word_1_1036' title='bbox 1763 5732 1890 5805; x_wconf 82' lang='lat' dir='ltr'><strong>Mss.</strong></span> <span class='ocrx_word' id='word_1_1037' title='bbox 1940 5733 1974 5786; x_wconf 72' lang='lat'><strong>2</strong></span> <span class='ocrx_word' id='word_1_1038' title='bbox 2001 5732 2132 5805; x_wconf 81' lang='lat' dir='ltr'><strong>Reg.</strong></span> <span class='ocrx_word' id='word_1_1039' title='bbox 2176 5747 2286 5788; x_wconf 85' lang='lat' dir='ltr'><strong>rec.</strong></span> <span class='ocrx_word' id='word_1_1040' title='bbox 2340 5742 2395 5788; x_wconf 90' lang='lat' dir='ltr'><strong>et</strong></span> <span class='ocrx_word' id='word_1_1041' title='bbox 2434 5734 2469 5787; x_wconf 82' lang='grc'>5</span> <span class='ocrx_word' id='word_1_1042' title='bbox 2496 5731 2670 5788; x_wconf 82' lang='lat' dir='ltr'><strong>Oxon.</strong></span> <span class='ocrx_word' id='word_1_1043' title='bbox 2702 5747 2766 5788; x_wconf 90' lang='lat' dir='ltr'><strong>ac</strong></span> <span class='ocrx_word' id='word_1_1044' title='bbox 2796 5731 2829 5786; x_wconf 89' lang='lat'><strong>9</strong></span> <span class='ocrx_word' id='word_1_1045' title='bbox 2855 5729 3040 5787; x_wconf 80' lang='lat' dir='ltr'><strong>excusi</strong></span> <span class='ocrx_word' id='word_1_1046' title='bbox 3066 5729 3301 5798; x_wconf 87' lang='lat' dir='ltr'><strong>habent,</strong></span> <span class='ocrx_word' id='word_1_1047' title='bbox 3336 5749 3369 5786; x_wconf 82' lang='grc' dir='ltr'><em>α</em></span> 
     </span>
    </p>
   </div>
   <div class='ocr_carea' id='block_1_131' title="bbox 1763 5802 2010 5879">
    <p class='ocr_par' dir='ltr' id='par_1_131' title="bbox 1763 5802 2010 5879">
     <span class='ocr_line' id='line_1_134' title="bbox 1763 5802 2010 5879; baseline 0.004 -20"><span class='ocrx_word' id='word_1_1048' title='bbox 1763 5802 2010 5879; x_wconf 39' lang='lat' dir='ltr'><strong>cultura”</strong></span> 
     </span>
    </p>
   </div>
  </div>
