3770 6264
75 313 193 368 311
1123 309 1327 366 LIBER
1366 307 1428 365 ll.
1475 306 1563 362 DE
1604 303 1886 364 ORIGINE
1928 304 2251 362 ERRORIS.
3290 297 3397 355 5‘2

75 431 191 486 hoc
223 432 382 496 fecit,
412 441 467 488 et
497 432 726 495 Paulus,
755 431 844 502 qui
871 431 1005 488 nihil
1036 432 1233 488 meruit
1254 473 1268 494 .
1316 429 1526 486 occisus
1555 427 1682 483 est?
1711 426 1764 488 Α
1788 425 2103 497 disputatio.
2125 423 2312 482 Differt
2338 437 2489 493 ergo,
2519 421 2692 477 donec
2715 421 2894 475 veniat
2915 426 3216 490 temporum
3249 417 3390 484 linis,

73 521 354 579 Videlicet
380 522 454 578 nil
487 531 611 578 tunc
633 521 890 578 Romanis
912 522 1106 580 accidit
1794 531 1901 588 quo
1929 516 2172 574 effundat
2199 518 2333 572 iram
2367 530 2518 570 suam
2561 513 2614 568 in
2664 521 2932 583 potestate
2959 527 3024 566 ac
3055 511 3249 566 virtute
3277 524 3393 566 cce-

343 670 358 685 .
396 671 408 684 .
551 633 726 685 .Fatis
742 633 1166 697 Junonisiniquae,
1791 612 1934 679 Ῐθειί,
1977 614 2117 669 Sient

74 753 216 794 cum
251 739 484 796 Annibal
515 739 651 796 duos
677 739 950 795 exercitus
980 737 1166 810 populi
1189 737 1438 803 Romani,
1467 745 1521 792 et
1545 744 1687 802 astu,
1979 720 2845 810 φωςιὼε--υεήλεεηκξηθξξιᾏρξξάίοω
2868 720 3058 784 Florum

204 783 216 844 ἶ
516 783 651 844 In":
679 783 950 844 ”ᾆ“”””ζ“’
983 783 1166 844 ¹’“’⁸’“’Ῐ
1189 783 1524 844 “”””“””γ”ἶ
1546 783 1687 844 fit"
1979 787 2212 838 Terribili
2230 788 2414 837 monitu
2440 783 2736 834 horriﬁcant.

66 841 129 885 et
162 833 372 888 virtute
413 832 667 888 confecit.
701 832 835 887 Nam
877 831 1019 887 Juno
1058 831 1259 886 audere
1289 845 1393 884 non
1436 837 1686 899 poterat,

63 934 177 980 aut
208 925 591 997 Carthaginem
636 925 929 981 defendere
952 968 966 993 ,
1001 926 1087 980 ubi
1142 939 1290 979 arma
1323 923 1440 992 ejus
1469 929 1527 977 et
1565 936 1650 976 cut

1857 911 1945 952 mc
1998 903 2180 950 autem
2242 891 2439 962 patitur
2494 891 2744 946 homines
2798 896 3138 954 errare,-et
3199 888 3394 946 adver-

64 1033 183 1073 rus
212 1018 350 1087 fuit,
379 989 473 1073 aut
494 1018 754 1072 Romanis
781 989 978 1076 nocere
999 1056 1013 1082 ,
1041 1016 1166 1090 quia
1353 989 1368 992 _
1793 1003 1910 1090 εξπη
1939 1003 2000 1044 se
2028 1001 2244 1090 q“_"‘l“°
2275 989 2497 1090 impios.
2544 998 2708 1090 θῇεθζ
2760 989 2875 1052 ipse
2925 989 3138 1052 Ῑυδίυεν
3191 990 3246 1086 ef
3292 989 3397 1086 ηιξ-

1792 1080 1882 1147 tis,
1912 1089 1968 1135 et
1998 1081 2231 1150 patiens.
2274 1077 2383 1134 Nec
2410 1075 2556 1132 enim
2586 1074 2701 1129 ﬁeri
2741 1084 2943 1145 potest.
2978 1083 3036 1129 ut
3081 1089 3188 1132 non
3225 1075 3294 1141 is,
3341 1076 3394 1130 in

1791 1189 1900 1246 quo
1927 1172 2164 1244 perfecta
2190 1171 2262 1226 sit
2292 1169 2485 1233 virtus,
2527 1169 2598 1224 sit
2633 1168 2794 1222 etiam
2830 1167 3070 1237 perfecta
3113 1167 3391 1238 patientia.

1792 1268 1946 1325 Unde
1966 1269 2180 1338 quidam
2210 1275 2424 1338 putant,
2453 1281 2520 1318 ne
2541 1263 2698 1318 irasci
2717 1261 2932 1332 quidem
2962 1263 3127 1318 Deum
3149 1263 3389 1330 omnino,

1791 1359 1933 1431 quod
1963 1358 2268 1424 affectibus,
2291 1356 2384 1428 qui
2415 1363 2541 1414 sunt
2572 1353 3011 1424 perturbationes
3041 1354 3231 1418 animi,
3267 1353 3395 1410 sub-

1787 1456 1963 1526 jectus
1993 1470 2099 1509 non
2132 1453 2235 1518 sit;
2291 1452 2415 1523 quia
2464 1449 2655 1519 fragile
2685 1457 2770 1504 est
2815 1463 2978 1503 omne
3024 1448 3222 1503 animal
3250 1447 3394 1518 quod

1791 1549 2024 1604 afﬁcitur
2053 1556 2108 1603 et
2135 1552 2528 1602 commovetur.
2573 1545 2705 1610 Quae
2752 1541 3035 1612 persuasio
3066 1541 3347 1596 veritatem
3375 1580 3391 1605 ,

1791 1652 1952 1714 atque
1980 1642 2299 1712 religionem
2331 1637 2573 1693 funditus
2598 1635 2754 1691 tollit.
2781 1634 2887 1692 Sed
2919 1646 3212 1705 seponatur
3250 1635 3392 1690 inte-

1791 1734 1892 1789 rim
1923 1735 2073 1790 locus
2114 1734 2202 1788 hic
2229 1732 2386 1788 nobis
2425 1731 2492 1786 de
2522 1731 2601 1784 ira
2634 1730 2726 1784 Dei
2768 1727 3099 1794 disserendi,
3129 1727 3291 1798 {quod
3337 1737 3394 1783 et

1718 1825 1765 1884 B
1793 1826 2012 1881 uberior
2035 1835 2120 1882 est
2153 1824 2399 1888 materia,
2425 1832 2478 1878 et
2514 1836 2680 1892 apere
2711 1820 2930 1891 prOprio
2950 1820 3089 1890 (Scil
3111 1821 3199 1874 lib.
3235 1819 3392 1874 delra

1797 1917 1918 1992 Dei)
1937 1919 2094 1973 latius
2116 1916 2455 1987 exequenda.
2479 1914 2603 1969 lllos
2620 1928 2750 1983 ergo
2775 1913 3140 1981 nequissimos
3161 1911 3386 1980 spiritus

1792 2009 2032 2081 quisquis
2063 2016 2353 2064 veneratus
2400 2005 2597 2072 fuerit,
2627 2014 2681 2060 et
2706 2014 2958 2067 secutus,
3003 2017 3180 2072 neque
3218 2002 3383 2066 coelo,

1791 2115 1964 2171 neque
1986 2100 2105 2154 luce
2137 2098 2392 2168 potietur,
2421 2111 2542 2166 quae
2570 2104 2698 2150 sunt
2726 2095 2820 2150 Dei
2850 2115 2862 2148 :
2889 2093 2986 2149 sed
3032 2095 3084 2148 in
3113 2093 3205 2148 illa
3231 2093 3384 2150 deci-

1787 2191 1901 2258 det,
1918 2190 2108 2260 qutein
2125 2188 2507 2244 distributione
2533 2202 2717 2242 rerum
2742 2185 2998 2241 attributa
3021 2184 3390 2254 esseipsima-

249 1172 268 1205 ._
304 1169 367 1205 ._.
408 1170 420 1184 .
460 1170 472 1205 τ
511 1133 810 1205 ξζιδοεθηίεξςη
831 1130 1042 1193 Trojano
1065 1130 1358 1205 asanguiue
1377 1128 1489 1179 duci

237 1195 498 1258 Audierat,
521 1193 693 1258 Tyrias
715 1195 830 1244 olim
853 1208 964 1258 qua:
998 1199 1224 1244 verteret
1247 1204 1408 1241 arces.

143 1299 270 1354 Sed
310 1299 530 1355 illorum
582 1307 712 1354 sunt
741 1299 827 1354 isti
876 1299 1062 1364 lusus,
1094 1297 1182 1368 qui
1229 1296 1331 1351 sub
1378 1293 1688 1351 nominibus

47 1400 422 1448 mortuorum
451 1391 858 1456 delitescentes,
891 1390 1196 1446 viventibus
1229 1390 1409 1460 plagas
1440 1387 1684 1444 tendunt.

50 1486 277 1557 Itaque
304 1487 417 1541 sive
442 1485 572 1541 illud
603 1486 923 1556 periculum,
958 1477 1100 1556 quod
1131 1484 1379 1538 imminet
1406 1481 1562 1538 vitari
1592 1495 1690 1554 po-

47 1587 202 1652 test,
237 1578 419 1634 videri
445 1581 630 1634 volunt
657 1577 708 1633 id
738 1578 926 1649 placati
967 1578 1262 1643 avertisse;
1294 1575 1412 1630 sive
1451 1590 1558 1631 non
1588 1589 1686 1650 po-

47 1678 202 1738 test,
231 1670 292 1726 id
317 1682 514 1740 agunt,
546 1681 603 1727 ut
633 1678 854 1741 propter
894 1671 1108 1726 illorum
1153 1677 1519 1740 contemptum
1550 1668 1690 1723 acci-

44 1761 221 1817 disse
295 1763 561 1819 videatur.
611 1763 688 1818 lt‘a
741 1763 842 1819 sibi
889 1763 1030 1834 apud
1091 1763 1341 1818 homines
1373 1804 1387 1828 ,
1444 1761 1536 1834 qui
1592 1775 1688 1818 eos

45 1856 349 1922 nesciunt,
407 1857 811 1922 auctoritatem,
861 1871 924 1911 ac
980 1858 1224 1911 timorem
1282 1856 1515 1924 pariunt.
1575 1854 1688 1910 Hac

46 1948 315 2002 versutia
342 1990 358 2016 ,
389 1957 440 2003 et
473 1947 555 2003 bis
577 1948 784 2004 artibus
807 1992 820 2013 ,
872 1949 1118 2003 notitiam
1149 1947 1261 2002 veri
1291 1963 1351 2003 ac
1398 1947 1688 2016 singularis

58 2039 172 2095 Dei
209 2039 354 2110 apud
384 2053 574 2094 omnes
625 2048 812 2111 gentes
863 2039 1323 2095 inveteraverunt.
1374 2038 1498 2094 Suis
1542 2039 1686 2092 enim

47 2131 222 2187 vitiis
260 2130 478 2202 perditi,
512 2133 760 2196 saeviunt,
787 2144 840 2187 et
860 2141 1178 2203 grassantur
1200 2174 1214 2198 ,
1242 2141 1299 2186 ut
1324 2131 1570 2200 perdant.
1600 2128 1687 2185 Id-

49 2225 220 2280 circo
233 2224 397 2280 etiam
421 2223 684 2279 humanas
699 2224 904 2280 hostias
921 2225 1364 2296 excogitaverunt
1383 2224 1483 2294 ipsi
1499 2223 1684 2280 hostes

53 2317 300 2372 humani
328 2317 565 2388 generis,
599 2326 839 2388 utquam
869 2318 1065 2373 multas
1095 2317 1420 2374 devorarent
1449 2317 1679 2373 animas.

645 2427 870 2486 CAPUT
900 2429 1087 2488 XVIII.

62 2541 160 2596 De
191 2539 296 2602 Dei
315 2543 558 2613 patientia
585 2553 634 2600 et
661 2544 856 2600 ultione
880 2585 896 2611 ,
939 2544 1230 2600 dieutonunt
1259 2547 1435 2615 cultu,
1462 2558 1507 2602 et
1535 2548 1682 2617 falsis

726 2637 1074 2708 religionibus.

140 2745 305 2802 Dicet
353 2746 585 2818 aliquis:
618 2745 730 2802 Cur
760 2748 904 2818 Ergo
934 2749 1077 2804 Deus
1118 2749 1234 2806 haec
1287 2750 1402 2805 ﬁeri
1453 2751 1679 2821 patitur,

73 2851 186 2892 nec
210 2844 324 2892 tam
348 2838 504 2892 malis
524 2839 794 2894 succurrit
822 2840 1138 2896 erroribus?
1169 2841 1237 2897 Ut
1264 2842 1402 2896 mala
1434 2857 1557 2896 cum
1587 2843 1682 2898 bo-

66 2935 164 2986 nis
222 2939 498 3001 pugnent;
534 2939 592 2987 ut
632 2934 759 2987 vitia
817 2933 928 2988 sint
958 2933 1198 2989 .adversa
1250 2935 1581 3001 virtutibus;
1626 2945 1686 2998 ut

62 3024 274 3080 habeat
304 3024 461 3090 alios,
496 3039 632 3095 quos
670 3025 891 3095 puniat;
935 3026 1093 3092 alios,
1123 3041 1260 3096 quos
1303 3027 1556 3082 honoret.
1588 3027 1682 3083 Ul-

63 3119 220 3174 timis
249 3117 398 3174 enim
427 3118 766 3190 temporibus
811 3118 1002 3174 statuit
1044 3119 1113 3174 de
1162 3120 1300 3175 vivis
1329 3135 1405 3186 ,ac
1451 3122 1681 3177 mortuis

1786 2286 1960 2340 lorum
1999 2286 2246 2355 principii
2277 2284 2703 2354 disputavimus;
2753 2282 2804 2336 in
2837 2281 3091 2336 tenebras
3135 2279 3384 2348 scilicet,

1786 2386 1841 2433 et
1870 2377 2091 2445 inferos,
2123 2388 2177 2434 et
2199 2377 2485 2447 suplicium
2516 2375 2934 2445 sempiternum.

1862 2473 2026 2527 Docui
2049 2471 2586 2543 religionesdeornm
2619 2467 2817 2540 triplici
2847 2466 3010 2522 modo
3038 2481 3204 2521 vanas
3221 2480 3344 2522 esse
3369 2483 3384 2520 :

1786 2582 1915 2632 uno,
1944 2564 2089 2635 quod
2115 2564 2404 2619 simulacra
2435 2557 2559 2627 ista,
2589 2576 2709 2632 quae
2739 2560 3010 2625 coluntur,
3044 2558 3254 2630 efﬁgies
3277 2560 3389 2614 sint

1786 2659 2068 2714 hominum
2099 2665 2477 2718 mortuorum;
2508 2668 2634 2709 esse
2659 2661 2841 2707 autem
2871 2665 3193 2721 perversum
3223 2661 3279 2705 et
3303 2652 3386 2705 in-

1785 2763 2121 2820 congruens,
2153 2756 2209 2802 ut
2236 2747 2583 2801 simulacrum
2616 2743 2851 2798 hominis
2897 2757 2927 2796 a
2957 2742 3255 2797 simulacro
3291 2742 3386 2798 Dei

1785 2843 1996 2899 colatur
2025 2860 2040 2897 :
2067 2841 2199 2897 colit
2219 2841 2361 2897 enim
2391 2838 2534 2909 quod
2564 2847 2647 2893 est
2677 2836 2915 2890 deterius
2946 2845 2999 2890 et
3032 2833 3382 2901 imbecillius;

1787 2945 1898 2992 tum
1931 2933 2259 3004 inexpiabile
2290 2931 2496 2986 facinus
2522 2943 2667 2995 esse,
2699 2927 2958 2982 deserere
2988 2926 3292 2992 viventem,
3327 2935 3388 2980 ut

1785 3026 2159 3083 defunctorum
2187 3022 2539 3079 monimentis
2557 3020 2783 3085 servias,
2819 3019 2910 3088 qui
2938 3033 3038 3074 nec
3067 3019 3257 3084 vitam,
3281 3033 3386 3074 nec

1785 3123 1960 3177 lucem
1981 3118 2110 3173 dare
2127 3117 2380 3188 cuiquam
2411 3121 2771 3185 possunt,qua
2788 3110 2890 3180 ipsi
2907 3119 3120 3176 carent;
3142 3126 3244 3167 nec
3261 3124 3385 3167 esse

59 3211 315 3282 judicare
347 3231 360 3268 :
402 3212 471 3268 de
501 3228 606 3283 quo
630 3212 837 3284 judicio
884 3211 1017 3267 mihi
1075 3213 1181 3269 erit
1207 3213 1260 3268 in
1309 3213 1497 3270 ultimo
1539 3214 1680 3272 libro
1709 3211 1755 3274 C
1787 3214 1950 3270 alium
1985 3225 2306 3285 quemquam
2330 3209 2522 3275 Deum,
2554 3214 2750 3278 praeter
2766 3220 2931 3261 unum
2954 3246 2969 3273 ,
2997 3204 3152 3277 cujus
3177 3204 3384 3276 judicio

1406 3325 1769 3386 VARIOBUM
1807 3325 2034 3384 NOTAE.

140 3437 372 3495 Paulus.
403 3439 504 3513 Qui
535 3439 949 3513 pullos_'edaces
980 3439 1287 3513 habuit,et
1319 3450 1496 3498 tamen
1527 3441 1674 3513 apud

64 3510 294 3582 Cannas
322 3510 552 3579 cecidit,
585 3521 642 3565 ut
669 3510 743 3568 illi
770 3512 1070 3582 Cyprianus
1091 3511 1288 3582 illudit.

146 3581 256 3649 Qui
302 3583 431 3654 nihil
466 3584 668 3640 meruit.
703 3581 758 3637 Id
789 3581 866 3638 εει
901 3583 1032 3638 nihil
1083 3581 1206 3654 fecit
1243 3598 1400 3653 poena
1429 3583 1667 3654 dignum.

59 3653 280 3728 Iterum
309 3652 685 3728 Lactantiusl.
716 3670 811 3721 vn,
830 3668 960 3728 cap.
982 3654 1050 3710 10
1077 3672 1089 3707 :
1115 3652 1256 3728 Boni
1272 3655 1403 3709 nihil
1432 3652 1533 3710 tale
1556 3672 1668 3710 cre-

59 3725 273 3795 duntur
298 3726 496 3792 mereri,
523 3724 674 3795 quale
697 3741 834 3795 saepe
854 3724 1137 3794 patiuntur.
1171 3725 1299 3781 BUN.

59 3793 370 3922 liclriiguaa.
401 3793 546 3869 Virg;
577 3811 666 3852 vtu
689 3793 927 3863 {Eneidn
947 3811 1027 3852 vs.
1048 3795 1173 3853 667.
1205 3797 1339 3852 Vide
1356 3794 1544 3856 Silium
1565 3797 1669 3853 Ita-

146 3907 161 3920 .
221 3884 234 3920 ι
281 3907 294 3918 .
328 3883 382 3921 x.

85 3881 161 3921 lC.
195 3881 294 3921 ΙΙΙ).
328 3883 382 3921 Χ.

139 3939 296 4010 Astu.
323 3938 472 3993 Lact.
504 3938 570 3994 de
593 3937 788 4010 Opiﬁc.
808 3981 824 4003 ,
852 3953 952 4010 cap
980 3938 1015 3992 2
1046 3957 1058 3991 :
1090 3941 1216 3994 Astu
1241 3955 1295 3994 se
1323 3948 1607 4008 protegant.

137 4008 352 4063 Aude-re
394 4027 494 4064 non
526 4008 738 4079 poterat.
772 4008 1118 4066 Heumaunus
1149 4019 1295 4065 recte
1324 4012 1545 4074 exponit
1573 4026 1673 4064 non

59 4081 617 4151 audebat.Siugularis
634 4092 808 4136 tamen
827 4082 1010 4144 dictio,
1027 4081 1352 4136 licetaudere
1381 4095 1475 4149 pro
1504 4097 1670 4150 posse,

59 4161 296 4223 etposse
335 4167 435 4223 pro
474 4154 680 4218 audere,
722 4153 990 4207 interdum
1031 4163 1229 4221 ponant
1283 4162 1516 4206 veteres.
1547 4152 1667 4207 Vid.

62 4221 383 4278 Broukhus.
400 4225 464 4278 ad
483 4224 727 4292 PrOpert.
751 4224 785 4276 Ι.
805 4239 840 4284 ι,
859 4225 928 4278 cl.
946 4224 1033 4286 15,
1051 4239 1130 4278 vs.
1151 4224 1236 4285 57,
1256 4238 1308 4292 p.
1325 4223 1415 4288 6-1,
1435 4238 1515 4292 sq.
1538 4223 1668 4278 BUN.

63 4367 80 4420 Ι
141 4294 476 4376 Progeniem.
532 4294 708 4366 Virg.,
751 4295 946 4350 initio:
980 4294 1107 4350 Ain.
1143 4294 1276 4350 Vide
1321 4305 1376 4350 et
1407 4294 1673 4349 Valerium

86 4382 198 4420 oco
231 4376 416 4420 Cllalo.

86 4382 198 4421 OCO
231 4376 416 4421 c1tato.

1783 3441 1918 3498 Nam
1949 3441 2019 3496 ob
2047 3439 2155 3495 hoc
2182 3438 2359 3510 ipsum
2384 3437 2548 3510 mittit
2569 3436 2722 3510 Deus
2752 3436 3046 3510 efﬁcaciam
3071 3437 3336 3495 illusionis
3361 3447 3380 3476 ’

1779 3525 1835 3569 ιιι
1867 3513 2062 3568 Paulus
2087 3511 2156 3566 ad
2195 3509 2438 3565 Thessal.
2474 3509 2682 3572 scribit,
2722 3520 2779 3563 ut
2818 3509 3043 3564 credant
3071 3511 3379 3577 mendacio,

1777 3586 2168 3655 utjudicentur
2186 3596 2375 3635 omnes
2397 3581 2486 3655 qui
2517 3597 2626 3655 non
2655 3579 3006 3655 crediderunt
3027 3583 3261 3655 veritati.
3296 3582 3380 3655 In-

1776 3650 1945 3726 digiti,
1971 3656 2367 3726 inquam,_suut
2391 3650 2539 3705 fonte
2581 3653 2723 3715 vivo,
2748 3654 2836 3721 qui
2870 3653 3135 3708 cisternas
3163 3653 3267 3708 sibi
3301 3654 3379 3707 lo-

1775 3726 1947 3781 diunt.
1990 3746 2008 3777 ι

2091 3724 2188 3778 icr.
2218 3722 2273 3775 2.
2310 3722 2516 3777 Βετυι.

1781 3867 1819 3924 S
1851 3797 1919 3879 In
1949 3802 2209 3866 potestate.
2229 3791 2288 3848 ld
2306 3801 2406 3858 est,
2426 3806 2524 3861 per
2541 3800 2883 3863 potestatem.
2915 3793 3379 3864 Modusloquendi

1823 3879 2094 3924 crtoturre.

1823 3879 2094 3922 ενιῡιιιηιξ.

1863 3883 2319 4006 ῧεῗξιΙ-ιιιιωῇγωίιὶσεα
2346 3935 2573 4008 piorum.
2623 3933 2938 4008 ltaArestitui
2966 3951 3031 4008 ert
3061 3950 3194 3992 mss.
3224 3934 3264 4008 ἓ
3286 3949 3381 3990 ve-

1780 4004 2093 4066 tustissimis
2123 4009 2282 4075 Reg,
2307 4007 2342 4060 ‘2
2370 4006 2442 4060 al.
2472 4005 2631 4075 Reg.,
2690 4004 2880 4068 Cauc..
2930 4009 2964 4064 4
2992 4007 3170 4074 Colb.,
3225 4006 3376 4072 Em.,

1780 4093 1834 4136 et
1862 4097 1930 4137 ex
1962 4095 2092 4134 mss.
2119 4076 2401 4150 Virgil.rln
2452 4091 2548 4131 sex
2585 4078 2746 4150 s_crip.
2803 4082 3013 4150 rec.7§et
3053 4080 3105 4134 in
3149 4077 3380 4149 vulgatis

1779 4161 1909 4219 est,
1969 4147 2238 4222 priorumf
2271 4148 2417 4219 Virg.
2467 4163 2516 4202 ιν
2573 4147 2722 4222 {Em
2762 4147 3079 4222 -ῌναιαηι
3133 4147 3380 4222 praedicta

1783 4219 2007 4291 piarunt.
2038 4222 2126 4278 Sic
2151 4222 2255 4276 edo
2290 4235 2356 4274 ex
2387 4233 2518 4273 mss.
2563 4220 2726 4274 Cauci
2768 4229 2821 4274 et
2849 4219 3095 4275 Emman.
3134 4219 3382 4291 diversis

1783 4289 1943 4366 typis.
1980 4295 2073 4366 Est
2092 4293 2196 4366 hoc
2225 4301 2500 4366 receptum
2535 4292 2829 4366 epitheton.
2865 4292 3128 4366 Sichirg.
3159 4307 3214 4346 vr
3245 4289 3376 4366 {Et}.

1782 4361 1863 4421 vs.
1913 4364 2037 4427 66'2,
2075 4365 2269 4434 Quique
2298 4363 2371 4433 pii
2399 4371 2553 4434 uates.
2588 4361 2757 4416 Silius
2786 4362 2927 4428 ltal.,
2963 4364 2999 4418 Ι.
3028 4361 3104 4431 γι,
3135 4380 3214 4418 vs.
3244 4363 3376 4431 288,

147 4438 265 4493 Sub
314 4437 599 4492 nominibus
643 4447 955 4492 mortuorum
999 4437 1362 4492 delitescentes.
1421 4429 1753 4507 SequiturD
1783 4436 1893 4492 Nec
1919 4448 2117 4491 tacuere
2133 4429 2388 4507 piirt'ates.
2414 4432 2548 4507 litin.

65 4509 328 4574 Tcrtull.,
366 4511 520 4575 Apol.
551 4525 598 4564 c.
637 4510 700 4566 ‘21
745 4528 756 4562 :
788 4509 1058 4564 Contraria
1099 4509 1336 4563 divinitas
1381 4509 1680 4564 delitescens

64 4581 168 4636 sub
200 4581 489 4635 nominibus
516 4590 562 4634 et
587 4581 889 4651 imaginibus
909 4591 1247 4644 mortuorum,
1276 4580 1579 4652 quibusdam
1605 4581 1679 4634 si-

66 4655 190 4720 gnis
221 4663 269 4706 et
285 4653 558 4724 miraculis
586 4663 630 4706 et
660 4653 881 4706 oraculis
928 4653 1082 4721 [idem
1107 4652 1386 4706 diuinitatis
1414 4660 1679 4724 operatur.

70 4726 146 4779 Et
173 4725 246 4778 de
275 4723 456 4790 Spect.
477 4763 492 4788 ,
524 4736 572 4776 c.
607 4723 693 4778 10.
753 4725 882 4779 Bon.

164 4794 480 4850 Viventibus.
511 4794 637 4850 Mss.
685 4801 720 4850 4
758 4795 1026 4857 Colbert.,
1060 4793 1084 4846 1
1122 4790 1354 4849 Claram.
1405 4802 1459 4848 et
1507 4793 1678 4848 Brun.

71 4866 287 4922 addunt
315 4867 623 4919 hominibus.
654 4865 855 4922 Ibidem
878 4865 1212 4928 Lactantius,
1238 4866 1418 4935 plagas
1442 4866 1675 4930 tendunt,

75 4952 179 5007 pro
208 4938 513 5001 intendunt,
540 4938 769 5006 simplex
800 4953 896 5008 pro
924 4935 1248 5006 composito,
1274 4945 1334 4992 ut
1366 4936 1497 4992 mihi
1524 4936 1677 4993 vide-

79 5021 191 5074 tur,
226 5023 327 5081 pro
355 5009 686 5064 insidiantur.

152 5077 311 5151 Apud
348 5095 518 5134 omnes
545 5089 736 5151 gentes.
767 5078 1035 5152 Extrema
1047 5093 1156 5152 vox
1183 5077 1585 5152 gentes,_addi_ta
1613 5093 1679 5136 ex

78 5148 293 5224 cunctis
316 5165 446 5205 mss.
480 5148 742 5224 et'editis,
771 5161 968 5224 praeter
995 5150 1162 5224 Thys.
1185 5148 1336 5206 'Gall.
1373 5148 1568 5218 Spark.

157 5222 590 5278 Inveteraverunt.
624 5221 826 5276 Couf'.'|
884 5237 941 5286 ιι,
970 5237 1018 5276 c.
1064 5221 1117 5288 1,
1145 5222 1421 5276 inveterata
1465 5237 1678 5287 persua-

83 5296 247 5352 sione.
281 5293 446 5357 lbid.,
469 5308 518 5349 c.
552 5293 640 5358 19,
669 5295 972 5350 inveteratas
1000 5309 1197 5348 errores
1222 5292 1378 5346 dixit.
1406 5292 1535 5347 Bun.

163 5365 352 5434 Diﬂ'ert
381 5381 520 5435 ergo.
565 5365 700 5432 Quia
733 5380 832 5420 nec
859 5365 1076 5434 gravior
1120 5365 1214 5418 Dei
1248 5365 1347 5428 ira,
1381 5378 1481 5417 nec
1521 5379 1679 5435 paena

86 5440 262 5506 major
301 5436 462 5490 nobis
502 5438 783 5492 imminere
817 5445 1014 5504 potest,
1045 5451 1204 5505 quam
1235 5449 1356 5490 cum
1391 5435 1529 5491 Deus
1557 5451 1682 5506 pec—

85 5521 204 5566 cata
235 5508 391 5580 punit
415 5509 664 5578 peccatis.
690 5508 1023 5583 ιιιᾳκρόθυμος
1041 5506 1256 5576 quidem
1289 5507 1431 5560 Deus
1450 5515 1558 5583 est,
1582 5521 1681 5562 nec

91 5579 327 5638 mortem
360 5584 473 5632 vult
500 5579 818 5648 peccatoris,
851 5579 946 5634 sed
980 5587 1037 5634 ut
1065 5586 1414 5648 convertatur
1435 5588 1490 5633 et
1515 5579 1675 5644 vivat,

105 5649 416 5708 Ezechielis
437 5647 513 5705 tu.
543 5669 560 5699 ι
583 5650 768 5720 Magna
797 5650 888 5705 Dei
909 5650 985 5703 ira
1009 5658 1111 5714 est,
1141 5657 1198 5704 ut
1221 5647 1582 5719 Hieronymus
1614 5647 1679 5704 ad

109 5723 446 5778 Castrutiutu
493 5719 790 5776 Ezechielis
834 5720 1152 5775 auctoritate
1187 5719 1419 5785 scribit,
1467 5720 1682 5789 quando

106 5801 327 5866 peccata
359 5805 468 5846 non
512 5792 748 5861 corrigit,
790 5792 883 5847 sed
908 5791 1202 5846 caecitatem
1246 5790 1488 5846 cmcitate
1511 5790 1680 5860 punit.

1861 4509 2101 4575 Quidam.
2129 4501 2400 4576 Epicurei.
2423 4501 2557 4558 Vide
2581 4501 2647 4557 de
2675 4501 2757 4558 lra
2780 4503 2897 4567 Dei,
2920 4519 3040 4576 cap.
3069 4506 3124 4560 li.

1859 4573 1941 4634 Ne
1967 4579 2118 4632 irasci
2138 4573 2339 4648 quidem
2364 4573 2524 4648 Deum
2555 4577 2784 4639 omnino,
2808 4576 2944 4648 quod
2959 4574 3246 4648 affectibus,
3266 4583 3372 4630 etc.

1784 4651 1880 4715 Ita.
1898 4662 1952 4706 ut
1976 4660 2032 4706 et
2053 4645 2170 4704 alia.-
2188 4647 2490 4717 passiones,
2511 4646 2619 4717 Deo
2635 4645 2967 4717 conveniunt
2989 4662 3094 4701 non
3120 4645 3372 4714 alfective,

1784 4723 1878 4778 sed
1907 4721 2151 4789 effective,
2178 4716 2236 4772 ut
2267 4718 2427 4771 habet
2455 4716 2659 4789 regula.
2697 4716 2808 4789 lloc
2836 4727 2950 4789 cst,
2985 4718 3061 4772 ira
3108 4734 3216 4772 non
3259 4729 3377 4772 tur-

1785 4794 1895 4860 bat,
1935 4787 2044 4848 rnon
2073 4791 2241 4846 afﬁcit
2263 4789 2428 4860 Deum
2449 4787 2660 4860 dolore,
2711 4797 2780 4860 uti
2794 4787 3042 4860 homines
3067 4806 3081 4846 :
3109 4790 3204 4844 sed
3233 4789 3377 4846 Deus

1784 4859 1903 4920 cum
1934 4865 2090 4919 irasci
2113 4861 2338 4932 dicitur,
2363 4859 2488 4912 facit
2518 4859 2621 4932 hoc
2643 4859 2785 4928 quod
2809 4859 2927 4914 irati
2956 4860 3154 4928 solent,
3179 4876 3380 4932 nempe

1784 4938 1954 5006 punit,
1979 4934 2194 5006 afﬂigit;
2231 4933 2310 5006 ira
2330 4931 2511 5006 itaque
2541 4930 2593 4984 in
2627 4932 2868 5006 Deo__uou
2886 4941 2993 5006 est
3002 4932 3247 5006 affectus,
3278 4930 3378 4989 sed

1783 5000 2032 5063 voluntas
2059 5000 2334 5074 puniendi.
2353 5000 2865 5058 GALLEUS.-—Vide
2881 5001 3148 5060 S.Thom.
3179 5014 3315 5074 part.
3333 5021 3374 5074 ι,

1783 5087 1971 5131 (tumst.
1995 5076 2084 5131 21.
2119 5083 2218 5128 art.
2251 5073 2306 5127 5.

1821 5087 1971 5133 nmst.
1995 5083 2084 5133 ‘21.
2119 5083 2218 5128 art.
2251 5083 2306 5127 5.

1783 5095 1971 5150 αιιωει.
1995 5095 2084 5143 τιι,
2119 5095 2218 5128 art.
2251 5095 2306 5127 ἱ).

1855 5149 2070 5220 Triplici
2091 5145 2262 5220 modo.
2298 5143 2389 5220 Sic
2415 5143 2680 5220 legocum
2711 5145 2869 5220 editis
2901 5143 3061 5201 Rom.
3081 5146 3241 5212 M70,
3274 5145 3376 5201 Be-

1785 5222 1880 5276 tnl.
1895 5264 1910 5289 ,
1938 5215 2190 5282 Torues.,
2217 5215 2440 5289 Soubr.,
2457 5215 3001 5289 ACellar.._cunctisque
3019 5231 3165 5289 ιιιεες.⁸
3179 5227 3376 5289 praeter

1785 5286 1904 5347 Em.
1935 5292 1988 5346 iu
2019 5305 2125 5362 quo
2157 5289 2353 5360 legitur
2380 5287 2538 5342 tribus
2576 5287 2776 5355 modis;
2807 5289 2860 5342 in
2894 5286 3124 5358 vulgatis
3146 5286 3246 5352 11,
3281 5287 3376 5339 tri-

1785 5365 1906 5434 plici
1932 5364 2149 5434 ratione.

1845 5434 1996 5562 gillg.
2016 5433 2098 5513 Ex
2116 5447 2247 5488 mss.
2274 5439 2378 5502 est,
2405 5431 2548 5486 inter
2563 5445 2700 5502 quos
2712 5431 2952 5502 quinque
2972 5425 3340 5485 adduntmodo
3352 5445 3374 5495 ,-

1891 5525 1920 5558 0
1987 5545 1998 5560 .
2026 5521 2148 5557 uno.

1785 5509 1808 5562 1
1845 5505 1998 5562 Colb.
2026 5505 2148 5557 imo.

1857 5576 1991 5631 Ista.
2021 5575 2274 5629 Omnium
2306 5587 2438 5628 mss.
2471 5580 2577 5640 est,
2612 5581 2812 5644 praeter
2841 5580 3072 5644 quatuor
3097 5578 3152 5627 et
3175 5568 3378 5640 editos,

1786 5650 1838 5704 in
1868 5649 2063 5718 quibus
2091 5657 2194 5711 est,
2233 5645 2368 5716 ipsa.

1857 5712 1985 5774 Esse
2011 5728 2179 5772 autem
2201 5712 2509 5786 perversum.
2532 5715 2622 5772 Sic
2639 5714 2858 5782 reposui
2879 5730 2944 5786 ex
2964 5712 3212 5768 omnibus
3235 5726 3372 5770 mss.

1784 5803 1838 5846 et
1867 5789 2146 5860 sequentia
2167 5785 2462 5860 postulant.
2489 5786 2547 5842 1n
2575 5787 2793 5842 excusis
2824 5785 3038 5855 legitur,
3072 5793 3162 5838 est.
