3770 6264
330 292 436 355 313

1370 292 1553 351 FlllM.
1589 284 1951 350 LACTANTH
1995 286 2193 347 DlVlN.
2236 290 2481 351 lNSTlT.

3536 288 3649 345 554

330 429 396 467 ac
442 411 701 481 potestati
722 410 901 466 omnis
929 410 1106 466 anima
1143 407 1387 479 subjecta
1416 410 1505 464 sit.
1535 409 1751 476 Altero,
1784 404 1926 478 quod
1959 406 2012 466 A
2036 419 2133 461 eos
2148 407 2239 475 qui
2269 407 2353 463 vel
2382 408 2615 464 mortuis
2642 407 2970 480 supplicant,
3005 406 3090 464 vel
3125 413 3328 464 terram
3362 418 3646 462 veneratio

329 505 469 574 ipsae
489 503 753 574 imagines
781 518 972 571 sacrm,
1004 501 1195 572 quibus
1221 500 1522 556 inanissimi
1550 499 1799 555 homines
1814 512 1930 553 ser-

329 597 513 665 vinnt,
545 599 691 653 omni
721 614 885 654 sensu
915 608 1122 661 carent,
1155 597 1409 666 quoniam
1451 605 1593 651 terra
1637 592 1765 649 sint.
1799 591 1929 659 Quis

327 701 510 745 autem
543 707 650 745 non
678 692 971 761 intelligat,
1005 687 1155 744 nefas
1181 703 1302 744 esse
1332 697 1538 744 rectum
1578 685 1773 741 animal
1798 700 1925 739 cur-

323 784 465 851 vari,
514 793 571 839 ut
600 784 796 841 adoret
822 783 1062 838 terram?
1092 797 1210 852 quae
1239 780 1442 836 idcirco
1473 778 1700 850 pedibus
1729 776 1928 831 nostris

328 877 575 947 subjecta
619 884 723 939 est.
757 886 814 929 ut
844 872 1103 929 calcanda
1135 873 1315 940 nobis,
1357 887 1464 927 non
1492 867 1768 926 adoranda
1819 867 1924 933 sit,

324 969 420 1041 qui
446 983 634 1024 sumus
662 965 785 1022 ideo
812 964 1031 1021 excitati
1057 980 1121 1019 ex
1155 980 1250 1031 ea,
1288 972 1593 1033 statumque
1637 958 1921 1015 sublimem

331 1070 536 1132 praeter
561 1070 787 1115 caeteras
813 1057 1120 1113 animantes
1145 1055 1473 1125 accepimus,
1505 1061 1567 1109 ut
1605 1066 1714 1108 non
1742 1050 1924 1108 revol-

331 1167 528 1208 vamur
548 1151 823 1218 deorsum,
853 1164 953 1205 nec
977 1149 1121 1204 hunc
1148 1149 1429 1205 cmlestem
1447 1147 1654 1201 vultum
1680 1143 1926 1215 proiicia-

333 1261 462 1302 rnus
490 1245 555 1300 ad
600 1253 831 1308 terram;
879 1242 977 1298 sed
1010 1242 1198 1298 oculos
1219 1257 1285 1297 eo
1316 1240 1632 1313 dirigamus,
1665 1253 1772 1309 quo
1806 1237 1926 1292 illos

328 1349 543 1394 natura:
592 1351 705 1392 suae
756 1334 996 1390 conditio
1045 1335 1264 1400 dixerit,
1297 1333 1537 1403 nihilque
1562 1330 1706 1387 aliud
1733 1329 1926 1385 adore-

331 1447 475 1493 mus,
513 1428 647 1483 nihil
677 1427 920 1483 colamus
941 1470 955 1491 ,
989 1428 1093 1482 nisi
1120 1427 1289 1483 solius
1319 1425 1545 1481 artificis
1574 1425 1925 1496 parentisque

328 1521 498 1576 nostri
531 1520 746 1574 unicum
778 1535 978 1574 numen
1012 1537 1026 1572 :
1058 1519 1151 1591 qui
1180 1527 1465 1589 propterea
1489 1516 1764 1572 hominem
1794 1515 1922 1586 rigi-

316 1612 448 1668 dum
478 1611 749 1679 ﬁguravit,
780 1620 838 1666 ut
856 1613 1110 1677 sciamus,
1134 1626 1233 1666 nos
1261 1612 1329 1666 ad
1350 1626 1581 1682 superna
1603 1617 1660 1665 et
1679 1609 1919 1665 caelestia

320 1703 628 1776 provocari.
658 1703 863 1769 Tertio,
897 1702 1042 1774 quod
1090 1702 1334 1772 spiritus,
1373 1702 1462 1773 qui
1501 1710 1739 1771 praesunt
1789 1699 1920 1769 ipsis

2038 507 2146 566 tur,
2181 501 2266 555 vel
2310 502 2591 572 spiritibus
2620 503 2848 574 impuris
2875 502 3087 557 animas
3112 515 3240 558 suas
3282 499 3647 569 mancipant,

2040 594 2309 649 rationem
2344 594 2624 651 hominum
2652 611 2759 651 non
2790 606 2997 663 tenere,
3026 609 3230 665 eosque
3254 589 3564 663 impietatis
3584 605 3653 645 ac

2034 685 2263 741 sceleris
2285 687 2370 742 sui
2401 688 2669 759 supplicia
2689 702 2974 759 pensuros,
3003 689 3094 760 qui
3114 686 3350 743 rebelles
3374 686 3659 739 adversus

2033 788 2315 848 parentem
2353 780 2573 850 generis
2602 780 2821 836 humani
2854 780 3045 843 Deum,
3080 777 3357 850 susceptis
3397 774 3657 845 inexpia-

2031 872 2236 930 bilibus
2264 874 2436 931 sacris
2464 873 2544 931 fas
2572 889 2737 931 omne
2755 873 3102 930 violaverint.

2606 1012 2836 1071 CAPUT
2864 1012 3011 1071 XIX.

2209 1128 2289 1184 De
2313 1129 2641 1186 simulacrum
2666 1140 2714 1186 et
2739 1140 3053 1187 terrenarum
3073 1130 3257 1187 'rerum
3279 1130 3455 1187 cultu.

2100 1240 2437 1313 Quicumque
2464 1244 2626 1313 igitur
2658 1256 3063 1300 sacramentum
3105 1244 3347 1301 hominis
3372 1243 3546 1310 tueri,
3563 1258 3654 1299 ra-

2028 1330 2342 1403 tionemque
2391 1346 2598 1392 naturae
2628 1351 2742 1392 sum
2794 1338 2986 1393 nititur
3014 1337 3282 1404 obtinere,
3317 1337 3437 1407 ipse
3483 1351 3556 1391 se
3580 1336 3649 1392 ab

2026 1423 2195 1479 humo
2243 1427 2490 1494 suscitet,
2521 1437 2575 1484 et
2624 1437 2805 1486 erecta
2859 1440 3043 1487 mente
3067 1431 3255 1486 oculos
3286 1443 3419 1486 suos
3447 1428 3649 1485 tendat

2026 1517 2083 1572 in
2116 1520 2356 1575 caelum:
2389 1536 2499 1577 non
2548 1521 2651 1577 sub
2708 1523 2936 1594 pedibus
2974 1533 3184 1595 quaerat
3239 1523 3436 1591 Deum,
3478 1537 3591 1579 nec
3618 1538 3651 1577 a

2025 1611 2271 1681 vestigiis
2314 1615 2428 1669 suis
2458 1627 2612 1670 eruat
2639 1615 2785 1687 quod
2815 1615 3008 1672 adoret
3058 1616 3204 1690 (quia
3237 1613 3517 1687 quidquid
3554 1616 3655 1671 ho-

2025 1705 2157 1759 mini
2187 1706 2452 1777 subjacet,
2479 1707 2614 1764 infra
2649 1708 2927 1766 hominem
2981 1710 3052 1765 sit
3078 1725 3307 1768 necesse
3352 1708 3466 1784 est)
3504 1727 3523 1776 ;
3556 1710 3654 1766 sed

319 1795 693 1867 religionibus,
724 1793 1069 1850 condemnati
1095 1794 1360 1863 etabjecti
1384 1809 1413 1847 a
1445 1794 1576 1860 Deo,
1600 1807 1695 1863 per
1718 1800 1918 1846 terram
1953 1803 2001 1864 B
2028 1808 2237 1870 quam:
2267 1801 2320 1856 in
2348 1800 2587 1871 sublimi,
2618 1812 2826 1874 quam
2847 1806 2900 1859 in
2930 1819 3181 1871 summo;
3214 1806 3341 1877 quia
3367 1805 3518 1861 nihil
3545 1820 3646 1878 po-

324 1890 640 1945 volutentur
664 1910 676 1944 :
701 1888 791 1959 qui
819 1903 926 1944 non
947 1896 1154 1942 tantum
1184 1886 1318 1941 nihil
1346 1894 1605 1957 praestare
1626 1883 1923 1940 cultoribus

323 1980 440 2038 suis
464 1979 695 2050 possint,
711 1980 966 2049 queniam
984 1994 1162 2034 rerum
1184 1987 1422 2049 potestas
1447 1992 1613 2048 penes
1633 1992 1793 2031 unum
1815 1986 1922 2042 est,

332 2088 525 2129 verum
573 2072 736 2128 etiam
785 2071 1078 2127 mortiferis
1125 2086 1220 2127 eos
1250 2070 1525 2127 illecebris
1551 2079 1606 2125 et
1649 2068 1925 2125 erroribus

325 2162 590 2235 perdant;
644 2162 899 2234 quoniam
932 2163 1033 2217 hoc
1065 2163 1170 2218 illis
1197 2163 1569 2234 quotidianum
1627 2162 1699 2216 sit
1735 2176 1873 2231 opus
1894 2201 1910 2226 ,

328 2257 587 2313 tenebras
618 2254 930 2311 hominibus
956 2254 1260 2321 obducere,
1294 2270 1362 2310 ne
1408 2264 1682 2326 quaeratur
1710 2252 1780 2307 ab
1818 2252 1923 2306 illis

328 2364 493 2404 verus
524 2348 688 2403 Deus.
723 2346 841 2402 Non
874 2347 1035 2419 igitur
1054 2347 1265 2403 colendi
1292 2354 1439 2413 sunt,
1471 2346 1595 2418 quia
1643 2344 1924 2401 sententiae

324 2437 426 2494 Dei
445 2439 741 2505 suhjacent.
764 2439 1013 2495 Estenim
1040 2439 1306 2509 piaculum
1321 2438 1644 2501 maximum,
1668 2437 1924 2493 addicere

339 2547 400 2588 se
430 2533 677 2601 potestati
704 2548 914 2598 eorum,
942 2534 1157 2604 quibus,
1188 2534 1233 2587 si
1254 2533 1516 2602 justitiam
1546 2545 1794 2601 sequare,
1822 2545 1920 2600 po~

342 2626 548 2680 tentior
563 2640 683 2680 esse
707 2626 903 2696 possis,
937 2636 990 2680 et
1014 2642 1107 2681 eos
1133 2626 1471 2695 adjuratione
1498 2624 1665 2680 divini
1695 2624 1926 2679 nominis

336 2717 630 2788 expellere,
652 2732 716 2773 ac
747 2717 952 2789 fugare.
985 2719 1137 2787 Quod
1156 2720 1199 2773 si
1219 2728 1461 2791 apparet,
1490 2718 1777 2789 religiones
1796 2717 1925 2773 istas

339 2815 426 2864 tot
450 2809 625 2864 modis
654 2824 776 2866 esse
818 2826 1004 2879 vanas,
1034 2811 1229 2882 quibus
1260 2811 1443 2877 docui,
1470 2811 1812 2866 manifestum
1841 2818 1925 2865 est

2028 1900 2133 1948 test
2159 1892 2385 1950 homine
2410 1896 2586 1968 majus
2613 1910 2757 1963 esse,
2790 1896 2894 1952 nisi
2948 1896 3092 1967 quod
3122 1896 3285 1953 fuerit
3338 1912 3517 1968 supra
3543 1896 3650 1953 ho-

2030 1985 2231 2041 minem
2258 2002 2273 2051 ;
2304 1986 2447 2041 Deus
2472 1995 2649 2043 autem
2672 1987 2847 2059 major
2870 1997 2955 2045 est
2980 1988 3199 2045 homine
3231 2008 3247 2057 ;
3281 2004 3446 2062 supra
3479 2006 3642 2061 ergo,

2029 2091 2140 2133 non
2179 2076 2316 2133 infra
2345 2088 2448 2143 est,
2480 2094 2581 2136 nec
2632 2078 2685 2134 in
2731 2078 2839 2135 ima
2867 2080 3068 2152 potius,
3096 2080 3194 2138 sed
3225 2080 3280 2137 in
3305 2096 3527 2138 summa
3556 2099 3652 2138 re-

2029 2169 2192 2240 gione
2220 2170 2543 2240 quaerendus
2568 2180 2671 2226 est.
2727 2169 2910 2239 Quare
2949 2187 3055 2227 non
3099 2181 3185 2228 est
3228 2171 3459 2228 dubium
3513 2174 3651 2242 quin

2030 2260 2225 2331 religio
2266 2260 2411 2315 nulla
2451 2261 2543 2328 sit,
2584 2261 2910 2333 ubicumque
2945 2262 3302 2319 simulacrum
3344 2273 3453 2320 est.
3507 2263 3653 2321 Nam

2031 2353 2078 2408 si
2103 2352 2294 2423 religio
2315 2367 2381 2407 ex
2412 2351 2609 2409 divinis
2641 2353 2806 2410 rebus
2834 2363 2937 2421 est,
2967 2354 3136 2410 divini
3162 2364 3345 2412 autem
3372 2355 3516 2411 nihil
3540 2366 3651 2426 est,

2033 2444 2136 2498 nisi
2178 2444 2231 2498 in
2259 2443 2572 2499 caelestibus
2608 2444 2768 2500 rebus
2800 2461 2815 2512 ;
2844 2456 3031 2501 carent
3080 2461 3213 2518 ergo
3258 2447 3541 2521 religione
3576 2450 3655 2504 si-

2030 2535 2291 2602 mulacra,
2322 2535 2447 2604 quia
2471 2536 2600 2591 nihil
2627 2546 2804 2608 potest
2833 2552 2956 2593 esse
2982 2538 3206 2595 cteleste
3231 2539 3289 2595 in
3318 2555 3384 2596 ea
3409 2555 3500 2606 re,
3524 2557 3655 2612 qua

2034 2624 2093 2681 fit
2121 2641 2185 2681 ex
2214 2634 2377 2682 terra.
2408 2625 2563 2694 Quod
2588 2627 2808 2698 quidem
2846 2628 2917 2684 de
2952 2629 3172 2685 nomine
3223 2629 3344 2702 ipso
3370 2646 3654 2703 apparere

2031 2717 2261 2787 sapienti
2287 2726 2484 2787 potest.
2516 2718 2787 2790 Quidquid
2818 2721 2965 2777 enim
3010 2722 3311 2790 simulatur,
3350 2723 3405 2778 id
3447 2725 3653 2781 falsum

2032 2811 2103 2865 sit
2125 2824 2348 2866 necesse
2388 2819 2471 2866 est
2497 2827 2512 2878 ;
2541 2825 2642 2867 nec
2670 2820 2849 2884 potest
2898 2829 3130 2886 unquam
3164 2816 3278 2873 veri
3308 2832 3522 2875 nomen
3544 2834 3649 2876 ac—

1626 2948 1986 3007 VARIORUM
2020 2947 2251 3006 NOTAE.

408 3091 600 3146 Altero.
655 3091 780 3147 Hinc
828 3091 989 3147 lectio
1020 3091 1054 3145 5
1084 3090 1353 3145 editorum
1395 3097 1453 3160 et
1494 3088 1745 3160 omnium
1785 3102 1918 3160 mss.
1950 3096 1995 3160 ρ
2028 3087 2167 3160 sicut
2190 3086 2592 3157 pauloinferius
2621 3088 2846 3145 verbum
2879 3088 3242 3160 mancipandi.
3270 3090 3407 3147 Nam
3432 3093 3653 3151 addicti

337 3173 442 3229 est,
475 3178 702 3233 quorum
754 3163 993 3232 quinque
1035 3176 1318 3232 perperam
1347 3159 1555 3215 addunt
1600 3159 1921 3233 vocabulum

336 3230 511 3300 modo,
542 3234 682 3304 quod
707 3230 819 3304 jam
853 3230 1148 3302 praecessit.
1193 3234 1385 3287 Caeteri
1441 3231 1689 3300 impressi
1725 3230 1928 3285 habent

335 3305 522 3366 altera,
552 3303 603 3357 et
633 3303 767 3358 infra
799 3306 967 3368 tertia,
987 3319 1083 3373 pro
1104 3305 1269 3364 tertio.
1296 3304 1436 3373 quod
1465 3311 1644 3358 cunct.
1666 3316 1796 3357 mss.
1821 3311 1921 3355 est.

410 3374 730 3429 lnanissimi.
763 3374 879 3430 Non
908 3376 1065 3429 aliter
1092 3376 1351 3445 legitnrin
1383 3390 1513 3429 mss.
1540 3376 1646 3428 fere
1671 3373 1923 3428 erunibus

337 3455 393 3503 et
421 3447 471 3500 in
502 3446 687 3499 decem
718 3447 897 3501 editis.
927 3448 953 3501 1
984 3444 1333 3500 Ουιιιξιιιιὶιθι
1377 3445 1717 3498 inmanissimi
1747 3486 1761 3509 ,
1805 3458 1925 3498 cor-

337 3527 531 3587 rupte;
567 3527 617 3570 et
645 3519 664 3571 1
705 3516 859 3571 Coll).
887 3533 1006 3571 cum
1039 3532 1133 3571 sex
1172 3517 1468 3586 impressis,
1498 3516 1778 3570 vanissimi.

414 3588 516 3652 Qui
539 3605 713 3642 sumus
748 3590 860 3641 ideo
891 3589 1094 3643 excitati
1134 3603 1197 3641 ea:
1225 3605 1302 3640 ea.
1346 3587 1421 3642 Ita
1469 3588 1639 3641 codex
1672 3588 1925 3655 antiquus

340 3658 704 3714 BOIIOtticnsis
728 3668 782 3713 et
810 3669 920 3714 tres
940 3658 1208 3723 Vaticani;
1230 3658 1370 3727 quod
1399 3673 1618 3713 sensum
1640 3656 1809 3713 efﬁcit
1837 3671 1925 3711 ra-

340 3729 478 3785 tioni
504 3734 672 3798 magis
691 3740 1137 3796 consentaneum,
1166 3731 1242 3782 ait
1270 3730 1615 3785 Thomasius.

412 3799 500 3855 Ea:
542 3818 622 3867 ea,
671 3811 957 3871 statumque
998 3801 1284 3855 sublimem.
1343 3802 1416 3855 Ita
1459 3800 1711 3865 emendo,
1754 3799 1927 3871 etgsic

337 3873 634 3942 prmferunt
665 3869 942 3927 veterrimi
972 3886 1125 3938 mss.,
1160 3873 1182 3925 1
1221 3872 1452 3938 Βοηοη.,
1477 3873 1511 3927 ‘5
1561 3873 1717 3941 Reg.
1759 3870 1793 3925 5
1823 3869 1926 3942 Va-

337 3941 460 4003 tic..
492 3944 526 3998 5
547 3943 726 4001 (Iolb..
759 3942 923 4008 Ultr.,
951 3942 1109 4004 Tax.,
1159 3942 1330 4011 Lips,
1363 3943 1508 4007 Em.,
1532 3942 1720 4000 Brun..
1756 3951 1809 3995 et
1836 3941 1924 3996 ed.

336 4014 536 4074 'l‘orn.,
565 4013 839 4069 Sonbron.
865 4012 921 4068 lu
953 4016 978 4069 1
1017 4014 1257 4068 Clarum.
1281 4025 1335 4070 et
1354 4014 1635 4078 impressis
1656 4012 1922 4078 Florent.,

340 4082 562 4154 Spark.,
592 4082 829 4145 Wnlclt..
872 4095 919 4139 et
949 4101 1012 4139 ea:
1066 4102 1123 4138 ea
1150 4095 1337 4138 statum
1367 4083 1665 4145 sublimem;
1696 4084 1747 4135 in
1792 4083 1925 4138 edit.

339 4154 438 4221 15.,
474 4172 535 4209 ex
555 4171 711 4225 eaque
736 4166 922 4208 statum
948 4157 1235 4221 sublimem,
1263 4155 1521 4209 mendose
1549 4154 1768 4225 omnino
1793 4169 1805 4205 :
1828 4170 1927 4210 nec

339 4227 539 4281 melius
572 4223 716 4295 legas
744 4227 793 4279 in
822 4243 952 4281 mss.
983 4226 1018 4280 2
1040 4229 1109 4281 al.
1144 4228 1274 4297 Reg.
1310 4241 1465 4297 ree,
1490 4225 1685 4297 (Iane,
1717 4223 1839 4278 Jun.
1874 4233 1930 4278 et

340 4297 396 4353 in
427 4297 558 4351 edit.
596 4296 751 4350 Horn.
788 4299 925 4353 1470
955 4310 1005 4352 et
1029 4300 1148 4351 aliis
1173 4295 1429 4366 quinque.
1451 4296 1505 4348 lu
1534 4296 1558 4349 1
1588 4295 1849 4357 Clarom.,
1872 4305 1927 4349 ut

339 4384 408 4423 ea:
434 4383 513 4431 eo,
545 4369 710 4435 male;
741 4368 804 4423 ad
832 4369 959 4439 quid
990 4369 1130 4423 enim
1164 4367 1393 4421 refertur
1425 4383 1488 4421 ea:
1530 4366 1632 4419 eo?
1659 4381 1832 4439 neque
1860 4381 1926 4420 ex

338 4446 484 4493 terra
513 4440 750 4505 excitati,
795 4456 861 4494 ex
887 4457 947 4493 ea
975 4451 1164 4494 statum
1205 4439 1472 4492 sublimem
1500 4438 1824 4505 accepimus.
1855 4466 1928 4477 —

2030 3157 2349 3231 dicebantur
2375 3160 2600 3215 obarrati
2620 3168 2673 3213 et
2700 3161 2846 3230 nexi,
2877 3161 2967 3231 qui
2999 3157 3076 3215 ob
3097 3176 3173 3217 ars
3195 3162 3433 3218 alienum
3464 3168 3655 3222 credi-

2031 3229 2243 3300 toribus
2311 3231 2364 3284 in
2422 3232 2805 3300 temporariam
2880 3229 3197 3287 servitutem
3255 3235 3651 3294 tradebantur.

2028 3299 2163 3355 Nam
2185 3302 2274 3371 qui
2304 3312 2710 3374 peccat.servus
2736 3310 2819 3359 est
2835 3304 3058 3374 peccati,
3078 3304 3233 3373 juxta
3256 3305 3517 3362 Paulum.
3541 3310 3656 3364 0b-

2029 3386 2211 3450 s_erva_,
2246 3372 2393 3450 quod
2417 3373 2704 3450 religionis
2736 3372 2932 3450 nomen
2957 3391 3053 3450 pro
3082 3390 3150 3450 eo
3178 3389 3439 3450 usurpat,
3494 3383 3645 3450 quod

2031 3440 2343 3519 Graecis‘ésl
2367 3442 2762 3519 ᾂεισιδαιμονία,
2794 3447 2845 3500 in
2882 3440 3075 3519 ma'latu
3102 3440 3357 3519 ttimirtttn
3387 3440 3607 3517 partem
3634 3472 3649 3507 :

2030 3514 2126 3569 sed
2162 3514 2212 3567 id
2241 3514 2354 3570 fere
2382 3516 2434 3569 in
2472 3514 2662 3580 plurali
2685 3532 2916 3573 numero
2943 3517 3225 3573 duntaxat.
3260 3514 3607 3579 Βετὶιιειιιε.

2102 3584 2391 3659 Justitiam.
2427 3585 2495 3659 Id,
2509 3597 2612 3652 est,
2643 3603 2825 3643 veram
2857 3589 3198 3659 religionem.

2116 3654 2443 3729 Violaverint.
2476 3658 2564 3714 Sic
2589 3661 2891 3729 reperimus
2921 3654 2985 3713 in'
3002 3662 3393 3718 vetuStioribns
3422 3673 3486 3719 et
3529 3681 3651 3722 tne-

2029 3726 2705 3800 lioribusimanuscripti's,
2757 3729 3062 3786 faventibus
3110 3746 3205 3787 sex
3252 3734 3408 3800 aliis,
3457 3744 3524 3790 et
3550 3738 3643 3793 ed.

2031 3797 2190 3874 130m.
2225 3798 2362 3855 1468
2394 3810 2452 3874 et
2470 3800 2637 3874 _M_70,
2668 3802 2719 3855 in
2757 3802 2951 3869 quibus
2998 3812 3081 3858 est
3128 3797 3454 3860 violaverunt
3468 3824 3493 3874 ;
3532 3808 3586 3863 in
3620 3810 3643 3865 1

2029 3867 2183 3924 Colb.
2214 3886 2322 3925 rec.
2355 3879 2408 3925 et
2432 3870 2499 3925 12
2524 3867 2828 3939 impressis,
2860 3874 3193 3928 violaverunt.

2103 3940 2513 4018 sacramentum.
2559 3942 2683 3997 Haec
2709 3943 2895 4018 voxgin
2945 3944 3228 4001 Lactantio
3257 3962 3407 4018 smpe
3438 3950 3523 4005 ita
3552 3964 3649 4006 oc-

2030 4012 2216 4093 currit,
2250 4021 2307 4093 ut
2328 4012 2594 4093 signiticet
2618 4016 2956 4085 mysterium,
2978 4031 3041 4071 ac
3069 4012 3509 4076 reconditionem
3542 4024 3645 4078 ali-

2032 4083 2184 4150 cujus
2206 4084 2282 4136 rei
2310 4083 2782 4151 significationem.

2104 4150 2226 4234 Ipse
2245 4170 2298 4206 se
2318 4153 2387 4234 ab
2415 4154 2568 4234 Immo
2588 4159 2818 4234 suscitet.
2850 4157 2983 4234 Illud
3005 4175 3072 4234 se
3117 4159 3169 4214 in
3196 4162 3477 4218 nonnullis
3507 4163 3642 4234 imp.

2031 4221 2179 4294 deest
2203 4242 2215 4279 :
2237 4225 2331 4279 sed
2374 4227 2693 4294 exprimitur
2717 4229 2768 4282 in
2812 4230 3047 4284 melioris
3083 4240 3227 4286 notas
3253 4249 3385 4288 mss.
3417 4245 3475 4290 ct
3507 4221 3641 4291 edit.

2104 4292 2221 4374 Nec
2244 4295 2299 4349 in
2330 4297 2432 4349 ima
2446 4292 2646 4374 potius,
2682 4299 2772 4352 sed
2793 4299 2848 4353 in
2874 4317 3072 4354 summa
3096 4303 3302 4374 regione
3328 4312 3649 4371 quan-endis

2029 4375 2121 4421 est.
2170 4365 2257 4442 S_ic
2308 4365 2806 4442 emendavimusgex
2840 4373 3093 4426 omnibus
3122 4365 3259 4442 p'ene
3287 4365 3417 4430 mss.
3450 4390 3512 4433 et
3539 4382 3644 4434 im-

2036 4438 2232 4521 pressis
2263 4456 2275 4491 :
2298 4438 2436 4521 male
2451 4450 2630 4521 autem
2657 4440 2757 4521 in_5
2778 4441 2907 4512 Reg.
2928 4453 2981 4497 et
3006 4438 3224 4521 totidem
3252 4461 3361 4521 rec.
3384 4450 3484 4521 ed.
3509 4451 3641 4521 leg.,

342 4508 570 4585 Excitati
599 4526 662 4564 ea:
690 4526 778 4585 ea.
800 4584 803 4585 ν
825 4521 1128 4585 statumque.
1177 4512 1428 4585 Attamen
1465 4518 1520 4560 nt
1547 4507 1929 4585 hicexeitatum
1955 4506 2009 4566 D
2035 4508 2302 4585 religione.
2332 4507 2467 4562 Num
2485 4511 2689 4585 rectius
2713 4506 3014 4581 legerétur,
3050 4524 3109 4569 ut
3137 4517 3333 4585 placuit
3373 4506 3641 4583 Cellario,

340 4596 406 4653 ea:
438 4597 495 4634 ea
518 4580 731 4653 (terra),
758 4584 843 4653 psic
873 4582 910 4635 l.
940 4597 998 4647 ιι,
1033 4596 1152 4653 cap.
1193 4581 1242 4642 1,
1278 4577 1547 4653 Eas/tumo
1570 4578 1929 4653 subleuatum;

338 4652 379 4707 l.
411 4667 505 4711 vn.
528 4649 586 4705 Vc.
615 4649 774 4719 9,'Ab
797 4654 951 4707 Immo
981 4652 1287 4714 excitatum;
1317 4649 1446 4703 ibid.
1478 4664 1530 4704 c.
1560 4651 1610 4716 6,
1647 4649 1932 4703 Allevatum

341 4738 406 4779 ea:
426 4723 648 4777 Immo...
682 4725 929 4779 excitasse
948 4723 1104 4777 dixit.
1139 4720 1269 4774 BUN.

417 4791 682 4847 Prwter...
707 4795 1013 4848 animantes.
1047 4790 1103 4846 Id
1130 4801 1232 4853 est.
1266 4805 1374 4859 pra:
1403 4800 1556 4846 cretei
1572 4791 1617 4844 is
1641 4789 1931 4845 animanti-

342 4863 468 4920 bus.
502 4864 618 4920 Vid.
640 4865 677 4919 l.
697 4881 735 4931 ι,
762 4880 882 4932 cap.
900 4864 950 4917 7.
973 4863 1085 4918 lluc
1100 4862 1331 4931 pertinet
1349 4861 1417 4916 de
1442 4860 1522 4916 [ra
1548 4876 1665 4930 cap.
1688 4860 1930 4917 14.8mm

416 4933 532 4989 Nec
584 4940 719 4991 hunc
764 4936 1035 4989 caelestem.
1073 4934 1282 5001 Sequor
1332 4941 1547 4988 veteres
1589 4932 1856 4987 editiones
1880 4941 1938 4987 et

341 5021 534 5062 omnes
559 5006 674 5062 fere
701 5021 831 5061 mss.
857 5005 926 5061 At
956 5006 1151 5075 legitur
1165 5020 1248 5071 ne,
1274 5004 1326 5059 in
1348 5006 1380 5060 4
1400 5003 1615 5075 scriptis
1642 5018 1752 5060 rec.
1787 5015 1842 5059 et
1870 5003 1935 5058 t2

339 5079 592 5145 vulgatis.

420 5144 541 5202 Nisi
552 5148 711 5203 solius
725 5146 958 5215 artiﬁcis.
979 5146 1075 5202 Ms.
1095 5144 1326 5203 Cauc.et
1344 5147 1411 5203 10
1426 5147 1724 5216 impressis,
1744 5146 1932 5212 solum,

343 5229 632 5287 corrupte;
663 5218 790 5287 quid
816 5218 958 5272 enim
988 5219 1087 5274 sibi
1118 5219 1233 5273 vult
1272 5217 1440 5273 solum
1469 5219 1670 5272 unicum
1700 5234 1887 5273 numen
1909 5219 1936 5272 ?

424 5289 645 5346 Unicum
674 5305 877 5343 numen.
917 5288 1044 5345 Mss.
1073 5290 1144 5346 26
1171 5299 1223 5345 et
1244 5290 1330 5345 ed.
1379 5290 1535 5344 Butn.
1568 5290 1707 5345 1470
1734 5289 1936 5345 habent

338 5378 548 5418 nomen.

416 5432 683 5502 Rigidum.
703 5431 757 5487 ld
778 5440 878 5495 est,
901 5433 1300 5488 erectum.Vide
1311 5448 1428 5503 cap.
1446 5447 1561 5503 seq.
1583 5430 1726 5485 circa
1748 5430 1927 5488 finem.

419 5503 787 5568 Quotittianum
828 5514 893 5557 sit
919 5521 1065 5570 apus.
1098 5520 1227 5559 mss.
1260 5515 1363 5569 est,
1408 5514 1604 5575 praeter
1649 5518 1811 5557 unum
1850 5516 1934 5557 re-

346 5578 679 5647 centiorem;
709 5586 811 5638 est,
841 5578 978 5647 typis
1002 5576 1200 5645 vulgat.

416 5645 673 5700 Tenebras
725 5644 1010 5701 hominibus
1060 5647 1327 5702 obducere.
1379 5647 1515 5701 Hinc
1542 5644 1709 5700 Tanr.
1762 5644 1928 5714 Epit.,

344 5716 503 5789 (3.28,
520 5718 837 5773 abduxerunt
862 5719 1085 5772 humano
1110 5720 1286 5789 generi
1316 5718 1567 5773 tenebras.
1586 5714 1798 5789 Cicero,
1826 5716 1860 5770 Ι.
1879 5731 1930 5770 ιν

340 5786 508 5845 Acad.
533 5796 586 5857 ti,
620 5790 865 5846 obducere
894 5786 1126 5845 tenebras
1151 5793 1299 5845 rebus
1323 5788 1645 5844 clarissimis.
1682 5787 1818 5842 BUN.

343 5922 348 5931 I
412 5862 661 5919 Addieere
688 5881 763 5920 se.
806 5861 1042 5933 Usurpat
1080 5862 1308 5918 verbum
1335 5860 1457 5931 jure
1502 5858 1880 5917 consultorum
1908 5899 1925 5926 ,

2039 4578 2153 4632 Nec
2181 4580 2233 4631 in
2258 4581 2381 4645 ima,
2405 4580 2494 4634 sed
2514 4583 2682 4649 potius
2712 4578 3014 4648 iit—summa,
3035 4578 3226 4641 etcf—
3251 4578 3642 4646 Heumannusi

2039 4649 2238 4735 Probo,
2260 4650 2447 4734 inquit,
2466 4652 2709 4735 codicisa
2733 4651 3182 4735 Cellarioﬁlaudati
3199 4659 3337 4729 (scil.
3356 4660 3641 4735 Emman.)

2034 4723 2535 4800 scripturam,_itna,
2583 4728 2672 4800 sed
2725 4726 2914 4793 potius.
2946 4723 3246 4800 [ruborem
3277 4741 3330 4784 et
3360 4732 3504 4800 ipse,
3537 4723 3641 4789 nisi

2035 4793 2348 4862 cogitarem,
2398 4793 2912 4869 Lactantiumsaepe
2944 4797 3073 4852 illud
3106 4801 3275 4869 potius
3320 4793 3517 4858 contra
3549 4820 3640 4859 re-

2036 4871 2249 4937 ceptum
2282 4878 2509 4937 morem
2563 4866 2636 4920 illi
2666 4866 2755 4920 sed
2787 4866 3129 4937 praemittere.
3177 4870 3328 4927 Unde
3357 4873 3535 4930 tutius
3557 4884 3639 4932 tot

2038 4948 2170 4988 mss.
2197 4933 2251 4988 in
2282 4933 2364 5007 his
2384 4934 2640 5007 Reimm.,
2664 4933 2810 5007 Lips.
2842 4948 2896 4992 et
2920 4938 3107 5001 60th..
3139 4951 3195 4996 et
3220 4941 3491 4999 editiones
3522 4963 3643 5001 om-

2037 5019 2138 5060 nes
2185 5004 2521 5085 sequi..Vi-de
2570 5004 2868 5085 quae—noto
2908 5010 2972 5064 ad
3025 5011 3181 5085 infra,
3214 5030 3391 5070 non...
3423 5019 3643 5085 potissi-

2037 5092 2244 5157 mum...
2278 5075 2369 5130 sed
2392 5078 2478 5157 ;.1ἰ
2506 5075 2656 5142 vtfc.
2704 5078 2794 5157 12,
2826 5084 3126 5157 aerumnae
3167 5075 3273 5157 ille
3304 5075 3434 5139 non.
3456 5092 3643 5157 potius

2037 5147 2305 5231 incaute...
2332 5148 2423 5201 sed
2458 5150 2750 5231 ignorantia
2776 5152 2898 5206 veri.
2945 5153 3099 5221 |bid.,
3133 5169 3185 5210 c.
3215 5156 3309 5225 16,
3340 5147 3506 5213 ηεαδ..
3537 5177 3635 5231 po-

2038 5217 2307 5273 tissimum.
2320 5256 2356 5272 ..
2389 5217 2496 5274 sed;
2538 5220 2669 5277 BUN.

2111 5287 2176 5342 In
2201 5305 2262 5343 ea
2305 5306 2389 5363 re.
2424 5290 2478 5344 In
2503 5293 2527 5345 1
2556 5292 2790 5348 Claram.
2819 5296 2975 5363 quod,
3014 5296 3275 5354 mendose
3302 5314 3317 5363 ;
3372 5298 3425 5354 in
3457 5300 3641 5358 altero

2037 5358 2272 5443 Silarum.
2302 5361 2489 5443 5_Beg.
2515 5377 2649 5443 rec._,
2669 5358 2926 5443 apo-ib”
2962 5358 2988 5421 1
3022 5366 3276 5443 Tor_nes.,
3303 5358 3332 5425 1
3365 5370 3637 5443 Sorbon.,

2037 5431 2184 5508 Lips.
2208 5441 2262 5508 et
2287 5433 2415 5508 edit.
2442 5433 2599 5508 Rom.
2625 5436 2781 5499 1168,
2804 5437 2857 5490 in
2877 5452 2979 5491 tere
3001 5440 3157 5508 quod.

2111 5503 2261 5571 Quod
2286 5504 2487 5584 quidem
2510 5506 2578 5584 de
2592 5508 2795 5560 nomine
2788 5507 2922 5584 _ipso
2943 5503 3192 5584 apparere
3205 5512 3427 5582 sapienti
3440 5526 3634 5584 potest.

2036 5572 2164 5653 _H:ec
2190 5572 2309 5653 quae
2339 5575 2534 5630 desunt
2564 5577 2616 5631 in
2643 5593 2744 5653 ms.
2787 5572 3114 5653 Bononiensi
3162 5572 3412 5653 antiquo,
3440 5572 3639 5644 extant

2035 5647 2090 5722 iAn
2117 5647 2366 5722 omnibus
2394 5663 2523 5722 mss.
2548 5656 2601 5702 et
2621 5649 2798 5722 editis,
2827 5649 3120 5721 'I‘hysiano,
3153 5647 3551 5722 Thomasiano,
3585 5673 3639 5716 et

2033 5713 2459 5798 Cantabrigieusi
2489 5723 2757 5800 exceptis,
2781 5720 2835 5775 in
2858 5713 3051 5791 quibus
3078 5713 3221 5780 male
3245 5727 3448 5782 omissa
3479 5713 3635 5800 sunt,

2032 5788 2155 5859 quia
2184 5804 2270 5842 res
2299 5800 2351 5843 et
2372 5804 2561 5844 sensus
2585 5788 2872 5859 postulant.

2107 5857 2436 5930 Quidquid...
2460 5857 2746 5919 simulatur.
2771 5865 2909 5935 Apte
2932 5864 3225 5935 Juvenalis,
3254 5879 3362 5927 sat.
3386 5886 3462 5940 vr,
3484 5873 3596 5930 ’521
3624 5893 3638 5929 :
