3770 6264
107 327 201 387 318

1276 324 1617 385 ANALYSIS
1640 326 1823 385 LIBRI
1862 329 2121 389 TERTII.

101 446 279 517 cipere,
302 436 436 512 quod
463 439 743 497 veritatem
792 440 914 497 fuco
952 449 1010 499 et
1047 442 1346 501 imitatione
1379 445 1655 501 mentitur.
1686 445 1742 507 Α
1764 450 1998 520 suscepti
2042 452 2223 521 operis
2269 451 2481 523 portio;
2510 459 2565 510 et
2595 451 2878 524 majestate
2928 453 3135 512 caelesti
3167 469 3369 530 sugge-

102 539 152 596 Si
174 543 336 591 autem
372 534 548 589 omnis
579 533 830 602 imitatio,
858 549 965 591 non
996 551 1084 591 res
1130 538 1470 608 potissimum
1501 538 1665 606 seria,

45 692 75 717 ί
102 628 187 687 sed
211 624 352 697 quasi
377 623 532 680 ludus
570 640 634 681 ac
675 625 833 695 jocus
859 636 962 695 est,
989 643 1097 684 non
1144 629 1333 701 religio
1364 630 1416 685 in
1439 630 1667 686 simula-

103 723 213 785 cris,
235 717 325 774 sed
348 719 544 773 mimus
582 720 860 790 religionis
888 731 991 777 est.
1024 721 1427 779 Praeferendum
1456 734 1539 780 est
1568 724 1667 793 igi-

102 825 178 870 tur
201 824 379 865 verum
418 811 669 866 omnibus
698 810 885 869 falsis:
923 814 1177 871 calcanda
1202 823 1439 883 terrena,
1469 826 1526 872 ut
1550 831 1664 873 cte-

97 904 230 962 lestia
257 916 666 974 consequamur.
709 902 786 958 Ita
813 905 957 961 enim
1006 921 1097 962 res
1129 921 1190 963 se
1220 907 1403 976 habet,
1435 918 1493 964 ut
1517 908 1668 979 quis-

94 998 200 1070 quis
242 994 470 1050 animam
507 1011 659 1052 suam
688 1038 704 1064 ,
752 997 909 1067 cujus
937 998 1089 1070 origo
1137 998 1207 1056 de
1267 1000 1408 1057 ctelo
1458 1010 1564 1068 est,
1596 1001 1665 1058 ad

96 1088 282 1146 inferna
329 1097 383 1143 et
439 1087 544 1143 ima
591 1089 968 1160 prostraverit,
1007 1105 1075 1145 eo
1103 1090 1263 1147 cadat
1300 1106 1406 1162 quo
1436 1108 1497 1149 se
1545 1096 1664 1164 ipse

99 1178 353 1251 dejecerit.
374 1176 611 1250 Ideoque
637 1190 852 1251 oportet
875 1182 1121 1250 rationis,
1144 1198 1208 1239 ac
1234 1193 1407 1241 status
1437 1184 1520 1240 sui
1549 1200 1665 1242 me-

92 1286 297 1338 morem,
326 1285 431 1326 non
461 1272 564 1327 nisi
590 1273 658 1328 ad
682 1288 916 1345 superna
945 1275 1042 1330 niti
1065 1291 1300 1347 semper,
1331 1293 1394 1334 ac
1421 1279 1664 1336 tendere.

90 1363 221 1433 Quod
274 1366 364 1433 qui
417 1363 651 1434 fecerit,
689 1364 782 1422 hic
834 1366 990 1438 plane
1038 1370 1296 1439 sapiens,
1346 1370 1435 1427 hic
1468 1372 1667 1441 justus,

89 1456 162 1511 hic
183 1456 359 1521 homo,
382 1455 468 1510 hic
486 1457 720 1530 denique
746 1460 886 1516 cmlo
910 1461 1106 1531 dignus
1123 1463 1453 1533 judicabitur
1471 1482 1487 1525 :
1508 1482 1670 1538 quem

89 1562 202 1605 suus
229 1562 427 1617 parens
454 1566 562 1605 non
593 1550 874 1621 humilem,
905 1570 1007 1611 nec
1034 1557 1100 1610 ad
1132 1564 1331 1613 terram
1358 1574 1512 1615 more
1536 1576 1670 1631 qna-

87 1639 367 1710 drupedum
395 1642 686 1713 abjectum,
706 1645 802 1700 sed
840 1655 1073 1702 stantem
1106 1648 1307 1719 potius,
1334 1664 1399 1707 ac
1428 1660 1663 1723 rectum,

87 1732 204 1790 sicut
223 1746 349 1787 eum
377 1732 525 1801 fecit,
551 1735 857 1805 agnoverit.

674 1870 902 1930 CAPUT
942 1874 1061 1932 XX.

424 1988 503 2045 De
533 1991 877 2064 philosOpIiis,
899 1999 1060 2069 deque
1082 2001 1307 2055 veritate.

147 2111 360 2168 Peracta
424 2121 510 2170 est
552 2112 716 2184 igitur
754 2115 832 2188 (ni
880 2116 1057 2189 fallor)
1104 2135 1296 2193 magna
1333 2132 1388 2178 et
1426 2122 1659 2183 difficilis

1769 748 1892 790 cum
1939 735 2273 808 philosophis
2330 740 2603 809 proposita
2660 739 2879 796 luctatio
2920 747 3006 796 est
3060 756 3074 792 :

1771 551 1926 598 rente
1956 544 2111 600 nobis
2160 544 2376 601 dicendi
2407 544 2739 614 facultatem,
2783 545 3113 603 inveteratas
3152 548 3367 620 depuli-

1771 650 1892 691 mus
1921 651 2159 693 errores.
2188 637 2342 694 Nunc
2390 654 2522 695 vero
2571 639 2744 710 major
2773 639 2952 707 nobis,
2996 655 3063 697 ac
3097 641 3371 700 difficilior

3132 753 3364 809 quorum

1770 841 1981 884 summa
2008 829 2251 887 doctrina
2295 841 2351 888 et
2397 833 2730 904 eloquentia,
2790 833 2947 904 quasi
2994 832 3168 889 moles
3195 833 3369 904 aliqua

1771 922 1903 979 mihi
1930 926 2241 995 opponitur.
2272 926 2404 983 Nam
2436 938 2494 983 ut
2542 928 2655 983 illic
2701 928 2780 1001 (id
2806 937 2900 996 est,
2940 928 2995 982 in
3044 925 3283 983 secundo
3308 925 3371 982 li-

1770 1014 1895 1089 bro)
1941 1017 2308 1087 multitudine,
2359 1035 2424 1076 ac
2456 1034 2626 1092 prope
2675 1034 2947 1075 consensu
2976 1018 3216 1073 omnium
3238 1033 3372 1089 gen-

1772 1110 1904 1166 tium
1928 1111 2343 1181 premebamur;
2377 1114 2449 1168 ita
2492 1113 2583 1169 hic
2632 1113 2951 1169 auctoritate
3001 1112 3371 1184 praestantium

1771 1204 1919 1259 omni
1946 1219 2147 1274 genere
2164 1206 2339 1261 laudis
2361 1207 2620 1262 virorum.
2645 1207 2778 1275 Quis
2804 1215 2984 1262 autem
3006 1206 3231 1269 nesciat,
3251 1205 3371 1276 plus

1772 1310 1895 1352 esse
1924 1298 2182 1352 momenti
2214 1299 2268 1353 in
2298 1298 2646 1368 paucioribus
2690 1298 2890 1365 doctis,
2921 1314 3081 1370 quam
3111 1298 3164 1353 in
3195 1296 3371 1369 pluri-

1773 1388 1874 1444 bus
1910 1389 2225 1459 imperitis?
2253 1389 2360 1447 Sed
2389 1406 2494 1446 non
2526 1400 2610 1446 est
2634 1390 3056 1460 desperandum,
3082 1390 3215 1446 istos
3237 1404 3372 1460 quo-

1772 1495 1881 1551 que
1908 1480 1977 1537 de
1997 1482 2291 1548 sententia,
2321 1483 2433 1538 Deo
2456 1498 2521 1539 ac
2548 1485 2776 1539 veritate
2812 1484 3058 1549 ducibus,
3089 1497 3247 1553 posse
3271 1481 3371 1537 de-

1774 1574 1939 1645 pelli:
1972 1590 2073 1630 ncc
2121 1583 2230 1630 tam
2271 1577 2576 1647 pertinaces
2615 1576 2731 1632 fore
2768 1576 3024 1642 arbitror,
3056 1585 3116 1630 ut
3138 1574 3376 1630 clarissi-

1776 1683 1927 1725 mum
1973 1670 2143 1725 solem
2175 1671 2323 1725 sanis
2352 1686 2415 1726 ac
2444 1670 2749 1742 patentibus
2776 1669 2948 1726 oculis
2977 1669 3165 1724 videre
3192 1683 3253 1724 se
3277 1681 3373 1724 ne-

1775 1773 1924 1833 gent.
1955 1761 2111 1819 Modo
2148 1762 2278 1818 illud
2304 1778 2493 1819 verum
2541 1765 2631 1828 sit,
2661 1762 2803 1834 quod
2849 1764 2952 1834 ipsi
2998 1762 3176 1817 solent
3200 1762 3371 1832 proﬂ-

1781 1857 1907 1923 teri,
1943 1855 2122 1911 studio
2142 1857 2529 1926 investiganda:
2554 1855 2800 1911 veritatis
2826 1868 2887 1909 se
2916 1852 3111 1919 teneri,
3136 1851 3369 1907 efficiam

1700 1917 1749 1976 Β
1777 1917 2042 2016 proiecto,
2092 1957 2151 2003 ut
2196 1917 2477 2019 quaesitam
2537 1947 2821 2002 veritatem
2852 1945 2968 2012 diu,
2997 1952 3053 1999 et
3080 1917 3374 2014 aliquando

1765 2037 2038 2095 inventam
2084 2053 2204 2095 esse
2233 2039 2477 2107 credant,
2509 2045 2565 2095 et
2605 2037 2855 2094 humanis
2876 2035 3109 2109 ingeniis
3142 2035 3371 2093 inveniri

1768 2144 1875 2186 non
1898 2132 2143 2203 potuisse
2184 2131 2467 2187 fateantur.

1375 2236 1741 2300 VARIORUM
1781 2242 2015 2301 NOTAE.

215 2343 289 2412 Nil
310 2345 373 2395 ibi
399 2358 502 2409 per
525 2346 695 2399 ludum
716 2348 1026 2400 simulabitur
1050 2387 1065 2412 ,
1090 2353 1254 2402 omnia
1275 2350 1396 2404 ﬂent

215 2406 284 2457 Ad
306 2406 507 2459 veritm.

81 2490 305 2566 SicCic.,
327 2490 395 2547 de
444 2493 782 2561 Amicitia,c.
813 2495 906 2566 25,
950 2496 1150 2552 Fucata
1178 2509 1231 2555 et
1269 2501 1511 2556 simulata
1562 2503 1668 2558 siu-

81 2565 193 2619 ceris
206 2574 340 2632 atque
365 2566 514 2620 ueris
534 2568 782 2635 opponit.

139 2636 206 2705 Ac
220 2637 358 2705 iocus
386 2646 498 2690 est.
526 2634 672 2692 ld’ex
702 2638 920 2694 Terent.
945 2639 997 2694 in
1022 2641 1272 2699 Eunuch.

141 2704 316 2761 Minius
337 2707 616 2779 religionis
642 2720 733 2764 est.
750 2710 901 2766 Hanc
931 2711 1218 2768 lectionem
1244 2714 1501 2771 exhibent
1529 2730 1661 2771 mss.

89 2786 182 2853 tres
206 2779 479 2853 veterrimi
533 2778 695 2853 Reg,
739 2781 931 2853 Ca_uc.,
987 2782 1138 2849 Jun.,
1184 2785 1221 2838 2
1267 2785 1662 2853 Colb.,Goth.,

92 2847 239 2922 Lips.,
260 2847 419 2922 Ultr.,
454 2847 769 2922 Pal.,gEm.,
796 2851 1079 2920 Cantabr.,
1115 2847 1137 2909 1
1170 2847 1662 2922 (Ζιειιοοηι.,’Βι·ιιιι.ζ

93 2921 230 2995 Svet.
261 2921 394 2995 typis
425 2921 639 2995 excusi,
696 2938 760 2977 ac
784 2924 819 2978 3
844 2939 954 2979 rec.
1007 2925 1077 2979 Et
1114 2926 1255 2995 apud
1286 2921 1547 2982 Senecam
1579 2944 1668 2985 re-

94 2991 291 3061 peritur,
343 2992 376 3045 l.
404 3008 462 3066 v_,
514 2994 673 3066 epist.
717 3010 872 3049 xxvr.
908 2995 961 3048 In
1007 2995 1042 3049 2
1092 2991 1223 3066 Reg.
1263 3008 1315 3051 et
1342 2998 1377 3051 2
1404 2998 1557 3053 Coll).
1584 3010 1668 3055 est

94 3079 271 3141 munus,
304 3063 443 3141 quod
483 3078 581 3133 per
610 3065 973 3141 librariorum
1006 3063 1342 3141 oscitantiam
1374 3071 1664 3141 contigisse

95 3134 194 3202 quis
218 3149 315 3188 non
340 3132 550 3201 videat,
579 3138 879 3192 mutatione
911 3137 1068 3192 trium
1094 3132 1659 3206 clementnrumﬂnim

1769 2812 1842 2824 -
1875 2784 2035 2849 Quasi
2063 2783 2240 2837 moles.
2252 2821 2291 2836 ..

1769 2852 1961 2909 Cicero
1988 2856 2040 2908 in
2069 2853 2314 2921 Verrem,
2367 2852 2405 2907 l.
2446 2868 2499 2917 v,
2547 2852 2684 2906 erat.
2711 2852 2799 2917 10,
2823 2855 2921 2909 c.l
2958 2872 2970 2906 :
3014 2853 3176 2922 Quasi
3199 2871 3373 2910 murus

1769 2925 1978 2994 quidam
2009 2925 2127 2979 boni
2154 2941 2400 2978 nomen...

1776 2376 1827 2418 c.
1861 2360 1966 2416 25:
1999 2360 2115 2417 Una
2145 2361 2289 2417 nobis
2312 2371 2359 2417 et
2379 2378 2567 2433 magna
2610 2372 2658 2417 et
2684 2362 2942 2433 praecipua
2966 2378 3083 2416 cum
3115 2378 3268 2417 carne
3294 2364 3375 2418 lu—

1777 2435 1933 2505 ctatio
1972 2444 2066 2488 est.
2098 2432 2240 2499 Cic.,
2268 2433 2336 2488 de
2379 2431 2531 2500 Fato,
2563 2449 2627 2505 et
2663 2433 2697 2488 6
2727 2453 2739 2487 :
2764 2431 3070 2505 Chrysippe,
3126 2435 3217 2489 tibi
3256 2451 3374 2490 cum

1777 2502 2006 2558 Diodoro
2036 2522 2221 2573 magna
2251 2506 2459 2558 luctatio
2485 2514 2577 2559 est.
2605 2504 2737 2559 Bon.

1852 2574 2010 2640 Quasi
2040 2575 2215 2629 moles.
2250 2574 2563 2630 Difficultas.
2586 2574 2775 2646 Virgil.
2804 2592 2820 2630 :

1902 2687 2075 2738 Tanta:
2092 2687 2237 2739 molis
2261 2694 2371 2739 erat
2394 2687 2660 2737 Romanam
2683 2687 2897 2738 condere
2921 2690 3152 2751 gentem!

2341 2783 2467 2836 mihi
2516 2782 2812 2853 apponitur.
2843 2779 3171 2837 Observatus
3208 2789 3292 2838 est
3322 2783 3371 2839 ei

2452 2924 2747 2995 opponitur.
2775 2924 2905 2979 BUN.

1844 2997 1918 3049 Ac
1945 3014 2104 3068 prope
2130 3012 2376 3050 consensu
2403 2994 2626 3051 omnium
2644 2995 2868 3068 gentium
2890 2994 3268 3068 premebantur.
3296 2995 3370 3068 Ita

1768 3068 1976 3123 restitui
2036 3067 2100 3122 ex
2150 3068 2397 3122 omnibus
2446 3082 2582 3136 pene
2623 3082 2779 3132 mss.,
2827 3067 2860 3121 8
2913 3067 3070 3136 lieg.,
3123 3067 3374 3135 Cauc.,5

1773 3136 1954 3204 Colb.,
1988 3138 2378 3205 Lipsiensibus,
2428 3137 2463 3191 2
2510 3137 2769 3199 Sorbon.,
2809 3136 2974 3199 Nav.,
3001 3136 3163 3205 Vict.,
3213 3137 3370 3204 Gat.,

97 3185 314 3278 nam;
341 3185 1068 3278 is;etiam};ipsis;
1097 3185 1664 3266 auat;"amantia;
1698 3185 1742 3248 C
1775 3185 2378 3276 nsiis'.,‘n'.;i;isa“:'
2401 3185 2913 3278 Ε-ηιῖὰέίῆἶόὺτῖέῖζ
2931 3185 3192 3263 satis.
3219 3185 3374 3264 ἷέἶιὶί

95 3275 203 3330 Mss.
227 3291 335 3352 ses,
363 3278 501 3331 edit.
535 3277 691 3352 Rom.
715 3275 879 3352 146%,
911 3290 965 3334 et
991 3279 1058 3333 l2
1081 3296 1190 3335 rec.
1214 3281 1340 3335 editi
1372 3283 1552 3352 legunt
1574 3285 1671 3337 mi-

98 3348 529 3424 nus.sed_scnsu
577 3349 777 3424 alieno.
832 3350 1105 3424 Cmterum
1163 3353 1348 3424 mimus
1406 3348 1671 3424 riztigionis

100 3429 222 3473 recte
249 3418 434 3474 dicitur
458 3420 741 3490 gentilium
770 3421 958 3491 religio
979 3462 994 3486 ,
1022 3424 1142 3491 quia
1167 3423 1316 3477 mimi
1347 3418 1523 3478 instar'
1542 3426 1669 3479 reli-

98 3491 279 3558 gionem
308 3500 517 3545 tantum
568 3491 830 3558 imitatur,
860 3494 1142 3549 veritatem
1183 3509 1289 3549 non
1320 3494 1503 3551 habet.
1532 3494 1669 3550 Par-

100 3561 174 3612 tim
192 3577 247 3614 ea;
267 3559 521 3617 GALLEO.

160 3629 510 3704 Hicgdenique
547 3633 675 3687 ειειο
729 3633 934 3704 dignus.
981 3636 1070 3692 Sic
1114 3638 1329 3704 reposui
1357 3653 1420 3691 ex
1469 3653 1599 3692 mss.
1642 3641 1666 3692 7

100 3701 250 3777 ileg.,
266 3702 397 3777 inter
420 3719 569 3777 quos
586 3713 714 3759 sunt
734 3701 841 3760 duo
862 3709 1157 3772 veterrimi,
1173 3701 1209 3761 2
1228 3708 1459 3772 Bonon.,
1475 3707 1665 3777 Canc.,

98 3772 321 3848 §Yatic.,
371 3774 403 3830 6
437 3772 638 3848 polls”
770 3778 1034 3844 Claronn,
1062 3778 1098 3831 2
1146 3779 1317 3848 Lips.,
1350 3781 1371 3833 1
1407 3772 1667 3846 Surbon.,

100 3843 220 3918 PaL,
248 3844 406 3918 Tant,
433 3846 605 3918 (Pen.,
658 3846 820 3911 Ultr.,
856 3850 998 3912 Em.,
1049 3843 1236 3914 Brnnf,
1297 3849 1427 3904 edit.
1462 3843 1665 3918 Graph.

98 3911 157 3991 is.
188 3916 242 3991 in
266 3916 364 3991 alio
385 3915 537 3991 Lips.
573 3911 671 3991 pro
694 3918 931 3991 denique,
966 3911 1049 3975 est
1097 3911 1303 3991 utique;
1332 3921 1383 3974 in
1422 3911 1666 3991 pluribus

99 3982 339 4041 Vaticanis
363 3997 416 4041 et
442 3982 798 4058 edit.'Thys.,
825 3982 995 4055 Call.,
1028 3982 1249 4059 SparlL,
1279 3992 1360 4044 hic
1386 3982 1492 4046 D'eo
1515 3994 1668 4047 caelo-

100 4070 178 4123 que
223 4060 433 4132 dignus;
463 4060 534 4132 in
562 4061 782 4132 scriptis
809 4061 844 4114 2
887 4062 1221 4132 lieg.,i.lun.,
1251 4061 1581 4131 Cantabrig.,
1611 4074 1664 4117 et

103 4135 194 4180 vet.
209 4130 707 4204 excusisquinqne,
736 4131 820 4204 hic
870 4130 1004 4204 caelo
1041 4131 1250 4204 Deoque
1289 4130 1662 4204 dignus.Deo-

102 4211 191 4271 que
206 4197 285 4254 hic
316 4197 521 4253 inutilis
550 4202 765 4256 videtur
788 4203 937 4271 juxta
969 4197 1342 4258 Tltomasinm.

103 4268 378 4390 te1:.eracta.
434 4271 550 4327 Hoc
587 4286 748 4343 caput
781 4268 863 4329 est
892 4276 1060 4331 veluti
1099 4277 1352 4332 transitus
1382 4275 1446 4331 ad
1473 4276 1666 4332 librum

147 4354 171 4390 I‘
196 4357 310 4390 IIII“.

122 4348 310 4395 ertiutn.

159 4409 314 4482 Major
336 4415 549 4470 nobis...
575 4431 690 4469 cum
718 4417 1104 4489 pltilosOp/zis...
1138 4419 1366 4473 luctatio.
1399 4418 1550 4474 Lact.
1594 4435 1668 4487 tv,

1772 3280 2029 3335 sliat-ibus
2044 3297 2107 3335 ac
2132 3281 2595 3350 prmstnntioribus
2624 3280 2803 3345 editis,
2832 3282 2866 3334 5
2895 3280 3081 3344 Rom.,
3101 3278 3371 3347 Florent.,

1771 3352 1922 3418 Ald,
1955 3349 2154 3418 Paris.,
2188 3350 2352 3415 1525,
2393 3352 2564 3417 Crat.,
2592 3349 2821 3417 Gruplt..
2866 3352 3088 3417 Cellar.,
3118 3360 3172 3405 et
3199 3350 3367 3406 Turn.

1773 3421 1824 3476 in
1852 3439 1960 3492 quo
1987 3423 2138 3479 deest
2190 3424 2437 3494 gentium.
2462 3422 2519 3475 In
2567 3438 2667 3475 ms.
2715 3421 2944 3494 'l‘ornes.
2990 3438 3051 3475 ac

1771 3510 1920 3548 sensu
1947 3496 2170 3548 omnium
2191 3492 2605 3563 premebantur;
2636 3494 2687 3546 in
2722 3492 3039 3563 Regio-Put.
3069 3502 3123 3547 et
3149 3494 3176 3547 1
3211 3492 3368 3549 Colb.

1771 3576 1825 3621 et
1851 3566 1877 3620 1
1913 3566 2170 3629 Clarnm.,
2205 3564 2543 3634 premebatur,
2587 3564 2885 3627 mendose;
2919 3565 2971 3617 in
3011 3565 3045 3618 8
3097 3565 3373 3634 impressis

1773 3652 1885 3691 rec.
1919 3637 2105 3691 veritas
2147 3633 2501 3704 premebatur;
2546 3635 2597 3689 in
2638 3635 2853 3704 scriptis
2881 3636 2908 3689 1
2948 3634 3083 3705 Reg.
3106 3637 3212 3690 eti
3249 3633 3375 3690 Cla-

3102 3438 3228 3490 pene
3251 3439 3374 3479 con-

1775 3724 1913 3762 rom.
1939 3708 2123 3760 veritas
2145 3717 2477 3777 premeretur.

1846 3778 1923 3831 De
1954 3774 2273 3831 sententia...
2310 3777 2515 3845 depelli.
2560 3776 2729 3845 Supra
2766 3774 2899 3845 dixit
2940 3774 3009 3830 de
3034 3776 3325 3831 luctatione
3355 3792 3370 3841 ;

1773 3847 2056 3918 eleganter
2085 3850 2246 3917 igitur
2276 3847 2345 3902 de
2376 3844 2435 3901 re
2462 3844 2774 3918 gladiatoria
2801 3844 2889 3899 hic
2916 3845 3210 3918 transfert”
3229 3846 3263 3899 1.
3292 3861 3367 3918 ιιι,

1772 3935 1822 3973 c.
1858 3915 1945 3981 f6,
1981 3920 2044 3972 de
2070 3915 2318 3973 sententia
2347 3915 2526 3988 pulsus
2555 3929 2649 3973 est.
2674 3915 2832 3972 Conl.
2851 3917 3024 3981 c.17;
3053 3915 3090 3970 l.
3118 3931 3176 3988 v,
3203 3930 3252 3970 c.
3281 3917 3369 3988 15.

1771 3990 1946 4045 Nullis
1966 3990 2260 4046 terroribus
2276 3986 2355 4046 de.
2369 3992 2648 4045 sententia:
2668 3988 2942 4060 preposito
2968 4000 3126 4060 posse
3150 3986 3368 4057 depelli.

1840 4132 1949 4187 Deo
1982 4151 2041 4187 ac
2070 4133 2272 4187 veritate
2314 4131 2549 4187 ducibus.
2582 4128 2815 4198 Corrigit
2868 4059 3321 4198 vulgatuﬁimillud
3354 4147 3369 4185 :

1772 4203 1917 4259 Duce
1944 4207 2147 4272 virtute,
2191 4205 2376 4259 comite
2427 4203 2682 4257 Fortuna.
2718 4202 2902 4265 Docet,
2936 4200 3076 4272 sicut
3126 4200 3374 4257 christia-

1774 4291 1903 4329 num
1934 4276 2113 4340 decet,
2134 4271 2260 4331 Vnon
2293 4276 2521 4345 propriis
2570 4274 2796 4337 viribus,
2841 4288 2947 4326 non
2978 4271 3251 4336 Fortunae,
3275 4273 3371 4327 sed

1775 4347 1886 4402 Deo
1933 4347 2058 4416 Opt.
2111 4347 2247 4401 lllax.
2283 4348 2523 4401 omnium
2577 4345 2840 4399 bonorum
2886 4345 3117 4408 auctori,
3167 4345 3372 4413 optima

1777 4433 2005 4490 quaeque
2028 4434 2151 4473 esse
2183 4418 2486 4474 tribuenda.
2524 4416 2726 4471 Βετυι..

109 4544 3347 4578 w

1037 4668 1590 4753 ANALYSIS
1647 4670 1967 4754 LIBRI
2018 4668 2420 4753 TERTII

1411 4867 2029 4941 LACTANTII.

921 5017 1216 5076 VANITAS
1253 5017 1728 5077 PHILOSOPHhE
1772 5020 1858 5077 ET
1896 5017 2494 5076 PHILOSOPHORUM.

150 5289 318 5347 Partes
364 5292 534 5362 hujus
589 5293 708 5350 libri
743 5301 853 5348 tres
891 5298 1053 5346 sunt:
1095 5289 1281 5345 Prima
1309 5288 1376 5344 de
1421 5290 1660 5357 pltilnsoo

90 5359 216 5429 phia,
242 5359 459 5435 secunda
497 5368 564 5422 de
605 5363 1049 5435 philosophorum
1075 5361 1334 5435 vanitate,
1365 5362 1515 5415 tertia
1543 5378 1667 5416 rur—

91 5446 194 5506 sum
214 5432 615 5506 philosophiam
638 5453 741 5492 non
782 5432 904 5490 esse
942 5434 1261 5506 sapientiam
1304 5432 1659 5506 demonstrat.

151 5503 436 5560 lnexordio
510 5517 656 5579 optat
700 5508 801 5564 sibi
856 5505 1153 5579 Tullianam
1202 5503 1660 5579 eloquentiamad

91 5573 561 5650 demonstrandam
607 5575 961 5650 philosophiae
998 5573 1318 5650 vanitatem,
1352 5590 1512 5650 quam
1544 5574 1661 5643 piti-

97 5645 378 5715 losophiam
400 5643 624 5705 inaneni
640 5660 694 5705 et
720 5643 906 5703 falsam
933 5660 1073 5708 esse,
1103 5643 1188 5697 his
1214 5647 1546 5714 argumentis
1571 5662 1658 5699 ns-

106 5718 277 5773 tendit.
299 5718 427 5773 —l.
458 5720 802 5790 Philosiiphiai
824 5728 905 5772 est
935 5716 1178 5790 studium
1197 5719 1505 5790 sapientiaz;
1535 5731 1664 5785 ergo

109 5802 204 5841 non
231 5800 309 5843 est
332 5786 751 5860 sapientiae—ll.
783 5789 882 5844 Illo
910 5788 1089 5860 studio
1116 5786 1188 5860 ad
1206 5786 1523 5860 sapientiam
1555 5804 1661 5842 non

107 5858 439 5926 pervenitur,
472 5876 596 5933 ergo
634 5880 699 5918 ne
720 5860 935 5933 quidem
964 5858 1241 5929 sapientia:
1284 5859 1508 5914 Studiosi
1540 5870 1661 5916 sunt

1769 5286 2267 5371 philosophi-(Cap.
2295 5285 2373 5360 2).
2419 5316 2493 5371 τ-
2520 5285 2618 5371 111.
2651 5286 2709 5342 1η
2757 5283 3104 5371 philosophia
3123 5297 3372 5371 ,Lne‘q‘ue

1767 5352 1996 5417 scientia
2022 5352 2124 5424 est,
2153 5352 2630 5429 ne'que'opinatio;
2661 5352 2791 5429 ergo
2814 5372 2921 5413 non
2942 5352 3027 5411 est
3055 5352 3320 5429 sapientia
3353 5370 3366 5406 :

1768 5447 1873 5486 non
1896 5431 2005 5490 illa.
2027 5430 2148 5500 quin
2172 5424 2421 5484 Socrates
2442 5438 2497 5485 et
2523 5424 2829 5483 Academici
2859 5444 2977 5483 eam
2994 5424 3361 5500 sustulerunt;

1766 5518 1873 5558 non
1901 5490 2175 5570 lt;x-.c,'qnia
2210 5500 2391 5555 Zenon
2419 5511 2474 5556 et
2497 5500 2666 5555 Stoici
2688 5515 2809 5554 eam
2839 5498 3188 5570 repudiarunt
3212 5490 3365 5570 (Cap.

1763 5576 1844 5640 4).
1870 5603 1939 5612 —
1958 5565 2421 5645 lV._PltilOsoltltia
2449 5565 3111 5645 seipsatttconfici't.Nam
3141 5565 3367 5645 singula:

1768 5638 1933 5700 secta:
1960 5643 2252 5697 multarum
2285 5638 2554 5697 sectarum
2604 5642 2807 5711 judicio
2856 5638 3367 5711 stultitimconvin-

1770 5728 1967 5770 cuntur
1994 5730 2009 5776 ;
2051 5729 2240 5768 omnes
2274 5714 2433 5783 igitur
2454 5704 2619 5768 vanae'
2645 5722 2771 5767 sunt
2800 5720 2855 5765 et
2884 5710 3070 5764 inanes
3102 5706 3257 5783 (Cap.
3278 5704 3361 5783 ᾗ).

1769 5786 1906 5841 —V.
1941 5788 2141 5857 Autest
2163 5776 2367 5857 natuia:
2394 5787 2640 5857 scientia,
2669 5792 2761 5838 aut
2785 5789 3017 5847 nonest,
3044 5788 3101 5857 ut
3125 5776 3237 5857 vult
3265 5778 3365 5857 ᾼτ-

1769 5857 1980 5915 cesilus.
2010 5856 2126 5911 Non
2173 5855 2326 5923 illud,
2358 5856 2481 5927 quia
2534 5856 2676 5911 nulla
2703 5861 2877 5925 poteSI
2908 5864 3031 5907 esse
3061 5850 3114 5906 in
3143 5849 3328 5905 homin

3262 338 3373 400 516

3404 1220 3428 1384 ἒ
