  <div class='ocr_page' id='page_1' title='image "/cluster/home/n/w/nwhite01/storage/ocr_20150623/6/uva.x000669814/185.png"; bbox 0 0 3770 6264; ppageno 0'>
   <div class='ocr_carea' id='block_1_1' title="bbox 255 1452 278 1625">
    <p class='ocr_par' dir='ltr' id='par_1_1' title="bbox 255 1452 278 1625">
     <span class='ocr_line' id='line_1_1' title="bbox 255 1452 278 1625; baseline 0 0"><span class='ocrx_word' id='word_1_1' title='bbox 255 1452 278 1625; x_wconf 72' lang='grc' dir='ltr'><em>ἓ</em></span> 
     </span>
    </p>
   </div>
   <div class='ocr_carea' id='block_1_2' title="bbox 223 2298 277 2333">
    <p class='ocr_par' dir='ltr' id='par_1_2' title="bbox 223 2298 277 2333">
     <span class='ocr_line' id='line_1_2' title="bbox 223 2298 277 2333; baseline 0.019 -1"><span class='ocrx_word' id='word_1_2' title='bbox 223 2323 231 2332; x_wconf 93' lang='grc'><strong>.</strong></span> <span class='ocrx_word' id='word_1_3' title='bbox 250 2298 277 2333; x_wconf 67' lang='grc' dir='ltr'><em>κ</em></span> 
     </span>
    </p>
   </div>
   <div class='ocr_carea' id='block_1_3' title="bbox 291 244 394 312">
    <p class='ocr_par' dir='ltr' id='par_1_3' title="bbox 291 244 394 312">
     <span class='ocr_line' id='line_1_3' title="bbox 291 244 394 312; baseline -0.01 0"><span class='ocrx_word' id='word_1_4' title='bbox 291 244 394 312; x_wconf 75' lang='grc'><strong>851</strong></span> 
     </span>
    </p>
   </div>
   <div class='ocr_carea' id='block_1_4' title="bbox 1367 247 2491 310">
    <p class='ocr_par' dir='ltr' id='par_1_4' title="bbox 1367 247 2491 310">
     <span class='ocr_line' id='line_1_4' title="bbox 1367 247 2491 310; baseline -0.004 -1"><span class='ocrx_word' id='word_1_5' title='bbox 1367 250 1555 309; x_wconf 81' lang='lat' dir='ltr'><strong>FlRM.</strong></span> <span class='ocrx_word' id='word_1_6' title='bbox 1583 249 1957 310; x_wconf 80' lang='lat' dir='ltr'><strong>LACTANTII</strong></span> <span class='ocrx_word' id='word_1_7' title='bbox 1994 248 2202 309; x_wconf 84' lang='lat' dir='ltr'><strong>DIVIN.</strong></span> <span class='ocrx_word' id='word_1_8' title='bbox 2243 247 2491 309; x_wconf 86' lang='lat' dir='ltr'><strong>lNS&#39;l‘lT.</strong></span> 
     </span>
    </p>
   </div>
   <div class='ocr_carea' id='block_1_5' title="bbox 3484 240 3599 301">
    <p class='ocr_par' dir='ltr' id='par_1_5' title="bbox 3484 240 3599 301">
     <span class='ocr_line' id='line_1_5' title="bbox 3484 240 3599 301; baseline -0.035 1"><span class='ocrx_word' id='word_1_9' title='bbox 3484 240 3599 301; x_wconf 66' lang='grc' dir='ltr'><strong>τιεὲ</strong></span> 
     </span>
    </p>
   </div>
   <div class='ocr_carea' id='block_1_6' title="bbox 295 361 3601 439">
    <p class='ocr_par' dir='ltr' id='par_1_6' title="bbox 295 361 3601 439">
     <span class='ocr_line' id='line_1_6' title="bbox 295 361 3601 439; baseline -0.002 -15"><span class='ocrx_word' id='word_1_10' title='bbox 295 365 375 424; x_wconf 86' lang='lat' dir='ltr'><strong>las</strong></span> <span class='ocrx_word' id='word_1_11' title='bbox 399 365 705 425; x_wconf 89' lang='lat' dir='ltr'><strong>testimonia</strong></span> <span class='ocrx_word' id='word_1_12' title='bbox 725 366 925 426; x_wconf 69' lang='lat' dir='ltr'><strong>divinae</strong></span> <span class='ocrx_word' id='word_1_13' title='bbox 948 368 1097 425; x_wconf 82' lang='lat' dir='ltr'><strong>vocis</strong></span> <span class='ocrx_word' id='word_1_14' title='bbox 1122 366 1438 437; x_wconf 85' lang='lat' dir='ltr'><strong>habeamus,</strong></span> <span class='ocrx_word' id='word_1_15' title='bbox 1468 368 1713 438; x_wconf 89' lang='lat' dir='ltr'><strong>profecto</strong></span> <span class='ocrx_word' id='word_1_16' title='bbox 1737 383 1892 425; x_wconf 91' lang='lat' dir='ltr'><strong>mon-</strong></span> <span class='ocrx_word' id='word_1_17' title='bbox 1915 370 1972 432; x_wconf 82' lang='grc' dir='ltr'><strong>Α</strong></span> <span class='ocrx_word' id='word_1_18' title='bbox 1996 368 2291 435; x_wconf 87' lang='lat' dir='ltr'><strong>destructo,</strong></span> <span class='ocrx_word' id='word_1_19' title='bbox 2324 367 2533 425; x_wconf 82' lang='lat' dir='ltr'><strong>facilior</strong></span> <span class='ocrx_word' id='word_1_20' title='bbox 2561 366 2718 424; x_wconf 91' lang='lat' dir='ltr'><strong>nobis</strong></span> <span class='ocrx_word' id='word_1_21' title='bbox 2739 365 2915 423; x_wconf 91' lang='lat' dir='ltr'><strong>aditus</strong></span> <span class='ocrx_word' id='word_1_22' title='bbox 2944 371 3125 439; x_wconf 88' lang='lat' dir='ltr'><strong>pateat</strong></span> <span class='ocrx_word' id='word_1_23' title='bbox 3140 363 3205 420; x_wconf 89' lang='lat' dir='ltr'><strong>ad</strong></span> <span class='ocrx_word' id='word_1_24' title='bbox 3228 361 3601 421; x_wconf 80' lang='lat' dir='ltr'><strong>excidendum</strong></span> 
     </span>
    </p>
   </div>
   <div class='ocr_carea' id='block_1_7' title="bbox 291 459 1888 533">
    <p class='ocr_par' dir='ltr' id='par_1_7' title="bbox 291 459 1888 533">
     <span class='ocr_line' id='line_1_7' title="bbox 291 459 1888 533; baseline 0.002 -19"><span class='ocrx_word' id='word_1_25' title='bbox 291 459 602 527; x_wconf 86' lang='lat' dir='ltr'><strong>strabimus,</strong></span> <span class='ocrx_word' id='word_1_26' title='bbox 656 470 862 532; x_wconf 87' lang='lat' dir='ltr'><strong>quanto</strong></span> <span class='ocrx_word' id='word_1_27' title='bbox 908 461 1229 518; x_wconf 90' lang='lat' dir='ltr'><strong>certioribus</strong></span> <span class='ocrx_word' id='word_1_28' title='bbox 1289 462 1622 533; x_wconf 75' lang='lat' dir='ltr'><strong>argumentis</strong></span> <span class='ocrx_word' id='word_1_29' title='bbox 1677 462 1888 532; x_wconf 80' lang='lat' dir='ltr'><strong>possint</strong></span> 
     </span>
    </p>
   </div>
   <div class='ocr_carea' id='block_1_8' title="bbox 295 552 1890 623">
    <p class='ocr_par' dir='ltr' id='par_1_8' title="bbox 295 552 1890 623">
     <span class='ocr_line' id='line_1_8' title="bbox 295 552 1890 623; baseline 0.001 -15"><span class='ocrx_word' id='word_1_30' title='bbox 295 567 423 608; x_wconf 90' lang='lat' dir='ltr'><strong>vera</strong></span> <span class='ocrx_word' id='word_1_31' title='bbox 448 552 703 623; x_wconf 79' lang='lat' dir='ltr'><strong>defendi,</strong></span> <span class='ocrx_word' id='word_1_32' title='bbox 757 571 879 612; x_wconf 92' lang='lat' dir='ltr'><strong>cum</strong></span> <span class='ocrx_word' id='word_1_33' title='bbox 906 557 1066 612; x_wconf 91' lang='lat' dir='ltr'><strong>etiam</strong></span> <span class='ocrx_word' id='word_1_34' title='bbox 1111 554 1246 610; x_wconf 91' lang='lat' dir='ltr'><strong>falso</strong></span> <span class='ocrx_word' id='word_1_35' title='bbox 1271 555 1350 610; x_wconf 90' lang='lat' dir='ltr'><strong>sic</strong></span> <span class='ocrx_word' id='word_1_36' title='bbox 1394 554 1769 621; x_wconf 92' lang='lat' dir='ltr'><strong>defendantur,</strong></span> <span class='ocrx_word' id='word_1_37' title='bbox 1830 564 1890 610; x_wconf 91' lang='lat' dir='ltr'><strong>ut</strong></span> 
     </span>
    </p>
   </div>
   <div class='ocr_carea' id='block_1_9' title="bbox 296 648 1892 722">
    <p class='ocr_par' dir='ltr' id='par_1_9' title="bbox 296 648 1892 722">
     <span class='ocr_line' id='line_1_9' title="bbox 296 648 1892 722; baseline 0.001 -19"><span class='ocrx_word' id='word_1_38' title='bbox 296 660 425 703; x_wconf 90' lang='lat' dir='ltr'><strong>vera</strong></span> <span class='ocrx_word' id='word_1_39' title='bbox 455 648 666 706; x_wconf 83' lang='lat' dir='ltr'><strong>soleant</strong></span> <span class='ocrx_word' id='word_1_40' title='bbox 687 652 880 707; x_wconf 91' lang='lat' dir='ltr'><strong>videri.</strong></span> <span class='ocrx_word' id='word_1_41' title='bbox 915 650 1092 718; x_wconf 85' lang='lat' dir='ltr'><strong>Quare</strong></span> <span class='ocrx_word' id='word_1_42' title='bbox 1121 664 1226 705; x_wconf 92' lang='lat' dir='ltr'><strong>non</strong></span> <span class='ocrx_word' id='word_1_43' title='bbox 1252 659 1356 713; x_wconf 89' lang='lat' dir='ltr'><strong>est.</strong></span> <span class='ocrx_word' id='word_1_44' title='bbox 1385 650 1525 720; x_wconf 87' lang='lat' dir='ltr'><strong>quod</strong></span> <span class='ocrx_word' id='word_1_45' title='bbox 1556 649 1892 722; x_wconf 87' lang='lat' dir='ltr'><strong>philosophis</strong></span> 
     </span>
    </p>
   </div>
   <div class='ocr_carea' id='block_1_10' title="bbox 298 741 1891 813">
    <p class='ocr_par' dir='ltr' id='par_1_10' title="bbox 298 741 1891 813">
     <span class='ocr_line' id='line_1_10' title="bbox 298 741 1891 813; baseline 0 -18"><span class='ocrx_word' id='word_1_46' title='bbox 298 746 509 797; x_wconf 86' lang='lat' dir='ltr'><strong>tantum</strong></span> <span class='ocrx_word' id='word_1_47' title='bbox 560 742 783 799; x_wconf 84' lang='lat' dir='ltr'><strong>honoris</strong></span> <span class='ocrx_word' id='word_1_48' title='bbox 834 742 1160 810; x_wconf 85' lang='lat' dir='ltr'><strong>habeamus,</strong></span> <span class='ocrx_word' id='word_1_49' title='bbox 1197 750 1290 797; x_wconf 88' lang='lat' dir='ltr'><strong>aut</strong></span> <span class='ocrx_word' id='word_1_50' title='bbox 1314 756 1498 797; x_wconf 92' lang='lat' dir='ltr'><strong>eorum</strong></span> <span class='ocrx_word' id='word_1_51' title='bbox 1530 741 1891 813; x_wconf 85' lang='lat' dir='ltr'><strong>eloquentiam</strong></span> 
     </span>
    </p>
   </div>
   <div class='ocr_carea' id='block_1_11' title="bbox 297 834 1893 907">
    <p class='ocr_par' dir='ltr' id='par_1_11' title="bbox 297 834 1893 907">
     <span class='ocr_line' id='line_1_11' title="bbox 297 834 1893 907; baseline -0.001 -16"><span class='ocrx_word' id='word_1_52' title='bbox 297 835 760 906; x_wconf 83' lang='lat' dir='ltr'><strong>pertimescamus.</strong></span> <span class='ocrx_word' id='word_1_53' title='bbox 792 836 960 907; x_wconf 87' lang='lat' dir='ltr'><strong>Loqui</strong></span> <span class='ocrx_word' id='word_1_54' title='bbox 996 837 1138 891; x_wconf 88' lang='lat' dir='ltr'><strong>enim</strong></span> <span class='ocrx_word' id='word_1_55' title='bbox 1178 836 1317 891; x_wconf 89' lang='lat' dir='ltr'><strong>bene</strong></span> <span class='ocrx_word' id='word_1_56' title='bbox 1340 844 1656 905; x_wconf 91' lang='lat' dir='ltr'><strong>potuerunt,</strong></span> <span class='ocrx_word' id='word_1_57' title='bbox 1688 844 1747 890; x_wconf 94' lang='lat' dir='ltr'><strong>ut</strong></span> <span class='ocrx_word' id='word_1_58' title='bbox 1790 834 1893 889; x_wconf 86' lang='lat' dir='ltr'><strong>ho-</strong></span> 
     </span>
    </p>
   </div>
   <div class='ocr_carea' id='block_1_12' title="bbox 301 927 1894 1001">
    <p class='ocr_par' dir='ltr' id='par_1_12' title="bbox 301 927 1894 1001">
     <span class='ocr_line' id='line_1_12' title="bbox 301 927 1894 1001; baseline -0.001 -18"><span class='ocrx_word' id='word_1_59' title='bbox 301 928 479 983; x_wconf 87' lang='lat' dir='ltr'><strong>mines</strong></span> <span class='ocrx_word' id='word_1_60' title='bbox 515 928 733 995; x_wconf 88' lang='lat' dir='ltr'><strong>eruditi,</strong></span> <span class='ocrx_word' id='word_1_61' title='bbox 771 942 901 983; x_wconf 85' lang='lat' dir='ltr'><strong>vere</strong></span> <span class='ocrx_word' id='word_1_62' title='bbox 941 937 1119 983; x_wconf 91' lang='lat' dir='ltr'><strong>autem</strong></span> <span class='ocrx_word' id='word_1_63' title='bbox 1150 928 1317 1001; x_wconf 88' lang='lat' dir='ltr'><strong>loqui,</strong></span> <span class='ocrx_word' id='word_1_64' title='bbox 1364 928 1511 984; x_wconf 89' lang='lat' dir='ltr'><strong>nullo</strong></span> <span class='ocrx_word' id='word_1_65' title='bbox 1539 927 1721 993; x_wconf 90' lang='lat' dir='ltr'><strong>modo,</strong></span> <span class='ocrx_word' id='word_1_66' title='bbox 1771 927 1894 998; x_wconf 90' lang='lat' dir='ltr'><strong>quia</strong></span> 
     </span>
    </p>
   </div>
   <div class='ocr_carea' id='block_1_13' title="bbox 300 1020 1892 1094">
    <p class='ocr_par' dir='ltr' id='par_1_13' title="bbox 300 1020 1892 1094">
     <span class='ocr_line' id='line_1_13' title="bbox 300 1020 1892 1094; baseline 0 -19"><span class='ocrx_word' id='word_1_67' title='bbox 300 1021 582 1077; x_wconf 82' lang='lat' dir='ltr'><strong>veritatem</strong></span> <span class='ocrx_word' id='word_1_68' title='bbox 609 1036 712 1076; x_wconf 89' lang='lat' dir='ltr'><strong>non</strong></span> <span class='ocrx_word' id='word_1_69' title='bbox 738 1020 1037 1076; x_wconf 86' lang='lat' dir='ltr'><strong>didicerant</strong></span> <span class='ocrx_word' id='word_1_70' title='bbox 1061 1023 1128 1077; x_wconf 90' lang='lat' dir='ltr'><strong>ab</strong></span> <span class='ocrx_word' id='word_1_71' title='bbox 1147 1037 1231 1087; x_wconf 92' lang='lat' dir='ltr'><strong>eo,</strong></span> <span class='ocrx_word' id='word_1_72' title='bbox 1259 1023 1347 1094; x_wconf 90' lang='lat' dir='ltr'><strong>qui</strong></span> <span class='ocrx_word' id='word_1_73' title='bbox 1368 1022 1485 1091; x_wconf 80' lang='lat' dir='ltr'><strong>ejus</strong></span> <span class='ocrx_word' id='word_1_74' title='bbox 1514 1031 1707 1093; x_wconf 86' lang='lat' dir='ltr'><strong>potens</strong></span> <span class='ocrx_word' id='word_1_75' title='bbox 1728 1031 1892 1076; x_wconf 88' lang='lat' dir='ltr'><strong>esset.</strong></span> 
     </span>
    </p>
   </div>
   <div class='ocr_carea' id='block_1_14' title="bbox 301 1110 1890 1185">
    <p class='ocr_par' dir='ltr' id='par_1_14' title="bbox 301 1110 1890 1185">
     <span class='ocr_line' id='line_1_14' title="bbox 301 1110 1890 1185; baseline 0.001 -18"><span class='ocrx_word' id='word_1_76' title='bbox 301 1110 415 1168; x_wconf 88' lang='lat' dir='ltr'><strong>Nec</strong></span> <span class='ocrx_word' id='word_1_77' title='bbox 436 1127 566 1168; x_wconf 89' lang='lat' dir='ltr'><strong>sane</strong></span> <span class='ocrx_word' id='word_1_78' title='bbox 590 1127 838 1183; x_wconf 88' lang='lat' dir='ltr'><strong>magnum</strong></span> <span class='ocrx_word' id='word_1_79' title='bbox 860 1113 1059 1185; x_wconf 89' lang='lat' dir='ltr'><strong>aliquid</strong></span> <span class='ocrx_word' id='word_1_80' title='bbox 1087 1113 1404 1181; x_wconf 77' lang='lat' dir='ltr'><strong>efﬁciemus,</strong></span> <span class='ocrx_word' id='word_1_81' title='bbox 1424 1114 1565 1185; x_wconf 94' lang='lat' dir='ltr'><strong>quod</strong></span> <span class='ocrx_word' id='word_1_82' title='bbox 1590 1114 1717 1169; x_wconf 87' lang='lat' dir='ltr'><strong>illos</strong></span> <span class='ocrx_word' id='word_1_83' title='bbox 1738 1115 1890 1185; x_wconf 90' lang='lat' dir='ltr'><strong>igno-</strong></span> 
     </span>
    </p>
   </div>
   <div class='ocr_carea' id='block_1_15' title="bbox 300 1204 1896 1277">
    <p class='ocr_par' dir='ltr' id='par_1_15' title="bbox 300 1204 1896 1277">
     <span class='ocr_line' id='line_1_15' title="bbox 300 1204 1896 1277; baseline 0.002 -18"><span class='ocrx_word' id='word_1_84' title='bbox 300 1204 490 1260; x_wconf 69' lang='lat' dir='ltr'><strong>rantiae</strong></span> <span class='ocrx_word' id='word_1_85' title='bbox 515 1204 919 1275; x_wconf 88' lang='lat' dir='ltr'><strong>redarguemus,</strong></span> <span class='ocrx_word' id='word_1_86' title='bbox 960 1222 1120 1277; x_wconf 89' lang='lat' dir='ltr'><strong>quam</strong></span> <span class='ocrx_word' id='word_1_87' title='bbox 1168 1207 1267 1277; x_wconf 87' lang='lat' dir='ltr'><strong>ipsi</strong></span> <span class='ocrx_word' id='word_1_88' title='bbox 1306 1207 1605 1277; x_wconf 70' lang='lat' dir='ltr'><strong>saepissime</strong></span> <span class='ocrx_word' id='word_1_89' title='bbox 1633 1206 1896 1262; x_wconf 92' lang='lat' dir='ltr'><strong>conﬁten-</strong></span> 
     </span>
    </p>
   </div>
   <div class='ocr_carea' id='block_1_16' title="bbox 304 1298 1897 1371">
    <p class='ocr_par' dir='ltr' id='par_1_16' title="bbox 304 1298 1897 1371">
     <span class='ocr_line' id='line_1_16' title="bbox 304 1298 1897 1371; baseline 0.002 -18"><span class='ocrx_word' id='word_1_90' title='bbox 304 1307 389 1354; x_wconf 91' lang='lat' dir='ltr'><strong>tur</strong></span> <span class='ocrx_word' id='word_1_91' title='bbox 409 1300 462 1354; x_wconf 94' lang='lat' dir='ltr'><strong>in</strong></span> <span class='ocrx_word' id='word_1_92' title='bbox 490 1313 557 1354; x_wconf 91' lang='lat' dir='ltr'><strong>eo</strong></span> <span class='ocrx_word' id='word_1_93' title='bbox 586 1298 724 1367; x_wconf 92' lang='lat' dir='ltr'><strong>solo,</strong></span> <span class='ocrx_word' id='word_1_94' title='bbox 747 1301 997 1371; x_wconf 87' lang='lat' dir='ltr'><strong>quoniam</strong></span> <span class='ocrx_word' id='word_1_95' title='bbox 1022 1300 1109 1355; x_wconf 88' lang='lat' dir='ltr'><strong>his</strong></span> <span class='ocrx_word' id='word_1_96' title='bbox 1139 1316 1244 1356; x_wconf 94' lang='lat' dir='ltr'><strong>non</strong></span> <span class='ocrx_word' id='word_1_97' title='bbox 1281 1300 1544 1367; x_wconf 90' lang='lat' dir='ltr'><strong>creditur,</strong></span> <span class='ocrx_word' id='word_1_98' title='bbox 1574 1300 1625 1355; x_wconf 91' lang='lat' dir='ltr'><strong>in</strong></span> <span class='ocrx_word' id='word_1_99' title='bbox 1650 1314 1755 1369; x_wconf 86' lang='lat' dir='ltr'><strong>quo</strong></span> <span class='ocrx_word' id='word_1_100' title='bbox 1781 1300 1897 1356; x_wconf 92' lang='lat' dir='ltr'><strong>solo</strong></span> 
     </span>
    </p>
   </div>
   <div class='ocr_carea' id='block_1_17' title="bbox 302 1389 1900 1465">
    <p class='ocr_par' dir='ltr' id='par_1_17' title="bbox 302 1389 1900 1465">
     <span class='ocr_line' id='line_1_17' title="bbox 302 1389 1900 1465; baseline 0.001 -19"><span class='ocrx_word' id='word_1_101' title='bbox 302 1390 449 1446; x_wconf 89' lang='lat' dir='ltr'><strong>credi</strong></span> <span class='ocrx_word' id='word_1_102' title='bbox 485 1389 699 1455; x_wconf 89' lang='lat' dir='ltr'><strong>debuit;</strong></span> <span class='ocrx_word' id='word_1_103' title='bbox 722 1391 961 1447; x_wconf 86' lang='lat' dir='ltr'><strong>conabor</strong></span> <span class='ocrx_word' id='word_1_104' title='bbox 985 1392 1293 1457; x_wconf 88' lang='lat' dir='ltr'><strong>ostendere,</strong></span> <span class='ocrx_word' id='word_1_105' title='bbox 1328 1407 1599 1465; x_wconf 90' lang='lat' dir='ltr'><strong>nunquam</strong></span> <span class='ocrx_word' id='word_1_106' title='bbox 1646 1392 1768 1448; x_wconf 92' lang='lat' dir='ltr'><strong>illos</strong></span> <span class='ocrx_word' id='word_1_107' title='bbox 1789 1400 1900 1447; x_wconf 87' lang='lat' dir='ltr'><strong>tam</strong></span> 
     </span>
    </p>
   </div>
   <div class='ocr_carea' id='block_1_18' title="bbox 311 1483 1900 1560">
    <p class='ocr_par' dir='ltr' id='par_1_18' title="bbox 311 1483 1900 1560">
     <span class='ocr_line' id='line_1_18' title="bbox 311 1483 1900 1560; baseline 0.002 -21"><span class='ocrx_word' id='word_1_108' title='bbox 311 1483 582 1540; x_wconf 76' lang='lat' dir='ltr'><strong>veridicos</strong></span> <span class='ocrx_word' id='word_1_109' title='bbox 609 1484 797 1555; x_wconf 90' lang='lat' dir='ltr'><strong>fuisse,</strong></span> <span class='ocrx_word' id='word_1_110' title='bbox 825 1502 985 1560; x_wconf 89' lang='lat' dir='ltr'><strong>quam</strong></span> <span class='ocrx_word' id='word_1_111' title='bbox 1011 1502 1133 1544; x_wconf 91' lang='lat' dir='ltr'><strong>cum</strong></span> <span class='ocrx_word' id='word_1_112' title='bbox 1162 1487 1485 1544; x_wconf 89' lang='lat' dir='ltr'><strong>sententiam</strong></span> <span class='ocrx_word' id='word_1_113' title='bbox 1526 1487 1595 1545; x_wconf 91' lang='lat' dir='ltr'><strong>de</strong></span> <span class='ocrx_word' id='word_1_114' title='bbox 1614 1502 1713 1544; x_wconf 84' lang='lat' dir='ltr'><strong>sua</strong></span> <span class='ocrx_word' id='word_1_115' title='bbox 1743 1486 1900 1559; x_wconf 91' lang='lat' dir='ltr'><strong>igno-</strong></span> 
     </span>
    </p>
   </div>
   <div class='ocr_carea' id='block_1_19' title="bbox 308 1577 821 1636">
    <p class='ocr_par' dir='ltr' id='par_1_19' title="bbox 308 1577 821 1636">
     <span class='ocr_line' id='line_1_19' title="bbox 308 1577 821 1636; baseline 0.006 -3"><span class='ocrx_word' id='word_1_116' title='bbox 308 1578 521 1635; x_wconf 84' lang='lat' dir='ltr'><strong>ratione</strong></span> <span class='ocrx_word' id='word_1_117' title='bbox 552 1577 821 1636; x_wconf 80' lang='lat' dir='ltr'><strong>dixerunt.</strong></span> 
     </span>
    </p>
   </div>
   <div class='ocr_carea' id='block_1_20' title="bbox 949 1699 1291 1759">
    <p class='ocr_par' dir='ltr' id='par_1_20' title="bbox 949 1699 1291 1759">
     <span class='ocr_line' id='line_1_20' title="bbox 949 1699 1291 1759; baseline 0 -1"><span class='ocrx_word' id='word_1_118' title='bbox 949 1699 1184 1759; x_wconf 81' lang='lat' dir='ltr'><strong>CAPUT</strong></span> <span class='ocrx_word' id='word_1_119' title='bbox 1225 1702 1291 1759; x_wconf 91' lang='lat' dir='ltr'><strong>ll.</strong></span> 
     </span>
    </p>
   </div>
   <div class='ocr_carea' id='block_1_21' title="bbox 308 1811 1912 1891">
    <p class='ocr_par' dir='ltr' id='par_1_21' title="bbox 308 1811 1912 1891">
     <span class='ocr_line' id='line_1_21' title="bbox 308 1811 1912 1891; baseline 0.002 -23"><span class='ocrx_word' id='word_1_120' title='bbox 308 1811 391 1869; x_wconf 90' lang='lat' dir='ltr'><strong>De</strong></span> <span class='ocrx_word' id='word_1_121' title='bbox 422 1814 770 1886; x_wconf 79' lang='lat' dir='ltr'><strong>philosophia,</strong></span> <span class='ocrx_word' id='word_1_122' title='bbox 792 1825 840 1872; x_wconf 90' lang='lat' dir='ltr'><strong>et</strong></span> <span class='ocrx_word' id='word_1_123' title='bbox 854 1833 1010 1888; x_wconf 87' lang='lat' dir='ltr'><strong>quam</strong></span> <span class='ocrx_word' id='word_1_124' title='bbox 1029 1819 1202 1873; x_wconf 87' lang='lat' dir='ltr'><strong>inanis</strong></span> <span class='ocrx_word' id='word_1_125' title='bbox 1230 1818 1385 1890; x_wconf 75' lang='lat' dir='ltr'><strong>fuerit</strong></span> <span class='ocrx_word' id='word_1_126' title='bbox 1404 1819 1516 1891; x_wconf 76' lang='lat' dir='ltr'><strong>eius</strong></span> <span class='ocrx_word' id='word_1_127' title='bbox 1534 1819 1589 1874; x_wconf 90' lang='lat' dir='ltr'><strong>in</strong></span> <span class='ocrx_word' id='word_1_128' title='bbox 1611 1817 1912 1891; x_wconf 68' lang='lat' dir='ltr'><strong>exponenda</strong></span> 
     </span>
    </p>
   </div>
   <div class='ocr_carea' id='block_1_22' title="bbox 842 1912 1368 1984">
    <p class='ocr_par' dir='ltr' id='par_1_22' title="bbox 842 1912 1368 1984">
     <span class='ocr_line' id='line_1_22' title="bbox 842 1912 1368 1984; baseline 0.008 -19"><span class='ocrx_word' id='word_1_129' title='bbox 842 1912 1050 1967; x_wconf 83' lang='lat' dir='ltr'><strong>ueritate</strong></span> <span class='ocrx_word' id='word_1_130' title='bbox 1077 1914 1368 1984; x_wconf 83' lang='lat' dir='ltr'><strong>occupatio.</strong></span> 
     </span>
    </p>
   </div>
   <div class='ocr_carea' id='block_1_23' title="bbox 385 2045 1913 2121">
    <p class='ocr_par' dir='ltr' id='par_1_23' title="bbox 385 2045 1913 2121">
     <span class='ocr_line' id='line_1_23' title="bbox 385 2045 1913 2121; baseline 0.002 -19"><span class='ocrx_word' id='word_1_131' title='bbox 385 2045 540 2102; x_wconf 88' lang='lat' dir='ltr'><strong>Nunc</strong></span> <span class='ocrx_word' id='word_1_132' title='bbox 561 2045 815 2118; x_wconf 88' lang='lat' dir='ltr'><strong>quoniam</strong></span> <span class='ocrx_word' id='word_1_133' title='bbox 845 2048 1059 2105; x_wconf 89' lang='lat' dir='ltr'><strong>duobus</strong></span> <span class='ocrx_word' id='word_1_134' title='bbox 1097 2049 1367 2121; x_wconf 90' lang='lat' dir='ltr'><strong>prioribus</strong></span> <span class='ocrx_word' id='word_1_135' title='bbox 1395 2050 1549 2106; x_wconf 90' lang='lat' dir='ltr'><strong>libris</strong></span> <span class='ocrx_word' id='word_1_136' title='bbox 1591 2050 1913 2121; x_wconf 80' lang='lat' dir='ltr'><strong>religionum</strong></span> 
     </span>
    </p>
   </div>
   <div class='ocr_carea' id='block_1_24' title="bbox 316 2136 1915 2213">
    <p class='ocr_par' dir='ltr' id='par_1_24' title="bbox 316 2136 1915 2213">
     <span class='ocr_line' id='line_1_24' title="bbox 316 2136 1915 2213; baseline 0.004 -20"><span class='ocrx_word' id='word_1_137' title='bbox 316 2136 525 2195; x_wconf 87' lang='lat' dir='ltr'><strong>falsitas</strong></span> <span class='ocrx_word' id='word_1_138' title='bbox 569 2139 938 2197; x_wconf 88' lang='lat' dir='ltr'><strong>demonstrata</strong></span> <span class='ocrx_word' id='word_1_139' title='bbox 967 2150 1081 2208; x_wconf 89' lang='lat' dir='ltr'><strong>est,</strong></span> <span class='ocrx_word' id='word_1_140' title='bbox 1114 2157 1214 2199; x_wconf 92' lang='lat' dir='ltr'><strong>nec</strong></span> <span class='ocrx_word' id='word_1_141' title='bbox 1245 2159 1352 2198; x_wconf 92' lang='lat' dir='ltr'><strong>non</strong></span> <span class='ocrx_word' id='word_1_142' title='bbox 1397 2143 1549 2213; x_wconf 81' lang='lat' dir='ltr'><strong>origo</strong></span> <span class='ocrx_word' id='word_1_143' title='bbox 1599 2142 1713 2213; x_wconf 89' lang='lat' dir='ltr'><strong>ipsa</strong></span> <span class='ocrx_word' id='word_1_144' title='bbox 1752 2142 1915 2199; x_wconf 89' lang='lat' dir='ltr'><strong>totius</strong></span> 
     </span>
    </p>
   </div>
   <div class='ocr_carea' id='block_1_25' title="bbox 319 2232 1916 2306">
    <p class='ocr_par' dir='ltr' id='par_1_25' title="bbox 319 2232 1916 2306">
     <span class='ocr_line' id='line_1_25' title="bbox 319 2232 1916 2306; baseline 0.001 -17"><span class='ocrx_word' id='word_1_145' title='bbox 319 2232 522 2289; x_wconf 88' lang='lat' dir='ltr'><strong>erroris</strong></span> <span class='ocrx_word' id='word_1_146' title='bbox 549 2233 794 2303; x_wconf 80' lang='lat' dir='ltr'><strong>exposita</strong></span> <span class='ocrx_word' id='word_1_147' title='bbox 819 2251 832 2288; x_wconf 89' lang='lat'><strong>:</strong></span> <span class='ocrx_word' id='word_1_148' title='bbox 860 2233 1017 2304; x_wconf 86' lang='lat' dir='ltr'><strong>hujus</strong></span> <span class='ocrx_word' id='word_1_149' title='bbox 1044 2234 1168 2290; x_wconf 90' lang='lat' dir='ltr'><strong>lihri</strong></span> <span class='ocrx_word' id='word_1_150' title='bbox 1199 2250 1392 2291; x_wconf 86' lang='lat' dir='ltr'><strong>munus</strong></span> <span class='ocrx_word' id='word_1_151' title='bbox 1412 2243 1495 2291; x_wconf 92' lang='lat' dir='ltr'><strong>est</strong></span> <span class='ocrx_word' id='word_1_152' title='bbox 1522 2235 1916 2306; x_wconf 84' lang='lat' dir='ltr'><strong>philosophiam</strong></span> 
     </span>
    </p>
   </div>
   <div class='ocr_carea' id='block_1_26' title="bbox 316 2327 1916 2399">
    <p class='ocr_par' dir='ltr' id='par_1_26' title="bbox 316 2327 1916 2399">
     <span class='ocr_line' id='line_1_26' title="bbox 316 2327 1916 2399; baseline 0.003 -20"><span class='ocrx_word' id='word_1_153' title='bbox 316 2339 530 2396; x_wconf 89' lang='lat' dir='ltr'><strong>quoque</strong></span> <span class='ocrx_word' id='word_1_154' title='bbox 553 2327 863 2392; x_wconf 88' lang='lat' dir='ltr'><strong>ostendere.</strong></span> <span class='ocrx_word' id='word_1_155' title='bbox 893 2343 1053 2399; x_wconf 90' lang='lat' dir='ltr'><strong>quam</strong></span> <span class='ocrx_word' id='word_1_156' title='bbox 1081 2328 1260 2384; x_wconf 91' lang='lat' dir='ltr'><strong>inanis</strong></span> <span class='ocrx_word' id='word_1_157' title='bbox 1288 2339 1341 2384; x_wconf 91' lang='lat' dir='ltr'><strong>et</strong></span> <span class='ocrx_word' id='word_1_158' title='bbox 1368 2328 1500 2385; x_wconf 90' lang='lat' dir='ltr'><strong>falsa</strong></span> <span class='ocrx_word' id='word_1_159' title='bbox 1530 2330 1635 2396; x_wconf 90' lang='lat' dir='ltr'><strong>sit;</strong></span> <span class='ocrx_word' id='word_1_160' title='bbox 1668 2338 1745 2394; x_wconf 87' lang='lat' dir='ltr'><strong>ut,</strong></span> <span class='ocrx_word' id='word_1_161' title='bbox 1769 2329 1916 2384; x_wconf 91' lang='lat' dir='ltr'><strong>omni</strong></span> 
     </span>
    </p>
   </div>
   <div class='ocr_carea' id='block_1_27' title="bbox 316 2419 1919 2491">
    <p class='ocr_par' dir='ltr' id='par_1_27' title="bbox 316 2419 1919 2491">
     <span class='ocr_line' id='line_1_27' title="bbox 316 2419 1919 2491; baseline 0.004 -19"><span class='ocrx_word' id='word_1_162' title='bbox 316 2431 505 2474; x_wconf 88' lang='lat' dir='ltr'><strong>errore</strong></span> <span class='ocrx_word' id='word_1_163' title='bbox 530 2419 762 2485; x_wconf 88' lang='lat' dir='ltr'><strong>sublato,</strong></span> <span class='ocrx_word' id='word_1_164' title='bbox 790 2421 991 2475; x_wconf 87' lang='lat' dir='ltr'><strong>veritas</strong></span> <span class='ocrx_word' id='word_1_165' title='bbox 1016 2420 1283 2491; x_wconf 89' lang='lat' dir='ltr'><strong>patefacta</strong></span> <span class='ocrx_word' id='word_1_166' title='bbox 1313 2423 1595 2479; x_wconf 89' lang='lat' dir='ltr'><strong>clarescat.</strong></span> <span class='ocrx_word' id='word_1_167' title='bbox 1628 2422 1919 2478; x_wconf 88' lang='lat' dir='ltr'><strong>Ordiamur</strong></span> 
     </span>
    </p>
   </div>
   <div class='ocr_carea' id='block_1_28' title="bbox 317 2508 1919 2587">
    <p class='ocr_par' dir='ltr' id='par_1_28' title="bbox 317 2508 1919 2587">
     <span class='ocr_line' id='line_1_28' title="bbox 317 2508 1919 2587; baseline 0.003 -22"><span class='ocrx_word' id='word_1_168' title='bbox 317 2508 498 2582; x_wconf 85' lang='lat' dir='ltr'><strong>itaque</strong></span> <span class='ocrx_word' id='word_1_169' title='bbox 517 2524 547 2567; x_wconf 92' lang='lat' dir='ltr'><strong>a</strong></span> <span class='ocrx_word' id='word_1_170' title='bbox 573 2511 845 2568; x_wconf 89' lang='lat' dir='ltr'><strong>communi</strong></span> <span class='ocrx_word' id='word_1_171' title='bbox 868 2511 1224 2585; x_wconf 77' lang='lat' dir='ltr'><strong>philosophiae</strong></span> <span class='ocrx_word' id='word_1_172' title='bbox 1243 2515 1484 2584; x_wconf 87' lang='lat' dir='ltr'><strong>nomine,</strong></span> <span class='ocrx_word' id='word_1_173' title='bbox 1506 2525 1563 2571; x_wconf 92' lang='lat' dir='ltr'><strong>ut</strong></span> <span class='ocrx_word' id='word_1_174' title='bbox 1593 2515 1713 2586; x_wconf 91' lang='lat' dir='ltr'><strong>ipso</strong></span> <span class='ocrx_word' id='word_1_175' title='bbox 1741 2515 1919 2587; x_wconf 90' lang='lat' dir='ltr'><strong>capite</strong></span> 
     </span>
    </p>
   </div>
   <div class='ocr_carea' id='block_1_29' title="bbox 1995 455 3602 532">
    <p class='ocr_par' dir='ltr' id='par_1_29' title="bbox 1995 455 3602 532">
     <span class='ocr_line' id='line_1_29' title="bbox 1995 455 3602 532; baseline -0.005 -14"><span class='ocrx_word' id='word_1_176' title='bbox 1995 478 2155 518; x_wconf 91' lang='lat' dir='ltr'><strong>omne</strong></span> <span class='ocrx_word' id='word_1_177' title='bbox 2181 477 2378 532; x_wconf 84' lang='lat' dir='ltr'><strong>corpus</strong></span> <span class='ocrx_word' id='word_1_178' title='bbox 2407 479 2419 516; x_wconf 89' lang='lat'><strong><em>:</em></strong></span> <span class='ocrx_word' id='word_1_179' title='bbox 2467 462 2511 517; x_wconf 91' lang='lat' dir='ltr'><strong>si</strong></span> <span class='ocrx_word' id='word_1_180' title='bbox 2550 469 2730 517; x_wconf 89' lang='lat' dir='ltr'><strong>tamen</strong></span> <span class='ocrx_word' id='word_1_181' title='bbox 2762 468 2939 532; x_wconf 88' lang='lat' dir='ltr'><strong>potest</strong></span> <span class='ocrx_word' id='word_1_182' title='bbox 2978 473 3177 531; x_wconf 88' lang='lat' dir='ltr'><strong>corpus</strong></span> <span class='ocrx_word' id='word_1_183' title='bbox 3204 457 3407 524; x_wconf 90' lang='lat' dir='ltr'><strong>vocari,</strong></span> <span class='ocrx_word' id='word_1_184' title='bbox 3444 455 3602 526; x_wconf 80' lang='lat' dir='ltr'><strong>cujus</strong></span> 
     </span>
    </p>
   </div>
   <div class='ocr_carea' id='block_1_30' title="bbox 1998 548 3604 629">
    <p class='ocr_par' dir='ltr' id='par_1_30' title="bbox 1998 548 3604 629">
     <span class='ocr_line' id='line_1_30' title="bbox 1998 548 3604 629; baseline -0.006 -17"><span class='ocrx_word' id='word_1_185' title='bbox 1998 565 2177 629; x_wconf 89' lang='lat' dir='ltr'><strong>partes</strong></span> <span class='ocrx_word' id='word_1_186' title='bbox 2204 571 2268 610; x_wconf 92' lang='lat' dir='ltr'><strong>ac</strong></span> <span class='ocrx_word' id='word_1_187' title='bbox 2314 554 2554 611; x_wconf 88' lang='lat' dir='ltr'><strong>membra</strong></span> <span class='ocrx_word' id='word_1_188' title='bbox 2586 553 2917 621; x_wconf 90' lang='lat' dir='ltr'><strong>discordent,</strong></span> <span class='ocrx_word' id='word_1_189' title='bbox 2961 568 3063 608; x_wconf 89' lang='lat' dir='ltr'><strong>nec</strong></span> <span class='ocrx_word' id='word_1_190' title='bbox 3088 553 3193 607; x_wconf 89' lang='lat' dir='ltr'><strong>ulla</strong></span> <span class='ocrx_word' id='word_1_191' title='bbox 3224 564 3497 620; x_wconf 89' lang='lat' dir='ltr'><strong>compage</strong></span> <span class='ocrx_word' id='word_1_192' title='bbox 3522 548 3604 603; x_wconf 86' lang='lat' dir='ltr'><strong>in-</strong></span> 
     </span>
    </p>
   </div>
   <div class='ocr_carea' id='block_1_31' title="bbox 1999 642 3603 719">
    <p class='ocr_par' dir='ltr' id='par_1_31' title="bbox 1999 642 3603 719">
     <span class='ocr_line' id='line_1_31' title="bbox 1999 642 3603 719; baseline -0.004 -15"><span class='ocrx_word' id='word_1_193' title='bbox 1999 659 2083 705; x_wconf 91' lang='lat' dir='ltr'><strong>ter</strong></span> <span class='ocrx_word' id='word_1_194' title='bbox 2117 664 2176 704; x_wconf 90' lang='lat' dir='ltr'><strong>se</strong></span> <span class='ocrx_word' id='word_1_195' title='bbox 2218 647 2549 716; x_wconf 67' lang='lat' dir='ltr'><strong>cohaereant,</strong></span> <span class='ocrx_word' id='word_1_196' title='bbox 2604 646 2699 703; x_wconf 92' lang='lat' dir='ltr'><strong>sed</strong></span> <span class='ocrx_word' id='word_1_197' title='bbox 2751 646 2907 719; x_wconf 90' lang='lat' dir='ltr'><strong>quasi</strong></span> <span class='ocrx_word' id='word_1_198' title='bbox 2955 645 3181 718; x_wconf 76' lang='lat' dir='ltr'><strong>disiecta</strong></span> <span class='ocrx_word' id='word_1_199' title='bbox 3226 653 3282 701; x_wconf 91' lang='lat' dir='ltr'><strong>et</strong></span> <span class='ocrx_word' id='word_1_200' title='bbox 3310 642 3603 712; x_wconf 83' lang='lat' dir='ltr'><strong>dissipata,</strong></span> 
     </span>
    </p>
   </div>
   <div class='ocr_carea' id='block_1_32' title="bbox 2003 735 3605 814">
    <p class='ocr_par' dir='ltr' id='par_1_32' title="bbox 2003 735 3605 814">
     <span class='ocr_line' id='line_1_32' title="bbox 2003 735 3605 814; baseline -0.005 -17"><span class='ocrx_word' id='word_1_201' title='bbox 2003 743 2264 814; x_wconf 88' lang='lat' dir='ltr'><strong>palpitare</strong></span> <span class='ocrx_word' id='word_1_202' title='bbox 2295 742 2491 813; x_wconf 88' lang='lat' dir='ltr'><strong>potius,</strong></span> <span class='ocrx_word' id='word_1_203' title='bbox 2522 757 2682 813; x_wconf 89' lang='lat' dir='ltr'><strong>quam</strong></span> <span class='ocrx_word' id='word_1_204' title='bbox 2711 741 2894 797; x_wconf 88' lang='lat' dir='ltr'><strong>vivere</strong></span> <span class='ocrx_word' id='word_1_205' title='bbox 2913 739 3218 795; x_wconf 87' lang='lat' dir='ltr'><strong>videantur.</strong></span> <span class='ocrx_word' id='word_1_206' title='bbox 3246 735 3605 808; x_wconf 87' lang='lat' dir='ltr'><strong>Philosophia</strong></span> 
     </span>
    </p>
   </div>
   <div class='ocr_carea' id='block_1_33' title="bbox 2002 828 3602 907">
    <p class='ocr_par' dir='ltr' id='par_1_33' title="bbox 2002 828 3602 907">
     <span class='ocr_line' id='line_1_33' title="bbox 2002 828 3602 907; baseline -0.005 -17"><span class='ocrx_word' id='word_1_207' title='bbox 2002 833 2213 907; x_wconf 90' lang='lat' dir='ltr'><strong>est(ut</strong></span> <span class='ocrx_word' id='word_1_208' title='bbox 2258 849 2455 889; x_wconf 86' lang='lat' dir='ltr'><strong>nomen</strong></span> <span class='ocrx_word' id='word_1_209' title='bbox 2486 832 2708 899; x_wconf 87' lang='lat' dir='ltr'><strong>indicat,</strong></span> <span class='ocrx_word' id='word_1_210' title='bbox 2759 833 2968 905; x_wconf 90' lang='lat' dir='ltr'><strong>ipsique</strong></span> <span class='ocrx_word' id='word_1_211' title='bbox 3018 829 3322 899; x_wconf 89' lang='lat' dir='ltr'><strong>deﬁniunt)</strong></span> <span class='ocrx_word' id='word_1_212' title='bbox 3356 828 3602 884; x_wconf 86' lang='lat' dir='ltr'><strong>studium</strong></span> 
     </span>
    </p>
   </div>
   <div class='ocr_carea' id='block_1_34' title="bbox 2002 921 3607 999">
    <p class='ocr_par' dir='ltr' id='par_1_34' title="bbox 2002 921 3607 999">
     <span class='ocr_line' id='line_1_34' title="bbox 2002 921 3607 999; baseline -0.006 -15"><span class='ocrx_word' id='word_1_213' title='bbox 2002 928 2295 999; x_wconf 52' lang='lat' dir='ltr'><strong>sapientius</strong></span> <span class='ocrx_word' id='word_1_214' title='bbox 2333 926 2487 983; x_wconf 90' lang='lat' dir='ltr'><strong>Unde</strong></span> <span class='ocrx_word' id='word_1_215' title='bbox 2528 927 2689 998; x_wconf 81' lang='lat' dir='ltr'><strong>igitur</strong></span> <span class='ocrx_word' id='word_1_216' title='bbox 2714 926 2934 997; x_wconf 88' lang='lat' dir='ltr'><strong>probem</strong></span> <span class='ocrx_word' id='word_1_217' title='bbox 2977 925 3149 997; x_wconf 85' lang='lat' dir='ltr'><strong>magis</strong></span> <span class='ocrx_word' id='word_1_218' title='bbox 3196 921 3607 995; x_wconf 87' lang='lat' dir='ltr'><strong>philosophiam</strong></span> 
     </span>
    </p>
   </div>
   <div class='ocr_carea' id='block_1_35' title="bbox 2003 1014 3614 1091">
    <p class='ocr_par' dir='ltr' id='par_1_35' title="bbox 2003 1014 3614 1091">
     <span class='ocr_line' id='line_1_35' title="bbox 2003 1014 3614 1091; baseline -0.006 -14"><span class='ocrx_word' id='word_1_219' title='bbox 2003 1035 2109 1077; x_wconf 91' lang='lat' dir='ltr'><strong>non</strong></span> <span class='ocrx_word' id='word_1_220' title='bbox 2141 1034 2261 1076; x_wconf 91' lang='lat' dir='ltr'><strong>esse</strong></span> <span class='ocrx_word' id='word_1_221' title='bbox 2288 1019 2628 1090; x_wconf 89' lang='lat' dir='ltr'><strong>sapientiam,</strong></span> <span class='ocrx_word' id='word_1_222' title='bbox 2664 1034 2823 1091; x_wconf 90' lang='lat' dir='ltr'><strong>quam</strong></span> <span class='ocrx_word' id='word_1_223' title='bbox 2848 1033 2913 1074; x_wconf 81' lang='lat' dir='ltr'><strong>ex</strong></span> <span class='ocrx_word' id='word_1_224' title='bbox 2942 1017 3110 1090; x_wconf 86' lang='lat' dir='ltr'><strong>ipsius</strong></span> <span class='ocrx_word' id='word_1_225' title='bbox 3140 1016 3376 1072; x_wconf 88' lang='lat' dir='ltr'><strong>nominis</strong></span> <span class='ocrx_word' id='word_1_226' title='bbox 3397 1014 3614 1085; x_wconf 87' lang='lat' dir='ltr'><strong>signiﬁ-</strong></span> 
     </span>
    </p>
   </div>
   <div class='ocr_carea' id='block_1_36' title="bbox 2001 1107 3606 1182">
    <p class='ocr_par' dir='ltr' id='par_1_36' title="bbox 2001 1107 3606 1182">
     <span class='ocr_line' id='line_1_36' title="bbox 2001 1107 3606 1182; baseline -0.005 -13"><span class='ocrx_word' id='word_1_227' title='bbox 2001 1112 2250 1169; x_wconf 81' lang='lat' dir='ltr'><strong>catione?</strong></span> <span class='ocrx_word' id='word_1_228' title='bbox 2274 1111 2374 1181; x_wconf 88' lang='lat' dir='ltr'><strong>Qui</strong></span> <span class='ocrx_word' id='word_1_229' title='bbox 2399 1114 2543 1168; x_wconf 92' lang='lat' dir='ltr'><strong>enim</strong></span> <span class='ocrx_word' id='word_1_230' title='bbox 2584 1112 2862 1182; x_wconf 65' lang='lat' dir='ltr'><strong>sapientia:</strong></span> <span class='ocrx_word' id='word_1_231' title='bbox 2893 1110 3105 1179; x_wconf 91' lang='lat' dir='ltr'><strong>studet,</strong></span> <span class='ocrx_word' id='word_1_232' title='bbox 3136 1110 3323 1180; x_wconf 87' lang='lat' dir='ltr'><strong>utique</strong></span> <span class='ocrx_word' id='word_1_233' title='bbox 3356 1107 3606 1163; x_wconf 86' lang='lat' dir='ltr'><strong>nondum</strong></span> 
     </span>
    </p>
   </div>
   <div class='ocr_carea' id='block_1_37' title="bbox 2004 1201 3609 1279">
    <p class='ocr_par' dir='ltr' id='par_1_37' title="bbox 2004 1201 3609 1279">
     <span class='ocr_line' id='line_1_37' title="bbox 2004 1201 3609 1279; baseline -0.004 -16"><span class='ocrx_word' id='word_1_234' title='bbox 2004 1208 2164 1279; x_wconf 90' lang='lat' dir='ltr'><strong>sapit,</strong></span> <span class='ocrx_word' id='word_1_235' title='bbox 2195 1207 2292 1263; x_wconf 88' lang='lat' dir='ltr'><strong>sed</strong></span> <span class='ocrx_word' id='word_1_236' title='bbox 2323 1216 2382 1263; x_wconf 94' lang='lat' dir='ltr'><strong>ut</strong></span> <span class='ocrx_word' id='word_1_237' title='bbox 2403 1222 2596 1278; x_wconf 88' lang='lat' dir='ltr'><strong>sapere</strong></span> <span class='ocrx_word' id='word_1_238' title='bbox 2622 1206 2790 1278; x_wconf 89' lang='lat' dir='ltr'><strong>possit</strong></span> <span class='ocrx_word' id='word_1_239' title='bbox 2813 1204 3012 1261; x_wconf 89' lang='lat' dir='ltr'><strong>studet.</strong></span> <span class='ocrx_word' id='word_1_240' title='bbox 3047 1204 3105 1260; x_wconf 88' lang='lat' dir='ltr'><strong>In</strong></span> <span class='ocrx_word' id='word_1_241' title='bbox 3128 1205 3342 1260; x_wconf 71' lang='lat' dir='ltr'><strong>eteteris</strong></span> <span class='ocrx_word' id='word_1_242' title='bbox 3370 1201 3609 1267; x_wconf 83' lang='lat' dir='ltr'><strong>artibus,</strong></span> 
     </span>
    </p>
   </div>
   <div class='ocr_carea' id='block_1_38' title="bbox 2002 1293 3616 1370">
    <p class='ocr_par' dir='ltr' id='par_1_38' title="bbox 2002 1293 3616 1370">
     <span class='ocr_line' id='line_1_38' title="bbox 2002 1293 3616 1370; baseline -0.003 -15"><span class='ocrx_word' id='word_1_243' title='bbox 2002 1299 2234 1356; x_wconf 89' lang='lat' dir='ltr'><strong>studium</strong></span> <span class='ocrx_word' id='word_1_244' title='bbox 2263 1299 2389 1370; x_wconf 91' lang='lat' dir='ltr'><strong>quid</strong></span> <span class='ocrx_word' id='word_1_245' title='bbox 2433 1298 2652 1367; x_wconf 88' lang='lat' dir='ltr'><strong>efﬁciat,</strong></span> <span class='ocrx_word' id='word_1_246' title='bbox 2702 1308 2758 1354; x_wconf 89' lang='lat' dir='ltr'><strong>et</strong></span> <span class='ocrx_word' id='word_1_247' title='bbox 2801 1312 2907 1370; x_wconf 92' lang='lat' dir='ltr'><strong>quo</strong></span> <span class='ocrx_word' id='word_1_248' title='bbox 2937 1296 3143 1365; x_wconf 89' lang='lat' dir='ltr'><strong>tendat,</strong></span> <span class='ocrx_word' id='word_1_249' title='bbox 3186 1304 3441 1369; x_wconf 85' lang='lat' dir='ltr'><strong>apparet.</strong></span> <span class='ocrx_word' id='word_1_250' title='bbox 3473 1293 3616 1360; x_wconf 85' lang='lat' dir='ltr'><strong>Quas</strong></span> 
     </span>
    </p>
   </div>
   <div class='ocr_carea' id='block_1_39' title="bbox 2004 1386 3618 1462">
    <p class='ocr_par' dir='ltr' id='par_1_39' title="bbox 2004 1386 3618 1462">
     <span class='ocr_line' id='line_1_39' title="bbox 2004 1386 3618 1462; baseline -0.005 -14"><span class='ocrx_word' id='word_1_251' title='bbox 2004 1407 2127 1448; x_wconf 90' lang='lat' dir='ltr'><strong>cum</strong></span> <span class='ocrx_word' id='word_1_252' title='bbox 2152 1391 2412 1447; x_wconf 91' lang='lat' dir='ltr'><strong>discendo</strong></span> <span class='ocrx_word' id='word_1_253' title='bbox 2452 1392 2647 1462; x_wconf 90' lang='lat' dir='ltr'><strong>aliquis</strong></span> <span class='ocrx_word' id='word_1_254' title='bbox 2674 1400 2955 1447; x_wconf 88' lang='lat' dir='ltr'><strong>assecutus</strong></span> <span class='ocrx_word' id='word_1_255' title='bbox 2979 1399 3082 1454; x_wconf 92' lang='lat' dir='ltr'><strong>est,</strong></span> <span class='ocrx_word' id='word_1_256' title='bbox 3122 1389 3234 1460; x_wconf 87' lang='lat' dir='ltr'><strong>jam</strong></span> <span class='ocrx_word' id='word_1_257' title='bbox 3265 1404 3375 1443; x_wconf 91' lang='lat' dir='ltr'><strong>non</strong></span> <span class='ocrx_word' id='word_1_258' title='bbox 3401 1386 3618 1442; x_wconf 89' lang='lat' dir='ltr'><strong>studio-</strong></span> 
     </span>
    </p>
   </div>
   <div class='ocr_carea' id='block_1_40' title="bbox 2008 1480 3621 1551">
    <p class='ocr_par' dir='ltr' id='par_1_40' title="bbox 2008 1480 3621 1551">
     <span class='ocr_line' id='line_1_40' title="bbox 2008 1480 3621 1551; baseline -0.006 -9"><span class='ocrx_word' id='word_1_259' title='bbox 2008 1500 2102 1542; x_wconf 86' lang='lat' dir='ltr'><strong>sus</strong></span> <span class='ocrx_word' id='word_1_260' title='bbox 2124 1485 2359 1551; x_wconf 89' lang='lat' dir='ltr'><strong>artiﬁcii,</strong></span> <span class='ocrx_word' id='word_1_261' title='bbox 2388 1484 2482 1540; x_wconf 88' lang='lat' dir='ltr'><strong>sed</strong></span> <span class='ocrx_word' id='word_1_262' title='bbox 2514 1482 2709 1540; x_wconf 77' lang='lat' dir='ltr'><strong>artifex</strong></span> <span class='ocrx_word' id='word_1_263' title='bbox 2739 1480 3148 1539; x_wconf 77' lang='lat' dir='ltr'><strong>nominatur.At</strong></span> <span class='ocrx_word' id='word_1_264' title='bbox 3171 1480 3315 1537; x_wconf 88' lang='lat' dir='ltr'><strong>enim</strong></span> <span class='ocrx_word' id='word_1_265' title='bbox 3348 1493 3621 1535; x_wconf 73' lang='lat' dir='ltr'><strong>verecun-</strong></span> 
     </span>
    </p>
   </div>
   <div class='ocr_carea' id='block_1_41' title="bbox 2013 1570 3623 1645">
    <p class='ocr_par' dir='ltr' id='par_1_41' title="bbox 2013 1570 3623 1645">
     <span class='ocr_line' id='line_1_41' title="bbox 2013 1570 3623 1645; baseline -0.005 -12"><span class='ocrx_word' id='word_1_266' title='bbox 2013 1578 2117 1634; x_wconf 76' lang='lat' dir='ltr'><strong>dia:</strong></span> <span class='ocrx_word' id='word_1_267' title='bbox 2161 1591 2323 1633; x_wconf 90' lang='lat' dir='ltr'><strong>causa</strong></span> <span class='ocrx_word' id='word_1_268' title='bbox 2376 1576 2649 1632; x_wconf 89' lang='lat' dir='ltr'><strong>studiosos</strong></span> <span class='ocrx_word' id='word_1_269' title='bbox 2707 1592 2767 1631; x_wconf 87' lang='lat' dir='ltr'><strong>se</strong></span> <span class='ocrx_word' id='word_1_270' title='bbox 2819 1574 3133 1645; x_wconf 68' lang='lat' dir='ltr'><strong>sapientiae,</strong></span> <span class='ocrx_word' id='word_1_271' title='bbox 3190 1587 3300 1627; x_wconf 92' lang='lat' dir='ltr'><strong>non</strong></span> <span class='ocrx_word' id='word_1_272' title='bbox 3341 1570 3623 1643; x_wconf 86' lang='lat' dir='ltr'><strong>sapientes</strong></span> 
     </span>
    </p>
   </div>
   <div class='ocr_carea' id='block_1_42' title="bbox 1941 1663 3627 1760">
    <p class='ocr_par' dir='ltr' id='par_1_42' title="bbox 1941 1663 3627 1760">
     <span class='ocr_line' id='line_1_42' title="bbox 1941 1663 3627 1760; baseline -0.007 -32"><span class='ocrx_word' id='word_1_273' title='bbox 1941 1701 1991 1760; x_wconf 75' lang='grc' dir='ltr'><strong>Β</strong></span> <span class='ocrx_word' id='word_1_274' title='bbox 2018 1679 2367 1727; x_wconf 85' lang='lat' dir='ltr'><strong>vocaverunt.</strong></span> <span class='ocrx_word' id='word_1_275' title='bbox 2392 1669 2562 1724; x_wconf 84' lang='lat' dir='ltr'><strong>Immo</strong></span> <span class='ocrx_word' id='word_1_276' title='bbox 2599 1683 2728 1723; x_wconf 91' lang='lat' dir='ltr'><strong>vero</strong></span> <span class='ocrx_word' id='word_1_277' title='bbox 2766 1665 3124 1740; x_wconf 81' lang='lat' dir='ltr'><strong>Pythagoras,</strong></span> <span class='ocrx_word' id='word_1_278' title='bbox 3155 1667 3244 1736; x_wconf 92' lang='lat' dir='ltr'><strong>qui</strong></span> <span class='ocrx_word' id='word_1_279' title='bbox 3274 1664 3381 1720; x_wconf 90' lang='lat' dir='ltr'><strong>hoc</strong></span> <span class='ocrx_word' id='word_1_280' title='bbox 3407 1663 3627 1735; x_wconf 85' lang='lat' dir='ltr'><strong>primas</strong></span> 
     </span>
    </p>
   </div>
   <div class='ocr_carea' id='block_1_43' title="bbox 2018 1754 3627 1831">
    <p class='ocr_par' dir='ltr' id='par_1_43' title="bbox 2018 1754 3627 1831">
     <span class='ocr_line' id='line_1_43' title="bbox 2018 1754 3627 1831; baseline -0.007 -11"><span class='ocrx_word' id='word_1_281' title='bbox 2018 1778 2213 1820; x_wconf 88' lang='lat' dir='ltr'><strong>nomen</strong></span> <span class='ocrx_word' id='word_1_282' title='bbox 2264 1762 2489 1830; x_wconf 88' lang='lat' dir='ltr'><strong>invenit,</strong></span> <span class='ocrx_word' id='word_1_283' title='bbox 2533 1776 2654 1817; x_wconf 90' lang='lat' dir='ltr'><strong>cum</strong></span> <span class='ocrx_word' id='word_1_284' title='bbox 2699 1759 2859 1831; x_wconf 89' lang='lat' dir='ltr'><strong>paulo</strong></span> <span class='ocrx_word' id='word_1_285' title='bbox 2896 1759 3019 1828; x_wconf 89' lang='lat' dir='ltr'><strong>plus</strong></span> <span class='ocrx_word' id='word_1_286' title='bbox 3057 1768 3301 1830; x_wconf 81' lang='lat' dir='ltr'><strong>saperet,</strong></span> <span class='ocrx_word' id='word_1_287' title='bbox 3348 1772 3530 1827; x_wconf 87' lang='lat' dir='ltr'><strong>quam</strong></span> <span class='ocrx_word' id='word_1_288' title='bbox 3563 1754 3627 1810; x_wconf 90' lang='lat' dir='ltr'><strong>illi</strong></span> 
     </span>
    </p>
   </div>
   <div class='ocr_carea' id='block_1_44' title="bbox 2015 1847 3629 1929">
    <p class='ocr_par' dir='ltr' id='par_1_44' title="bbox 2015 1847 3629 1929">
     <span class='ocr_line' id='line_1_44' title="bbox 2015 1847 3629 1929; baseline -0.007 -16"><span class='ocrx_word' id='word_1_289' title='bbox 2015 1857 2249 1929; x_wconf 89' lang='lat' dir='ltr'><strong>priores,</strong></span> <span class='ocrx_word' id='word_1_290' title='bbox 2281 1855 2372 1925; x_wconf 90' lang='lat' dir='ltr'><strong>qui</strong></span> <span class='ocrx_word' id='word_1_291' title='bbox 2400 1870 2460 1910; x_wconf 90' lang='lat' dir='ltr'><strong>se</strong></span> <span class='ocrx_word' id='word_1_292' title='bbox 2489 1853 2760 1924; x_wconf 87' lang='lat' dir='ltr'><strong>sapientes</strong></span> <span class='ocrx_word' id='word_1_293' title='bbox 2789 1859 3127 1923; x_wconf 89' lang='lat' dir='ltr'><strong>putaverunt,</strong></span> <span class='ocrx_word' id='word_1_294' title='bbox 3180 1849 3454 1905; x_wconf 77' lang='lat' dir='ltr'><strong>intellexit</strong></span> <span class='ocrx_word' id='word_1_295' title='bbox 3483 1847 3629 1903; x_wconf 90' lang='lat' dir='ltr'><strong>nullo</strong></span> 
     </span>
    </p>
   </div>
   <div class='ocr_carea' id='block_1_45' title="bbox 2019 1943 3632 2018">
    <p class='ocr_par' dir='ltr' id='par_1_45' title="bbox 2019 1943 3632 2018">
     <span class='ocr_line' id='line_1_45' title="bbox 2019 1943 3632 2018; baseline -0.006 -12"><span class='ocrx_word' id='word_1_296' title='bbox 2019 1950 2259 2007; x_wconf 87' lang='lat' dir='ltr'><strong>humano</strong></span> <span class='ocrx_word' id='word_1_297' title='bbox 2308 1947 2488 2005; x_wconf 90' lang='lat' dir='ltr'><strong>studio</strong></span> <span class='ocrx_word' id='word_1_298' title='bbox 2540 1960 2698 2018; x_wconf 89' lang='lat' dir='ltr'><strong>posse</strong></span> <span class='ocrx_word' id='word_1_299' title='bbox 2740 1945 2810 2001; x_wconf 87' lang='lat' dir='ltr'><strong>ad</strong></span> <span class='ocrx_word' id='word_1_300' title='bbox 2859 1944 3177 2016; x_wconf 89' lang='lat' dir='ltr'><strong>sapientiam</strong></span> <span class='ocrx_word' id='word_1_301' title='bbox 3226 1943 3540 2015; x_wconf 89' lang='lat' dir='ltr'><strong>perveniri,</strong></span> <span class='ocrx_word' id='word_1_302' title='bbox 3583 1952 3632 1998; x_wconf 87' lang='lat' dir='ltr'><strong>et</strong></span> 
     </span>
    </p>
   </div>
   <div class='ocr_carea' id='block_1_46' title="bbox 2019 2035 3634 2115">
    <p class='ocr_par' dir='ltr' id='par_1_46' title="bbox 2019 2035 3634 2115">
     <span class='ocr_line' id='line_1_46' title="bbox 2019 2035 3634 2115; baseline -0.007 -13"><span class='ocrx_word' id='word_1_303' title='bbox 2019 2045 2141 2102; x_wconf 90' lang='lat' dir='ltr'><strong>ideo</strong></span> <span class='ocrx_word' id='word_1_304' title='bbox 2166 2060 2272 2101; x_wconf 91' lang='lat' dir='ltr'><strong>non</strong></span> <span class='ocrx_word' id='word_1_305' title='bbox 2299 2053 2573 2115; x_wconf 89' lang='lat' dir='ltr'><strong>oportere,</strong></span> <span class='ocrx_word' id='word_1_306' title='bbox 2600 2040 3066 2111; x_wconf 78' lang='lat' dir='ltr'><strong>incomprehensre</strong></span> <span class='ocrx_word' id='word_1_307' title='bbox 3099 2048 3261 2107; x_wconf 86' lang='lat' dir='ltr'><strong>atque</strong></span> <span class='ocrx_word' id='word_1_308' title='bbox 3287 2035 3634 2108; x_wconf 64' lang='lat' dir='ltr'><strong>imperfecta:</strong></span> 
     </span>
    </p>
   </div>
   <div class='ocr_carea' id='block_1_47' title="bbox 2019 2128 3635 2208">
    <p class='ocr_par' dir='ltr' id='par_1_47' title="bbox 2019 2128 3635 2208">
     <span class='ocr_line' id='line_1_47' title="bbox 2019 2128 3635 2208; baseline -0.007 -13"><span class='ocrx_word' id='word_1_309' title='bbox 2019 2137 2101 2194; x_wconf 90' lang='lat' dir='ltr'><strong>rei</strong></span> <span class='ocrx_word' id='word_1_310' title='bbox 2154 2136 2452 2208; x_wconf 88' lang='lat' dir='ltr'><strong>perfectum</strong></span> <span class='ocrx_word' id='word_1_311' title='bbox 2496 2148 2693 2190; x_wconf 88' lang='lat' dir='ltr'><strong>nomen</strong></span> <span class='ocrx_word' id='word_1_312' title='bbox 2757 2131 2981 2202; x_wconf 93' lang='lat' dir='ltr'><strong>imponi.</strong></span> <span class='ocrx_word' id='word_1_313' title='bbox 3027 2130 3212 2201; x_wconf 86' lang='lat' dir='ltr'><strong>Itaque</strong></span> <span class='ocrx_word' id='word_1_314' title='bbox 3259 2145 3386 2185; x_wconf 91' lang='lat' dir='ltr'><strong>cum</strong></span> <span class='ocrx_word' id='word_1_315' title='bbox 3447 2128 3529 2184; x_wconf 85' lang='lat' dir='ltr'><strong>ab</strong></span> <span class='ocrx_word' id='word_1_316' title='bbox 3576 2142 3635 2183; x_wconf 89' lang='lat' dir='ltr'><strong>eo</strong></span> 
     </span>
    </p>
   </div>
   <div class='ocr_carea' id='block_1_48' title="bbox 2021 2221 3635 2302">
    <p class='ocr_par' dir='ltr' id='par_1_48' title="bbox 2021 2221 3635 2302">
     <span class='ocr_line' id='line_1_48' title="bbox 2021 2221 3635 2302; baseline -0.006 -16"><span class='ocrx_word' id='word_1_317' title='bbox 2021 2238 2388 2302; x_wconf 72' lang='lat' dir='ltr'><strong>quaereretur,</strong></span> <span class='ocrx_word' id='word_1_318' title='bbox 2444 2242 2728 2298; x_wconf 87' lang='lat' dir='ltr'><strong>quemnam</strong></span> <span class='ocrx_word' id='word_1_319' title='bbox 2781 2240 2840 2281; x_wconf 91' lang='lat' dir='ltr'><strong>se</strong></span> <span class='ocrx_word' id='word_1_320' title='bbox 2885 2223 3252 2295; x_wconf 88' lang='lat' dir='ltr'><strong>proﬁteretur,</strong></span> <span class='ocrx_word' id='word_1_321' title='bbox 3304 2221 3635 2293; x_wconf 89' lang='lat' dir='ltr'><strong>respondit:</strong></span> 
     </span>
    </p>
   </div>
   <div class='ocr_carea' id='block_1_49' title="bbox 2022 2314 3638 2396">
    <p class='ocr_par' dir='ltr' id='par_1_49' title="bbox 2022 2314 3638 2396">
     <span class='ocr_line' id='line_1_49' title="bbox 2022 2314 3638 2396; baseline -0.006 -17"><span class='ocrx_word' id='word_1_322' title='bbox 2022 2321 2426 2396; x_wconf 67' lang='lat' dir='ltr'><strong>pltilomphum,</strong></span> <span class='ocrx_word' id='word_1_323' title='bbox 2473 2320 2523 2375; x_wconf 91' lang='lat' dir='ltr'><strong>id</strong></span> <span class='ocrx_word' id='word_1_324' title='bbox 2564 2327 2667 2384; x_wconf 89' lang='lat' dir='ltr'><strong>est,</strong></span> <span class='ocrx_word' id='word_1_325' title='bbox 2701 2317 3047 2388; x_wconf 61' lang='lat' dir='ltr'><strong>quaesitorem</strong></span> <span class='ocrx_word' id='word_1_326' title='bbox 3076 2316 3378 2387; x_wconf 65' lang='lat' dir='ltr'><strong>sapientiae.</strong></span> <span class='ocrx_word' id='word_1_327' title='bbox 3409 2314 3477 2371; x_wconf 89' lang='lat' dir='ltr'><strong>Si</strong></span> <span class='ocrx_word' id='word_1_328' title='bbox 3509 2330 3638 2385; x_wconf 81' lang='lat' dir='ltr'><strong>ergo</strong></span> 
     </span>
    </p>
   </div>
   <div class='ocr_carea' id='block_1_50' title="bbox 2022 2409 3635 2490">
    <p class='ocr_par' dir='ltr' id='par_1_50' title="bbox 2022 2409 3635 2490">
     <span class='ocr_line' id='line_1_50' title="bbox 2022 2409 3635 2490; baseline -0.006 -18"><span class='ocrx_word' id='word_1_329' title='bbox 2022 2415 2361 2490; x_wconf 89' lang='lat' dir='ltr'><strong>philosophia</strong></span> <span class='ocrx_word' id='word_1_330' title='bbox 2413 2412 2736 2484; x_wconf 87' lang='lat' dir='ltr'><strong>sapientiam</strong></span> <span class='ocrx_word' id='word_1_331' title='bbox 2784 2410 2995 2482; x_wconf 66' lang='lat' dir='ltr'><strong>quaerit,</strong></span> <span class='ocrx_word' id='word_1_332' title='bbox 3048 2423 3149 2464; x_wconf 93' lang='lat' dir='ltr'><strong>nec</strong></span> <span class='ocrx_word' id='word_1_333' title='bbox 3193 2409 3305 2480; x_wconf 89' lang='lat' dir='ltr'><strong>ipsa</strong></span> <span class='ocrx_word' id='word_1_334' title='bbox 3355 2409 3635 2480; x_wconf 83' lang='lat' dir='ltr'><strong>sapientia</strong></span> 
     </span>
    </p>
   </div>
   <div class='ocr_carea' id='block_1_51' title="bbox 2021 2500 3638 2582">
    <p class='ocr_par' dir='ltr' id='par_1_51' title="bbox 2021 2500 3638 2582">
     <span class='ocr_line' id='line_1_51' title="bbox 2021 2500 3638 2582; baseline -0.008 -14"><span class='ocrx_word' id='word_1_335' title='bbox 2021 2521 2139 2579; x_wconf 90' lang='lat' dir='ltr'><strong>est;</strong></span> <span class='ocrx_word' id='word_1_336' title='bbox 2171 2514 2295 2582; x_wconf 90' lang='lat' dir='ltr'><strong>quia</strong></span> <span class='ocrx_word' id='word_1_337' title='bbox 2327 2520 2549 2565; x_wconf 86' lang='lat' dir='ltr'><strong>necesse</strong></span> <span class='ocrx_word' id='word_1_338' title='bbox 2572 2502 2821 2562; x_wconf 87' lang='lat' dir='ltr'><strong>estaliud</strong></span> <span class='ocrx_word' id='word_1_339' title='bbox 2849 2516 2993 2570; x_wconf 90' lang='lat' dir='ltr'><strong>esse,</strong></span> <span class='ocrx_word' id='word_1_340' title='bbox 3023 2501 3169 2574; x_wconf 93' lang='lat' dir='ltr'><strong>quod</strong></span> <span class='ocrx_word' id='word_1_341' title='bbox 3189 2502 3425 2574; x_wconf 65' lang='lat' dir='ltr'><strong>quierit;</strong></span> <span class='ocrx_word' id='word_1_342' title='bbox 3460 2500 3638 2569; x_wconf 84' lang='lat' dir='ltr'><strong>aliud,</strong></span> 
     </span>
    </p>
   </div>
   <div class='ocr_carea' id='block_1_52' title="bbox 1654 2691 2287 2753">
    <p class='ocr_par' dir='ltr' id='par_1_52' title="bbox 1654 2691 2287 2753">
     <span class='ocr_line' id='line_1_52' title="bbox 1654 2691 2287 2753; baseline -0.006 -1"><span class='ocrx_word' id='word_1_343' title='bbox 1654 2693 2019 2753; x_wconf 76' lang='lat' dir='ltr'><strong>VARIORUM</strong></span> <span class='ocrx_word' id='word_1_344' title='bbox 2055 2691 2287 2752; x_wconf 72' lang='lat' dir='ltr'><strong>NOTAE.</strong></span> 
     </span>
    </p>
   </div>
   <div class='ocr_carea' id='block_1_53' title="bbox 320 2847 1915 2922">
    <p class='ocr_par' dir='ltr' id='par_1_53' title="bbox 320 2847 1915 2922">
     <span class='ocr_line' id='line_1_53' title="bbox 320 2847 1915 2922; baseline 0.003 -17"><span class='ocrx_word' id='word_1_345' title='bbox 320 2847 500 2914; x_wconf 88' lang='lat' dir='ltr'><strong>Colb.,</strong></span> <span class='ocrx_word' id='word_1_346' title='bbox 540 2850 716 2922; x_wconf 88' lang='lat' dir='ltr'><strong>Lips.,</strong></span> <span class='ocrx_word' id='word_1_347' title='bbox 751 2850 1003 2920; x_wconf 90' lang='lat' dir='ltr'><strong>Tornes.,</strong></span> <span class='ocrx_word' id='word_1_348' title='bbox 1037 2853 1241 2917; x_wconf 91' lang='lat' dir='ltr'><strong>Betul.,</strong></span> <span class='ocrx_word' id='word_1_349' title='bbox 1279 2853 1427 2921; x_wconf 89' lang='lat' dir='ltr'><strong>Em.,</strong></span> <span class='ocrx_word' id='word_1_350' title='bbox 1473 2854 1639 2910; x_wconf 85' lang='lat' dir='ltr'><strong>Brun.</strong></span> <span class='ocrx_word' id='word_1_351' title='bbox 1693 2868 1758 2910; x_wconf 89' lang='lat' dir='ltr'><strong>ac</strong></span> <span class='ocrx_word' id='word_1_352' title='bbox 1803 2863 1915 2911; x_wconf 86' lang='lat' dir='ltr'><strong>vet.</strong></span> 
     </span>
    </p>
   </div>
   <div class='ocr_carea' id='block_1_54' title="bbox 320 2922 1915 2993">
    <p class='ocr_par' dir='ltr' id='par_1_54' title="bbox 320 2922 1915 2993">
     <span class='ocr_line' id='line_1_54' title="bbox 320 2922 1915 2993; baseline 0.002 -16"><span class='ocrx_word' id='word_1_353' title='bbox 320 2922 409 2977; x_wconf 91' lang='lat' dir='ltr'><strong>ed.</strong></span> <span class='ocrx_word' id='word_1_354' title='bbox 438 2922 494 2987; x_wconf 71' lang='lat'><strong>2,</strong></span> <span class='ocrx_word' id='word_1_355' title='bbox 543 2923 700 2977; x_wconf 82' lang='lat' dir='ltr'><strong>llom.</strong></span> <span class='ocrx_word' id='word_1_356' title='bbox 731 2930 788 2977; x_wconf 90' lang='lat' dir='ltr'><strong>et</strong></span> <span class='ocrx_word' id='word_1_357' title='bbox 809 2922 1003 2979; x_wconf 84' lang='lat' dir='ltr'><strong>Venet.</strong></span> <span class='ocrx_word' id='word_1_358' title='bbox 1040 2924 1197 2981; x_wconf 77' lang='grc'><strong>1490.</strong></span> <span class='ocrx_word' id='word_1_359' title='bbox 1229 2923 1287 2980; x_wconf 88' lang='lat' dir='ltr'><strong>lu</strong></span> <span class='ocrx_word' id='word_1_360' title='bbox 1335 2924 1577 2993; x_wconf 88' lang='lat' dir='ltr'><strong>pluribus</strong></span> <span class='ocrx_word' id='word_1_361' title='bbox 1605 2939 1739 2980; x_wconf 91' lang='lat' dir='ltr'><strong>mss.</strong></span> <span class='ocrx_word' id='word_1_362' title='bbox 1769 2926 1915 2980; x_wconf 90' lang='lat' dir='ltr'><strong>nulla</strong></span> 
     </span>
    </p>
   </div>
   <div class='ocr_carea' id='block_1_55' title="bbox 323 2993 1910 3065">
    <p class='ocr_par' dir='ltr' id='par_1_55' title="bbox 323 2993 1910 3065">
     <span class='ocr_line' id='line_1_55' title="bbox 323 2993 1910 3065; baseline 0.003 -19"><span class='ocrx_word' id='word_1_363' title='bbox 323 3002 407 3065; x_wconf 75' lang='lat' dir='ltr'><strong>est</strong></span> <span class='ocrx_word' id='word_1_364' title='bbox 438 2993 503 3048; x_wconf 92' lang='lat' dir='ltr'><strong>ad</strong></span> <span class='ocrx_word' id='word_1_365' title='bbox 535 2995 648 3048; x_wconf 60' lang='lat' dir='ltr'><strong>haec</strong></span> <span class='ocrx_word' id='word_1_366' title='bbox 676 2995 839 3050; x_wconf 90' lang='lat' dir='ltr'><strong>verba</strong></span> <span class='ocrx_word' id='word_1_367' title='bbox 865 2996 1225 3063; x_wconf 89' lang='lat' dir='ltr'><strong>interpunctio</strong></span> <span class='ocrx_word' id='word_1_368' title='bbox 1249 3015 1261 3050; x_wconf 93' lang='lat'><strong>:</strong></span> <span class='ocrx_word' id='word_1_369' title='bbox 1288 3005 1520 3065; x_wconf 81' lang='lat' dir='ltr'><strong>quatuor</strong></span> <span class='ocrx_word' id='word_1_370' title='bbox 1541 2997 1728 3050; x_wconf 88' lang='lat' dir='ltr'><strong>ultima</strong></span> <span class='ocrx_word' id='word_1_371' title='bbox 1751 3013 1777 3049; x_wconf 88' lang='lat' dir='ltr'><strong>a</strong></span> <span class='ocrx_word' id='word_1_372' title='bbox 1807 3012 1910 3052; x_wconf 91' lang='lat' dir='ltr'><strong>ms.</strong></span> 
     </span>
    </p>
   </div>
   <div class='ocr_carea' id='block_1_56' title="bbox 2022 2846 3636 2938">
    <p class='ocr_par' dir='ltr' id='par_1_56' title="bbox 2022 2846 3636 2938">
     <span class='ocr_line' id='line_1_56' title="bbox 2022 2846 3636 2938; baseline -0.003 -28"><span class='ocrx_word' id='word_1_373' title='bbox 2022 2856 2190 2938; x_wconf 75' lang='lat' dir='ltr'><strong>antiq.</strong></span> <span class='ocrx_word' id='word_1_374' title='bbox 2236 2861 2293 2909; x_wconf 91' lang='lat' dir='ltr'><strong>et</strong></span> <span class='ocrx_word' id='word_1_375' title='bbox 2344 2866 2456 2909; x_wconf 90' lang='lat' dir='ltr'><strong>rec.</strong></span> <span class='ocrx_word' id='word_1_376' title='bbox 2506 2849 2636 2908; x_wconf 88' lang='lat' dir='ltr'><strong>edit.</strong></span> <span class='ocrx_word' id='word_1_377' title='bbox 2666 2849 2885 2918; x_wconf 90' lang='lat' dir='ltr'><strong>Thom.,</strong></span> <span class='ocrx_word' id='word_1_378' title='bbox 2934 2847 3128 2921; x_wconf 84' lang='lat' dir='ltr'><strong>Tbys.,</strong></span> <span class='ocrx_word' id='word_1_379' title='bbox 3159 2846 3300 2904; x_wconf 84' lang='lat' dir='ltr'><strong>Gall.</strong></span> <span class='ocrx_word' id='word_1_380' title='bbox 3352 2847 3636 2920; x_wconf 88' lang='lat' dir='ltr'><strong>inserunt,</strong></span> 
     </span>
    </p>
   </div>
   <div class='ocr_carea' id='block_1_57' title="bbox 2023 2942 3639 3063">
    <p class='ocr_par' dir='ltr' id='par_1_57' title="bbox 2023 2942 3639 3063">
     <span class='ocr_line' id='line_1_57' title="bbox 2023 2942 3639 3063; baseline -0.004 -10"><span class='ocrx_word' id='word_1_381' title='bbox 2023 2944 2077 2981; x_wconf 62' lang='grc' dir='ltr'>Μ</span> <span class='ocrx_word' id='word_1_382' title='bbox 2094 2942 2387 3052; x_wconf 63' lang='lat' dir='ltr'><strong>l’erioﬁbus.</strong></span> <span class='ocrx_word' id='word_1_383' title='bbox 2414 2996 2491 3050; x_wconf 90' lang='lat' dir='ltr'><strong>Ita</strong></span> <span class='ocrx_word' id='word_1_384' title='bbox 2542 2993 2757 3063; x_wconf 85' lang='lat' dir='ltr'><strong>reposui</strong></span> <span class='ocrx_word' id='word_1_385' title='bbox 2788 3006 2853 3047; x_wconf 84' lang='lat' dir='ltr'><strong>ex</strong></span> <span class='ocrx_word' id='word_1_386' title='bbox 2903 2990 3307 3063; x_wconf 84' lang='lat' dir='ltr'><strong>manuscriptis,</strong></span> <span class='ocrx_word' id='word_1_387' title='bbox 3343 3000 3562 3060; x_wconf 81' lang='lat' dir='ltr'><strong>praeter</strong></span> <span class='ocrx_word' id='word_1_388' title='bbox 3605 2992 3639 3046; x_wconf 71' lang='grc' dir='ltr'>ἓ</span> 
     </span>
    </p>
   </div>
   <div class='ocr_carea' id='block_1_58' title="bbox 321 3061 3638 3139">
    <p class='ocr_par' dir='ltr' id='par_1_58' title="bbox 321 3061 3638 3139">
     <span class='ocr_line' id='line_1_58' title="bbox 321 3061 3638 3139; baseline 0 -21"><span class='ocrx_word' id='word_1_389' title='bbox 321 3062 696 3139; x_wconf 75' lang='lat' dir='ltr'><strong>Mertoniensi_</strong></span> <span class='ocrx_word' id='word_1_390' title='bbox 697 3065 918 3139; x_wconf 74' lang='lat' dir='ltr'><strong>absunt:</strong></span> <span class='ocrx_word' id='word_1_391' title='bbox 950 3061 1089 3139; x_wconf 75' lang='lat' dir='ltr'><strong>unde</strong></span> <span class='ocrx_word' id='word_1_392' title='bbox 1114 3081 1176 3122; x_wconf 87' lang='lat' dir='ltr'><strong>ea</strong></span> <span class='ocrx_word' id='word_1_393' title='bbox 1209 3061 1330 3121; x_wconf 82' lang='lat' dir='ltr'><strong>esse</strong></span> <span class='ocrx_word' id='word_1_394' title='bbox 1353 3066 1622 3138; x_wconf 85' lang='lat' dir='ltr'><strong>glossema</strong></span> <span class='ocrx_word' id='word_1_395' title='bbox 1650 3067 1762 3123; x_wconf 90' lang='lat' dir='ltr'><strong>fere</strong></span> <span class='ocrx_word' id='word_1_396' title='bbox 1795 3083 1907 3124; x_wconf 88' lang='lat' dir='ltr'><strong>sus-</strong></span> <span class='ocrx_word' id='word_1_397' title='bbox 1944 3061 1990 3125; x_wconf 88' lang='lat' dir='ltr'>C</span> <span class='ocrx_word' id='word_1_398' title='bbox 2022 3070 2154 3139; x_wconf 81' lang='lat' dir='ltr'><strong>Reg.</strong></span> <span class='ocrx_word' id='word_1_399' title='bbox 2187 3080 2240 3124; x_wconf 87' lang='lat' dir='ltr'><strong>et</strong></span> <span class='ocrx_word' id='word_1_400' title='bbox 2280 3067 2474 3130; x_wconf 84' lang='lat' dir='ltr'><strong>editos,</strong></span> <span class='ocrx_word' id='word_1_401' title='bbox 2521 3066 2580 3139; x_wconf 81' lang='lat' dir='ltr'><strong>in</strong></span> <span class='ocrx_word' id='word_1_402' title='bbox 2607 3061 2802 3139; x_wconf 75' lang='lat' dir='ltr'><strong>quibus</strong></span> <span class='ocrx_word' id='word_1_403' title='bbox 2827 3071 2911 3118; x_wconf 89' lang='lat' dir='ltr'><strong>est</strong></span> <span class='ocrx_word' id='word_1_404' title='bbox 2961 3061 3327 3133; x_wconf 73' lang='lat' dir='ltr'><strong>superioribus,</strong></span> <span class='ocrx_word' id='word_1_405' title='bbox 3376 3079 3509 3133; x_wconf 78' lang='lat' dir='ltr'><strong>quze</strong></span> <span class='ocrx_word' id='word_1_406' title='bbox 3540 3079 3638 3119; x_wconf 77' lang='lat' dir='ltr'><strong>vos</strong></span> 
     </span>
    </p>
   </div>
   <div class='ocr_carea' id='block_1_59' title="bbox 323 3135 1331 3206">
    <p class='ocr_par' dir='ltr' id='par_1_59' title="bbox 323 3135 1331 3206">
     <span class='ocr_line' id='line_1_59' title="bbox 323 3135 1331 3206; baseline -0.001 -15"><span class='ocrx_word' id='word_1_407' title='bbox 323 3136 473 3206; x_wconf 91' lang='lat' dir='ltr'><strong>picor</strong></span> <span class='ocrx_word' id='word_1_408' title='bbox 500 3150 621 3190; x_wconf 88' lang='lat' dir='ltr'><strong>cum</strong></span> <span class='ocrx_word' id='word_1_409' title='bbox 648 3135 895 3191; x_wconf 84' lang='lat' dir='ltr'><strong>Walcltio</strong></span> <span class='ocrx_word' id='word_1_410' title='bbox 920 3145 975 3191; x_wconf 89' lang='lat' dir='ltr'><strong>et</strong></span> <span class='ocrx_word' id='word_1_411' title='bbox 994 3137 1331 3192; x_wconf 87' lang='lat' dir='ltr'><strong>Heumanno.</strong></span> 
     </span>
    </p>
   </div>
   <div class='ocr_carea' id='block_1_60' title="bbox 400 3207 1918 3266">
    <p class='ocr_par' dir='ltr' id='par_1_60' title="bbox 400 3207 1918 3266">
     <span class='ocr_line' id='line_1_60' title="bbox 400 3207 1918 3266; baseline 0.005 -7"><span class='ocrx_word' id='word_1_412' title='bbox 400 3207 816 3260; x_wconf 82' lang='lat' dir='ltr'><strong>Monstrabimus.</strong></span> <span class='ocrx_word' id='word_1_413' title='bbox 851 3208 942 3263; x_wconf 91' lang='lat' dir='ltr'><strong>Sic</strong></span> <span class='ocrx_word' id='word_1_414' title='bbox 965 3209 1244 3262; x_wconf 81' lang='lat' dir='ltr'><strong>emendavi</strong></span> <span class='ocrx_word' id='word_1_415' title='bbox 1277 3225 1343 3263; x_wconf 80' lang='lat' dir='ltr'><strong>ex</strong></span> <span class='ocrx_word' id='word_1_416' title='bbox 1372 3210 1583 3264; x_wconf 90' lang='lat' dir='ltr'><strong>cunctis</strong></span> <span class='ocrx_word' id='word_1_417' title='bbox 1610 3224 1739 3264; x_wconf 90' lang='lat' dir='ltr'><strong>mss.</strong></span> <span class='ocrx_word' id='word_1_418' title='bbox 1769 3210 1918 3266; x_wconf 91' lang='lat' dir='ltr'><strong>codi-</strong></span> 
     </span>
    </p>
   </div>
   <div class='ocr_carea' id='block_1_61' title="bbox 325 3278 1915 3404">
    <p class='ocr_par' dir='ltr' id='par_1_61' title="bbox 325 3278 1915 3404">
     <span class='ocr_line' id='line_1_61' title="bbox 325 3278 1915 3348; baseline 0.002 -15"><span class='ocrx_word' id='word_1_419' title='bbox 325 3278 501 3343; x_wconf 84' lang='lat' dir='ltr'><strong>cibus,</strong></span> <span class='ocrx_word' id='word_1_420' title='bbox 535 3288 590 3333; x_wconf 88' lang='lat' dir='ltr'><strong>et</strong></span> <span class='ocrx_word' id='word_1_421' title='bbox 607 3278 768 3334; x_wconf 86' lang='lat' dir='ltr'><strong>editis</strong></span> <span class='ocrx_word' id='word_1_422' title='bbox 799 3278 956 3334; x_wconf 90' lang='lat' dir='ltr'><strong>Rom.</strong></span> <span class='ocrx_word' id='word_1_423' title='bbox 991 3280 1152 3348; x_wconf 76' lang='grc'><strong>1470,</strong></span> <span class='ocrx_word' id='word_1_424' title='bbox 1185 3280 1383 3346; x_wconf 88' lang='lat' dir='ltr'><strong>Betul.,</strong></span> <span class='ocrx_word' id='word_1_425' title='bbox 1418 3290 1473 3335; x_wconf 92' lang='lat' dir='ltr'><strong>et</strong></span> <span class='ocrx_word' id='word_1_426' title='bbox 1511 3282 1757 3336; x_wconf 85' lang='lat' dir='ltr'><strong>versione</strong></span> <span class='ocrx_word' id='word_1_427' title='bbox 1786 3281 1915 3338; x_wconf 87' lang='lat' dir='ltr'><strong>Gal-</strong></span> 
     </span>
     <span class='ocr_line' id='line_1_62' title="bbox 326 3347 736 3404; baseline -0.005 -1"><span class='ocrx_word' id='word_1_428' title='bbox 326 3347 449 3404; x_wconf 87' lang='lat' dir='ltr'><strong>lica.</strong></span> <span class='ocrx_word' id='word_1_429' title='bbox 481 3365 546 3401; x_wconf 83' lang='lat' dir='ltr'><strong>an</strong></span> <span class='ocrx_word' id='word_1_430' title='bbox 580 3349 736 3404; x_wconf 82' lang='grc'><strong>1565.</strong></span> 
     </span>
    </p>
   </div>
   <div class='ocr_carea' id='block_1_62' title="bbox 351 3358 736 3407">
    <p class='ocr_par' dir='ltr' id='par_1_62' title="bbox 351 3358 736 3407">
     <span class='ocr_line' id='line_1_63' title="bbox 351 3358 736 3407; baseline -0.003 -5"><span class='ocrx_word' id='word_1_431' title='bbox 351 3358 449 3407; x_wconf 84' lang='lat' dir='ltr'><strong>tea,</strong></span> <span class='ocrx_word' id='word_1_432' title='bbox 481 3365 546 3401; x_wconf 69' lang='lat' dir='ltr'><strong>{III</strong></span> <span class='ocrx_word' id='word_1_433' title='bbox 580 3358 736 3404; x_wconf 76' lang='grc'><strong>1565.</strong></span> 
     </span>
    </p>
   </div>
   <div class='ocr_carea' id='block_1_63' title="bbox 399 3418 1913 3493">
    <p class='ocr_par' dir='ltr' id='par_1_63' title="bbox 399 3418 1913 3493">
     <span class='ocr_line' id='line_1_64' title="bbox 399 3418 1913 3493; baseline 0.005 -21"><span class='ocrx_word' id='word_1_434' title='bbox 399 3418 845 3493; x_wconf 81' lang='lat' dir='ltr'><strong>Tantumhonoris</strong></span> <span class='ocrx_word' id='word_1_435' title='bbox 861 3422 1155 3490; x_wconf 79' lang='lat' dir='ltr'><strong>habeamus,</strong></span> <span class='ocrx_word' id='word_1_436' title='bbox 1171 3432 1276 3476; x_wconf 90' lang='lat' dir='ltr'><strong>aut.</strong></span> <span class='ocrx_word' id='word_1_437' title='bbox 1298 3422 1546 3490; x_wconf 82' lang='lat' dir='ltr'><strong>Bunem.,</strong></span> <span class='ocrx_word' id='word_1_438' title='bbox 1570 3433 1645 3476; x_wconf 87' lang='lat' dir='ltr'><strong>ut.</strong></span> <span class='ocrx_word' id='word_1_439' title='bbox 1660 3422 1777 3478; x_wconf 71' lang='lat' dir='ltr'><strong>«Sic</strong></span> <span class='ocrx_word' id='word_1_440' title='bbox 1790 3424 1913 3493; x_wconf 89' lang='lat' dir='ltr'><strong>edo,</strong></span> 
     </span>
    </p>
   </div>
   <div class='ocr_carea' id='block_1_64' title="bbox 330 3489 1914 3564">
    <p class='ocr_par' dir='ltr' id='par_1_64' title="bbox 330 3489 1914 3564">
     <span class='ocr_line' id='line_1_65' title="bbox 330 3489 1914 3564; baseline 0.007 -25"><span class='ocrx_word' id='word_1_441' title='bbox 330 3489 525 3564; x_wconf 63' lang='lat' dir='ltr'><strong>inquit,</strong></span> <span class='ocrx_word' id='word_1_442' title='bbox 541 3505 607 3564; x_wconf 81' lang='lat' dir='ltr'><strong>ex</strong></span> <span class='ocrx_word' id='word_1_443' title='bbox 621 3492 835 3564; x_wconf 75' lang='lat' dir='ltr'><strong>sublac.</strong></span> <span class='ocrx_word' id='word_1_444' title='bbox 847 3489 1240 3564; x_wconf 78' lang='lat' dir='ltr'><strong>,Rost.,Ven.,‘l</strong></span> <span class='ocrx_word' id='word_1_445' title='bbox 1255 3495 1349 3548; x_wconf 68' lang='grc'><strong>471</strong></span> <span class='ocrx_word' id='word_1_446' title='bbox 1364 3494 1475 3558; x_wconf 71' lang='lat'><strong>.72.</strong></span> <span class='ocrx_word' id='word_1_447' title='bbox 1493 3489 1715 3564; x_wconf 87' lang='lat' dir='ltr'><strong>utraque</strong></span> <span class='ocrx_word' id='word_1_448' title='bbox 1730 3489 1914 3562; x_wconf 77' lang='lat'><strong>78,95,</strong></span> 
     </span>
    </p>
   </div>
   <div class='ocr_carea' id='block_1_65' title="bbox 329 3561 1920 3637">
    <p class='ocr_par' dir='ltr' id='par_1_65' title="bbox 329 3561 1920 3637">
     <span class='ocr_line' id='line_1_66' title="bbox 329 3561 1920 3637; baseline 0.004 -20"><span class='ocrx_word' id='word_1_449' title='bbox 329 3561 421 3623; x_wconf 85' lang='lat'><strong>97,</strong></span> <span class='ocrx_word' id='word_1_450' title='bbox 440 3561 635 3637; x_wconf 60' lang='lat' dir='ltr'><strong>Paris,</strong></span> <span class='ocrx_word' id='word_1_451' title='bbox 660 3562 879 3637; x_wconf 78' lang='lat' dir='ltr'><strong>P_arrh.,</strong></span> <span class='ocrx_word' id='word_1_452' title='bbox 898 3563 1071 3631; x_wconf 84' lang='lat' dir='ltr'><strong>Juut.,</strong></span> <span class='ocrx_word' id='word_1_453' title='bbox 1093 3564 1240 3632; x_wconf 83' lang='lat' dir='ltr'><strong>Ald.,</strong></span> <span class='ocrx_word' id='word_1_454' title='bbox 1263 3565 1428 3630; x_wconf 88' lang='lat' dir='ltr'><strong>Crat.,</strong></span> <span class='ocrx_word' id='word_1_455' title='bbox 1460 3561 1680 3637; x_wconf 48' lang='lat' dir='ltr'><strong>Gymnl,</strong></span> <span class='ocrx_word' id='word_1_456' title='bbox 1704 3574 1758 3621; x_wconf 91' lang='lat' dir='ltr'><strong>et</strong></span> <span class='ocrx_word' id='word_1_457' title='bbox 1775 3561 1920 3622; x_wconf 48' lang='lat' dir='ltr'><strong>Heu;</strong></span> 
     </span>
    </p>
   </div>
   <div class='ocr_carea' id='block_1_66' title="bbox 332 3634 1914 3708">
    <p class='ocr_par' dir='ltr' id='par_1_66' title="bbox 332 3634 1914 3708">
     <span class='ocr_line' id='line_1_67' title="bbox 332 3634 1914 3708; baseline 0.004 -21"><span class='ocrx_word' id='word_1_458' title='bbox 332 3634 975 3708; x_wconf 73' lang='lat' dir='ltr'><strong>mannussiclcgendum</strong></span> <span class='ocrx_word' id='word_1_459' title='bbox 1003 3638 1192 3692; x_wconf 85' lang='lat' dir='ltr'><strong>credit.</strong></span> <span class='ocrx_word' id='word_1_460' title='bbox 1228 3637 1410 3692; x_wconf 81' lang='lat' dir='ltr'><strong>Recte.</strong></span> <span class='ocrx_word' id='word_1_461' title='bbox 1464 3634 1553 3692; x_wconf 82' lang='lat' dir='ltr'><strong>Sic</strong></span> <span class='ocrx_word' id='word_1_462' title='bbox 1603 3638 1725 3708; x_wconf 90' lang='lat' dir='ltr'><strong>lego</strong></span> <span class='ocrx_word' id='word_1_463' title='bbox 1753 3637 1787 3691; x_wconf 92' lang='lat' dir='ltr'><strong>I.</strong></span> <span class='ocrx_word' id='word_1_464' title='bbox 1821 3655 1914 3705; x_wconf 88' lang='lat' dir='ltr'><strong>vn,</strong></span> 
     </span>
    </p>
   </div>
   <div class='ocr_carea' id='block_1_67' title="bbox 332 3703 1917 3775">
    <p class='ocr_par' dir='ltr' id='par_1_67' title="bbox 332 3703 1917 3775">
     <span class='ocr_line' id='line_1_68' title="bbox 332 3703 1917 3775; baseline 0.003 -16"><span class='ocrx_word' id='word_1_465' title='bbox 332 3718 383 3759; x_wconf 92' lang='lat' dir='ltr'><strong>c.</strong></span> <span class='ocrx_word' id='word_1_466' title='bbox 410 3703 444 3758; x_wconf 85' lang='lat'><strong>5</strong></span> <span class='ocrx_word' id='word_1_467' title='bbox 468 3722 481 3757; x_wconf 77' lang='grc' dir='ltr'>ε</span> <span class='ocrx_word' id='word_1_468' title='bbox 511 3703 572 3759; x_wconf 89' lang='lat' dir='ltr'><strong>Si</strong></span> <span class='ocrx_word' id='word_1_469' title='bbox 598 3715 795 3758; x_wconf 88' lang='lat' dir='ltr'><strong>tantum</strong></span> <span class='ocrx_word' id='word_1_470' title='bbox 816 3708 1022 3761; x_wconf 81' lang='lat' dir='ltr'><strong>honoris</strong></span> <span class='ocrx_word' id='word_1_471' title='bbox 1045 3708 1238 3762; x_wconf 86' lang='lat' dir='ltr'><strong>homini</strong></span> <span class='ocrx_word' id='word_1_472' title='bbox 1263 3709 1457 3774; x_wconf 81' lang='lat' dir='ltr'><strong>habuit,</strong></span> <span class='ocrx_word' id='word_1_473' title='bbox 1500 3719 1553 3761; x_wconf 90' lang='lat' dir='ltr'><strong>ut</strong></span> <span class='ocrx_word' id='word_1_474' title='bbox 1574 3703 1736 3775; x_wconf 79' lang='lat' dir='ltr'><strong>ipsius</strong></span> <span class='ocrx_word' id='word_1_475' title='bbox 1758 3703 1917 3764; x_wconf 82' lang='lat' dir='ltr'><strong>causa</strong></span> 
     </span>
    </p>
   </div>
   <div class='ocr_carea' id='block_1_68' title="bbox 331 3775 1920 3846">
    <p class='ocr_par' dir='ltr' id='par_1_68' title="bbox 331 3775 1920 3846">
     <span class='ocr_line' id='line_1_69' title="bbox 331 3775 1920 3846; baseline 0.004 -18"><span class='ocrx_word' id='word_1_476' title='bbox 331 3776 578 3829; x_wconf 81' lang='lat' dir='ltr'><strong>mundum</strong></span> <span class='ocrx_word' id='word_1_477' title='bbox 608 3775 898 3846; x_wconf 80' lang='lat' dir='ltr'><strong>fabricaret.</strong></span> <span class='ocrx_word' id='word_1_478' title='bbox 930 3777 1007 3832; x_wconf 90' lang='lat' dir='ltr'><strong>Ib.</strong></span> <span class='ocrx_word' id='word_1_479' title='bbox 1037 3821 1051 3842; x_wconf 91' lang='lat'><strong>,</strong></span> <span class='ocrx_word' id='word_1_480' title='bbox 1074 3793 1125 3833; x_wconf 92' lang='lat' dir='ltr'><strong>c.</strong></span> <span class='ocrx_word' id='word_1_481' title='bbox 1148 3780 1182 3834; x_wconf 72' lang='grc'><strong><em>4</em></strong></span> <span class='ocrx_word' id='word_1_482' title='bbox 1209 3797 1221 3830; x_wconf 91' lang='lat'><strong>:</strong></span> <span class='ocrx_word' id='word_1_483' title='bbox 1251 3778 1469 3833; x_wconf 85' lang='lat' dir='ltr'><strong>Tantum</strong></span> <span class='ocrx_word' id='word_1_484' title='bbox 1496 3779 1574 3833; x_wconf 82' lang='lat' dir='ltr'><strong>illi</strong></span> <span class='ocrx_word' id='word_1_485' title='bbox 1598 3780 1806 3834; x_wconf 84' lang='lat' dir='ltr'><strong>honoris</strong></span> <span class='ocrx_word' id='word_1_486' title='bbox 1827 3783 1920 3835; x_wconf 85' lang='lat' dir='ltr'><strong>ha-</strong></span> 
     </span>
    </p>
   </div>
   <div class='ocr_carea' id='block_1_69' title="bbox 331 3846 1917 3917">
    <p class='ocr_par' dir='ltr' id='par_1_69' title="bbox 331 3846 1917 3917">
     <span class='ocr_line' id='line_1_70' title="bbox 331 3846 1917 3917; baseline 0.004 -18"><span class='ocrx_word' id='word_1_487' title='bbox 331 3846 457 3907; x_wconf 88' lang='lat' dir='ltr'><strong>buit,</strong></span> <span class='ocrx_word' id='word_1_488' title='bbox 492 3856 546 3900; x_wconf 87' lang='lat' dir='ltr'><strong>ut</strong></span> <span class='ocrx_word' id='word_1_489' title='bbox 575 3864 687 3901; x_wconf 88' lang='lat' dir='ltr'><strong>eum</strong></span> <span class='ocrx_word' id='word_1_490' title='bbox 711 3850 988 3917; x_wconf 76' lang='lat' dir='ltr'><strong>prwﬁceret</strong></span> <span class='ocrx_word' id='word_1_491' title='bbox 1016 3851 1279 3904; x_wconf 70' lang='lat' dir='ltr'><strong>universis.</strong></span> <span class='ocrx_word' id='word_1_492' title='bbox 1304 3850 1653 3906; x_wconf 87' lang='lat' dir='ltr'><strong>Recentiores</strong></span> <span class='ocrx_word' id='word_1_493' title='bbox 1675 3852 1791 3906; x_wconf 90' lang='lat' dir='ltr'><strong>sine</strong></span> <span class='ocrx_word' id='word_1_494' title='bbox 1813 3854 1917 3907; x_wconf 90' lang='lat' dir='ltr'><strong>ulla</strong></span> 
     </span>
    </p>
   </div>
   <div class='ocr_carea' id='block_1_70' title="bbox 334 3918 1921 3986">
    <p class='ocr_par' dir='ltr' id='par_1_70' title="bbox 334 3918 1921 3986">
     <span class='ocr_line' id='line_1_71' title="bbox 334 3918 1921 3986; baseline 0.005 -15"><span class='ocrx_word' id='word_1_495' title='bbox 334 3932 465 3972; x_wconf 85' lang='lat' dir='ltr'><strong>mss.</strong></span> <span class='ocrx_word' id='word_1_496' title='bbox 487 3920 776 3981; x_wconf 72' lang='lat' dir='ltr'><strong>mentiente,</strong></span> <span class='ocrx_word' id='word_1_497' title='bbox 806 3919 908 3973; x_wconf 81' lang='lat' dir='ltr'><strong>nisi</strong></span> <span class='ocrx_word' id='word_1_498' title='bbox 929 3920 1069 3986; x_wconf 83' lang='lat' dir='ltr'><strong>quod</strong></span> <span class='ocrx_word' id='word_1_499' title='bbox 1087 3918 1270 3985; x_wconf 88' lang='lat' dir='ltr'><strong>Cauci,</strong></span> <span class='ocrx_word' id='word_1_500' title='bbox 1294 3931 1451 3978; x_wconf 86' lang='lat' dir='ltr'><strong>aut...</strong></span> <span class='ocrx_word' id='word_1_501' title='bbox 1470 3923 1618 3975; x_wconf 87' lang='lat' dir='ltr'><strong>etiam</strong></span> <span class='ocrx_word' id='word_1_502' title='bbox 1641 3939 1816 3976; x_wconf 84' lang='lat' dir='ltr'><strong>eorum</strong></span> <span class='ocrx_word' id='word_1_503' title='bbox 1836 3925 1921 3979; x_wconf 89' lang='lat' dir='ltr'><strong>hic</strong></span> 
     </span>
    </p>
   </div>
   <div class='ocr_carea' id='block_1_71' title="bbox 332 3988 1915 4062">
    <p class='ocr_par' dir='ltr' id='par_1_71' title="bbox 332 3988 1915 4062">
     <span class='ocr_line' id='line_1_72' title="bbox 332 3988 1915 4062; baseline 0.005 -21"><span class='ocrx_word' id='word_1_504' title='bbox 332 3988 869 4062; x_wconf 65' lang='lat' dir='ltr'><strong>variant._Gryph.,</strong></span> <span class='ocrx_word' id='word_1_505' title='bbox 927 3991 1086 4058; x_wconf 74' lang='lat' dir='ltr'><strong>15H,</strong></span> <span class='ocrx_word' id='word_1_506' title='bbox 1138 4002 1193 4047; x_wconf 91' lang='lat' dir='ltr'><strong>et</strong></span> <span class='ocrx_word' id='word_1_507' title='bbox 1243 3992 1384 4062; x_wconf 84' lang='lat' dir='ltr'><strong>hunc</strong></span> <span class='ocrx_word' id='word_1_508' title='bbox 1440 3995 1607 4049; x_wconf 89' lang='lat' dir='ltr'><strong>secuti</strong></span> <span class='ocrx_word' id='word_1_509' title='bbox 1661 3993 1915 4049; x_wconf 80' lang='lat' dir='ltr'><strong>Thomas.</strong></span> 
     </span>
    </p>
   </div>
   <div class='ocr_carea' id='block_1_72' title="bbox 334 4057 1921 4127">
    <p class='ocr_par' dir='ltr' id='par_1_72' title="bbox 334 4057 1921 4127">
     <span class='ocr_line' id='line_1_73' title="bbox 334 4057 1921 4127; baseline 0.005 -14"><span class='ocrx_word' id='word_1_510' title='bbox 334 4057 521 4125; x_wconf 65' lang='lat' dir='ltr'><strong>lsmus,</strong></span> <span class='ocrx_word' id='word_1_511' title='bbox 572 4057 750 4126; x_wconf 35' lang='lat' dir='ltr'><strong>GallI,‘</strong></span> <span class='ocrx_word' id='word_1_512' title='bbox 781 4060 961 4127; x_wconf 86' lang='lat' dir='ltr'><strong>Cattt.,</strong></span> <span class='ocrx_word' id='word_1_513' title='bbox 1010 4063 1225 4125; x_wconf 84' lang='lat' dir='ltr'><strong>Spark..</strong></span> <span class='ocrx_word' id='word_1_514' title='bbox 1256 4061 1411 4119; x_wconf 91' lang='lat' dir='ltr'><strong>Cell..</strong></span> <span class='ocrx_word' id='word_1_515' title='bbox 1468 4074 1664 4118; x_wconf 87' lang='lat' dir='ltr'><strong>tantum</strong></span> <span class='ocrx_word' id='word_1_516' title='bbox 1713 4066 1921 4121; x_wconf 82' lang='lat' dir='ltr'><strong>honoris</strong></span> 
     </span>
    </p>
   </div>
   <div class='ocr_carea' id='block_1_73' title="bbox 335 4129 1921 4198">
    <p class='ocr_par' dir='ltr' id='par_1_73' title="bbox 335 4129 1921 4198">
     <span class='ocr_line' id='line_1_74' title="bbox 335 4129 1921 4198; baseline 0.005 -16"><span class='ocrx_word' id='word_1_517' title='bbox 335 4129 630 4196; x_wconf 81' lang='lat' dir='ltr'><strong>habeamus,</strong></span> <span class='ocrx_word' id='word_1_518' title='bbox 670 4142 757 4185; x_wconf 87' lang='lat' dir='ltr'><strong>aut</strong></span> <span class='ocrx_word' id='word_1_519' title='bbox 802 4148 1009 4198; x_wconf 68' lang='lat' dir='ltr'><strong>eorum;</strong></span> <span class='ocrx_word' id='word_1_520' title='bbox 1036 4134 1301 4198; x_wconf 59' lang='lat' dir='ltr'><strong>Tornes.,</strong></span> <span class='ocrx_word' id='word_1_521' title='bbox 1336 4136 1476 4191; x_wconf 72' lang='grc'><strong>1548</strong></span> <span class='ocrx_word' id='word_1_522' title='bbox 1502 4143 1557 4190; x_wconf 88' lang='lat' dir='ltr'><strong>et</strong></span> <span class='ocrx_word' id='word_1_523' title='bbox 1603 4136 1775 4190; x_wconf 87' lang='lat' dir='ltr'><strong>Betui.</strong></span> <span class='ocrx_word' id='word_1_524' title='bbox 1808 4146 1921 4190; x_wconf 91' lang='lat' dir='ltr'><strong>tan-</strong></span> 
     </span>
    </p>
   </div>
   <div class='ocr_carea' id='block_1_74' title="bbox 336 4202 1923 4271">
    <p class='ocr_par' dir='ltr' id='par_1_74' title="bbox 336 4202 1923 4271">
     <span class='ocr_line' id='line_1_75' title="bbox 336 4202 1923 4271; baseline 0.006 -19"><span class='ocrx_word' id='word_1_525' title='bbox 336 4212 442 4271; x_wconf 83' lang='lat' dir='ltr'><strong>tum</strong></span> <span class='ocrx_word' id='word_1_526' title='bbox 497 4202 704 4256; x_wconf 83' lang='lat' dir='ltr'><strong>honoris</strong></span> <span class='ocrx_word' id='word_1_527' title='bbox 743 4203 1033 4266; x_wconf 88' lang='lat' dir='ltr'><strong>debeamus.</strong></span> <span class='ocrx_word' id='word_1_528' title='bbox 1066 4215 1193 4270; x_wconf 85' lang='lat' dir='ltr'><strong>aut;</strong></span> <span class='ocrx_word' id='word_1_529' title='bbox 1219 4205 1473 4271; x_wconf 86' lang='lat' dir='ltr'><strong>Tornes.,</strong></span> <span class='ocrx_word' id='word_1_530' title='bbox 1511 4206 1838 4271; x_wconf 64' lang='lat'><strong>15874615,</strong></span> <span class='ocrx_word' id='word_1_531' title='bbox 1869 4217 1923 4262; x_wconf 89' lang='lat' dir='ltr'><strong>et</strong></span> 
     </span>
    </p>
   </div>
   <div class='ocr_carea' id='block_1_75' title="bbox 340 4270 1922 4344">
    <p class='ocr_par' dir='ltr' id='par_1_75' title="bbox 340 4270 1922 4344">
     <span class='ocr_line' id='line_1_76' title="bbox 340 4270 1922 4344; baseline 0.004 -19"><span class='ocrx_word' id='word_1_532' title='bbox 340 4270 575 4344; x_wconf 59' lang='lat' dir='ltr'><strong>Walcln,</strong></span> <span class='ocrx_word' id='word_1_533' title='bbox 610 4283 805 4327; x_wconf 88' lang='lat' dir='ltr'><strong>tantum</strong></span> <span class='ocrx_word' id='word_1_534' title='bbox 834 4276 1074 4330; x_wconf 81' lang='lat' dir='ltr'><strong>honorem</strong></span> <span class='ocrx_word' id='word_1_535' title='bbox 1117 4276 1412 4339; x_wconf 84' lang='lat' dir='ltr'><strong>habeamus.</strong></span> <span class='ocrx_word' id='word_1_536' title='bbox 1460 4270 1567 4330; x_wconf 83' lang='lat' dir='ltr'><strong>aut.</strong></span> <span class='ocrx_word' id='word_1_537' title='bbox 1621 4278 1675 4331; x_wconf 94' lang='lat' dir='ltr'><strong>Si</strong></span> <span class='ocrx_word' id='word_1_538' title='bbox 1730 4288 1784 4331; x_wconf 88' lang='lat' dir='ltr'><strong>ut</strong></span> <span class='ocrx_word' id='word_1_539' title='bbox 1825 4270 1922 4344; x_wconf 85' lang='lat' dir='ltr'><strong>pro</strong></span> 
     </span>
    </p>
   </div>
   <div class='ocr_carea' id='block_1_76' title="bbox 336 4343 1919 4419">
    <p class='ocr_par' dir='ltr' id='par_1_76' title="bbox 336 4343 1919 4419">
     <span class='ocr_line' id='line_1_77' title="bbox 336 4343 1919 4419; baseline 0.005 -24"><span class='ocrx_word' id='word_1_540' title='bbox 336 4354 428 4419; x_wconf 77' lang='lat' dir='ltr'><strong>aut</strong></span> <span class='ocrx_word' id='word_1_541' title='bbox 454 4343 625 4419; x_wconf 78' lang='lat' dir='ltr'><strong>legas,</strong></span> <span class='ocrx_word' id='word_1_542' title='bbox 661 4355 933 4419; x_wconf 66' lang='lat' dir='ltr'><strong>postrema</strong></span> <span class='ocrx_word' id='word_1_543' title='bbox 955 4347 1111 4403; x_wconf 90' lang='lat' dir='ltr'><strong>lectio</strong></span> <span class='ocrx_word' id='word_1_544' title='bbox 1138 4349 1301 4404; x_wconf 88' lang='lat' dir='ltr'><strong>bona.</strong></span> <span class='ocrx_word' id='word_1_545' title='bbox 1329 4349 1416 4403; x_wconf 91' lang='lat' dir='ltr'><strong>Sic</strong></span> <span class='ocrx_word' id='word_1_546' title='bbox 1455 4345 1731 4419; x_wconf 79' lang='lat' dir='ltr'><strong>Cyprian.,</strong></span> <span class='ocrx_word' id='word_1_547' title='bbox 1760 4343 1919 4418; x_wconf 87' lang='lat' dir='ltr'><strong>epist.</strong></span> 
     </span>
    </p>
   </div>
   <div class='ocr_carea' id='block_1_77' title="bbox 334 4415 1918 4488">
    <p class='ocr_par' dir='ltr' id='par_1_77' title="bbox 334 4415 1918 4488">
     <span class='ocr_line' id='line_1_78' title="bbox 334 4415 1918 4488; baseline 0.006 -22"><span class='ocrx_word' id='word_1_548' title='bbox 334 4415 402 4467; x_wconf 84' lang='lat' dir='ltr'><strong>ad</strong></span> <span class='ocrx_word' id='word_1_549' title='bbox 450 4415 716 4484; x_wconf 85' lang='lat' dir='ltr'><strong>Magnum,</strong></span> <span class='ocrx_word' id='word_1_550' title='bbox 771 4417 855 4470; x_wconf 91' lang='lat' dir='ltr'><strong>ed.</strong></span> <span class='ocrx_word' id='word_1_551' title='bbox 902 4417 1125 4481; x_wconf 83' lang='lat' dir='ltr'><strong>Pamel.,</strong></span> <span class='ocrx_word' id='word_1_552' title='bbox 1158 4436 1247 4488; x_wconf 86' lang='lat' dir='ltr'><strong>ep.</strong></span> <span class='ocrx_word' id='word_1_553' title='bbox 1297 4421 1386 4474; x_wconf 82' lang='lat'><strong>76.</strong></span> <span class='ocrx_word' id='word_1_554' title='bbox 1422 4415 1549 4473; x_wconf 61' lang='lat' dir='ltr'><strong>Niii</strong></span> <span class='ocrx_word' id='word_1_555' title='bbox 1579 4421 1622 4473; x_wconf 89' lang='lat' dir='ltr'><strong>si</strong></span> <span class='ocrx_word' id='word_1_556' title='bbox 1652 4415 1918 4486; x_wconf 75' lang='lat' dir='ltr'><strong>justum...</strong></span> 
     </span>
    </p>
   </div>
   <div class='ocr_carea' id='block_1_78' title="bbox 335 4489 1921 4557">
    <p class='ocr_par' dir='ltr' id='par_1_78' title="bbox 335 4489 1921 4557">
     <span class='ocr_line' id='line_1_79' title="bbox 335 4489 1921 4557; baseline 0.006 -20"><span class='ocrx_word' id='word_1_557' title='bbox 335 4494 458 4538; x_wconf 88' lang='lat' dir='ltr'><strong>ut...</strong></span> <span class='ocrx_word' id='word_1_558' title='bbox 492 4494 661 4540; x_wconf 86' lang='lat' dir='ltr'><strong>tantus</strong></span> <span class='ocrx_word' id='word_1_559' title='bbox 688 4489 852 4542; x_wconf 87' lang='lat' dir='ltr'><strong>honor</strong></span> <span class='ocrx_word' id='word_1_560' title='bbox 894 4490 1138 4545; x_wconf 83' lang='lat' dir='ltr'><strong>habeatur</strong></span> <span class='ocrx_word' id='word_1_561' title='bbox 1167 4492 1436 4557; x_wconf 80' lang='lat' dir='ltr'><strong>htereticis,</strong></span> <span class='ocrx_word' id='word_1_562' title='bbox 1481 4500 1536 4545; x_wconf 88' lang='lat' dir='ltr'><strong>ut</strong></span> <span class='ocrx_word' id='word_1_563' title='bbox 1571 4507 1673 4544; x_wconf 87' lang='lat' dir='ltr'><strong>non</strong></span> <span class='ocrx_word' id='word_1_564' title='bbox 1703 4491 1921 4547; x_wconf 85' lang='lat' dir='ltr'><strong>interro-</strong></span> 
     </span>
    </p>
   </div>
   <div class='ocr_carea' id='block_1_79' title="bbox 336 4566 715 4626">
    <p class='ocr_par' dir='ltr' id='par_1_79' title="bbox 336 4566 715 4626">
     <span class='ocr_line' id='line_1_80' title="bbox 336 4566 715 4626; baseline 0.005 -17"><span class='ocrx_word' id='word_1_565' title='bbox 336 4566 534 4626; x_wconf 83' lang='lat' dir='ltr'><strong>gentur,</strong></span> <span class='ocrx_word' id='word_1_566' title='bbox 567 4568 671 4613; x_wconf 87' lang='lat' dir='ltr'><strong>etc.</strong></span> <span class='ocrx_word' id='word_1_567' title='bbox 695 4578 715 4611; x_wconf 72' lang='grc' dir='ltr'><strong><em>ι</em></strong></span> 
     </span>
    </p>
   </div>
   <div class='ocr_carea' id='block_1_80' title="bbox 412 4626 1921 4700">
    <p class='ocr_par' dir='ltr' id='par_1_80' title="bbox 412 4626 1921 4700">
     <span class='ocr_line' id='line_1_81' title="bbox 412 4626 1921 4700; baseline 0.007 -20"><span class='ocrx_word' id='word_1_568' title='bbox 412 4626 814 4700; x_wconf 79' lang='lat' dir='ltr'><strong>Redarguemus.</strong></span> <span class='ocrx_word' id='word_1_569' title='bbox 864 4630 937 4685; x_wconf 90' lang='lat' dir='ltr'><strong>lta</strong></span> <span class='ocrx_word' id='word_1_570' title='bbox 990 4647 1180 4687; x_wconf 89' lang='lat' dir='ltr'><strong>omnes</strong></span> <span class='ocrx_word' id='word_1_571' title='bbox 1244 4632 1413 4688; x_wconf 82' lang='lat' dir='ltr'><strong>ferme</strong></span> <span class='ocrx_word' id='word_1_572' title='bbox 1470 4647 1600 4688; x_wconf 90' lang='lat' dir='ltr'><strong>mss.</strong></span> <span class='ocrx_word' id='word_1_573' title='bbox 1661 4642 1716 4688; x_wconf 91' lang='lat' dir='ltr'><strong>et</strong></span> <span class='ocrx_word' id='word_1_574' title='bbox 1770 4634 1921 4690; x_wconf 90' lang='lat' dir='ltr'><strong>multi</strong></span> 
     </span>
    </p>
   </div>
   <div class='ocr_carea' id='block_1_81' title="bbox 341 4696 1924 4776">
    <p class='ocr_par' dir='ltr' id='par_1_81' title="bbox 341 4696 1924 4776">
     <span class='ocr_line' id='line_1_82' title="bbox 341 4696 1924 4776; baseline 0.005 -24"><span class='ocrx_word' id='word_1_575' title='bbox 341 4696 610 4776; x_wconf 73' lang='lat' dir='ltr'><strong>impressi,</strong></span> <span class='ocrx_word' id='word_1_576' title='bbox 638 4700 674 4755; x_wconf 77' lang='grc'>2</span> <span class='ocrx_word' id='word_1_577' title='bbox 699 4701 853 4772; x_wconf 81' lang='lat' dir='ltr'><strong>Reg.,</strong></span> <span class='ocrx_word' id='word_1_578' title='bbox 880 4718 1170 4776; x_wconf 76' lang='lat' dir='ltr'><strong>urguemus;</strong></span> <span class='ocrx_word' id='word_1_579' title='bbox 1190 4704 1226 4759; x_wconf 78' lang='grc'>2</span> <span class='ocrx_word' id='word_1_580' title='bbox 1255 4704 1323 4757; x_wconf 88' lang='lat' dir='ltr'><strong>al.</strong></span> <span class='ocrx_word' id='word_1_581' title='bbox 1357 4705 1515 4770; x_wconf 84' lang='lat' dir='ltr'><strong>Reg..</strong></span> <span class='ocrx_word' id='word_1_582' title='bbox 1543 4704 1924 4776; x_wconf 83' lang='lat' dir='ltr'><strong>redarguimus;</strong></span> 
     </span>
    </p>
   </div>
   <div class='ocr_carea' id='block_1_82' title="bbox 338 4769 1921 4847">
    <p class='ocr_par' dir='ltr' id='par_1_82' title="bbox 338 4769 1921 4847">
     <span class='ocr_line' id='line_1_83' title="bbox 338 4769 1921 4847; baseline 0.007 -26"><span class='ocrx_word' id='word_1_583' title='bbox 338 4769 545 4847; x_wconf 68' lang='lat' dir='ltr'><strong>§_edd.,</strong></span> <span class='ocrx_word' id='word_1_584' title='bbox 568 4769 1033 4847; x_wconf 40' lang='lat' dir='ltr'><strong>redarguamusIf</strong></span> <span class='ocrx_word' id='word_1_585' title='bbox 1061 4773 1188 4847; x_wconf 84' lang='lat' dir='ltr'><strong>Illos</strong></span> <span class='ocrx_word' id='word_1_586' title='bbox 1209 4769 1515 4847; x_wconf 76' lang='lat' dir='ltr'><strong>ignorantia:</strong></span> <span class='ocrx_word' id='word_1_587' title='bbox 1541 4769 1921 4847; x_wconf 57' lang='lat' dir='ltr'><strong>redarbuemus.</strong></span> 
     </span>
    </p>
   </div>
   <div class='ocr_carea' id='block_1_83' title="bbox 338 4837 1927 4917">
    <p class='ocr_par' dir='ltr' id='par_1_83' title="bbox 338 4837 1927 4917">
     <span class='ocr_line' id='line_1_84' title="bbox 338 4837 1927 4917; baseline 0.006 -24"><span class='ocrx_word' id='word_1_588' title='bbox 338 4837 484 4917; x_wconf 74' lang='lat' dir='ltr'><strong>Idem</strong></span> <span class='ocrx_word' id='word_1_589' title='bbox 508 4837 945 4917; x_wconf 57' lang='lat' dir='ltr'><strong>quoque&#39;iterum</strong></span> <span class='ocrx_word' id='word_1_590' title='bbox 974 4845 1109 4900; x_wconf 75' lang='lat' dir='ltr'><strong>dixit</strong></span> <span class='ocrx_word' id='word_1_591' title='bbox 1139 4846 1191 4899; x_wconf 91' lang='lat' dir='ltr'><strong>in</strong></span> <span class='ocrx_word' id='word_1_592' title='bbox 1224 4837 1368 4915; x_wconf 75' lang='lat' dir='ltr'><strong>Epit.</strong></span> <span class='ocrx_word' id='word_1_593' title='bbox 1393 4888 1408 4913; x_wconf 96' lang='lat'><strong>,</strong></span> <span class='ocrx_word' id='word_1_594' title='bbox 1438 4862 1554 4916; x_wconf 79' lang='lat' dir='ltr'><strong>cap.</strong></span> <span class='ocrx_word' id='word_1_595' title='bbox 1606 4837 1715 4910; x_wconf 50' lang='lat'><strong>29:</strong></span> <span class='ocrx_word' id='word_1_596' title='bbox 1746 4864 1927 4917; x_wconf 86' lang='lat' dir='ltr'><strong>eosque</strong></span> 
     </span>
    </p>
   </div>
   <div class='ocr_carea' id='block_1_84' title="bbox 337 4910 1923 4988">
    <p class='ocr_par' dir='ltr' id='par_1_84' title="bbox 337 4910 1923 4988">
     <span class='ocr_line' id='line_1_85' title="bbox 337 4910 1923 4988; baseline 0.006 -25"><span class='ocrx_word' id='word_1_597' title='bbox 337 4910 565 4968; x_wconf 78' lang='lat' dir='ltr'><strong>stultitia:</strong></span> <span class='ocrx_word' id='word_1_598' title='bbox 589 4910 869 4986; x_wconf 76' lang='lat' dir='ltr'><strong>redarguit.</strong></span> <span class='ocrx_word' id='word_1_599' title='bbox 893 4916 1029 4988; x_wconf 79' lang='lat' dir='ltr'><strong>Ejus</strong></span> <span class='ocrx_word' id='word_1_600' title='bbox 1073 4910 1287 4988; x_wconf 77' lang='lat' dir='ltr'><strong>generis</strong></span> <span class='ocrx_word' id='word_1_601' title='bbox 1313 4910 1438 4971; x_wconf 84' lang='lat' dir='ltr'><strong>sunt</strong></span> <span class='ocrx_word' id='word_1_602' title='bbox 1484 4910 1520 4973; x_wconf 68' lang='lat' dir='ltr'><strong>l.</strong></span> <span class='ocrx_word' id='word_1_603' title='bbox 1572 4934 1704 4983; x_wconf 83' lang='lat' dir='ltr'><strong>tu,c.</strong></span> <span class='ocrx_word' id='word_1_604' title='bbox 1737 4918 1793 4985; x_wconf 74' lang='grc'><strong>4,</strong></span> <span class='ocrx_word' id='word_1_605' title='bbox 1823 4910 1923 4973; x_wconf 79' lang='lat' dir='ltr'><strong>ali-</strong></span> 
     </span>
    </p>
   </div>
   <div class='ocr_carea' id='block_1_85' title="bbox 335 4986 1924 5057">
    <p class='ocr_par' dir='ltr' id='par_1_85' title="bbox 335 4986 1924 5057">
     <span class='ocr_line' id='line_1_86' title="bbox 335 4986 1924 5057; baseline 0.008 -24"><span class='ocrx_word' id='word_1_606' title='bbox 335 4998 481 5053; x_wconf 85' lang='lat' dir='ltr'><strong>quem</strong></span> <span class='ocrx_word' id='word_1_607' title='bbox 507 4988 733 5057; x_wconf 76' lang='lat' dir='ltr'><strong>stultitia:</strong></span> <span class='ocrx_word' id='word_1_608' title='bbox 757 4986 1094 5049; x_wconf 80' lang='lat' dir='ltr'><strong>convincere;</strong></span> <span class='ocrx_word' id='word_1_609' title='bbox 1126 4986 1320 5043; x_wconf 85' lang='lat' dir='ltr'><strong>ibidem</strong></span> <span class='ocrx_word' id='word_1_610' title='bbox 1357 5003 1475 5057; x_wconf 89' lang='lat' dir='ltr'><strong>sup.</strong></span> <span class='ocrx_word' id='word_1_611' title='bbox 1508 4990 1736 5045; x_wconf 73' lang='lat' dir='ltr'><strong>stultitiae</strong></span> <span class='ocrx_word' id='word_1_612' title='bbox 1772 5007 1924 5045; x_wconf 85' lang='lat' dir='ltr'><strong>accu-</strong></span> 
     </span>
    </p>
   </div>
   <div class='ocr_carea' id='block_1_86' title="bbox 336 5056 1710 5127">
    <p class='ocr_par' dir='ltr' id='par_1_86' title="bbox 336 5056 1710 5127">
     <span class='ocr_line' id='line_1_87' title="bbox 336 5056 1710 5127; baseline 0.007 -19"><span class='ocrx_word' id='word_1_613' title='bbox 336 5070 491 5127; x_wconf 76' lang='lat' dir='ltr'><strong>sare;</strong></span> <span class='ocrx_word' id='word_1_614' title='bbox 519 5056 684 5127; x_wconf 83' lang='lat' dir='ltr'><strong>Epit.,</strong></span> <span class='ocrx_word' id='word_1_615' title='bbox 718 5073 768 5114; x_wconf 94' lang='lat' dir='ltr'><strong>c.</strong></span> <span class='ocrx_word' id='word_1_616' title='bbox 798 5057 889 5120; x_wconf 73' lang='grc'><strong>52,</strong></span> <span class='ocrx_word' id='word_1_617' title='bbox 925 5058 1155 5112; x_wconf 77' lang='lat' dir='ltr'><strong>stultitia:</strong></span> <span class='ocrx_word' id='word_1_618' title='bbox 1184 5056 1540 5117; x_wconf 81' lang='lat' dir='ltr'><strong>condemnare.</strong></span> <span class='ocrx_word' id='word_1_619' title='bbox 1573 5061 1710 5118; x_wconf 79' lang='lat' dir='ltr'><strong>BUN.</strong></span> 
     </span>
    </p>
   </div>
   <div class='ocr_carea' id='block_1_87' title="bbox 411 5125 1922 5191">
    <p class='ocr_par' dir='ltr' id='par_1_87' title="bbox 411 5125 1922 5191">
     <span class='ocr_line' id='line_1_88' title="bbox 411 5125 1922 5191; baseline 0.005 -12"><span class='ocrx_word' id='word_1_620' title='bbox 411 5125 764 5191; x_wconf 82' lang='lat' dir='ltr'><strong>Quaniamhis</strong></span> <span class='ocrx_word' id='word_1_621' title='bbox 791 5146 892 5182; x_wconf 89' lang='lat' dir='ltr'><strong>non</strong></span> <span class='ocrx_word' id='word_1_622' title='bbox 920 5128 1160 5182; x_wconf 87' lang='lat' dir='ltr'><strong>creditur.</strong></span> <span class='ocrx_word' id='word_1_623' title='bbox 1186 5128 1313 5185; x_wconf 71' lang='grc' dir='ltr'><strong>Ηίεο</strong></span> <span class='ocrx_word' id='word_1_624' title='bbox 1334 5133 1493 5187; x_wconf 90' lang='lat' dir='ltr'><strong>verba</strong></span> <span class='ocrx_word' id='word_1_625' title='bbox 1517 5134 1710 5187; x_wconf 82' lang='lat' dir='ltr'><strong>absunt</strong></span> <span class='ocrx_word' id='word_1_626' title='bbox 1736 5148 1765 5187; x_wconf 91' lang='lat' dir='ltr'><strong>a</strong></span> <span class='ocrx_word' id='word_1_627' title='bbox 1790 5147 1922 5187; x_wconf 90' lang='lat' dir='ltr'><strong>mss.</strong></span> 
     </span>
    </p>
   </div>
   <div class='ocr_carea' id='block_1_88' title="bbox 336 5195 1927 5273">
    <p class='ocr_par' dir='ltr' id='par_1_88' title="bbox 336 5195 1927 5273">
     <span class='ocr_line' id='line_1_89' title="bbox 336 5195 1927 5273; baseline 0.005 -22"><span class='ocrx_word' id='word_1_628' title='bbox 336 5195 748 5273; x_wconf 69' lang='lat' dir='ltr'><strong>Oxttniensibus,</strong></span> <span class='ocrx_word' id='word_1_629' title='bbox 781 5198 930 5255; x_wconf 88' lang='lat' dir='ltr'><strong>Bold.</strong></span> <span class='ocrx_word' id='word_1_630' title='bbox 951 5208 1015 5273; x_wconf 75' lang='lat' dir='ltr'><strong>et</strong></span> <span class='ocrx_word' id='word_1_631' title='bbox 1046 5196 1189 5255; x_wconf 89' lang='lat' dir='ltr'><strong>Cott.</strong></span> <span class='ocrx_word' id='word_1_632' title='bbox 1238 5201 1334 5256; x_wconf 90' lang='lat' dir='ltr'><strong>sed</strong></span> <span class='ocrx_word' id='word_1_633' title='bbox 1366 5205 1706 5273; x_wconf 83' lang='lat' dir='ltr'><strong>reperiuntur</strong></span> <span class='ocrx_word' id='word_1_634' title='bbox 1734 5205 1784 5259; x_wconf 87' lang='lat' dir='ltr'><strong>in</strong></span> <span class='ocrx_word' id='word_1_635' title='bbox 1808 5204 1927 5259; x_wconf 84' lang='lat' dir='ltr'><strong>aliis</strong></span> 
     </span>
    </p>
   </div>
   <div class='ocr_carea' id='block_1_89' title="bbox 335 5269 1922 5341">
    <p class='ocr_par' dir='ltr' id='par_1_89' title="bbox 335 5269 1922 5341">
     <span class='ocr_line' id='line_1_90' title="bbox 335 5269 1922 5341; baseline 0.004 -18"><span class='ocrx_word' id='word_1_636' title='bbox 335 5269 611 5341; x_wconf 87' lang='lat' dir='ltr'><strong>codicibus</strong></span> <span class='ocrx_word' id='word_1_637' title='bbox 630 5287 695 5327; x_wconf 89' lang='lat' dir='ltr'><strong>ae</strong></span> <span class='ocrx_word' id='word_1_638' title='bbox 716 5271 1011 5341; x_wconf 89' lang='lat' dir='ltr'><strong>impressis,</strong></span> <span class='ocrx_word' id='word_1_639' title='bbox 1042 5287 1106 5327; x_wconf 88' lang='lat' dir='ltr'><strong>ac</strong></span> <span class='ocrx_word' id='word_1_640' title='bbox 1128 5273 1391 5341; x_wconf 85' lang='lat' dir='ltr'><strong>Optimum</strong></span> <span class='ocrx_word' id='word_1_641' title='bbox 1420 5269 1635 5330; x_wconf 81' lang='lat' dir='ltr'><strong>sensum</strong></span> <span class='ocrx_word' id='word_1_642' title='bbox 1659 5276 1922 5331; x_wconf 80' lang='lat' dir='ltr'><strong>efficiunt.</strong></span> 
     </span>
    </p>
   </div>
   <div class='ocr_carea' id='block_1_90' title="bbox 336 5340 1927 5411">
    <p class='ocr_par' dir='ltr' id='par_1_90' title="bbox 336 5340 1927 5411">
     <span class='ocr_line' id='line_1_91' title="bbox 336 5340 1927 5411; baseline 0.004 -16"><span class='ocrx_word' id='word_1_643' title='bbox 336 5340 461 5396; x_wconf 68' lang='lat' dir='ltr'><strong>Haec</strong></span> <span class='ocrx_word' id='word_1_644' title='bbox 493 5358 652 5411; x_wconf 85' lang='lat' dir='ltr'><strong>porro</strong></span> <span class='ocrx_word' id='word_1_645' title='bbox 695 5340 856 5396; x_wconf 85' lang='lat' dir='ltr'><strong>lectio</strong></span> <span class='ocrx_word' id='word_1_646' title='bbox 884 5352 1064 5396; x_wconf 87' lang='lat' dir='ltr'><strong>nostra</strong></span> <span class='ocrx_word' id='word_1_647' title='bbox 1116 5340 1287 5399; x_wconf 87' lang='lat' dir='ltr'><strong>multo</strong></span> <span class='ocrx_word' id='word_1_648' title='bbox 1335 5345 1639 5401; x_wconf 86' lang='lat' dir='ltr'><strong>distinctior</strong></span> <span class='ocrx_word' id='word_1_649' title='bbox 1685 5348 1927 5403; x_wconf 78' lang='lat' dir='ltr'><strong>editione</strong></span> 
     </span>
    </p>
   </div>
   <div class='ocr_carea' id='block_1_91' title="bbox 334 5411 1928 5490">
    <p class='ocr_par' dir='ltr' id='par_1_91' title="bbox 334 5411 1928 5490">
     <span class='ocr_line' id='line_1_92' title="bbox 334 5411 1928 5490; baseline 0.003 -23"><span class='ocrx_word' id='word_1_650' title='bbox 334 5412 599 5490; x_wconf 62' lang='lat' dir='ltr'><strong>Rpmaua,</strong></span> <span class='ocrx_word' id='word_1_651' title='bbox 628 5430 749 5485; x_wconf 75' lang='lat' dir='ltr'><strong>qua:</strong></span> <span class='ocrx_word' id='word_1_652' title='bbox 777 5411 1081 5490; x_wconf 71' lang='lat' dir='ltr'><strong>sicltabet:</strong></span> <span class='ocrx_word' id='word_1_653' title='bbox 1133 5414 1244 5490; x_wconf 81' lang='lat' dir='ltr'><strong>Nec</strong></span> <span class='ocrx_word' id='word_1_654' title='bbox 1288 5431 1411 5471; x_wconf 86' lang='lat' dir='ltr'><strong>sane</strong></span> <span class='ocrx_word' id='word_1_655' title='bbox 1454 5435 1693 5490; x_wconf 84' lang='lat' dir='ltr'><strong>magnum</strong></span> <span class='ocrx_word' id='word_1_656' title='bbox 1732 5418 1928 5488; x_wconf 81' lang='lat' dir='ltr'><strong>aliquid</strong></span> 
     </span>
    </p>
   </div>
   <div class='ocr_carea' id='block_1_92' title="bbox 333 5484 1927 5560">
    <p class='ocr_par' dir='ltr' id='par_1_92' title="bbox 333 5484 1927 5560">
     <span class='ocr_line' id='line_1_93' title="bbox 333 5484 1927 5560; baseline 0.004 -23"><span class='ocrx_word' id='word_1_657' title='bbox 333 5485 621 5560; x_wconf 74' lang='lat' dir='ltr'><strong>efﬁciemus,</strong></span> <span class='ocrx_word' id='word_1_658' title='bbox 650 5484 786 5555; x_wconf 80' lang='lat' dir='ltr'><strong>quod</strong></span> <span class='ocrx_word' id='word_1_659' title='bbox 824 5484 954 5560; x_wconf 87' lang='lat' dir='ltr'><strong>illos_</strong></span> <span class='ocrx_word' id='word_1_660' title='bbox 985 5486 1289 5560; x_wconf 69' lang='lat' dir='ltr'><strong>ignorantiae</strong></span> <span class='ocrx_word' id='word_1_661' title='bbox 1317 5484 1606 5560; x_wconf 74' lang='lat' dir='ltr'><strong>arguamus,</strong></span> <span class='ocrx_word' id='word_1_662' title='bbox 1655 5484 1927 5557; x_wconf 60' lang='lat' dir='ltr'><strong>quamele-</strong></span> 
     </span>
    </p>
   </div>
   <div class='ocr_carea' id='block_1_93' title="bbox 333 5554 1930 5632">
    <p class='ocr_par' dir='ltr' id='par_1_93' title="bbox 333 5554 1930 5632">
     <span class='ocr_line' id='line_1_94' title="bbox 333 5554 1930 5632; baseline 0.003 -23"><span class='ocrx_word' id='word_1_663' title='bbox 333 5557 541 5632; x_wconf 77' lang='lat' dir='ltr'><strong>ptssime</strong></span> <span class='ocrx_word' id='word_1_664' title='bbox 562 5554 895 5632; x_wconf 68' lang='lat' dir='ltr'><strong>conﬁtentur.</strong></span> <span class='ocrx_word' id='word_1_665' title='bbox 927 5554 1090 5612; x_wconf 48' lang='lat' dir='ltr'><strong>ln&#39;eo</strong></span> <span class='ocrx_word' id='word_1_666' title='bbox 1117 5559 1248 5632; x_wconf 83' lang='lat' dir='ltr'><strong>solo,</strong></span> <span class='ocrx_word' id='word_1_667' title='bbox 1295 5554 1536 5632; x_wconf 76' lang='lat' dir='ltr'><strong>quoniam</strong></span> <span class='ocrx_word' id='word_1_668' title='bbox 1566 5563 1638 5616; x_wconf 88' lang='lat' dir='ltr'><strong>eis</strong></span> <span class='ocrx_word' id='word_1_669' title='bbox 1668 5554 1780 5616; x_wconf 78' lang='lat' dir='ltr'><strong>non</strong></span> <span class='ocrx_word' id='word_1_670' title='bbox 1818 5577 1930 5614; x_wconf 88' lang='lat' dir='ltr'><strong>cre-</strong></span> 
     </span>
    </p>
   </div>
   <div class='ocr_carea' id='block_1_94' title="bbox 330 5628 1925 5751">
    <p class='ocr_par' dir='ltr' id='par_1_94' title="bbox 330 5628 1925 5751">
     <span class='ocr_line' id='line_1_95' title="bbox 330 5628 1925 5751; baseline 0.005 -72"><span class='ocrx_word' id='word_1_671' title='bbox 330 5628 506 5751; x_wconf 55' lang='lat' dir='ltr'><strong>gitur,</strong></span> <span class='ocrx_word' id='word_1_672' title='bbox 536 5630 604 5751; x_wconf 80' lang='lat' dir='ltr'><strong>lin</strong></span> <span class='ocrx_word' id='word_1_673' title='bbox 663 5647 761 5703; x_wconf 87' lang='lat' dir='ltr'><strong>quo</strong></span> <span class='ocrx_word' id='word_1_674' title='bbox 816 5629 928 5684; x_wconf 85' lang='lat' dir='ltr'><strong>solo</strong></span> <span class='ocrx_word' id='word_1_675' title='bbox 1003 5631 1142 5685; x_wconf 87' lang='lat' dir='ltr'><strong>credi</strong></span> <span class='ocrx_word' id='word_1_676' title='bbox 1192 5628 1404 5700; x_wconf 75' lang='lat' dir='ltr'><strong>debuit;</strong></span> <span class='ocrx_word' id='word_1_677' title='bbox 1476 5634 1698 5689; x_wconf 82' lang='lat' dir='ltr'><strong>conabor</strong></span> <span class='ocrx_word' id='word_1_678' title='bbox 1753 5646 1925 5689; x_wconf 82' lang='lat' dir='ltr'><strong>osten-</strong></span> 
     </span>
     <span class='ocr_line' id='line_1_96' title="bbox 366 5714 602 5751; baseline 0 0"><span class='ocrx_word' id='word_1_679' title='bbox 366 5714 467 5751; x_wconf 86' lang='lat' dir='ltr'><strong>ere.</strong></span> <span class='ocrx_word' id='word_1_680' title='bbox 500 5716 529 5751; x_wconf 86' lang='lat' dir='ltr'><strong>e</strong></span> <span class='ocrx_word' id='word_1_681' title='bbox 554 5715 602 5751; x_wconf 88' lang='lat' dir='ltr'><strong>c.</strong></span> 
     </span>
    </p>
   </div>
   <div class='ocr_carea' id='block_1_95' title="bbox 366 5708 602 5765">
    <p class='ocr_par' dir='ltr' id='par_1_95' title="bbox 366 5708 602 5765">
     <span class='ocr_line' id='line_1_97' title="bbox 366 5708 602 5765; baseline 0.008 -12"><span class='ocrx_word' id='word_1_682' title='bbox 366 5714 467 5765; x_wconf 86' lang='lat' dir='ltr'><strong>ere,</strong></span> <span class='ocrx_word' id='word_1_683' title='bbox 500 5708 602 5756; x_wconf 88' lang='lat' dir='ltr'><strong>etc.</strong></span> 
     </span>
    </p>
   </div>
   <div class='ocr_carea' id='block_1_96' title="bbox 403 5776 1922 5847">
    <p class='ocr_par' dir='ltr' id='par_1_96' title="bbox 403 5776 1922 5847">
     <span class='ocr_line' id='line_1_98' title="bbox 403 5776 1922 5847; baseline 0 -16"><span class='ocrx_word' id='word_1_684' title='bbox 403 5777 737 5833; x_wconf 86' lang='lat' dir='ltr'><strong>Sententiam.</strong></span> <span class='ocrx_word' id='word_1_685' title='bbox 784 5777 913 5835; x_wconf 87' lang='lat' dir='ltr'><strong>Post</strong></span> <span class='ocrx_word' id='word_1_686' title='bbox 964 5776 1105 5835; x_wconf 86' lang='lat' dir='ltr'><strong>hanc</strong></span> <span class='ocrx_word' id='word_1_687' title='bbox 1170 5776 1499 5847; x_wconf 89' lang='lat' dir='ltr'><strong>dictionem,</strong></span> <span class='ocrx_word' id='word_1_688' title='bbox 1557 5793 1659 5835; x_wconf 91' lang='lat' dir='ltr'><strong>ms.</strong></span> <span class='ocrx_word' id='word_1_689' title='bbox 1713 5780 1740 5833; x_wconf 82' lang='lat' dir='ltr'><strong>l</strong></span> <span class='ocrx_word' id='word_1_690' title='bbox 1788 5777 1922 5835; x_wconf 89' lang='lat' dir='ltr'><strong>Bon.</strong></span> 
     </span>
    </p>
   </div>
   <div class='ocr_carea' id='block_1_97' title="bbox 2021 3136 2753 3197">
    <p class='ocr_par' dir='ltr' id='par_1_97' title="bbox 2021 3136 2753 3197">
     <span class='ocr_line' id='line_1_99' title="bbox 2021 3136 2753 3197; baseline -0.012 0"><span class='ocrx_word' id='word_1_691' title='bbox 2021 3136 2173 3197; x_wconf 78' lang='lat' dir='ltr'><strong>deest</strong></span> <span class='ocrx_word' id='word_1_692' title='bbox 2205 3142 2255 3194; x_wconf 89' lang='lat' dir='ltr'><strong>in</strong></span> <span class='ocrx_word' id='word_1_693' title='bbox 2290 3154 2395 3192; x_wconf 88' lang='lat' dir='ltr'><strong>uno</strong></span> <span class='ocrx_word' id='word_1_694' title='bbox 2418 3136 2753 3191; x_wconf 81' lang='lat' dir='ltr'><strong>Colbertiuo.</strong></span> 
     </span>
    </p>
   </div>
   <div class='ocr_carea' id='block_1_98' title="bbox 2092 3204 3635 3274">
    <p class='ocr_par' dir='ltr' id='par_1_98' title="bbox 2092 3204 3635 3274">
     <span class='ocr_line' id='line_1_100' title="bbox 2092 3204 3635 3274; baseline -0.004 -8"><span class='ocrx_word' id='word_1_695' title='bbox 2092 3212 2172 3265; x_wconf 83' lang='lat' dir='ltr'><strong>Ad</strong></span> <span class='ocrx_word' id='word_1_696' title='bbox 2200 3209 2553 3265; x_wconf 78' lang='lat' dir='ltr'><strong>excidendum.</strong></span> <span class='ocrx_word' id='word_1_697' title='bbox 2580 3207 2671 3261; x_wconf 90' lang='lat' dir='ltr'><strong>Sic</strong></span> <span class='ocrx_word' id='word_1_698' title='bbox 2695 3206 2905 3261; x_wconf 87' lang='lat' dir='ltr'><strong>restitui</strong></span> <span class='ocrx_word' id='word_1_699' title='bbox 2925 3221 2990 3260; x_wconf 81' lang='lat' dir='ltr'><strong>ex</strong></span> <span class='ocrx_word' id='word_1_700' title='bbox 3022 3204 3442 3274; x_wconf 79' lang='lat' dir='ltr'><strong>utiampiurimis</strong></span> <span class='ocrx_word' id='word_1_701' title='bbox 3504 3222 3635 3261; x_wconf 86' lang='lat' dir='ltr'><strong>mss.</strong></span> 
     </span>
    </p>
   </div>
   <div class='ocr_carea' id='block_1_99' title="bbox 2020 3274 3641 3348">
    <p class='ocr_par' dir='ltr' id='par_1_99' title="bbox 2020 3274 3641 3348">
     <span class='ocr_line' id='line_1_101' title="bbox 2020 3274 3641 3348; baseline -0.004 -9"><span class='ocrx_word' id='word_1_702' title='bbox 2020 3283 2304 3348; x_wconf 87' lang='lat' dir='ltr'><strong>editisque,</strong></span> <span class='ocrx_word' id='word_1_703' title='bbox 2337 3280 2495 3334; x_wconf 89' lang='lat' dir='ltr'><strong>Rom.</strong></span> <span class='ocrx_word' id='word_1_704' title='bbox 2523 3278 2681 3342; x_wconf 76' lang='lat' dir='ltr'><strong>M70,</strong></span> <span class='ocrx_word' id='word_1_705' title='bbox 2724 3274 3193 3348; x_wconf 77' lang='lat' dir='ltr'><strong>Gymnic..Crat.,</strong></span> <span class='ocrx_word' id='word_1_706' title='bbox 3236 3276 3412 3348; x_wconf 81' lang='lat' dir='ltr'><strong>Betui.</strong></span> <span class='ocrx_word' id='word_1_707' title='bbox 3448 3277 3526 3331; x_wconf 81' lang='lat' dir='ltr'><strong>Et</strong></span> <span class='ocrx_word' id='word_1_708' title='bbox 3567 3280 3641 3334; x_wconf 81' lang='lat' dir='ltr'><strong>sic</strong></span> 
     </span>
    </p>
   </div>
   <div class='ocr_carea' id='block_1_100' title="bbox 2022 3346 3640 3425">
    <p class='ocr_par' dir='ltr' id='par_1_100' title="bbox 2022 3346 3640 3425">
     <span class='ocr_line' id='line_1_102' title="bbox 2022 3346 3640 3425; baseline -0.004 -16"><span class='ocrx_word' id='word_1_709' title='bbox 2022 3346 2307 3425; x_wconf 85' lang='lat' dir='ltr'><strong>legendum</strong></span> <span class='ocrx_word' id='word_1_710' title='bbox 2340 3366 2465 3425; x_wconf 79' lang='lat' dir='ltr'><strong>esse</strong></span> <span class='ocrx_word' id='word_1_711' title='bbox 2489 3350 2743 3425; x_wconf 67' lang='lat' dir='ltr'><strong>censebat</strong></span> <span class='ocrx_word' id='word_1_712' title='bbox 2771 3346 2923 3425; x_wconf 65' lang='lat' dir='ltr'><strong>doct.</strong></span> <span class='ocrx_word' id='word_1_713' title='bbox 2971 3347 3248 3425; x_wconf 79' lang='lat' dir='ltr'><strong>Francius.</strong></span> <span class='ocrx_word' id='word_1_714' title='bbox 3282 3346 3335 3425; x_wconf 81' lang='lat' dir='ltr'><strong>In</strong></span> <span class='ocrx_word' id='word_1_715' title='bbox 3504 3350 3640 3425; x_wconf 64' lang='grc' dir='ltr'><strong>Δτηι-</strong></span> 
     </span>
    </p>
   </div>
   <div class='ocr_carea' id='block_1_101' title="bbox 2020 3419 3643 3494">
    <p class='ocr_par' dir='ltr' id='par_1_101' title="bbox 2020 3419 3643 3494">
     <span class='ocr_line' id='line_1_103' title="bbox 2020 3419 3643 3494; baseline -0.003 -16"><span class='ocrx_word' id='word_1_716' title='bbox 2020 3419 2155 3494; x_wconf 70' lang='lat' dir='ltr'><strong>gatis</strong></span> <span class='ocrx_word' id='word_1_717' title='bbox 2186 3436 2239 3479; x_wconf 91' lang='lat' dir='ltr'><strong>et</strong></span> <span class='ocrx_word' id='word_1_718' title='bbox 2268 3421 2715 3494; x_wconf 58' lang='lat' dir='ltr'><strong>recentissimis?</strong></span> <span class='ocrx_word' id='word_1_719' title='bbox 2741 3420 2957 3491; x_wconf 84' lang='lat' dir='ltr'><strong>scriptis</strong></span> <span class='ocrx_word' id='word_1_720' title='bbox 3007 3428 3089 3473; x_wconf 91' lang='lat' dir='ltr'><strong>est</strong></span> <span class='ocrx_word' id='word_1_721' title='bbox 3119 3419 3189 3472; x_wconf 86' lang='lat' dir='ltr'><strong>ad</strong></span> <span class='ocrx_word' id='word_1_722' title='bbox 3214 3419 3643 3486; x_wconf 77' lang='lat' dir='ltr'><strong>excindendum;</strong></span> 
     </span>
    </p>
   </div>
   <div class='ocr_carea' id='block_1_102' title="bbox 2021 3492 2774 3568">
    <p class='ocr_par' dir='ltr' id='par_1_102' title="bbox 2021 3492 2774 3568">
     <span class='ocr_line' id='line_1_104' title="bbox 2021 3492 2774 3568; baseline -0.011 -16"><span class='ocrx_word' id='word_1_723' title='bbox 2021 3492 2073 3552; x_wconf 85' lang='lat' dir='ltr'><strong>iu</strong></span> <span class='ocrx_word' id='word_1_724' title='bbox 2105 3504 2308 3568; x_wconf 76' lang='lat' dir='ltr'><strong>septem</strong></span> <span class='ocrx_word' id='word_1_725' title='bbox 2336 3495 2404 3547; x_wconf 89' lang='lat' dir='ltr'><strong>ad</strong></span> <span class='ocrx_word' id='word_1_726' title='bbox 2428 3492 2774 3568; x_wconf 48' lang='lat' dir='ltr'><strong>incidendum:</strong></span> 
     </span>
    </p>
   </div>
   <div class='ocr_carea' id='block_1_103' title="bbox 2093 3559 3639 3633">
    <p class='ocr_par' dir='ltr' id='par_1_103' title="bbox 2093 3559 3639 3633">
     <span class='ocr_line' id='line_1_105' title="bbox 2093 3559 3639 3633; baseline -0.004 -12"><span class='ocrx_word' id='word_1_727' title='bbox 2093 3559 2325 3633; x_wconf 60' lang='lat' dir='ltr'><strong>Disiecta</strong></span> <span class='ocrx_word' id='word_1_728' title='bbox 2355 3575 2400 3619; x_wconf 89' lang='lat' dir='ltr'><strong>et</strong></span> <span class='ocrx_word' id='word_1_729' title='bbox 2430 3565 2699 3631; x_wconf 85' lang='lat' dir='ltr'><strong>dissipata.</strong></span> <span class='ocrx_word' id='word_1_730' title='bbox 2749 3562 2829 3617; x_wconf 86' lang='lat' dir='ltr'><strong>Ex</strong></span> <span class='ocrx_word' id='word_1_731' title='bbox 2877 3560 3128 3616; x_wconf 90' lang='lat' dir='ltr'><strong>omnibus</strong></span> <span class='ocrx_word' id='word_1_732' title='bbox 3176 3559 3354 3617; x_wconf 88' lang='lat' dir='ltr'><strong>ferme</strong></span> <span class='ocrx_word' id='word_1_733' title='bbox 3396 3576 3546 3633; x_wconf 85' lang='lat' dir='ltr'><strong>mss.</strong></span> <span class='ocrx_word' id='word_1_734' title='bbox 3588 3571 3639 3617; x_wconf 86' lang='lat' dir='ltr'><strong>et</strong></span> 
     </span>
    </p>
   </div>
   <div class='ocr_carea' id='block_1_104' title="bbox 2021 3632 3639 3704">
    <p class='ocr_par' dir='ltr' id='par_1_104' title="bbox 2021 3632 3639 3704">
     <span class='ocr_line' id='line_1_106' title="bbox 2021 3632 3639 3704; baseline -0.004 -10"><span class='ocrx_word' id='word_1_735' title='bbox 2021 3632 2236 3694; x_wconf 77' lang='lat' dir='ltr'><strong>excusis</strong></span> <span class='ocrx_word' id='word_1_736' title='bbox 2263 3638 2332 3691; x_wconf 87' lang='lat' dir='ltr'><strong>ita</strong></span> <span class='ocrx_word' id='word_1_737' title='bbox 2378 3636 2614 3704; x_wconf 85' lang='lat' dir='ltr'><strong>reposui.</strong></span> <span class='ocrx_word' id='word_1_738' title='bbox 2642 3634 2777 3689; x_wconf 88' lang='lat' dir='ltr'><strong>Tres</strong></span> <span class='ocrx_word' id='word_1_739' title='bbox 2826 3634 3073 3704; x_wconf 83' lang='lat' dir='ltr'><strong>impressi</strong></span> <span class='ocrx_word' id='word_1_740' title='bbox 3130 3633 3310 3686; x_wconf 85' lang='lat' dir='ltr'><strong>ferunt</strong></span> <span class='ocrx_word' id='word_1_741' title='bbox 3351 3632 3639 3704; x_wconf 11' lang='lat' dir='ltr'><strong>pdissecto.</strong></span> 
     </span>
    </p>
   </div>
   <div class='ocr_carea' id='block_1_105' title="bbox 2022 3702 3630 3777">
    <p class='ocr_par' dir='ltr' id='par_1_105' title="bbox 2022 3702 3630 3777">
     <span class='ocr_line' id='line_1_107' title="bbox 2022 3702 3630 3777; baseline -0.005 -12"><span class='ocrx_word' id='word_1_742' title='bbox 2022 3726 2121 3765; x_wconf 92' lang='lat' dir='ltr'><strong>nec</strong></span> <span class='ocrx_word' id='word_1_743' title='bbox 2149 3709 2320 3773; x_wconf 90' lang='lat' dir='ltr'><strong>male;</strong></span> <span class='ocrx_word' id='word_1_744' title='bbox 2351 3702 2460 3761; x_wconf 86' lang='lat' dir='ltr'><strong>tres</strong></span> <span class='ocrx_word' id='word_1_745' title='bbox 2489 3706 2671 3777; x_wconf 88' lang='lat' dir='ltr'><strong>scripti</strong></span> <span class='ocrx_word' id='word_1_746' title='bbox 2698 3721 2818 3761; x_wconf 89' lang='lat' dir='ltr'><strong>cum</strong></span> <span class='ocrx_word' id='word_1_747' title='bbox 2842 3704 2973 3759; x_wconf 91' lang='lat' dir='ltr'><strong>edit.</strong></span> <span class='ocrx_word' id='word_1_748' title='bbox 3001 3703 3225 3759; x_wconf 89' lang='lat' dir='ltr'><strong>Tornes.</strong></span> <span class='ocrx_word' id='word_1_749' title='bbox 3259 3712 3313 3758; x_wconf 91' lang='lat' dir='ltr'><strong>et</strong></span> <span class='ocrx_word' id='word_1_750' title='bbox 3343 3702 3630 3759; x_wconf 89' lang='lat' dir='ltr'><strong>Soubrou.</strong></span> 
     </span>
    </p>
   </div>
   <div class='ocr_carea' id='block_1_106' title="bbox 1959 3782 2296 3853">
    <p class='ocr_par' dir='ltr' id='par_1_106' title="bbox 1959 3782 2296 3853">
     <span class='ocr_line' id='line_1_108' title="bbox 1959 3782 2296 3853; baseline -0.009 -17"><span class='ocrx_word' id='word_1_751' title='bbox 1959 3836 1967 3843; x_wconf 86' lang='grc'><em>,</em></span> <span class='ocrx_word' id='word_1_752' title='bbox 2021 3782 2296 3853; x_wconf 64' lang='lat' dir='ltr'><strong>disiuncta.</strong></span> 
     </span>
    </p>
   </div>
   <div class='ocr_carea' id='block_1_107' title="bbox 2098 3844 3641 3923">
    <p class='ocr_par' dir='ltr' id='par_1_107' title="bbox 2098 3844 3641 3923">
     <span class='ocr_line' id='line_1_109' title="bbox 2098 3844 3641 3923; baseline -0.003 -17"><span class='ocrx_word' id='word_1_753' title='bbox 2098 3844 2306 3923; x_wconf 66' lang='lat' dir='ltr'><strong>ipsique</strong></span> <span class='ocrx_word' id='word_1_754' title='bbox 2358 3850 2628 3920; x_wconf 83' lang='lat' dir='ltr'><strong>deﬁniunt.</strong></span> <span class='ocrx_word' id='word_1_755' title='bbox 2674 3846 2808 3903; x_wconf 82' lang='lat' dir='ltr'><strong>Vide</strong></span> <span class='ocrx_word' id='word_1_756' title='bbox 2858 3845 2971 3902; x_wconf 89' lang='lat' dir='ltr'><strong>Cic.</strong></span> <span class='ocrx_word' id='word_1_757' title='bbox 3005 3862 3043 3901; x_wconf 88' lang='grc' dir='ltr'>ιι</span> <span class='ocrx_word' id='word_1_758' title='bbox 3083 3844 3323 3901; x_wconf 85' lang='lat' dir='ltr'><strong>Ufﬁcior.</strong></span> <span class='ocrx_word' id='word_1_759' title='bbox 3378 3846 3431 3902; x_wconf 87' lang='lat' dir='ltr'><strong>in</strong></span> <span class='ocrx_word' id='word_1_760' title='bbox 3492 3848 3641 3921; x_wconf 84' lang='lat' dir='ltr'><strong>prin-</strong></span> 
     </span>
    </p>
   </div>
   <div class='ocr_carea' id='block_1_108' title="bbox 2024 3939 2184 3980">
    <p class='ocr_par' dir='ltr' id='par_1_108' title="bbox 2024 3939 2184 3980">
     <span class='ocr_line' id='line_1_110' title="bbox 2024 3939 2184 3980; baseline -0.019 0"><span class='ocrx_word' id='word_1_761' title='bbox 2024 3939 2184 3980; x_wconf 85' lang='lat' dir='ltr'><strong>ClDlO.</strong></span> 
     </span>
    </p>
   </div>
   <div class='ocr_carea' id='block_1_109' title="bbox 2079 3940 3018 4065">
    <p class='ocr_par' dir='ltr' id='par_1_109' title="bbox 2079 3940 3018 4065">
     <span class='ocr_line' id='line_1_111' title="bbox 2079 3940 3018 4065; baseline -0.006 -16"><span class='ocrx_word' id='word_1_762' title='bbox 2079 3940 2366 4049; x_wconf 50' lang='lat' dir='ltr'><strong>péiudiosos</strong></span> <span class='ocrx_word' id='word_1_763' title='bbox 2391 3992 2677 4062; x_wconf 80' lang='lat' dir='ltr'><strong>sapientite,</strong></span> <span class='ocrx_word' id='word_1_764' title='bbox 2701 3989 3018 4065; x_wconf 76' lang='grc' dir='ltr'><strong>φιλοσόφους.</strong></span> 
     </span>
    </p>
   </div>
   <div class='ocr_carea' id='block_1_110' title="bbox 2096 4065 2630 4138">
    <p class='ocr_par' dir='ltr' id='par_1_110' title="bbox 2096 4065 2630 4138">
     <span class='ocr_line' id='line_1_112' title="bbox 2096 4065 2630 4138; baseline 0.002 -21"><span class='ocrx_word' id='word_1_765' title='bbox 2096 4065 2388 4138; x_wconf 68' lang='lat' dir='ltr'><strong>Sapientes,</strong></span> <span class='ocrx_word' id='word_1_766' title='bbox 2420 4068 2630 4138; x_wconf 61' lang='grc' dir='ltr'><strong>ςοφᾳύς.</strong></span> 
     </span>
    </p>
   </div>
   <div class='ocr_carea' id='block_1_111' title="bbox 2099 4132 3643 4207">
    <p class='ocr_par' dir='ltr' id='par_1_111' title="bbox 2099 4132 3643 4207">
     <span class='ocr_line' id='line_1_113' title="bbox 2099 4132 3643 4207; baseline 0.001 -18"><span class='ocrx_word' id='word_1_767' title='bbox 2099 4132 2267 4207; x_wconf 74' lang='lat' dir='ltr'><strong>Immo</strong></span> <span class='ocrx_word' id='word_1_768' title='bbox 2290 4151 2405 4190; x_wconf 82' lang='lat' dir='ltr'><strong>vero</strong></span> <span class='ocrx_word' id='word_1_769' title='bbox 2427 4132 2770 4207; x_wconf 66' lang='lat' dir='ltr'><strong>Pythagoras.</strong></span> <span class='ocrx_word' id='word_1_770' title='bbox 2790 4132 3022 4207; x_wconf 80' lang='lat' dir='ltr'><strong>Videndi</strong></span> <span class='ocrx_word' id='word_1_771' title='bbox 3043 4132 3373 4207; x_wconf 72' lang='lat' dir='ltr'><strong>Augustinus</strong></span> <span class='ocrx_word' id='word_1_772' title='bbox 3407 4133 3515 4207; x_wconf 67' lang='lat' dir='ltr'><strong>lib.</strong></span> <span class='ocrx_word' id='word_1_773' title='bbox 3551 4152 3643 4190; x_wconf 68' lang='lat' dir='ltr'><strong>xxv</strong></span> 
     </span>
    </p>
   </div>
   <div class='ocr_carea' id='block_1_112' title="bbox 2024 4202 3643 4275">
    <p class='ocr_par' dir='ltr' id='par_1_112' title="bbox 2024 4202 3643 4275">
     <span class='ocr_line' id='line_1_114' title="bbox 2024 4202 3643 4275; baseline 0 -12"><span class='ocrx_word' id='word_1_774' title='bbox 2024 4207 2092 4263; x_wconf 91' lang='lat' dir='ltr'><strong>dc</strong></span> <span class='ocrx_word' id='word_1_775' title='bbox 2121 4206 2403 4275; x_wconf 87' lang='lat' dir='ltr'><strong>Trinitatc,</strong></span> <span class='ocrx_word' id='word_1_776' title='bbox 2434 4202 2551 4275; x_wconf 69' lang='lat' dir='ltr'><strong>cap.</strong></span> <span class='ocrx_word' id='word_1_777' title='bbox 2589 4202 2641 4269; x_wconf 76' lang='grc'><strong>1,</strong></span> <span class='ocrx_word' id='word_1_778' title='bbox 2685 4205 2853 4262; x_wconf 61' lang='grc' dir='ltr'>ριιὶὴ»</span> <span class='ocrx_word' id='word_1_779' title='bbox 2886 4220 3002 4270; x_wconf 74' lang='lat' dir='ltr'><strong>vnn,</strong></span> <span class='ocrx_word' id='word_1_780' title='bbox 3044 4219 3162 4273; x_wconf 86' lang='lat' dir='ltr'><strong>cap.</strong></span> <span class='ocrx_word' id='word_1_781' title='bbox 3188 4202 3246 4268; x_wconf 79' lang='lat'><strong>‘2,</strong></span> <span class='ocrx_word' id='word_1_782' title='bbox 3281 4202 3351 4257; x_wconf 91' lang='lat' dir='ltr'><strong>de</strong></span> <span class='ocrx_word' id='word_1_783' title='bbox 3398 4203 3643 4263; x_wconf 77' lang='lat' dir='ltr'><strong>Civitatc</strong></span> 
     </span>
    </p>
   </div>
   <div class='ocr_carea' id='block_1_113' title="bbox 2028 4274 3643 4347">
    <p class='ocr_par' dir='ltr' id='par_1_113' title="bbox 2028 4274 3643 4347">
     <span class='ocr_line' id='line_1_115' title="bbox 2028 4274 3643 4347; baseline 0 -14"><span class='ocrx_word' id='word_1_784' title='bbox 2028 4278 2158 4340; x_wconf 89' lang='lat' dir='ltr'><strong>Dei;</strong></span> <span class='ocrx_word' id='word_1_785' title='bbox 2194 4287 2244 4333; x_wconf 89' lang='lat' dir='ltr'><strong>et</strong></span> <span class='ocrx_word' id='word_1_786' title='bbox 2266 4274 2457 4333; x_wconf 89' lang='lat' dir='ltr'><strong>Cicero</strong></span> <span class='ocrx_word' id='word_1_787' title='bbox 2500 4274 2594 4333; x_wconf 89' lang='lat' dir='ltr'><strong>lib.</strong></span> <span class='ocrx_word' id='word_1_788' title='bbox 2633 4293 2666 4331; x_wconf 89' lang='lat' dir='ltr'><strong>v</strong></span> <span class='ocrx_word' id='word_1_789' title='bbox 2714 4276 3004 4332; x_wconf 88' lang='lat' dir='ltr'><strong>Tusculan.</strong></span> <span class='ocrx_word' id='word_1_790' title='bbox 3062 4283 3256 4347; x_wconf 73' lang='lat' dir='ltr'><strong>qua-st.</strong></span> <span class='ocrx_word' id='word_1_791' title='bbox 3306 4275 3452 4330; x_wconf 79' lang='lat' dir='ltr'><strong>Deus</strong></span> <span class='ocrx_word' id='word_1_792' title='bbox 3511 4293 3643 4347; x_wconf 86' lang='lat' dir='ltr'><strong>ergo</strong></span> 
     </span>
    </p>
   </div>
   <div class='ocr_carea' id='block_1_114' title="bbox 2026 4345 3641 4419">
    <p class='ocr_par' dir='ltr' id='par_1_114' title="bbox 2026 4345 3641 4419">
     <span class='ocr_line' id='line_1_116' title="bbox 2026 4345 3641 4419; baseline 0 -15"><span class='ocrx_word' id='word_1_793' title='bbox 2026 4350 2140 4417; x_wconf 87' lang='lat' dir='ltr'><strong>ipse</strong></span> <span class='ocrx_word' id='word_1_794' title='bbox 2158 4365 2367 4403; x_wconf 90' lang='lat' dir='ltr'><strong>summa</strong></span> <span class='ocrx_word' id='word_1_795' title='bbox 2389 4349 2648 4419; x_wconf 84' lang='lat' dir='ltr'><strong>sapientia</strong></span> <span class='ocrx_word' id='word_1_796' title='bbox 2674 4366 2688 4405; x_wconf 87' lang='lat'><strong>:</strong></span> <span class='ocrx_word' id='word_1_797' title='bbox 2718 4349 2891 4403; x_wconf 91' lang='lat' dir='ltr'><strong>cultus</strong></span> <span class='ocrx_word' id='word_1_798' title='bbox 2913 4345 3107 4419; x_wconf 67' lang='lat' dir='ltr'><strong>autern</strong></span> <span class='ocrx_word' id='word_1_799' title='bbox 3123 4345 3215 4401; x_wconf 92' lang='lat' dir='ltr'><strong>Dei</strong></span> <span class='ocrx_word' id='word_1_800' title='bbox 3234 4354 3335 4419; x_wconf 4' lang='lat' dir='ltr'><strong>est,</strong></span> <span class='ocrx_word' id='word_1_801' title='bbox 3359 4345 3641 4417; x_wconf 70' lang='lat' dir='ltr'><strong>sapientia</strong></span> 
     </span>
    </p>
   </div>
   <div class='ocr_carea' id='block_1_115' title="bbox 2031 4416 3642 4489">
    <p class='ocr_par' dir='ltr' id='par_1_115' title="bbox 2031 4416 3642 4489">
     <span class='ocr_line' id='line_1_117' title="bbox 2031 4416 3642 4489; baseline 0.001 -14"><span class='ocrx_word' id='word_1_802' title='bbox 2031 4420 2292 4485; x_wconf 85' lang='lat' dir='ltr'><strong>hominis,</strong></span> <span class='ocrx_word' id='word_1_803' title='bbox 2335 4420 2403 4475; x_wconf 91' lang='lat' dir='ltr'><strong>de</strong></span> <span class='ocrx_word' id='word_1_804' title='bbox 2427 4416 2528 4486; x_wconf 74' lang='lat' dir='ltr'><strong>qua</strong></span> <span class='ocrx_word' id='word_1_805' title='bbox 2561 4434 2703 4475; x_wconf 92' lang='lat' dir='ltr'><strong>nunc</strong></span> <span class='ocrx_word' id='word_1_806' title='bbox 2739 4419 3030 4489; x_wconf 88' lang='lat' dir='ltr'><strong>loquimur.</strong></span> <span class='ocrx_word' id='word_1_807' title='bbox 3062 4417 3195 4489; x_wconf 83' lang='lat' dir='ltr'><strong>Nam</strong></span> <span class='ocrx_word' id='word_1_808' title='bbox 3225 4416 3503 4489; x_wconf 79' lang='lat' dir='ltr'><strong>sapientia</strong></span> <span class='ocrx_word' id='word_1_809' title='bbox 3545 4420 3642 4477; x_wconf 52' lang='lat' dir='ltr'><strong>huc</strong></span> 
     </span>
    </p>
   </div>
   <div class='ocr_carea' id='block_1_116' title="bbox 2023 4487 3645 4574">
    <p class='ocr_par' dir='ltr' id='par_1_116' title="bbox 2023 4487 3645 4574">
     <span class='ocr_line' id='line_1_118' title="bbox 2023 4487 3645 4574; baseline 0 -29"><span class='ocrx_word' id='word_1_810' title='bbox 2023 4490 2113 4574; x_wconf 76' lang='lat' dir='ltr'><strong>jus</strong></span> <span class='ocrx_word' id='word_1_811' title='bbox 2148 4492 2328 4546; x_wconf 87' lang='lat' dir='ltr'><strong>mundi</strong></span> <span class='ocrx_word' id='word_1_812' title='bbox 2359 4491 2590 4574; x_wconf 41' lang='lat' dir='ltr'><strong>.stultitia</strong></span> <span class='ocrx_word' id='word_1_813' title='bbox 2618 4499 2702 4546; x_wconf 91' lang='lat' dir='ltr'><strong>est</strong></span> <span class='ocrx_word' id='word_1_814' title='bbox 2723 4487 2863 4574; x_wconf 54' lang='lat' dir='ltr'><strong>apud</strong></span> <span class='ocrx_word' id='word_1_815' title='bbox 2898 4490 3093 4574; x_wconf 46' lang='lat' dir='ltr'><strong>.Deurn.</strong></span> <span class='ocrx_word' id='word_1_816' title='bbox 3128 4487 3439 4574; x_wconf 68' lang='lat' dir='ltr'><strong>Secundum</strong></span> <span class='ocrx_word' id='word_1_817' title='bbox 3499 4490 3645 4551; x_wconf 79' lang='lat' dir='ltr'><strong>hanc</strong></span> 
     </span>
    </p>
   </div>
   <div class='ocr_carea' id='block_1_117' title="bbox 2027 4559 3649 4633">
    <p class='ocr_par' dir='ltr' id='par_1_117' title="bbox 2027 4559 3649 4633">
     <span class='ocr_line' id='line_1_119' title="bbox 2027 4559 3649 4633; baseline 0.003 -17"><span class='ocrx_word' id='word_1_818' title='bbox 2027 4559 2206 4633; x_wconf 82' lang='lat' dir='ltr'><strong>itaque</strong></span> <span class='ocrx_word' id='word_1_819' title='bbox 2256 4562 2599 4632; x_wconf 81' lang='lat' dir='ltr'><strong>sapientiam,</strong></span> <span class='ocrx_word' id='word_1_820' title='bbox 2651 4559 2772 4632; x_wconf 68' lang='lat' dir='ltr'><strong>quae</strong></span> <span class='ocrx_word' id='word_1_821' title='bbox 2820 4561 2910 4633; x_wconf 84' lang='lat' dir='ltr'><strong>Dei</strong></span> <span class='ocrx_word' id='word_1_822' title='bbox 2952 4561 3268 4633; x_wconf 74' lang='lat' dir='ltr'><strong>cultusest,</strong></span> <span class='ocrx_word' id='word_1_823' title='bbox 3312 4559 3389 4612; x_wconf 87' lang='lat' dir='ltr'><strong>ait</strong></span> <span class='ocrx_word' id='word_1_824' title='bbox 3426 4575 3649 4633; x_wconf 72' lang='lat' dir='ltr'><strong>sancta</strong></span> 
     </span>
    </p>
   </div>
   <div class='ocr_carea' id='block_1_118' title="bbox 2029 4631 3643 4704">
    <p class='ocr_par' dir='ltr' id='par_1_118' title="bbox 2029 4631 3643 4704">
     <span class='ocr_line' id='line_1_120' title="bbox 2029 4631 3643 4704; baseline -0.002 -13"><span class='ocrx_word' id='word_1_825' title='bbox 2029 4631 2335 4703; x_wconf 14' lang='lat' dir='ltr'><strong>Scriptura,</strong></span> <span class='ocrx_word' id='word_1_826' title='bbox 2361 4633 2378 4704; x_wconf 93' lang='lat'>(</span> <span class='ocrx_word' id='word_1_827' title='bbox 2398 4633 2642 4704; x_wconf 86' lang='lat' dir='ltr'><strong>Sapient.</strong></span> <span class='ocrx_word' id='word_1_828' title='bbox 2671 4631 2737 4688; x_wconf 15' lang='lat' dir='ltr'><strong>er</strong></span> <span class='ocrx_word' id='word_1_829' title='bbox 2761 4673 2776 4697; x_wconf 95' lang='lat'><strong>,</strong></span> <span class='ocrx_word' id='word_1_830' title='bbox 2827 4632 2920 4704; x_wconf 15' lang='lat'><strong>267)</strong></span> <span class='ocrx_word' id='word_1_831' title='bbox 2951 4648 2964 4684; x_wconf 87' lang='lat'><strong>:</strong></span> <span class='ocrx_word' id='word_1_832' title='bbox 2999 4631 3283 4704; x_wconf 66' lang='lat' dir='ltr'><strong>Multitudo</strong></span> <span class='ocrx_word' id='word_1_833' title='bbox 3318 4631 3643 4704; x_wconf 64' lang='lat' dir='ltr'><strong>sapientium</strong></span> 
     </span>
    </p>
   </div>
   <div class='ocr_carea' id='block_1_119' title="bbox 2027 4702 3643 4774">
    <p class='ocr_par' dir='ltr' id='par_1_119' title="bbox 2027 4702 3643 4774">
     <span class='ocr_line' id='line_1_121' title="bbox 2027 4702 3643 4774; baseline 0.001 -15"><span class='ocrx_word' id='word_1_834' title='bbox 2027 4706 2221 4759; x_wconf 88' lang='lat' dir='ltr'><strong>sanitas</strong></span> <span class='ocrx_word' id='word_1_835' title='bbox 2246 4716 2319 4759; x_wconf 88' lang='lat' dir='ltr'><strong>est</strong></span> <span class='ocrx_word' id='word_1_836' title='bbox 2348 4702 2485 4760; x_wconf 78' lang='lat' dir='ltr'><strong>orbis</strong></span> <span class='ocrx_word' id='word_1_837' title='bbox 2504 4714 2774 4760; x_wconf 88' lang='lat' dir='ltr'><strong>terrarum.</strong></span> <span class='ocrx_word' id='word_1_838' title='bbox 2805 4703 2911 4760; x_wconf 89' lang='lat' dir='ltr'><strong>Sed</strong></span> <span class='ocrx_word' id='word_1_839' title='bbox 2940 4705 2983 4758; x_wconf 92' lang='lat' dir='ltr'><strong>si</strong></span> <span class='ocrx_word' id='word_1_840' title='bbox 3009 4702 3079 4758; x_wconf 89' lang='lat' dir='ltr'><strong>de</strong></span> <span class='ocrx_word' id='word_1_841' title='bbox 3117 4703 3382 4771; x_wconf 82' lang='lat' dir='ltr'><strong>sapientia</strong></span> <span class='ocrx_word' id='word_1_842' title='bbox 3413 4707 3643 4774; x_wconf 78' lang='lat' dir='ltr'><strong>sapien-</strong></span> 
     </span>
    </p>
   </div>
   <div class='ocr_carea' id='block_1_120' title="bbox 2028 4773 3640 4845">
    <p class='ocr_par' dir='ltr' id='par_1_120' title="bbox 2028 4773 3640 4845">
     <span class='ocr_line' id='line_1_122' title="bbox 2028 4773 3640 4845; baseline -0.001 -14"><span class='ocrx_word' id='word_1_843' title='bbox 2028 4777 2161 4832; x_wconf 91' lang='lat' dir='ltr'><strong>tium</strong></span> <span class='ocrx_word' id='word_1_844' title='bbox 2184 4777 2457 4845; x_wconf 85' lang='lat' dir='ltr'><strong>disputare</strong></span> <span class='ocrx_word' id='word_1_845' title='bbox 2482 4786 2584 4838; x_wconf 91' lang='lat' dir='ltr'><strong>est,</strong></span> <span class='ocrx_word' id='word_1_846' title='bbox 2616 4775 2932 4830; x_wconf 90' lang='lat' dir='ltr'><strong>imitandum</strong></span> <span class='ocrx_word' id='word_1_847' title='bbox 2972 4783 3056 4828; x_wconf 90' lang='lat' dir='ltr'><strong>est</strong></span> <span class='ocrx_word' id='word_1_848' title='bbox 3083 4773 3391 4842; x_wconf 81' lang='lat' dir='ltr'><strong>exemplum</strong></span> <span class='ocrx_word' id='word_1_849' title='bbox 3421 4773 3640 4844; x_wconf 69' lang='lat' dir='ltr'><strong>Pytba-</strong></span> 
     </span>
    </p>
   </div>
   <div class='ocr_carea' id='block_1_121' title="bbox 2027 4845 3643 4917">
    <p class='ocr_par' dir='ltr' id='par_1_121' title="bbox 2027 4845 3643 4917">
     <span class='ocr_line' id='line_1_123' title="bbox 2027 4845 3643 4917; baseline -0.001 -15"><span class='ocrx_word' id='word_1_850' title='bbox 2027 4863 2195 4917; x_wconf 73' lang='lat' dir='ltr'><strong>gone,</strong></span> <span class='ocrx_word' id='word_1_851' title='bbox 2221 4848 2308 4915; x_wconf 89' lang='lat' dir='ltr'><strong>qui</strong></span> <span class='ocrx_word' id='word_1_852' title='bbox 2336 4862 2457 4902; x_wconf 91' lang='lat' dir='ltr'><strong>cum</strong></span> <span class='ocrx_word' id='word_1_853' title='bbox 2489 4862 2653 4902; x_wconf 88' lang='lat' dir='ltr'><strong>ausus</strong></span> <span class='ocrx_word' id='word_1_854' title='bbox 2680 4861 2782 4901; x_wconf 90' lang='lat' dir='ltr'><strong>non</strong></span> <span class='ocrx_word' id='word_1_855' title='bbox 2812 4845 2999 4900; x_wconf 84' lang='lat' dir='ltr'><strong>fuisset</strong></span> <span class='ocrx_word' id='word_1_856' title='bbox 3025 4860 3085 4899; x_wconf 92' lang='lat' dir='ltr'><strong>se</strong></span> <span class='ocrx_word' id='word_1_857' title='bbox 3132 4847 3429 4914; x_wconf 84' lang='lat' dir='ltr'><strong>sapientem</strong></span> <span class='ocrx_word' id='word_1_858' title='bbox 3468 4848 3643 4914; x_wconf 83' lang='lat' dir='ltr'><strong>proti-</strong></span> 
     </span>
    </p>
   </div>
   <div class='ocr_carea' id='block_1_122' title="bbox 2033 4918 3637 4990">
    <p class='ocr_par' dir='ltr' id='par_1_122' title="bbox 2033 4918 3637 4990">
     <span class='ocr_line' id='line_1_124' title="bbox 2033 4918 3637 4990; baseline -0.001 -17"><span class='ocrx_word' id='word_1_859' title='bbox 2033 4920 2156 4982; x_wconf 91' lang='lat' dir='ltr'><strong>teri,</strong></span> <span class='ocrx_word' id='word_1_860' title='bbox 2193 4918 2566 4990; x_wconf 87' lang='lat' dir='ltr'><strong>philosophum</strong></span> <span class='ocrx_word' id='word_1_861' title='bbox 2598 4920 2792 4987; x_wconf 83' lang='lat' dir='ltr'><strong>potius,</strong></span> <span class='ocrx_word' id='word_1_862' title='bbox 2819 4918 2871 4972; x_wconf 90' lang='lat' dir='ltr'><strong>id</strong></span> <span class='ocrx_word' id='word_1_863' title='bbox 2892 4927 2975 4990; x_wconf 81' lang='lat' dir='ltr'><strong>est</strong></span> <span class='ocrx_word' id='word_1_864' title='bbox 2996 4927 3293 4970; x_wconf 88' lang='lat' dir='ltr'><strong>amatorem</strong></span> <span class='ocrx_word' id='word_1_865' title='bbox 3319 4918 3637 4985; x_wconf 59' lang='lat' dir='ltr'><strong>Sapientiae,</strong></span> 
     </span>
    </p>
   </div>
   <div class='ocr_carea' id='block_1_123' title="bbox 2028 4988 3641 5059">
    <p class='ocr_par' dir='ltr' id='par_1_123' title="bbox 2028 4988 3641 5059">
     <span class='ocr_line' id='line_1_125' title="bbox 2028 4988 3641 5059; baseline 0.001 -15"><span class='ocrx_word' id='word_1_866' title='bbox 2028 5003 2090 5046; x_wconf 90' lang='lat' dir='ltr'><strong>se</strong></span> <span class='ocrx_word' id='word_1_867' title='bbox 2140 5004 2260 5046; x_wconf 87' lang='lat' dir='ltr'><strong>esse</strong></span> <span class='ocrx_word' id='word_1_868' title='bbox 2312 4988 2628 5058; x_wconf 83' lang='lat' dir='ltr'><strong>respondit?</strong></span> <span class='ocrx_word' id='word_1_869' title='bbox 2660 4993 2699 5044; x_wconf 81' lang='grc' dir='ltr'>Α</span> <span class='ocrx_word' id='word_1_870' title='bbox 2747 5005 2854 5059; x_wconf 92' lang='lat' dir='ltr'><strong>quo</strong></span> <span class='ocrx_word' id='word_1_871' title='bbox 2896 4988 2947 5041; x_wconf 90' lang='lat' dir='ltr'><strong>id</strong></span> <span class='ocrx_word' id='word_1_872' title='bbox 2979 5002 3174 5042; x_wconf 86' lang='lat' dir='ltr'><strong>nomen</strong></span> <span class='ocrx_word' id='word_1_873' title='bbox 3225 4997 3503 5059; x_wconf 75' lang='lat' dir='ltr'><strong>exortum,</strong></span> <span class='ocrx_word' id='word_1_874' title='bbox 3570 4992 3641 5045; x_wconf 85' lang='lat' dir='ltr'><strong>ita</strong></span> 
     </span>
    </p>
   </div>
   <div class='ocr_carea' id='block_1_124' title="bbox 2027 5058 3640 5132">
    <p class='ocr_par' dir='ltr' id='par_1_124' title="bbox 2027 5058 3640 5132">
     <span class='ocr_line' id='line_1_126' title="bbox 2027 5058 3640 5132; baseline 0.001 -17"><span class='ocrx_word' id='word_1_875' title='bbox 2027 5061 2284 5129; x_wconf 83' lang='lat' dir='ltr'><strong>deinceps</strong></span> <span class='ocrx_word' id='word_1_876' title='bbox 2315 5062 2545 5130; x_wconf 82' lang='lat' dir='ltr'><strong>posteris</strong></span> <span class='ocrx_word' id='word_1_877' title='bbox 2572 5058 2789 5132; x_wconf 81' lang='lat' dir='ltr'><strong>placuit,</strong></span> <span class='ocrx_word' id='word_1_878' title='bbox 2819 5068 2875 5132; x_wconf 89' lang='lat' dir='ltr'><strong>ut</strong></span> <span class='ocrx_word' id='word_1_879' title='bbox 2900 5059 3234 5132; x_wconf 87' lang='lat' dir='ltr'><strong>quantalibet</strong></span> <span class='ocrx_word' id='word_1_880' title='bbox 3251 5058 3322 5112; x_wconf 88' lang='lat' dir='ltr'><strong>de</strong></span> <span class='ocrx_word' id='word_1_881' title='bbox 3352 5059 3528 5132; x_wconf 85' lang='lat' dir='ltr'><strong>rebus</strong></span> <span class='ocrx_word' id='word_1_882' title='bbox 3571 5062 3640 5117; x_wconf 88' lang='lat' dir='ltr'><strong>ad</strong></span> 
     </span>
    </p>
   </div>
   <div class='ocr_carea' id='block_1_125' title="bbox 2028 5131 3640 5200">
    <p class='ocr_par' dir='ltr' id='par_1_125' title="bbox 2028 5131 3640 5200">
     <span class='ocr_line' id='line_1_127' title="bbox 2028 5131 3640 5200; baseline 0.002 -15"><span class='ocrx_word' id='word_1_883' title='bbox 2028 5131 2345 5200; x_wconf 87' lang='lat' dir='ltr'><strong>sapientiam</strong></span> <span class='ocrx_word' id='word_1_884' title='bbox 2393 5131 2782 5200; x_wconf 86' lang='lat' dir='ltr'><strong>pertinentibus</strong></span> <span class='ocrx_word' id='word_1_885' title='bbox 2824 5131 3067 5185; x_wconf 88' lang='lat' dir='ltr'><strong>doctrina</strong></span> <span class='ocrx_word' id='word_1_886' title='bbox 3116 5131 3375 5200; x_wconf 88' lang='lat' dir='ltr'><strong>quisque,</strong></span> <span class='ocrx_word' id='word_1_887' title='bbox 3408 5131 3503 5185; x_wconf 82' lang='lat' dir='ltr'><strong>vel</strong></span> <span class='ocrx_word' id='word_1_888' title='bbox 3534 5133 3640 5188; x_wconf 87' lang='lat' dir='ltr'><strong>sibi</strong></span> 
     </span>
    </p>
   </div>
   <div class='ocr_carea' id='block_1_126' title="bbox 2027 5202 3639 5272">
    <p class='ocr_par' dir='ltr' id='par_1_126' title="bbox 2027 5202 3639 5272">
     <span class='ocr_line' id='line_1_128' title="bbox 2027 5202 3639 5272; baseline 0.001 -15"><span class='ocrx_word' id='word_1_889' title='bbox 2027 5203 2113 5257; x_wconf 88' lang='lat' dir='ltr'><strong>vel</strong></span> <span class='ocrx_word' id='word_1_890' title='bbox 2167 5203 2286 5257; x_wconf 87' lang='lat' dir='ltr'><strong>altis</strong></span> <span class='ocrx_word' id='word_1_891' title='bbox 2343 5202 2613 5257; x_wconf 88' lang='lat' dir='ltr'><strong>videretur</strong></span> <span class='ocrx_word' id='word_1_892' title='bbox 2661 5203 2946 5266; x_wconf 83' lang='lat' dir='ltr'><strong>excellere,</strong></span> <span class='ocrx_word' id='word_1_893' title='bbox 3002 5202 3214 5272; x_wconf 86' lang='lat' dir='ltr'><strong>nonnisi</strong></span> <span class='ocrx_word' id='word_1_894' title='bbox 3272 5202 3639 5272; x_wconf 81' lang='lat' dir='ltr'><strong>philosophus</strong></span> 
     </span>
    </p>
   </div>
   <div class='ocr_carea' id='block_1_127' title="bbox 2027 5271 3638 5342">
    <p class='ocr_par' dir='ltr' id='par_1_127' title="bbox 2027 5271 3638 5342">
     <span class='ocr_line' id='line_1_129' title="bbox 2027 5271 3638 5342; baseline 0.002 -15"><span class='ocrx_word' id='word_1_895' title='bbox 2027 5284 2332 5329; x_wconf 85' lang='lat' dir='ltr'><strong>vocaretur.</strong></span> <span class='ocrx_word' id='word_1_896' title='bbox 2356 5273 2489 5327; x_wconf 82' lang='lat' dir='ltr'><strong>Vide</strong></span> <span class='ocrx_word' id='word_1_897' title='bbox 2517 5285 2709 5342; x_wconf 68' lang='lat' dir='ltr'><strong>prteter</strong></span> <span class='ocrx_word' id='word_1_898' title='bbox 2736 5273 2793 5328; x_wconf 91' lang='lat' dir='ltr'><strong>S.</strong></span> <span class='ocrx_word' id='word_1_899' title='bbox 2828 5272 3109 5337; x_wconf 76' lang='lat' dir='ltr'><strong>Augustin.</strong></span> <span class='ocrx_word' id='word_1_900' title='bbox 3140 5271 3227 5325; x_wconf 87' lang='lat' dir='ltr'><strong>ubi</strong></span> <span class='ocrx_word' id='word_1_901' title='bbox 3252 5286 3438 5341; x_wconf 83' lang='lat' dir='ltr'><strong>supra;</strong></span> <span class='ocrx_word' id='word_1_902' title='bbox 3473 5271 3638 5331; x_wconf 78' lang='lat' dir='ltr'><strong>Cice-</strong></span> 
     </span>
    </p>
   </div>
   <div class='ocr_carea' id='block_1_128' title="bbox 2031 5343 3287 5413">
    <p class='ocr_par' dir='ltr' id='par_1_128' title="bbox 2031 5343 3287 5413">
     <span class='ocr_line' id='line_1_130' title="bbox 2031 5343 3287 5413; baseline -0.002 -11"><span class='ocrx_word' id='word_1_903' title='bbox 2031 5359 2177 5411; x_wconf 85' lang='lat' dir='ltr'><strong>rou.,</strong></span> <span class='ocrx_word' id='word_1_904' title='bbox 2211 5345 2415 5413; x_wconf 79' lang='lat' dir='ltr'><strong>praefat.</strong></span> <span class='ocrx_word' id='word_1_905' title='bbox 2452 5346 2485 5398; x_wconf 94' lang='grc' dir='ltr'><strong>Ι.</strong></span> <span class='ocrx_word' id='word_1_906' title='bbox 2514 5362 2530 5399; x_wconf 83' lang='grc' dir='ltr'>ι</span> <span class='ocrx_word' id='word_1_907' title='bbox 2560 5345 2802 5409; x_wconf 79' lang='lat' dir='ltr'><strong>Tuscul.,</strong></span> <span class='ocrx_word' id='word_1_908' title='bbox 2831 5355 2883 5399; x_wconf 93' lang='lat' dir='ltr'><strong>et</strong></span> <span class='ocrx_word' id='word_1_909' title='bbox 2908 5343 3086 5398; x_wconf 89' lang='lat' dir='ltr'><strong>Laert.</strong></span> <span class='ocrx_word' id='word_1_910' title='bbox 3115 5343 3287 5399; x_wconf 86' lang='lat' dir='ltr'><strong>initio.</strong></span> 
     </span>
    </p>
   </div>
   <div class='ocr_carea' id='block_1_129' title="bbox 2103 5414 3634 5488">
    <p class='ocr_par' dir='ltr' id='par_1_129' title="bbox 2103 5414 3634 5488">
     <span class='ocr_line' id='line_1_131' title="bbox 2103 5414 3634 5488; baseline 0.001 -18"><span class='ocrx_word' id='word_1_911' title='bbox 2103 5415 2422 5488; x_wconf 68' lang='lat' dir='ltr'><strong>Imperfectus</strong></span> <span class='ocrx_word' id='word_1_912' title='bbox 2458 5417 2533 5471; x_wconf 88' lang='lat' dir='ltr'><strong>rei</strong></span> <span class='ocrx_word' id='word_1_913' title='bbox 2572 5420 2868 5487; x_wconf 81' lang='lat' dir='ltr'><strong>perfectum.</strong></span> <span class='ocrx_word' id='word_1_914' title='bbox 2895 5415 3137 5488; x_wconf 85' lang='lat' dir='ltr'><strong>Laertius</strong></span> <span class='ocrx_word' id='word_1_915' title='bbox 3167 5428 3218 5468; x_wconf 94' lang='lat' dir='ltr'><strong>c.</strong></span> <span class='ocrx_word' id='word_1_916' title='bbox 3264 5414 3302 5469; x_wconf 92' lang='lat' dir='ltr'><strong>l.</strong></span> <span class='ocrx_word' id='word_1_917' title='bbox 3346 5430 3420 5488; x_wconf 79' lang='lat' dir='ltr'><strong>_ex</strong></span> <span class='ocrx_word' id='word_1_918' title='bbox 3452 5416 3634 5488; x_wconf 66' lang='lat' dir='ltr'><strong>Hera-</strong></span> 
     </span>
    </p>
   </div>
   <div class='ocr_carea' id='block_1_130' title="bbox 2028 5485 3635 5560">
    <p class='ocr_par' dir='ltr' id='par_1_130' title="bbox 2028 5485 3635 5560">
     <span class='ocr_line' id='line_1_132' title="bbox 2028 5485 3635 5560; baseline 0.001 -17"><span class='ocrx_word' id='word_1_919' title='bbox 2028 5485 2430 5560; x_wconf 49' lang='lat' dir='ltr'><strong>clide&#39;Po&#39;ntico</strong></span> <span class='ocrx_word' id='word_1_920' title='bbox 2474 5490 2640 5560; x_wconf 86' lang='lat' dir='ltr'><strong>refert</strong></span> <span class='ocrx_word' id='word_1_921' title='bbox 2664 5485 2997 5560; x_wconf 73' lang='lat' dir='ltr'><strong>Pythagorae</strong></span> <span class='ocrx_word' id='word_1_922' title='bbox 3029 5486 3185 5540; x_wconf 83' lang='lat' dir='ltr'><strong>verba</strong></span> <span class='ocrx_word' id='word_1_923' title='bbox 3224 5503 3234 5537; x_wconf 94' lang='lat'>:</span> <span class='ocrx_word' id='word_1_924' title='bbox 3267 5485 3460 5560; x_wconf 18' lang='lat' dir='ltr'><strong>{ipsimi</strong></span> <span class='ocrx_word' id='word_1_925' title='bbox 3506 5486 3635 5544; x_wconf 71' lang='grc' dir='ltr'><strong>εἶναι</strong></span> 
     </span>
    </p>
   </div>
   <div class='ocr_carea' id='block_1_131' title="bbox 2029 5557 3632 5635">
    <p class='ocr_par' dir='ltr' id='par_1_131' title="bbox 2029 5557 3632 5635">
     <span class='ocr_line' id='line_1_133' title="bbox 2029 5557 3632 5635; baseline -0.001 -20"><span class='ocrx_word' id='word_1_926' title='bbox 2029 5564 2180 5635; x_wconf 73' lang='grc' dir='ltr'><strong>σοφὸν</strong></span> <span class='ocrx_word' id='word_1_927' title='bbox 2210 5558 2494 5635; x_wconf 62' lang='grc' dir='ltr'><strong>ἄνθρωπον,</strong></span> <span class='ocrx_word' id='word_1_928' title='bbox 2545 5559 2644 5613; x_wconf 67' lang='grc' dir='ltr'>ἀλλ’</span> <span class='ocrx_word' id='word_1_929' title='bbox 2727 5557 2878 5635; x_wconf 60' lang='grc' dir='ltr'><strong>ΘεόνξΔ</strong></span> <span class='ocrx_word' id='word_1_930' title='bbox 2914 5557 3361 5635; x_wconf 43' lang='grc' dir='ltr'><strong>δρηεςεξηυρίξζυ</strong></span> <span class='ocrx_word' id='word_1_931' title='bbox 3388 5576 3400 5611; x_wconf 88' lang='lat'><strong>:</strong></span> <span class='ocrx_word' id='word_1_932' title='bbox 3437 5559 3632 5635; x_wconf 74' lang='lat' dir='ltr'><strong>Dicam</strong></span> 
     </span>
    </p>
   </div>
   <div class='ocr_carea' id='block_1_132' title="bbox 2026 5627 3635 5701">
    <p class='ocr_par' dir='ltr' id='par_1_132' title="bbox 2026 5627 3635 5701">
     <span class='ocr_line' id='line_1_134' title="bbox 2026 5627 3635 5701; baseline 0.001 -16"><span class='ocrx_word' id='word_1_933' title='bbox 2026 5627 2157 5685; x_wconf 73' lang='lat' dir='ltr'><strong>inter</strong></span> <span class='ocrx_word' id='word_1_934' title='bbox 2184 5627 2485 5696; x_wconf 78' lang='lat' dir='ltr'><strong>sapientium</strong></span> <span class='ocrx_word' id='word_1_935' title='bbox 2513 5640 2559 5684; x_wconf 88' lang='lat' dir='ltr'><strong>et</strong></span> <span class='ocrx_word' id='word_1_936' title='bbox 2591 5632 2965 5701; x_wconf 84' lang='lat' dir='ltr'><strong>philosophiam</strong></span> <span class='ocrx_word' id='word_1_937' title='bbox 2994 5627 3115 5692; x_wconf 88' lang='lat' dir='ltr'><strong>quid</strong></span> <span class='ocrx_word' id='word_1_938' title='bbox 3138 5629 3373 5682; x_wconf 84' lang='lat' dir='ltr'><strong>intersit:</strong></span> <span class='ocrx_word' id='word_1_939' title='bbox 3413 5634 3635 5698; x_wconf 77' lang='lat' dir='ltr'><strong>sapien-</strong></span> 
     </span>
    </p>
   </div>
   <div class='ocr_carea' id='block_1_133' title="bbox 2028 5701 3635 5774">
    <p class='ocr_par' dir='ltr' id='par_1_133' title="bbox 2028 5701 3635 5774">
     <span class='ocr_line' id='line_1_135' title="bbox 2028 5701 3635 5774; baseline 0 -16"><span class='ocrx_word' id='word_1_940' title='bbox 2028 5704 2100 5759; x_wconf 89' lang='lat' dir='ltr'><strong>tia</strong></span> <span class='ocrx_word' id='word_1_941' title='bbox 2126 5703 2402 5772; x_wconf 74' lang='lat' dir='ltr'><strong>perfectum</strong></span> <span class='ocrx_word' id='word_1_942' title='bbox 2442 5703 2625 5757; x_wconf 90' lang='lat' dir='ltr'><strong>bonum</strong></span> <span class='ocrx_word' id='word_1_943' title='bbox 2655 5711 2727 5774; x_wconf 71' lang='lat' dir='ltr'><strong>est</strong></span> <span class='ocrx_word' id='word_1_944' title='bbox 2763 5703 2945 5756; x_wconf 86' lang='lat' dir='ltr'><strong>mentis</strong></span> <span class='ocrx_word' id='word_1_945' title='bbox 2959 5701 3253 5774; x_wconf 53' lang='lat' dir='ltr'><strong>humanae;</strong></span> <span class='ocrx_word' id='word_1_946' title='bbox 3292 5702 3635 5774; x_wconf 83' lang='lat' dir='ltr'><strong>philosophia</strong></span> 
     </span>
    </p>
   </div>
   <div class='ocr_carea' id='block_1_134' title="bbox 2027 5772 3087 5847">
    <p class='ocr_par' dir='ltr' id='par_1_134' title="bbox 2027 5772 3087 5847">
     <span class='ocr_line' id='line_1_136' title="bbox 2027 5772 3087 5847; baseline -0.008 -16"><span class='ocrx_word' id='word_1_947' title='bbox 2027 5775 2291 5847; x_wconf 74' lang='lat' dir='ltr'><strong>sapientiae</strong></span> <span class='ocrx_word' id='word_1_948' title='bbox 2309 5789 2454 5833; x_wconf 90' lang='lat' dir='ltr'><strong>amor</strong></span> <span class='ocrx_word' id='word_1_949' title='bbox 2477 5782 2551 5829; x_wconf 85' lang='lat' dir='ltr'><strong>est</strong></span> <span class='ocrx_word' id='word_1_950' title='bbox 2576 5782 2624 5829; x_wconf 86' lang='lat' dir='ltr'><strong>et</strong></span> <span class='ocrx_word' id='word_1_951' title='bbox 2643 5772 2916 5840; x_wconf 66' lang='lat' dir='ltr'><strong>alfectatio.</strong></span> <span class='ocrx_word' id='word_1_952' title='bbox 2958 5772 3087 5829; x_wconf 80' lang='lat' dir='ltr'><strong>BUN.</strong></span> 
     </span>
    </p>
   </div>
  </div>
