3770 6264
98 294 196 362 557

679 412 911 477 CAPUT
949 419 1039 481 IV.

125 552 396 613 Sciendum
433 562 467 609 tt
512 554 755 627 Socrate,
804 554 1153 631 opinatinnem
1199 576 1230 617 'a
1276 554 1483 620 Zenone
1528 582 1635 622 esse

745 652 1017 709 sublatam.

151 784 309 844 Recte
338 788 500 861 igitur
528 780 679 845 Zeno
708 806 772 847 ac
796 788 966 849 Stoici
998 795 1366 865 opinationem
1410 795 1665 868 repudia-

88 890 218 936 runt.
246 876 467 951 Opinari
509 882 652 939 enim
683 894 735 941 te
778 884 919 943 scire
943 928 958 956 ,
988 886 1130 959 quod
1155 888 1365 945 nescias
1390 933 1405 959 ,
1450 905 1556 946 non
1585 898 1669 947 est

25 959 51 976 ν
84 973 350 1045 sapientis,
381 970 477 1032 sed
505 978 777 1035 temerarii
800 980 999 1051 pdtius,
1031 996 1096 1039 ac
1122 978 1292 1039 stulti.
1326 983 1470 1055 Ergo
1495 985 1542 1041 si
1572 1001 1669 1040 ne-

80 1077 177 1138 que
196 1068 321 1124 sciri
364 1068 655 1142 quidquam
704 1076 916 1143 potest,
958 1083 1016 1129 ut
1044 1073 1299 1133 Socrates
1333 1076 1538 1147 docuit,
1566 1093 1664 1135 nec

79 1157 273 1228 opinari
294 1170 513 1231 oportet
535 1172 593 1219 ut
617 1158 789 1231 Zeno,
820 1172 929 1222 tota
956 1162 1297 1239 phiIOSOpltla
1321 1168 1533 1226 sublata
1557 1180 1661 1227 est.

75 1249 221 1320 Quid,
247 1252 396 1323 quod
421 1270 527 1311 non
572 1256 779 1312 tantum
822 1256 890 1314 ab
918 1252 1002 1315 his
1032 1258 1240 1315 duobus
1266 1262 1549 1330 evertitur,
1573 1262 1662 1333 qui

74 1345 425 1419 philosophiae
471 1350 746 1422 principes
791 1351 1029 1419 luerunt,
1069 1351 1164 1408 sed
1193 1353 1261 1410 ab
1290 1352 1572 1421 omnibus;
1607 1360 1664 1411 ut

70 1442 168 1514 jam
198 1442 474 1514 videatur,
503 1444 827 1519 jampridem
876 1449 989 1504 suis
1018 1449 1186 1506 armis
1228 1466 1351 1507 esse
1393 1450 1660 1508 confecta.

70 1530 119 1590 ln
166 1535 367 1594 nmltas
406 1548 582 1596 sectas
630 1539 973 1612 philosophia
1023 1538 1194 1601 divisa
1225 1551 1342 1611 est;
1375 1554 1427 1601 et
1475 1561 1663 1603 omnes

71 1630 201 1684 varia
228 1633 497 1690 sentiunt.
532 1630 593 1690 In
614 1646 717 1706 qua
751 1637 1002 1707 ponimus
1026 1636 1347 1693 veritatem?
1387 1634 1439 1693 in
1480 1639 1660 1694 omni-

73 1724 155 1781 bus
175 1734 334 1782 certe
355 1743 464 1784 non
494 1734 688 1798 potest.
718 1726 1072 1802 Designemus
1092 1726 1389 1803 quamlibet
1416 1746 1431 1787 :
1467 1748 1661 1804 nempe

917 297 1125 364 LIBER
1165 294 1253 364 Ill.
1300 296 1390 364 bs
1433 296 1655 366 FALSA
1694 290 2062 366 sententia
2092 292 2491 369 enitesopn.

3268 309 3379 378 358

1697 426 1977 493 Aincerta
2020 429 2168 497 sint,
2219 438 2310 485 aut
2355 412 2603 487 omnibus
2641 422 2967 488 credendum
3008 440 3122 500 est,
3154 444 3249 492 aut
3275 453 3371 494 ne-

1775 521 1906 575 mini
1934 540 1947 576 :
1978 522 2021 576 si
2046 524 2270 591 nemini,
2304 523 2573 594 sapientes
2603 539 2732 596 ergo
2764 539 2871 582 non
2906 535 3061 596 sunt,
3105 529 3230 600 quia
3260 530 3373 586 sin-

1772 615 1884 685 guli
1914 613 2129 671 diversa
2157 615 2509 681 afﬁrmantes,
2535 614 2805 687 sapientes
2836 622 2956 674 esse
2979 634 3039 676 se
3069 630 3256 691 putant
3287 622 3371 679 :si

1772 707 2044 774 omnibus,
2075 723 2231 779 atque
2266 724 2375 764 non
2408 716 2533 764 sunt
2560 712 2832 781 sapientes
2853 753 2869 777 ,
2902 712 3026 782 quia
3061 714 3257 784 singuli
3302 714 3371 771 ab

1727 869 1731 873 ν
1770 794 2021 855 omnibus
2044 814 2165 857 esse
2191 808 2461 872 negantur
2484 802 2778 872 sapientes.
2803 798 3040 859 Pereunt
3068 803 3227 875 igitur
3253 807 3371 861 uni-

1772 893 1914 947 versi
1944 891 2044 948 ltoc
2076 888 2256 962 modo,
2289 904 2343 950 et
2375 903 2627 966 tanquam
2670 894 2837 965 sparti
2864 894 2942 950 illi
2966 906 3265 967 poetarum,
3295 896 3372 955 sic

1768 996 1829 1041 se
1881 984 2108 1043 invicem
2153 980 2423 1060 jtig'ulanl,
2476 996 2532 1043 ut
2581 994 2740 1045 nemo
2771 990 2836 1045 ex
2868 980 3120 1047 omnibus
3160 1000 3371 1049 restet:

1767 1072 1912 1148 quod
1959 1092 2024 1135 eo
2073 1078 2152 1147 lit,
2184 1081 2308 1151 quia
2341 1080 2577 1153 gladium
2623 1080 2849 1151 habent,
2881 1094 3093 1140 scutum
3138 1100 3244 1142 non
3276 1085 3370 1143 ha-

1766 1168 1918 1226 bent.

1840 1265 1894 1322 Si
1932 1282 2060 1338 ergo
2097 1266 2318 1341 singulae
2360 1278 2522 1325 sectze
2564 1266 2852 1328 multarum
2872 1282 3143 1329 sectarum
3168 1266 3371 1347 judicio

1766 1356 2004 1415 stultitiae
2018 1361 2437 1429 convincuntur,
2463 1377 2653 1418 omnes
2682 1363 2842 1434 igitur
2868 1380 3040 1435 vanae,
3066 1376 3229 1440 atque
3251 1369 3366 1425 ina-

1766 1466 1865 1507 nes
1911 1450 2298 1523 reperiuntur:
2332 1454 2403 1509 ita
2433 1455 2666 1525 seipsam
2706 1446 3047 1529 pltilOSOphia
3078 1462 3368 1530 consumit,

1765 1557 1820 1602 et
1848 1548 2086 1606 coniicit.
2137 1548 2291 1620 Quod
2331 1565 2452 1606 cum
2496 1548 2826 1622 intelligeret
2863 1544 3133 1611 Arcesilas
3160 1548 3371 1613 Acade-

1765 1641 1889 1697 miae
1918 1643 2198 1716 conditor},
2232 1640 2686 1715 reprehensiones
2715 1650 2957 1701 omnium
2993 1648 3136 1705 inter
3161 1663 3221 1705 se
3248 1649 3365 1706 col-

1765 1724 1917 1805 legit,
1952 1734 2462 1808 confessionemque
2509 1738 2827 1809 ignorantia:
2873 1738 3145 1796 clarorum
3193 1742 3371 1812 philo-

72 1815 115 1872 in
142 1818 359 1874 caeteris
406 1818 655 1876 omnibus
694 1822 957 1893 sapientia
988 1839 1093 1878 non
1127 1823 1250 1879 erit.
1299 1823 1662 1882 Transeamus
1690 1828 1740 1894 Β
1767 1820 2062 1896 scphorum
2090 1870 2103 1894 ,
2175 1828 2511 1899 armavitque
2573 1843 2633 1882 se
2694 1827 2956 1883 adversus
3011 1844 3225 1886 omnes.
3290 1831 3368 1886 Ita

71 1907 127 1965 ad
146 1908 421 1982 singulas:
450 1913 641 1969 eodem
662 1914 846 1985 modo,
873 1914 1130 1987 quidquid
1156 1915 1245 1972 uni
1265 1916 1655 1987 dabimus,c:e-

73 2000 189 2058 teris
213 2003 547 2060 auferemus.
578 2002 928 2079 Unaquaeque
957 2004 1103 2064 enim
1132 2017 1283 2064 secta
1304 2025 1491 2064 omnes
1523 2010 1655 2067 alias

74 2095 267 2164 evertit,
297 2104 357 2151 ut
380 2110 441 2153 se
468 2113 673 2171 suaque
694 2101 1016 2168 conﬁrmet;
1041 2116 1144 2158 nec
1172 2100 1267 2157 ulli
1290 2102 1445 2158 alteri
1465 2118 1656 2174 sapere

26 2180 35 2191 ’
74 2186 337 2256 concedit,
382 2203 454 2245 ne
496 2204 556 2246 se
602 2187 853 2262 desipere
893 2189 1125 2248 fateatur
1155 2210 1167 2246 :
1194 2191 1291 2248 sed
1339 2192 1477 2249 sicut
1522 2192 1655 2251 alias

75 2279 216 2347 tollit,
247 2278 324 2336 sic
366 2278 489 2352 ipsa
518 2296 732 2354 quoque
762 2282 831 2339 ab
859 2282 979 2341 aliis
1013 2284 1217 2341 tollitur
1257 2286 1527 2342 omnibus.
1558 2285 1652 2342 Ni-

76 2372 344 2429 hilominus
382 2377 533 2431 enim
577 2370 884 2450 philosophi
931 2390 1091 2445 sunt,
1130 2379 1219 2451 qui
1247 2396 1365 2437 eam
1408 2380 1654 2438 stultitia:

75 2480 327 2528 accusant.
368 2468 781 2545 Quamcumque
808 2474 1135 2541 laudaveris,
1167 2488 1454 2548 veramque
1496 2475 1651 2533 dixe-

76 2564 161 2628 ris,
187 2580 213 2619 a
242 2564 581 2638 philosophis
608 2564 964 2639 vituperatur,
998 2576 1054 2624 ut
1089 2566 1254 2623 falsa.
1287 2569 1654 2625 Credemusne

76 2654 223 2727 igitur
264 2657 352 2712 uni
399 2674 529 2716 sese
586 2674 847 2730 suamque
911 2659 1210 2715 doctrinam
1258 2658 1534 2727 laudanti,
1585 2675 1654 2715 an

82 2751 239 2807 multis
268 2752 422 2808 unius
459 2753 684 2809 alterius
710 2754 1066 2826 ignorantiam
1108 2750 1485 2824 culpantihus?
1515 2748 1652 2808 licc-

83 2842 172 2901 tius
210 2844 277 2901 sit
315 2860 546 2902 necesse
584 2855 687 2916 est,
734 2845 878 2919 quod
924 2840 1143 2919 plurimi
1182 2845 1443 2911 sentiunt,
1497 2861 1657 2916 quam

82 2940 202 3010 quod
230 2956 378 2997 unus.
427 2940 604 2997 Nemo
632 2942 775 2998 enim
810 2951 987 3012 potest
1014 2942 1081 2998 de
1110 2957 1170 2998 se
1201 2951 1346 2998 recte
1370 2939 1617 3012 judicare
1640 2982 1655 3007 ,

84 3031 205 3102 quod
249 3030 444 3089 nobilis
497 3034 652 3104 poeta
686 3042 935 3090 testatur.
969 3032 1046 3088 Ita
1097 3029 1246 3088 enim
1288 3041 1655 3103 comparatam

1742 1921 2048 1995 _cpnstiteij
2066 1918 3391 2000 noveuertrltdaeomeedijhilgaepbim.

1761 2004 1843 2067 Eo
1866 2014 2028 2083 igitur
2047 2023 2287 2080 auctore,
2309 2013 2418 2069 duo
2433 2010 2794 2084 philosophia:
2814 2030 3016 2086 genera
3033 2032 3155 2074 esse
3184 2033 3366 2089 cmpe—

1762 2112 1887 2159 runt
1919 2121 1933 2159 :
1963 2121 2159 2172 unum,
2195 2096 2328 2161 illud
2356 2115 2532 2174 vetus,
2561 2100 2705 2177 quod
2735 2107 3022 2164 scientiam
3043 2109 3150 2166 sibi
3171 2108 3365 2168 vendi-

1760 2206 1847 2252 cat
1872 2214 1887 2261 ;
1922 2196 2180 2264 alterum,
2206 2214 2411 2253 novum
2438 2214 2769 2271 repugnans,
2794 2201 2938 2273 quod
2965 2218 3085 2259 eam
3103 2204 3362 2262 detrahit.

1761 2284 1821 2343 In
1864 2290 1947 2344 his
1978 2290 2193 2345 duobus
2242 2291 2537 2361 generibus
2568 2290 2729 2348 video
2774 2290 3085 2364 dissidium,
3129 2305 3184 2352 et
3209 2297 3364 2367 quasi

1760 2385 1919 2441 civile
1952 2385 2175 2442 bellum.
2228 2384 2587 2456 Sapientiam,
2620 2403 2742 2457 quae
2772 2386 2984 2444 detrahi
3024 2404 3132 2445 non
3165 2400 3363 2461 potest,

1761 2477 1817 2532 in
1846 2493 1949 2547 qua
1979 2488 2131 2548 parte
2160 2478 2466 2549 ponemus?
2493 2478 2550 2534 Si
2582 2488 2770 2535 natura
2804 2497 2984 2536 rerum
3017 2483 3143 2538 sciri
3165 2491 3363 2553 potest,

1762 2570 1880 2627 haec
1907 2573 2141 2628 tironum
2168 2582 2383 2627 caterva
2410 2573 2675 2637 interibit;
2696 2574 2741 2629 si
2765 2590 2871 2630 non
2896 2584 3094 2643 potest,
3124 2578 3367 2635 veterani

1761 2662 2122 2720 ciinﬁcientur
2153 2682 2166 2718 :
2199 2664 2244 2720 si
2292 2679 2449 2735 pares
2496 2663 2733 2731 iuerint,
2776 2666 3129 2724 nihilominus
3171 2670 3367 2740 peribit

1766 2756 1874 2810 dux
1911 2756 2153 2811 omnium
2207 2755 2587 2825 philosophia,
2634 2757 2757 2828 quia
2807 2748 3046 2815 detracta
3074 2768 3178 2828 est;
3232 2761 3366 2817 nihil

1766 2849 1909 2903 enim
1941 2859 2114 2918 potest
2144 2849 2261 2903 sine
2289 2849 2510 2903 interitu
2530 2846 2630 2904 sibi
2656 2864 2777 2905 esse
2798 2851 3149 2907 contrarium.
3182 2853 3239 2909 Si
3265 2869 3363 2910 au-

1770 2949 1900 3005 tem,
1946 2950 2002 2994 ut
2029 2941 2210 3006 docui,
2246 2940 2391 2994 nulla
2421 2948 2598 3010 potest
2638 2955 2761 2997 esse
2809 2943 2864 2997 in
2905 2941 3123 3000 homine
3153 2946 3366 3002 interna

1769 3040 1825 3088 et
1867 3032 2080 3102 propria
2116 3033 2361 3099 scientia,
2413 3032 2483 3087 ob
2528 3031 2874 3103 fragilitatem
2905 3035 3232 3092 conditionis
3264 3038 3362 3092 hu-

84 3101 186 3179 esse
212 3101 777 3181 honiinummaturam
823 3124 1085 3193 omnium,
1143 3120 1316 3182 aliena
1363 3101 1655 3192 utimelius
1680 3101 1725 3166 C
1759 3141 1958 3193 manas,
2009 3125 2266 3182 Arcesila:
2312 3140 2504 3181 manus
2534 3125 2722 3182 vincit.
2763 3126 2870 3183 Sed
2900 3142 2970 3184 ne
3000 3130 3114 3200 ipsa
3145 3130 3364 3203 quidem

86 3215 292 3288 videant,
319 3223 373 3277 et
404 3210 712 3292 dijudicent
740 3232 901 3291 quam
932 3234 1048 3275 sua.
1079 3214 1213 3274 Cum
1262 3216 1422 3289 igitur
1471 3217 1652 3272 omnia

1760 3218 1949 3285 stabit,
1975 3217 2238 3290 quianon
2272 3226 2450 3287 potest
2476 3217 3085 3289 omnin_ti_nihil_§gir_i.w

2654 3282 2807 3287 μήκη-..-
2844 3282 3073 3289 ...οὒς-...-

1384 3358 1745 3417 VARIORUM
1782 3358 2009 3415 NOTAE.

154 3495 413 3570 Opinari...
462 3506 512 3555 te
555 3499 702 3554 scire.
731 3496 868 3554 Illud
896 3500 1025 3555 scire
1069 3513 1176 3554 non
1226 3496 1387 3570 debet
1426 3499 1649 3555 abesse:

90 3567 165 3624 hic
190 3567 543 3627 necessarium
569 3612 584 3636 ,
629 3579 681 3626 et
718 3569 913 3625 habent
961 3584 1149 3625 omnes
1184 3569 1453 3625 editiones
1480 3578 1650 3625 recte.

91 3638 306 3710 Requirit
324 3644 480 3698 locus
501 3642 776 3698 Ciceronis
801 3658 832 3698 a
862 3659 947 3697 me
960 3642 1027 3696 ad
1049 3657 1096 3696 c.
1123 3644 1157 3698 5
1182 3642 1396 3708 citatus,
1424 3651 1479 3697 et
1505 3642 1651 3710 Epit.

92 3725 193 3781 eap.
219 3715 275 3769 51
307 3732 319 3766 :
352 3712 576 3785 Opinari
604 3724 775 3768 autem
803 3714 954 3781 scire,
981 3714 1119 3784 quod
1145 3713 1369 3784 ignores,
1399 3715 1656 3768 temeritas

93 3799 145 3836 ac
163 3785 357 3839 stultitia
377 3796 474 3841 est.
508 3786 640 3840 BUN.

157 3876 300 3932 Scire.
329 3878 499 3933 Abest
530 3879 660 3933 scire
685 3879 754 3933 ab
794 3877 1134 3932 Emmanuel.
1165 3886 1215 3933 et
1245 3876 1495 3933 Gothano
1523 3891 1653 3932 mss.

157 3946 244 4013 Qui
280 3950 616 4020 philosophia:
663 3949 921 4020 principes
968 3948 1193 4019 fuerunt.
1248 3947 1554 4003 Academici
1603 3948 1658 4003 et

157 3967 244 4013 uin
280 3967 616 4020 panosopma:
663 3967 827 4019 princ:
869 3967 921 4002 es
968 3967 1193 4019 luerunt.
1248 3967 1554 4003 Αωαθιιιιει
1603 3967 1656 4003 et

100 4019 239 4074 Stoici
279 4023 548 4092 principes
593 4031 747 4077 erant
795 3967 1266 4092 philosophorum.
1318 4020 1656 4092 Academicis

100 4099 233 4145 sectae
276 4084 677 4147 fundamentum
721 4084 874 4163 quasi
915 4084 1099 4163 posuit
1137 4091 1425 4157 Socrates;
1458 4084 1656 4147 Stoicae

100 4173 259 4218 auctor
282 4173 359 4220 est
379 4163 549 4219 Zeno.

161 4262 522 4333 Comparatam.
579 4252 790 4333 Dequo
817 4260 938 4317 vide
978 4261 1198 4319 Terent.
1237 4261 1502 4333 lleauton.
1530 4267 1652 4333 act.

103 4346 169 4395 ιιι,
194 4330 328 4389 scen.
359 4337 407 4400 t,
434 4350 516 4389 vs.
542 4335 633 4391 97.
661 4330 797 4388 Hinc
821 4343 945 4388 nata
963 4344 1046 4390 est
1060 4338 1351 4399 sententia,
1381 4330 1657 4387 Neminem

102 4401 143 4455 in
164 4420 212 4459 re
235 4421 321 4460 sua
346 4406 581 4461 idoneum
599 4406 829 4477 judicem
854 4421 981 4461 esse.

163 4494 325 4564 Sparti
354 4499 431 4570 illi
461 4508 744 4570 poetarum.
775 4497 866 4553 Sic
893 4495 1180 4570 legendum
1192 4510 1399 4570 censeo
1420 4510 1544 4570 cum
1570 4492 1654 4549 lo.

103 4556 259 4639 (lanci,
287 4579 337 4639 et
362 4556 529 4626 Isaeo:
559 4568 641 4625 sic
666 4556 986 4639 impressum
1005 4577 1087 4622 est
1115 4569 1166 4622 in
1192 4556 1457 4639 Florent,
1485 4567 1659 4639 Junt.,

103 4630 271 4706 Aldina
288 4636 421 4698 i5l5
441 4652 494 4696 et
516 4641 679 4706 1555,
706 4630 907 4696 Veneta
936 4639 1075 4696 1509
1096 4650 1152 4694 et
1180 4638 1351 4706 1521,
1378 4630 1657 4703 Pa'rrhas.,

105 4704 362 4781 l‘arisiensi
396 4710 555 4779 1525,
583 4704 848 4781 An’tuerp.
875 4752 890 4777 ,
918 4711 1125 4780 Graph.
1151 4711 1293 4766 {552
1316 4704 1343 4773 ,⁷
1372 4708 1658 4781 Cratandri

105 4778 405 4854 acGymnici
425 4778 769 4854 editionibus.
796 4778 985 4854 Sparti
1016 4778 1096 4837 illi
1123 4791 1389 4854 poetarum
1415 4792 1539 4835 sunt
1562 4780 1661 4854 lto-

108 4850 256 4924 mines
292 4852 366 4908 illi
390 4870 422 4910 e
448 4852 696 4911 dentibus
724 4850 992 4924 serpentis
1039 4869 1067 4906 a
1105 4850 1483 4924 ACadmo‘satis
1514 4851 1653 4921 orti;

108 4918 262 4997 fabula
288 4927 458 4980 notior
479 4937 583 4991 est,
612 4942 771 4997 quam
801 4918 1064 4997 utrel'erri
1086 4922 1299 4979 debeat.
1317 4920 1438 4997 _Hoc
1466 4918 1654 4978 saltem

106 4992 298 5061 addam,
326 5009 531 5065 spartos
559 4992 683 5053 illos
708 4998 887 5051 vocari
914 5012 942 5049 a
972 4995 1161 5052 Graeco
1185 4995 1400 5050 nomine
1431 4999 1651 5121 σπεῗως

106 5060 214 5118 hinc
240 5070 451 5121 σπάοτοι
469 5071 592 5121 sati.
614 5069 886 5121 seminati.
906 5068 1015 5121 Hoc
1038 5068 1258 5121 verbum
1276 5066 1517 5121 Lactant.
1590 5083 1651 5121 ιι·

106 5060 214 5143 hinc
240 5060 451 5143 enipi-oi
469 5071 592 5134 sati,
614 5069 886 5143 seminati.
906 5068 1258 5143 llocverhum
1276 5066 1519 5143 Lactant:
1546 5060 1651 5121 Laé

107 5133 204 5212 tino
218 5133 359 5212 more
371 5133 593 5212 scripsit
614 5159 626 5194 :
648 5143 728 5197 sic
742 5141 905 5194 etiam
927 5138 1185 5209 Vulgatus
1207 5140 1471 5212 interpres
1490 5138 1650 5194 Joan.

107 5218 155 5270 ν,
178 5210 229 5273 2,
252 5221 304 5263 et
330 5209 528 5268 Plinius
581 5213 830 5269 Griecum
872 5227 1067 5266 nomen
1111 5220 1361 5278 tanquam
1405 5209 1653 5265 Latinum

107 5281 345 5353 scripsere
374 5285 580 5351 probata
599 5284 829 5339 dicendo
851 5297 948 5353 pro
974 5282 1168 5337 ovibus.
1193 5281 1312 5337 Lib.
1336 5294 1429 5347 vn,
1451 5297 1570 5352 cap.
1596 5281 1652 5347 2,

108 5293 345 5403 scripsere
374 5293 580 5351 probata
599 5293 829 5339 dicendo
851 5297 948 5353 pro
974 5293 1168 5337 ovibus.
1194 5293 1312 5337 Lm.
1336 5294 1429 5347 vn,
1451 5297 1570 5352 cap.
1596 5293 1652 5347 at,

108 5359 181 5428 {te
226 5348 619 5428 'irgil._alic_ubi,
647 5365 784 5420 acta,
812 5354 955 5425 quod
992 5364 1075 5411 est
1103 5357 1264 5428 «turri,
1289 5353 1462 5428 littus,
1496 5353 1652 5408 dixit.

111 5413 264 5495 Etiam
288 5413 471 5495 inhoc
495 5413 629 5482 Isaeo
657 5413 943 5493 assentior,
973 5426 1225 5481 mendum
1245 5413 1557 5495 irrepsisse,
1588 5434 1657 5481 eo

113 5490 237 5572 (ιμρά
263 5494 442 5550 scribae
466 5496 906 5569 significationem
929 5490 1098 5572 hujus
1125 5490 1381 5552 dictionis
1403 5510 1507 5572 non
1535 5490 1659 5565 per-

114 5568 349 5639 clvientea
370 5604 386 5631 ,
412 5577 488 5639 et
512 5568 761 5626 mendum
807 5568 1099 5639 suspicati,
1137 5583 1235 5638 pro
1279 5568 1476 5638 sparti,
1508 5583 1659 5636 spar-

119 5638 240 5687 tiata:
263 5638 660 5697 substituerunt.
689 5638 974 5698 Gsuans.
1001 5668 1074 5681 ——
1093 5640 1245 5695 Hanc
1259 5654 1450 5695 vocem
1479 5646 1657 5693 natam

121 5708 338 5785 ευδβὶοριι
363 5727 426 5768 ex
457 5716 633 5782 sparti.
661 5715 783 5780 sati;
809 5729 927 5785 qua:
958 5712 1145 5785 ultima
1174 5712 1337 5785 dictio
1359 5726 1464 5785 _per
1492 5711 1659 5785 inter-_-

123 5781 449 5861 l‘ﬁqtationem
472 5778 524 5839 in
550 5778 861 5861 quibusdatii
898 5784 1165 5861 veteribus
1201 5778 1476 5838 codici—bus
1503 5778 1663 5861 fuerit

127 5847 306 5923 addita,
333 5862 386 5911 et
412 5854 463 5911 in
503 5847 700 5913 teitum
739 5857 960 5928 intrusa,
993 5869 1054 5912 ac
1079 5848 1296 5913 demum
1324 5859 1577 5923 corrupta
1607 5851 1663 5909 in

1685 4679 1740 4740 D

1754 3501 1813 3555 τὸ
1837 3500 2103 3569 spartiati,
2142 3498 2228 3569 vel
2269 3497 2561 3567 spartiataz,
2588 3498 2729 3569 quod
2758 3506 2842 3554 est
2869 3497 2924 3554 in
2950 3497 3041 3556 28}
3065 3516 3197 3558 mss.
3246 3510 3302 3558 et
3328 3504 3362 3560 9

1757 3566 1937 3695 ﬁdit—is.
1968 3568 2099 3695 )‘ide
2123 3580 2176 3627 et
2201 3566 2446 3640 Euripid.
2501 3571 2551 3624 in
2584 3566 2799 3640 Poenis,
2828 3574 2882 3624 et
2907 3570 3062 3627 Ovid.
3102 3573 3138 3627 Ι.
3170 3590 3228 3627 ιιι
3254 3572 3365 3631 Me-

1781 3657 1969 3695 amorn
1992 3658 2031 3695 ι.

1761 3651 2031 3696 tatnornlt.

1975 3658 2031 3695 ιι.

1831 3658 2295 3767 Ἇῗὲἓεὶιαε.Νονω
2338 3727 2433 3768 seu
2480 3712 2671 3766 medim
2724 3711 3028 3767 Academia:
3088 3715 3358 3770 conditor.

1758 3780 1898 3850 Cic.,
1942 3784 1994 3837 in
2028 3782 2195 3837 Acad.
2241 3792 2459 3852 qumst.,
2490 3793 2729 3837 veterem
2757 3783 3103 3838 Academiam
3127 3826 3142 3848 ,
3175 3786 3360 3840 Plato-

1763 3857 1937 3909 nicam
1968 3854 2111 3909 illaut
2142 3862 2300 3908 vocat
2346 3872 2360 3908 :
2397 3869 2621 3918 novam,
2670 3870 2790 3923 qua:
2817 3867 2988 3922 usque
3030 3854 3097 3909 ad
3125 3853 3361 3911 Carnea-

1762 3925 1883 3980 dem
1932 3925 2191 3994 perducta
2221 3933 2339 3996 est,
2385 3927 2474 3996 qui
2506 3933 2731 3995 quartus
2757 3926 2826 3981 ab
2855 3923 3095 3996 Arcesila
3130 3925 3257 3991 fuit,
3306 3928 3360 3983 in

1762 3997 2060 4067 eademque
2108 3995 2363 4051 Arcesila:
2408 3994 2621 4051 ratiOne
2669 3994 2982 4064 permansit.
3026 3994 3139 4052 Cic.
3174 3996 3268 4053 lib.
3304 4010 3364 4054 nt

1760 4068 1828 4124 de
1854 4068 2004 4123 Orat.
2043 4068 2340 4137 :Arcesilas
2368 4070 2609 4135 primum,
2636 4069 2723 4137 qui
2752 4068 3082 4123 Polemonem
3103 4071 3360 4137 audierat,

1762 4155 1825 4194 ea:
1852 4141 2007 4194 variis
2051 4136 2289 4212 Platonis
2310 4138 2481 4212 libris,
2516 4136 2931 4212 semianimisque
2960 4140 3241 4197 Socraticis
3268 4136 3364 4197 hoc

1761 4213 1981 4266 maxime
1999 4211 2239 4282 arripuit,
2266 4210 2396 4264 nihil
2420 4227 2527 4266 esse
2556 4213 2701 4277 certi,
2734 4210 2872 4283 quod
2900 4221 2988 4265 aut
3013 4213 3241 4269 sensibus
3268 4221 3360 4269 aut

1760 4284 1932 4354 animo
1962 4284 2156 4354 percipi
2184 4284 2361 4352 possit.
2389 4283 2713 4338 BETULEIUS.

1840 4353 2043 4409 Novam
2072 4370 2175 4408 non
2201 4354 2599 4425 pltilosOphandi
2630 4354 3027 4424 pltilowphiam.
3058 4354 3129 4410 Ut
3160 4355 3360 4411 Fabius

1764 4416 2027 4482 Maximus
2047 4416 2243 4481 novum
2267 4416 2437 4497 genus
2463 4416 2757 4497 pugnandi,
2785 4416 2892 4480 non
2923 4441 3181 4496 pugnare.
3209 4426 3358 4483 Flor.

1763 4514 1834 4565 ιι,
1869 4497 1923 4553 6.
1956 4497 2243 4553 Fasncws.

1836 4569 2093 4625 Detrahit.
2142 4562 2393 4638 Omnium
2427 4564 2937 4638 rmanuscriptorum
2989 4576 3041 4622 et
3073 4576 3178 4623 vet.
3226 4567 3357 4624 edit.

1765 4638 1923 4697 Rom.
1957 4650 2073 4705 est;
2105 4632 2344 4694 distrahit
2374 4637 2643 4694 editorum
2676 4632 2787 4694 rec.

1840 4713 1999 4781 Quasi
2038 4704 2184 4781 civile
2222 4710 2441 4781 bellum,
2468 4720 2573 4766 etc.
2606 4708 2797 4765 Cicero
2824 4704 2876 4763 in
2908 4724 2976 4766 eo
2998 4708 3100 4781 lib.
3133 4706 3223 4781 qui
3251 4708 3361 4765 Lu-

1763 4778 1931 4851 cullus
1956 4780 2289 4849 inscribitur,
2322 4780 2554 4837 allirmat
2582 4781 2874 4851 Arcesilam
2897 4816 2910 4847 ,
2959 4778 3358 4851 philosophiam

1763 4850 1899 4912 bene
1941 4848 2287 4912 constitutam
2332 4868 2399 4909 eo
2429 4852 2694 4909 evertisse
2723 4848 2884 4907 modo
2905 4890 2921 4921 ,
2943 4848 3053 4921 quo
3078 4848 3358 4910 Gracchus

1761 4926 2009 4983 Tiberius
2023 4928 2214 4997 Remp.
2244 4935 2296 4981 et
2321 4925 2371 4980 in
2396 4941 2584 4997 eorum
2607 4925 2887 4997 delituisse
2909 4925 3355 4995 anctoritate,qui

1760 5010 2020 5069 negarent
2045 4994 2333 5069 quidquam
2363 4994 2489 5069 sciri
2517 5006 2612 5050 aut
2641 4994 2859 5069 percipi,
2887 5010 3046 5069 posse
3073 5011 3089 5049 :
3122 4994 3359 5069 quorum

1758 5086 1790 5125 e
1817 5067 2043 5126 numero
2065 5067 2284 5137 eximit,
2318 5077 2376 5123 et
2407 5068 2722 5135 Socratem,
2748 5078 2802 5123 et
2844 5067 3142 5122 Platonem.
3175 5067 3308 5123 Bm.

1828 5160 2077 5216 Tironum
2105 5171 2324 5215 caterua.
2359 5159 2613 5230 lntelligit
2640 5158 2902 5216 Arcesila
2927 5168 3263 5225 sectatum,
3300 5165 3360 5216 et

1758 5248 1927 5289 novos
1958 5232 2335 5288 Academicos.

1843 5304 2093 5359 Veterani.
2125 5305 2348 5360 Scilicet
2371 5302 2653 5359 Platonici.

1832 5398 1958 5453 Sine
1984 5398 2191 5452 interitu
2234 5414 2325 5451 suo
2364 5397 2477 5452 sibi.
2531 5395 2725 5451 Addidi
2766 5410 2859 5449 suo
2904 5398 2971 5451 ex
3001 5388 3161 5461 Bon.,
3195 5388 3362 5460 Tax.,

1760 5471 1913 5538 l‘en.,
1939 5468 2124 5533 Cauc.,
2148 5468 2322 5533 Junt.,
2345 5469 2528 5535 Cant.,
2552 5464 2793 5538 Sabine,
2825 5466 2981 5538 Rosl.
3004 5460 3166 5538 Ven,
3196 5460 3359 5538 1471,

1760 5532 1986 5613 utraque
2008 5532 2219 5613 778,795,
2246 5532 2338 5613 9'1,
2371 5532 2739 5613 Ρὶιξιεξηξιιιιῑ.ἓ
2763 5537 2913 5613 _Ald.,
2946 5532 3163 5613 Parrh_.,
3184 5532 3364 5610 Crat,

1764 5604 1958 5686 Gymn.
1986 5655 2000 5680 ,
2022 5604 2659 5686 Gryph'.,»'»l"o_rnes.'l_VOn
2692 5606 2877 5686 video:
2909 5616 3077 5679 quare
3103 5604 3366 5663 Thomas:

1765 5680 1990 5757 ej'usqne
2015 5680 2378 5740 asseclazillud
2404 5700 2497 5738 suo
2525 5681 2804 5754 ejecerint.
2837 5680 2970 5735 Bon.

1847 5764 2034 5852 Vincit.
2066 5777 2155 5852 Sic
2179 5792 2245 5833 ex
2268 5792 2397 5832 mss.
2431 5775 2665 5849 reposui.
2686 5770 2743 5828 lu
2766 5770 2925 5852 editis
2945 5783 3001 5828 et
3024 5760 3048 5826 l
3074 5764 3207 5843 Reg.
3241 5784 3362 5835 rec.

1770 5858 1882 5921 est,
1909 5850 2045 5907 vicit.
2072 5849 2372 5919 Utrumque
2405 5842 2583 5903 tanien
2614 5852 2793 5916 potest
2817 5842 2944 5899 dici.
