3770 6264
400 263 507 325 359

936 382 952 389 ’
1033 381 1264 440 CAPUT
1301 382 1366 438 V.

541 565 611 636 [Μ
620 566 839 621 ullarum
866 581 1037 620 rerum
1059 567 1322 622 scientiam
1346 584 1452 624 esse
1485 571 1840 625 necessariam.

399 747 402 752 '
457 742 616 817 §r_n.t
630 745 1008 818 armatiita...
1023 762 1162 820 iulg
1195 755 1386 823 natura
1433 747 1547 824 ipsa
1582 764 1690 825 nos.
1715 748 1998 826 scireest

457 808 616 817 ..ν-...τυ
631 809 676 816 --.
687 809 830 817 —..-.-—
839 813 854 817 ._
863 812 954 818 --—...__

277 816 1992 915 -'assesasses.grassgsasaagtaacjata;&;

1247 903 1404 911 ...ο-

399 932 666 988 reundum
689 942 793 1000 est,
827 934 929 988 nisi
959 935 1102 989 scias
1123 978 1138 1002 ,
1169 952 1289 1006 qute
1320 937 1386 991 ad
1415 935 1580 992 vitam
1627 948 1753 994 sunt
1801 938 1953 993 utilia
1978 977 1996 1004 ,

399 1035 456 1081 ut
486 1036 710 1096 appetas
730 1068 745 1091 ,
775 1043 895 1098 quae
925 1029 1250 1098 periculosa,
1283 1039 1341 1084 ut
1366 1029 1541 1099 fugias
1571 1039 1625 1086 et
1655 1032 1811 1086 vites.
1840 1031 1992 1086 Prac-

399 1125 546 1173 terea
575 1117 743 1172 multa
791 1127 953 1184 sunt,
996 1135 1117 1189 quae
1149 1135 1278 1175 usus
1322 1121 1545 1176 invenit.
1593 1121 1728 1176 Nam
1775 1121 1905 1176 solis
1935 1135 1999 1175 ac

400 1210 544 1265 lunae
571 1210 704 1264 varii
734 1224 925 1265 cursus
945 1251 960 1276 ,
989 1220 1044 1266 et
1071 1221 1280 1266 meatus
1308 1212 1571 1278 siderum,
1604 1222 1656 1267 et
1685 1212 1826 1266 ratio
1859 1219 1998 1266 tem-

396 1319 587 1376 porum
618 1303 956 1372 deprehensa
983 1312 1067 1358 est
1093 1346 1108 1371 ,
1139 1313 1194 1359 et
1221 1313 1411 1358 natura
1440 1320 1733 1374 corporum
1763 1319 1792 1358 a
1821 1303 1997 1358 medi-

399 1399 477 1454 cis
497 1439 513 1464 ,
542 1396 948 1467 herbarumque
974 1397 1116 1452 vires
1138 1439 1154 1464 ,
1186 1407 1239 1453 ct
1282 1397 1348 1452 ab
1386 1397 1639 1467 agricolis
1671 1407 1860 1451 natura
1892 1405 1999 1450 ter-

397 1508 578 1548 rarum
598 1533 614 1557 ,
642 1507 745 1547 nec
771 1507 878 1546 non
923 1491 1176 1546 imbrium
1220 1490 1524 1546 futurorum
1547 1534 1563 1558 ,
1594 1507 1657 1546 ac
1705 1499 2001 1562 tempesta-

403 1594 514 1640 tum
545 1585 695 1656 signa
724 1585 951 1640 collecta
983 1584 1320 1651 sunt.__l_\lulla
1345 1585 1582 1656 denique
1613 1601 1702 1641 ars
1731 1596 2020 1657 (ξεί-,Αωρ-

303 1734 380 1740 __
401 1693 509 1742 non
551 1679 1032 1744 scientianconstet.
1064 1676 1261 1732 Debuit
1293 1692 1424 1748 ergo
1451 1679 1758 1742 Arcesilas,
1796 1678 1840 1732 si
1871 1676 2000 1748 quid

1478 263 1668 322 FIRM.
1709 261 2077 322 LACTANTII
2117 262 2322 321 DlVlN.
2365 262 2606 322 lNSTlT.

2025 390 2077 447 A

3597 271 3680 332 350

2709 382 3085 459 CAPUTjVL

2299 517 2380 572 De
2405 517 2655 589 sapientia
2671 517 2766 583 ,ἐι
2795 518 3116 574 Academicis
3141 527 3191 575 et
3224 517 3488 592 Physicis.‘

2170 652 2442 723 Nusquam
2465 669 2532 708 ne
2565 653 2724 724 igitur
2751 654 3017 723 sapientia
3058 656 3167 711 est?
3192 656 3363 712 Immo
3385 671 3515 712 vero
3561 657 3710 716 inter'

2099 743 2248 814 ipsos
2274 743 2420 798 fuit:
2465 744 2561 800 sed
2607 760 2768 801 nemo
2810 745 2964 801 vidit.
3015 747 3121 802 Alii
3162 757 3527 818 putaverunt,
3573 751 3709 822 sciri

2099 851 2258 907 posse
2313 837 2526 903 omnia;
2580 838 2634 892 hi
2693 839 2962 908 sapientes
3027 841 3214 912 utique
3265 857 3377 896 non
3440 842 3707 914 fuerunt;j

2099 929 2188 984 alii
2238 929 2389 996 nihil,
2451 945 2518 984 ne
2597 931 2647 985 hi
2690 929 2907 1000 quidem
2964 933 3237 1004 sapientes
3288 933 3546 1000 fuerunt;
3597 929 3706 998 illi”?

2099 1022 2222 1093 quia
2250 1024 2368 1092 plus
2397 1023 2602 1078 homini
2623 1023 2924 1091 dederunt;
2951 1026 3037 1093 hi,
3063 1028 3185 1097 quia
3209 1028 3387 1083 minus
3412 1045 3428 1083 :
3459 1028 3676 1100 utrisque
3696 1003 3704 1100 ξ

2100 1118 2152 1172 in
2183 1128 2464 1188 utramque
2493 1128 2697 1188 partem
2733 1118 2928 1175 modus
2957 1121 3150 1176 defuit.
3184 1121 3287 1177 Ubi
3317 1138 3452 1192 ergo
3482 1124 3670 1191 sapien-
3697 1141 3704 1192 ί

2101 1210 2173 1264 tia
2199 1210 2317 1264 est?
2351 1183 2421 1265 [lt
2449 1183 2625 1281 neque
2653 1221 2704 1266 te
2729 1213 2907 1266 omnia
2935 1213 3076 1268 scire
3099 1222 3276 1284 putes,
3297 1183 3443 1284 quod
3477 1183 3569 1270 Dei
3591 1183 3702 1284 est,

2102 1317 2277 1371 neque
2323 1303 2504 1356 omnia
2553 1304 2800 1371 nescire,
2833 1305 2975 1376 quod
3020 1305 3258 1376 pecudis.
3307 1307 3403 1362 Est
3428 1308 3572 1362 enim
3595 1277 3704 1380 ali-E

2101 1397 2246 1466 quod
2303 1397 2574 1465 medium,
2621 1399 2765 1469 quod
2811 1401 2881 1454 sit
2928 1400 3193 1466 hominis,
3250 1401 3302 1456 id
3349 1412 3434 1457 est
3479 1383 3700 1478 sciential

2101 1503 2222 1542 cum
2271 1489 2606 1558 ignoratione
2649 1494 2935 1560 conjuncta
2982 1499 3040 1548 et
3089 1502 3410 1562 temperata.
3465 1487 3703 1552 Scientia-J
3746 1545 3747 1560 ξ

2103 1580 2156 1634 in
2184 1581 2338 1636 nobis
2363 1583 2431 1637 ab
2459 1583 2642 1638 animo
2672 1594 2754 1639 est
2776 1625 2793 1652 ,
2819 1585 2912 1654 qui
2957 1585 3130 1640 oritur
3156 1601 3186 1640 e
3213 1586 3390 1653 coelo;
3441 1588 3672 1659 ignoratio

2105 1689 2132 1728 a
2161 1689 2409 1744 corpore,
2431 1675 2573 1746 quod
2595 1687 2678 1733 est
2706 1692 2737 1732 e
2768 1686 2909 1732 terra
2938 1696 2950 1729 :
2986 1679 3128 1734 unde
3157 1679 3312 1734 nobis
3338 1689 3393 1734 et
3419 1695 3546 1735 cum
3567 1681 3669 1748 Deo,

401 1779 651 1839 saperet,
680 1769 1012 1839 distinguere
1032 1810 1046 1833 ,
1077 1783 1198 1838 quae
1228 1769 1354 1824 sciri
1381 1777 1622 1837 possent,
1654 1783 1844 1838 quaave
1875 1782 1999 1822 nes—
2028 1774 2076 1834 Β
2104 1775 2160 1822 et
2186 1782 2308 1823 cum
2353 1769 2672 1823 animalibus
2702 1779 2786 1824 est
2825 1770 3001 1840 aliqua
3029 1772 3416 1827 communitas.
3451 1773 3532 1827 lta
3570 1789 3671 1842 quo-

400 1861 519 1915 ciri.
553 1858 660 1915 Sed
683 1860 727 1914 si
754 1859 806 1914 id
834 1859 1082 1924 fecisset,
1128 1859 1242 1928 ipse
1271 1874 1332 1915 se
1376 1859 1428 1913 in
1463 1860 1722 1930 populum
1763 1859 2001 1930 redegis—

401 1963 503 2008 set.
539 1951 670 2006 Nam
703 1950 898 2021 vulgus
924 1949 1199 2006 interdum
1229 1951 1350 2020 plus
1396 1951 1572 2022 sapit;
1604 1951 1728 2021 quia
1762 1961 1998 2018 tantum,

447 2051 663 2102 aantum
690 2057 826 2113 Opus
872 2051 955 2097 est
992 2042 1152 2112 sapit.
1185 2045 1227 2097 A
1279 2057 1388 2113 quo
1433 2044 1478 2097 si
1529 2057 1775 2114 quaeras,
1819 2053 2000 2098 utrum

403 2137 540 2192 sciat
565 2135 764 2208 aliquid
784 2177 799 2202 ,
830 2150 897 2190 an
927 2133 1094 2201 nihil,
1125 2134 1272 2189 dicet
1297 2150 1357 2190 se
1389 2135 1550 2202 scire,
1583 2151 1703 2206 quae
1733 2135 1891 2202 sciat,
1923 2134 2004 2189 fa-

407 2231 609 2286 tebitur
639 2245 699 2285 se
726 2229 936 2284 nescire
957 2269 973 2296 ,
1002 2243 1122 2298 quae
1145 2229 1368 2282 nesciat.
1406 2227 1571 2282 Recte
1613 2243 1744 2299 ergo
1773 2228 2003 2282 aliorum

406 2323 621 2379 snstulit
660 2322 1002 2393 disciplinas,
1056 2321 1150 2376 sed
1197 2336 1304 2375 non
1354 2331 1503 2376 recte
1554 2320 1798 2375 fundavit
1827 2337 2000 2375 suam.

405 2414 674 2486 ignoratio
700 2414 846 2468 enim
895 2427 1074 2468 rerum
1119 2412 1359 2467 omnium
1404 2427 1510 2466 non
1558 2421 1737 2482 potest
1772 2427 1894 2467 esse
1920 2428 2006 2466 sa-

405 2506 635 2578 pientia,
670 2505 824 2575 cujus
850 2514 930 2560 est
962 2504 1104 2559 scire
1140 2505 1439 2573 proprium.
1491 2504 1567 2557 Ita
1601 2519 1723 2558 cum
1758 2504 2000 2574 philoso-

405 2597 544 2668 phus
568 2595 954 2667 expugnaverit
973 2637 988 2661 ,
1021 2610 1086 2650 ac
1114 2595 1357 2650 docuerit
1385 2609 1478 2650 eos
1507 2595 1640 2649 nihil
1667 2595 1808 2651 scire
1831 2639 1845 2662 ,
1890 2597 2004 2667 ipse

405 2704 620 2760 quoque
671 2703 868 2743 nomen
921 2686 1230 2758 philosophi
1263 2686 1526 2756 perdidit;
1579 2689 1704 2758 quia
1745 2689 2005 2757 _d_o_c_t_rj_na

313 2783 644 2858 JEESI.
665 2782 798 2858 nihil
826 2782 986 2836 scire.
1009 2780 1138 2835 Nam
1163 2781 1252 2850 qui
1277 2781 1416 2834 alios
1443 2781 1813 2852 reprehendit,
1862 2783 2006 2852 quod

408 2857 648 2931 nesciant
667 2857 1037 2945 ,Mipse—dehet
1088 2875 1269 2929 sciens
1296 2889 1439 2929 esse.
1468 2873 1602 2928 Cum
1645 2885 1824 2931 autem
1871 2875 2008 2931 nihil

407 2972 571 3036 sciat,
597 2985 718 3040 quae
749 2969 1103 3039 perversitas,
1144 2982 1333 3038 quaeve
1374 2968 1665 3022 insolentia
1693 2978 1810 3036 est,
1839 2969 1910 3024 ob
1953 2967 2007 3023 id

408 3063 582 3132 ipsum
603 3077 661 3116 se
688 3060 1065 3130 philosophum
1096 3061 1451 3126 constituere,
1477 3071 1700 3130 propter
1726 3061 1871 3131 quod
1893 3077 1972 3116 ca:
1990 3093 2003 3103 -

2105 1860 2247 1914 niam
2271 1876 2337 1916 ex
2380 1861 2464 1915 his
2509 1861 2721 1916 duobus
2765 1872 3082 1918 constamus
3120 1863 3442 1930 elementis,
3476 1880 3671 1935 quorum

2104 1956 2334 2010 alterum
2367 1955 2488 2011 luce
2521 1955 2802 2026 praeditum
2832 1963 2950 2022 est,
2978 1956 3220 2024 alterum
3269 1957 3546 2022 tenebris;
3575 1974 3669 2028 pars
3689 1950 3728 1996 ~-

2106 2047 2262 2103 nohis
2289 2046 2412 2102 data
2456 2057 2540 2102 est
2587 2047 2861 2113 scientiae,
2893 2062 3019 2118 pars
3050 2049 3389 2118 ignorantiae.
3424 2049 3535 2104 Per
3562 2049 3672 2106 hunc

2106 2141 2258 2210 quasi
2291 2148 2508 2208 pontem
2536 2140 2766 2195 transire
2795 2142 2914 2195 sine
2960 2139 3191 2195 cadendi
3246 2139 3496 2210 periculo
3537 2141 3668 2207 licet;

2088 2251 2229 2296 nam
2261 2235 2333 2289 illi
2366 2251 2555 2291 omnes
2577 2276 2592 2299 ,
2625 2235 2714 2306 qui
2747 2250 2805 2291 se
2830 2236 2881 2289 in
2911 2235 3138 2290 alteram
3169 2247 3378 2306 partem
3407 2237 3667 2291 inclinave-

2106 2336 2261 2391 runt,
2309 2337 2402 2381 aut
2444 2327 2666 2392 dextro,
2714 2335 2805 2382 aut
2843 2327 3063 2383 sinistro
3121 2343 3312 2382 versus
3357 2327 3667 2384 ceciderunt.

2113 2421 2346 2490 Utraque
2370 2431 2545 2477 autem
2575 2436 2699 2490 pars
2726 2421 2995 2492 quomodo
3022 2423 3305 2487 erraverit,
3342 2423 3544 2477 dicam.
3569 2425 3670 2478 Aca-

2109 2513 2303 2569 demici
2319 2525 2504 2568 contra
2527 2513 2788 2585 Physicos
2810 2530 2874 2568 ex
2901 2513 3065 2569 rebus
3081 2515 3325 2570 obscuris
3349 2520 3668 2586 argumentati

2110 2614 2272 2673 sunt,
2307 2607 2506 2660 nullam
2538 2621 2658 2661 esse
2687 2606 2991 2672 scientiam,
3035 2617 3090 2662 et
3119 2608 3384 2678 exemplis
3415 2625 3668 2679 paucarum

2111 2716 2294 2754 rerum
2327 2699 2954 2776 incomprehensibilium
2993 2703 3236 2757 contenti
3260 2744 3276 2770 ,
3306 2703 3547 2772 amplexi
3573 2715 3666 2760 sunt

2111 2793 2494 2864 ignorantiam;
2531 2803 2784 2865 tanquam
2831 2796 3110 2852 scientiam
3139 2807 3305 2852 totam
3338 2801 3668 2866 sustulissent,

2111 2887 2234 2956 quia
2261 2885 2313 2940 iu
2344 2897 2495 2956 parte
2519 2888 2871 2943 sustulerant.
2893 2889 3110 2961 Physici
3138 2901 3325 2946 contra
3359 2907 3422 2947 cx
3455 2892 3553 2960 iis,
3579 2909 3667 2964 qua

2112 2989 2297 3048 aperta
2347 2991 2507 3046 sunt,
2556 2990 2932 3052 argumentum
2982 2985 3298 3051 trahebant,
3345 2987 3525 3042 omnia
3579 2989 3671 3041 sciri

2117 3086 2278 3140 posse
2299 3114 2315 3139 ,
2347 3075 2692 3143 contentique
2719 3075 3034 3144 perspicuis,
3057 3078 3363 3134 retinebant
3392 3080 3669 3140 scientiam;

406 3161 553 3208 toros
583 3152 768 3206 tollat?
815 3151 1046 3242 Possunt
1073 3151 1220 3242 enim
1263 3149 1340 3204 sic
1373 3150 1705 3220 respondere
1736 3169 1748 3205 :
1778 3151 1832 3207 Si
1872 3152 2004 3207 nihil
2032 3169 2077 3233 ρ
2109 3171 2362 3234 umquam
2397 3174 2561 3220 totam
2607 3167 2998 3236 defendissent,
3030 3173 3152 3241 quia
3182 3187 3245 3227 ex
3273 3183 3427 3242 parte
3458 3173 3672 3228 defende-

409 3259 509 3299 nos
536 3244 676 3298 scire
703 3241 1001 3308 convincis,
1035 3249 1090 3297 et
1116 3241 1240 3296 ideo
1269 3257 1376 3295 non
1405 3257 1526 3296 esse
1550 3243 1844 3312 sapientes,
1878 3245 2003 3315 quia

411 3336 545 3391 nihil
576 3335 841 3399 sciamus;
871 3349 1072 3406 ergone
1123 3343 1179 3388 tu
1211 3334 1427 3404 quidem
1454 3350 1512 3390 es
1541 3337 1778 3406 sapiens,
1803 3339 1928 3407 quia
1955 3347 2006 3393 te

410 3443 623 3498 quoque
648 3427 921 3482 conﬁteris
945 3426 1078 3481 nihil
1105 3428 1269 3482 scire?
1297 3428 1436 3495 Quid
1459 3445 1588 3500 ergo
1610 3433 1878 3501 promovit
1908 3434 2010 3488 Ar-

411 3522 628 3589 cesilas,
680 3521 783 3575 nisi
831 3520 972 3590 quod
1017 3520 1277 3576 conlectis
1325 3523 1576 3577 omnibus
1629 3525 2006 3596 philosophis,

411 3617 649 3685 seipsum
681 3628 895 3684 quoque
915 3612 1107 3669 eodem
1134 3629 1395 3671 mucrone
1433 3615 1742 3672 transﬁxit?

2108 3266 2248 3310 rant.
2283 3255 2469 3327 Itaque
2500 3273 2676 3329 neque
2703 3259 2756 3314 hi
2785 3261 2964 3328 clara,
3009 3279 3183 3334 neque
3209 3266 3288 3319 illi
3315 3266 3543 3322 obscura
3563 3266 3670 3321 vide-

2111 3357 2238 3402 runt
2271 3365 2283 3400 :
2316 3348 2410 3402 sed
2455 3351 2704 3421 utrique,
2738 3351 2864 3407 dum
2916 3355 3085 3410 solam
3137 3356 3416 3412 scientiam
3448 3360 3671 3414 consertis

2112 3439 2358 3495 manibus
2383 3441 2465 3495 vel
2491 3444 2757 3510 retinent,
2807 3446 2890 3502 vel
2941 3448 3213 3518 eripiunt,
3264 3464 3375 3505 non
3421 3452 3667 3513 viderunt,

2112 3531 2166 3586 in
2198 3532 2378 3588 medio
2402 3537 2748 3592 constitutam
2798 3536 2948 3607 fore,
2977 3555 3099 3610 quae
3139 3541 3261 3599 illos
3291 3543 3357 3598 ad
3389 3544 3668 3616 sapientiam

2119 3626 2528 3682 transmitteret.

1762 3760 2122 3821 VARIORUM
2160 3766 2393 3824 NOTAE.

411 3897 434 3904 '
486 3895 773 3951 Herbarum
817 3896 966 3950 vires.
996 3894 1270 3950 Herbarize
1313 3895 1593 3952 medicinze
1627 3899 1992 3954 inventionem

410 3968 646 4024 Galenus
671 3968 909 4036 assignat
935 3965 1189 4021 Clteironi
1216 3967 1484 4024 Centauro
1506 4011 1520 4035 ,
1553 3968 1727 4025 Macer
1754 3967 1994 4026 Artemi—

409 4042 525 4096 siae.
560 4039 887 4094 BETULEIUS.

485 4129 596 4184 Nec
625 4148 727 4185 non
752 4129 1008 4183 imbrium.
1039 4129 1095 4185 Id
1134 4131 1247 4201 ipse
1268 4131 1515 4186 Christus
1535 4133 1785 4187 concedit
1812 4133 1993 4188 Matth.

410 4219 531 4276 xvi,
559 4202 841 4276 Lucae_x1.
881 4203 952 4256 De
980 4202 1062 4257 his
1091 4202 1285 4257 Aratus
1315 4203 1656 4273 potissimum
1681 4245 1696 4268 ,
1725 4214 1779 4258 et
1808 4204 1994 4276 Virgil.

411 4276 464 4330 in
491 4274 686 4343 Georg.
719 4272 918 4328 Βετυι..

484 4367 667 4422 Debuit
689 4383 807 4439 ergo
829 4366 1105 4422 Arcesilas.
1139 4367 1406 4422 Arcesilas
1427 4409 1442 4434 ,
1487 4377 1623 4423 teste
1667 4369 1832 4431 Mela,
1868 4368 2000 4423 nihil

408 4439 729 4495 allirtnantis
782 4439 1086 4493 Academia:
1130 4441 1388 4501 antistes,
1440 4439 1509 4492 ita
1564 4455 1776 4494 omnem
1812 4456 1993 4494 rerum

2101 3903 2261 3959 Catil.
2295 3921 2332 3959 ιι
2379 3925 2391 3962 :
2425 3923 2477 3964 c.
2541 3910 2604 3966 11
2641 3929 2652 3963 :
2686 3910 2975 3968 Gladiatori
3011 3913 3091 3970 illi
3151 3917 3381 3988 conlecto
3425 3929 3472 3973 et
3518 3923 3668 3975 saucio.

3369 3989 3595 4046 CELLAR.

2178 4045 2324 4130 inter
2351 4049 2511 4116 ipsos.
2544 4052 2635 4130 Sic
2681 4056 2892 4130 restitui
2923 4073 2987 4130 ex
3029 4057 3100 4114 29
3148 4045 3449 4129 potioribus
3470 4045 3666 4118 eranti-

2106 4121 2402 4205 quiorihus‘
2423 4139 2552 4205 mss:
2580 4126 2869 4205 Proipsos,
2899 4129 3028 4205 editi
3059 4141 3111 4186 et
3144 4121 3238 4205 sex
3260 4148 3371 4205 rec.
3401 4136 3579 4205 scripti
3606 4151 3666 4189 re-

2113 4202 2410 4272 posuerunt
2435 4195 2768 4272 philosophos
2799 4200 2869 4272 ob
2903 4202 3024 4272 novi
3062 4203 3252 4272 capitis
3282 4195 3527 4269 initiumi
3556 4207 3671 4260 aliii

2111 4269 2165 4345 et
2187 4261 2315 4314 edit.
2349 4263 2416 4316 ls.
2436 4261 2570 4333 post
2599 4269 2746 4345 ipsos
2767 4270 3088 4345 addiderunt
3113 4261 3467 4345 philosOphos,
3494 4261 3664 4332 scilicet

2111 4330 2377 4400 glossema
2407 4330 2471 4391 cit
2501 4352 2595 4392 ora
2620 4330 2748 4395 libri
2777 4341 3073 4398 admissum
3103 4330 3156 4398 i'n
3185 4330 3416 4403 textum.

2181 4425 2570 4508 {ib-animo‘est
2614 4433 2722 4502 qui.
2770 4434 3068 4508 Masculino
3114 4454 3319 4508 genere
3369 4457 3551 4495 omnes
3589 4441 3670 4495 fere

409 4475 729 4495 ν.............ο
782 4475 1086 4493 usuusu"...
1130 4475 1354 4493 ...ιιιωω
1374 4480 1388 4501 ,
1564 4475 1776 4494 sum..."
1815 4475 1993 4494 .υ......

409 4513 688 4567 scientiam
718 4527 782 4566 ex
816 4510 1124 4565 hominibus
1150 4509 1386 4574 suStulit,
1415 4520 1472 4563 ut
1498 4526 1616 4565 eam
1647 4512 1747 4566 soli
1778 4513 1886 4566 Deo
1911 4527 1995 4567 re-

2125 4498 2299 4576 tcripti
2315 4509 2368 4554 et
2397 4475 2641 4573 quinque,
2683 4509 2890 4560 excusi.
2920 4507 2981 4561 ln
3007 4475 3180 4564 editi;
3201 4475 3271 4566 ἢ
3287 4475 3383 4566 ι(ξεί
3406 4475 3671 4575 ξ”ἇΐῖυὶὧὲ
3737 4567 3740 4576 ,

410 4583 660 4653 liquerit;
686 4591 744 4635 ut
779 4580 1106 4653 Epiphanius
1131 4580 1199 4634 de
1225 4596 1290 4636 eo
1321 4581 1508 4636 scribit
1537 4592 1665 4638 tom.
1699 4599 1756 4651 ιι,
1788 4584 1880 4639 lib.
1912 4600 1992 4650 ιιι,

408 4652 478 4709 de
499 4653 822 4709 Haeresibus.
858 4652 1180 4705 BETULEIUS.

482 4725 552 4780 Se
576 4725 627 4778 in
650 4721 1198 4796 papulumredegisset.
1225 4721 1289 4777 In
1315 4723 1558 4796 papulum
1586 4725 1813 4796 redigere
1840 4725 1993 4788 dixit,

409 4811 507 4866 pro
520 4810 593 4867 eo
615 4793 864 4867 quod_est
887 4793 940 4846 in
968 4793 1210 4867 ordinem
1237 4795 1500 4867 redigere.
1526 4797 1598 4867 De
1617 4793 1724 4866 quo
1746 4798 1994 4867 loquendi

407 4863 570 4939 modo
594 4863 718 4939 vide
742 4863 994 4939 Budzeum
1024 4863 1078 4939 in
1109 4865 1165 4918 L.
1195 4863 1512 4939 D.7Ma’rcus.
1539 4866 1592 4921 if.
1624 4863 1692 4922 de
1719 4863 1826 4924 01f:
1857 4884 1997 4939 pr.c-

405 4937 557 4992 sidis.
582 4965 654 4976 —
680 4933 750 4989 Se
793 4935 845 4987 in
896 4935 1137 5005 populant
1181 4938 1469 5006 redegisset.
1497 4939 1549 4993 ιιι
1599 4948 1716 5002 est,
1749 4956 1809 4994 se
1840 4933 1997 5006 v'ulgo

407 5006 864 5078 philosophorum
879 5018 1301 5065 annumerasset.
1339 5008 1492 5063 Prius
1522 5011 1576 5062 in
1604 5010 1833 5064 ordinem
1855 5011 1995 5064 redi-

405 5077 555 5151 gere,
598 5087 817 5133 auctore
848 5077 1120 5151 Prisciano
1166 5089 1220 5134 et
1272 5082 1442 5147 liaph.
1477 5081 1610 5151 Reg.
1640 5082 1771 5136 inter
1798 5081 1921 5135 viles
1951 5089 1998 5134 et

404 5149 624 5216 abiectos
639 5151 991 5220 connumerari
1015 5149 1147 5204 dixit
1172 5151 1397 5220 Quintil.
1431 5168 1447 5205 ι
1491 5149 1666 5204 lnstit.
1697 5169 1744 5206 c.
1779 5152 1834 5206 4.
1864 5153 1992 5207 Βυκ.

477 5221 759 5276 Convincis.
813 5219 1286 5291 Manuscriptorum
1316 5239 1379 5276 ac
1405 5223 1438 5277 5
1469 5231 1578 5276 vet.
1628 5222 1760 5277 edit.
1810 5223 1995 5288 Rom.,

404 5293 630 5348 Tornes.
664 5303 717 5344 et
742 5291 1008 5349 Soubron.
1039 5305 1120 5348 est
1142 5294 1259 5350 haec
1286 5293 1482 5358 lectio;
1513 5294 1810 5362 conviceris,
1831 5307 1994 5351 ciete-

401 5381 584 5421 rorum
617 5364 906 5418 editorum.

471 5436 742 5506 Arcesilas.
778 5435 904 5491 Mss.
937 5451 1076 5506 pene
1104 5450 1294 5491 omnes
1321 5444 1376 5491 et
1399 5444 1507 5490 vet.
1541 5435 1670 5490 edit.
1722 5437 1877 5492 Rom.
1915 5439 1994 5494 fe-

399 5517 525 5580 runt
550 5505 961 5580 ArchesilassAt
1003 5510 1029 5562 1
1073 5509 1200 5580 Reg.
1237 5507 1637 5580 vetustissimus
1667 5517 1720 5563 et
1753 5511 1989 5580 vulgati,

393 5579 680 5645 Arcesilas,
709 5593 832 5632 cum
861 5579 1097 5648 Diogene
1129 5577 1340 5632 Laertio
1359 5577 1437 5633 de
1466 5577 1601 5634 Vitis
1632 5577 1995 5652 Philosopho-

395 5663 538 5707 rum.

469 5720 920 5804 Confectis.__;Artis
947 5717 1289 5804 Cladiatoriae
1319 5723 1580 5804 verbum,
1606 5724 1749 5804 quod
1780 5725 1857 5804 de
1877 5726 1992 5797 διδ-

398 5790 606 5855 diatore
646 5791 831 5846 multis
877 5790 1186 5848 vulneribus
1237 5793 1486 5850 confosso
1530 5790 1747 5850 dicitur.
1800 5790 1993 5854 Cic'ero

2099 4585 2234 4644 qtae.
2267 4570 2463 4644 Supra,
2497 4570 2616 4642 cap.
2649 4577 2684 4632 5
2710 4618 2724 4639 ,
2753 4577 2887 4632 dixit
2915 4580 3198 4635 scientiam
3223 4584 3289 4638 ab
3320 4570 3532 4644 ingenio
3563 4599 3668 4639 esse.

2175 4640 2400 4695 Sinistra
2425 4640 2616 4699 versus.
2641 4648 2982 4705 Sinistrorsus
3007 4651 3239 4709 Caesaris
3258 4669 3332 4708 v1.
3351 4640 3484 4711 Gall.
3511 4656 3560 4709 in
3574 4656 3671 4710 meis

2101 4711 2312 4767 Lexicis
2341 4713 2608 4771 desidero.
2639 4718 2774 4773 Bon.

2177 4803 2468 4892 [ﬂaucorum
2499 4826 2689 4892 rerum.
2721 4813 2855 4868 Cum
2897 4830 2998 4872 ms.
3053 4819 3077 4872 1
3126 4818 3340 4876 Bonon.
3387 4820 3605 4892 Thysius
3627 4825 3665 4873 et

2103 4873 2336 4932 ϐαιιωιιε
2362 4880 2566 4936 addunt
2605 4892 2674 4936 et.
3187 4873 3191 4874 ί
3398 4873 3513 4914 ηδῐ

2103 5039 2145 5094 F
2177 4970 2472 5097 Quiasﬂic
2514 4984 2570 5030 et
2609 4975 2745 5032 inira
2775 4995 2929 5049 quam
2960 4981 3244 5053 legendum
3287 4999 3406 5040 esse
3446 4985 3666 5041 censebat

2149 5057 2338 5096 raucm
2379 5086 2391 5097 .

2149 5057 2391 5097 1⁵31101115.

2176 5131 2433 5216 Consertis
2481 5141 2732 5216 manibus.
2784 5143 3134 5201 Proverbium
3158 5188 3173 5214 ,
3207 5163 3306 5216 pro
3346 5163 3545 5202 summa
3573 5161 3671 5201 con-

2105 5212 2343 5282 tentione
2371 5227 2394 5282 _:
2445 5212 2759 5281 metaphora
2806 5227 3015 5282 sumpta
3049 5235 3078 5270 a
3109 5212 3448 5277 luet-antibus.
3497 5219 3586 5274 Vel
3610 5225 3669 5270 est

2101 5278 2294 5332 allusio
2319 5278 2384 5333 ad
2414 5278 2692 5350 antiquum
2739 5285 2888 5358 illum
2933 5278 3037 5342 fori
3088 5305 3319 5356 morem,
3357 5307 3458 5345 uno
3484 5307 3548 5343 ex
3572 5289 3668 5358 jure

2102 5363 2265 5429 manu
2293 5363 2612 5429 consertum
2637 5355 2916 5429 vocabant.
2957 5360 3029 5414 De
3074 5376 3180 5426 quo
3231 5370 3427 5429 prmlei
3459 5355 3588 5416 Blltl.
3629 5367 3666 5412 et

2101 5418 2890 5502 Erasm._‘vide_Gell_.-lib._xx,
2923 5444 3040 5499 cap.
3075 5418 3128 5486 9.
3162 5418 3670 5490 Beroea—200nm-

2102 5494 2167 5569 tis
2191 5494 2443 5569 manibus.
2471 5494 2730 5562 Sparkius
2782 5494 3186 5569 interpretatur,
3243 5521 3446 5559 summa
3477 5511 3634 5562 etiam
3661 5517 3669 5551 ε

2100 5562 2386 5632 signiﬁcat,
2419 5579 2728 5636 pugnantes,
2761 5578 2816 5624 ut
2847 5571 2882 5623 Ι.
2919 5562 2975 5638 v,
3011 5587 3058 5626 c.
3089 5573 3122 5627 6
3148 5562 3328 5630 :Tum
3359 5579 3499 5634 inter
3533 5585 3671 5637 ἐλεηθ-

2100 5648 2201 5689 nus
2224 5649 2511 5692 conserere
2532 5650 2813 5705 cmperunt.
2851 5642 2984 5697 Bon.

2172 5728 2423 5807 [mmedio
2441 5733 2769 5807 constitutam
2799 5737 2929 5807 fore,
2957 5753 3091 5807 qum.
3121 5737 3212 5796 Sic
3235 5739 3346 5797 lere
3371 5735 3668 5804 omnesﬁl‘

2099 5799 2301 5857 baudio
2329 5803 2616 5871 scientiam,
2648 5821 2780 5877 quae.
2799 5799 2952 5863 ’Βοιὼ

3571 5939 3600 5986 ὁ

3521 5987 3588 6160 l
