3770 6264
120 288 217 346 3'65

919 274 1124 335 LIBER
1160 277 1244 335 lll.
1289 276 1378 334 DE
1415 276 1636 335 FALSA
1675 274 2036 334 SAPIENTIA
2075 276 2475 339 PHILOSOPH.

3273 281 3382 343 566

115 410 276 458 sumus
318 392 453 466 quod
497 401 580 448 est
630 393 844 458 melius,
870 393 982 462 jam
1032 408 1142 448 non
1194 400 1282 447 est
1328 391 1669 463 philosophia
1700 391 1749 451 A
1779 389 1996 460 fnitqui
2025 405 2295 448 summum
2335 393 2535 449 bonum
2566 393 2793 451 credidit
2817 396 2983 452 animi
3023 396 3378 469 voluptatem,

52 553 77 579 κ
113 493 250 553 nobis
293 488 612 554 necessaria,
645 487 773 559 quia
796 492 1071 558 sapientes
1108 486 1220 560 jam
1247 502 1461 553 sumus,
1487 487 1579 557 qui
1604 487 1673 542 de

48 606 90 657 ,δ
110 584 400 657 sapientium
427 581 716 637 sententiis
742 580 1069 652 iudicemus.
1095 580 1232 638 Cum
1254 596 1386 637 vero
1400 580 1672 637 discenda

109 677 358 749 sapientiai
396 688 556 731 causa
588 675 890 742 veniamus,
934 677 1026 747 qui
1078 690 1367 746 possumus
1399 674 1669 746 judicare,

108 772 181 845 qui
206 769 428 825 nondum
450 782 643 836 sapere
671 768 1038 838 eruperimus?
1063 768 1300 823 maxime
1327 783 1450 823 cum
1475 776 1674 838 praesto

108 864 227 920 adsit
267 859 633 925 academicos,
663 862 754 931 qui
805 874 904 915 nos
932 860 1094 930 pallio
1117 861 1377 926 retrahat,
1422 873 1487 915 ac
1528 868 1673 916 vetet

102 949 325 1019 cuiquam
351 945 599 1013 credere,
651 960 753 1001 nec
784 953 964 1003 tamen
1003 944 1197 1002 allevat
1238 946 1353 1016 ipse
1400 943 1546 1016 quod
1576 960 1665 1000 se-

99 1055 321 1114 quamur.

671 1154 900 1213 CAPUT
926 1154 1062 1211 VIII.

123 1316 193 1373 De
235 1330 432 1371 summo
459 1316 611 1385 bono,
644 1325 692 1373 et
724 1316 886 1372 animi
918 1318 1249 1389 corporisque
1288 1317 1636 1389 voluptatibus

755 1418 803 1466 et
830 1410 1031 1465 virtute.

146 1586 275 1656 Quid
294 1602 426 1659 ergo
469 1594 750 1658 superest,
779 1586 884 1643 nisi
924 1593 1005 1654 ut,
1044 1585 1267 1644 omissis
1308 1587 1671 1660 litigatoribus

95 1681 291 1740 furiosis
319 1696 385 1737 ac
406 1680 795 1752 pertinacibus,
819 1680 1100 1736 veniamus
1124 1680 1194 1737 ad
1223 1680 1463 1752 iudicem
1491 1682 1671 1750 illum,

1780 484 2034 555 quoniam
2085 485 2178 541 illa
2213 487 2330 544 sive
2369 488 2652 554 securitas,
2676 489 2789 545 sive
2813 490 3063 560 gaudium
3091 500 3196 559 est,
3225 508 3383 549 com-

1780 578 1958 632 munis
2015 588 2102 633 est
2156 580 2431 636 omnibus.
2475 581 2753 652 Aristippo
2804 597 2871 637 ne
2932 584 3373 652 respondendum

1780 672 1995 741 quidem
2024 672 2183 739 duco,
2214 689 2376 740 quem
2434 690 2652 746 semper
2686 677 2739 730 in
2789 676 3034 747 corporis
3075 678 3378 748 voluptates

1778 773 2027 819 ruentem
2053 807 2066 830 ,
2091 766 2335 836 nihilque
2364 766 2508 823 aliud
2547 782 2709 838 quam
2737 768 2913 824 ventri
2947 781 3002 825 et
3032 766 3232 826 Veneri
3262 787 3381 826 δεμ

1780 857 2037 923 vientem,
2066 861 2266 915 nemini
2294 860 2516 918 dubium
2538 869 2623 918 est
2644 862 2918 918 hominem
2940 878 3046 918 non
3076 862 3279 932 fuisse;
3304 866 3384 922 sic

1783 953 1927 1006 enim
1960 952 2110 1021 vixit,
2137 964 2194 1009 ut
2216 953 2350 1009 nihil
2373 956 2516 1011 inter
2568 971 2690 1011 eum
2721 959 3093 1027 pecudemque
3117 958 3384 1027 distaret,

1781 1042 1882 1097 nisi
1928 1060 2125 1110 unum,
2191 1045 2336 1115 quod
2380 1047 2719 1116 loquebatur.
2778 1047 2932 1116 Quod
2969 1049 3015 1105 si
3056 1050 3248 1119 asino,
3293 1060 3386 1108 aut

1783 1135 1928 1205 cani,
1958 1144 2053 1191 aut
2082 1137 2164 1192 sui
2191 1136 2424 1193 facultas
2452 1138 2710 1210 loquendi
2739 1139 3037 1210 tribuatur,
3061 1157 3385 1215 quaerasque

1779 1227 1847 1284 ab
1888 1227 2004 1296 his,
2048 1228 2176 1301 quid
2206 1230 2312 1287 sibi
2356 1231 2561 1298 velint,
2606 1247 2729 1287 cum
2771 1231 3001 1289 feminas
3044 1242 3153 1290 tam
3197 1237 3384 1294 rabide

1780 1330 2186 1389 consectantur,
2211 1333 2268 1379 ut
2310 1324 2394 1380 vix
2421 1324 2607 1383 divelli
2630 1336 2859 1397 queant,
2890 1327 3043 1384 cibos
3070 1329 3259 1397 etiam,
3284 1346 3384 1400 po-

1783 1423 2007 1486 tumque
2035 1417 2350 1489 negligant?
2376 1433 2475 1474 cur
2493 1429 2587 1475 aut
2611 1419 2749 1476 alios
2779 1436 2958 1477 mares
2984 1422 3254 1479 violenter
3270 1424 3385 1482 abi-

1781 1520 1942 1580 gant,
1974 1520 2066 1567 aut
2095 1525 2163 1567 ne
2201 1511 2331 1568 victi
2360 1511 2578 1583 quidem
2616 1514 2915 1580 absistam,
2946 1515 3041 1570 sed
3071 1530 3102 1571 a
3135 1516 3383 1573 fortiori-

1782 1603 1883 1659 bus
1904 1618 2052 1675 saepe
2077 1605 2315 1673 contriti,
2349 1621 2415 1662 eo
2438 1607 2611 1679 magis
2639 1607 3009 1664 inseclentur?
3036 1623 3133 1663 cur
3160 1624 3261 1665 nec
3283 1610 3381 1665 ἰω-

1782 1693 1929 1764 bres,
1962 1710 2063 1752 nec
2090 1696 2289 1769 frigora
2318 1698 2733 1768 pertimescant,
2766 1699 3009 1756 laborem
3040 1702 3374 1771 suscipiant,

94 1776 279 1836 scilicet
312 1776 560 1831 datorem
589 1775 851 1846 simplicis
877 1783 934 1830 et
961 1776 1158 1847 quietae
1188 1776 1504 1845 sapientiae?
1528 1775 1661 1845 Quae
1698 1773 1747 1834 B
1777 1790 2083 1859 periculum
2125 1806 2232 1847 non
2263 1792 2556 1849 recusent?
2584 1794 2723 1862 Quid
2755 1793 2903 1848 aliud
2933 1794 3376 1863 respondebunt,

96 1883 187 1925 non
207 1874 418 1938 tantum
443 1864 684 1923 formare
712 1882 831 1933 nos,
861 1881 925 1921 ac
952 1866 1212 1922 inducere
1233 1866 1443 1921 inviam
1476 1868 1668 1936 possit,

97 1946 258 2017 verum
290 1959 455 2015 etiam
491 1958 563 2013 de
596 1958 985 2014 controversiis
1009 1959 1237 2014 istorum
1266 1958 1413 2014 ferre
1445 1967 1669 2015 senten-

100 2055 225 2110 tiam.
265 2051 390 2108 [huc
434 2065 536 2107 nos
579 2051 774 2116 docet,
826 2049 953 2121 quid
992 2051 1063 2105 sit
1104 2050 1341 2107 hominis
1381 2066 1569 2107 verum
1605 2065 1671 2106 ac

98 2160 340 2204 summum
367 2144 569 2201 bonum
598 2162 610 2198 :
644 2142 711 2199 de
733 2159 841 2215 quo
882 2143 1195 2214 priusquam
1235 2143 1418 2200 dicere
1444 2145 1665 2215 incipio,

98 2238 188 2294 illa:
211 2251 393 2292 omnes
440 2237 731 2293 sententia:
762 2244 887 2291 sunt
925 2234 1237 2291 refellenda:
1259 2278 1275 2303 ,
1309 2244 1369 2291 ut
1411 2247 1670 2307 appareat

96 2329 334 2385 neminem
360 2327 586 2384 illorum
624 2328 791 2385 fuisse
832 2330 1159 2399 sapientem.
1204 2327 1338 2385 Cum
1380 2329 1451 2386 de
1485 2329 1669 2386 officio

94 2420 298 2476 hominis
337 2431 534 2492 agatur
557 2461 574 2486 ,
615 2430 833 2493 oportet
870 2437 1140 2478 summum
1179 2422 1376 2480 summi
1417 2423 1667 2481 animalis

94 2514 267 2571 bonum
292 2514 342 2570 in
375 2529 452 2570 eo
482 2514 772 2581 constitui,
805 2514 950 2586 quod
981 2530 1268 2573 commune
1296 2530 1419 2572 cum
1451 2518 1667 2575 ceteris

93 2607 376 2664 animalibus
402 2621 541 2664 esse
581 2623 691 2663 non
729 2608 921 2679 possit.
942 2607 1050 2665 Sed
1077 2616 1138 2665 ut
1169 2608 1298 2664 feris
1328 2607 1542 2676 dentes,
1577 2624 1669 2665 ar-

96 2702 262 2756 mentis
284 2715 515 2769 cornua,
546 2700 858 2757 volucribus
888 2716 1084 2772 pennae
1103 2743 1121 2770 ,
1155 2700 1375 2774 propria
1401 2711 1528 2757 sunt
1554 2719 1566 2757 :
1588 2702 1669 2756 sic

100 2790 276 2848 homini
303 2777 508 2864 aliquid
548 2808 706 2849 suum
735 2792 901 2849 debet
918 2791 1187 2858 adscribi,
1211 2791 1330 2848 sine
1365 2807 1474 2862 quo
1500 2794 1667 2848 ratio-

105 2900 206 2942 nem
229 2900 337 2942 suae
373 2885 704 2942 conditionis
729 2885 964 2941 amittat.
988 2884 1122 2941 Nam
1150 2884 1296 2957 quod
1331 2884 1553 2943 vivendi
1574 2895 1670 2942 aut

104 2978 357 3048 generandi
380 2994 549 3035 causa
574 2978 762 3034 datum
788 2990 872 3035 est
892 2972 1177 3043 omnibus,
1214 2985 1295 3033 est
1325 2977 1543 3048 quidem
1570 2978 1668 3035 bo-

105 3085 209 3125 num
234 3071 512 3138 naturale;
546 3086 817 3129 summum
862 3082 1044 3127 tamen
1077 3085 1181 3126 non
1220 3080 1337 3139 est,
1376 3071 1480 3128 nisi
1522 3073 1667 3147 quod

1776 1881 1879 1936 nisi
1901 1896 2170 1939 summum
2198 1885 2404 1940 bonum
2435 1899 2558 1940 esse
2586 1884 2831 1955 corporis
2862 1884 3235 1954 voluptatem?
3259 1902 3379 1941 eam

1774 1989 1834 2029 se
1859 1987 2116 2044 appetere
2136 2018 2150 2042 ,
2177 1984 2236 2031 ut
2257 1976 2561 2032 afficiantur
2584 1976 2920 2031 suavissimis
2940 1978 3223 2042 sensibus;
3254 1994 3379 2035 εοε-

1773 2080 1879 2136 que
1907 2081 2031 2123 esse
2078 2069 2232 2134 tanti,
2282 2077 2342 2124 ut
2368 2069 2832 2137 assequendorum
2857 2085 3022 2127 causa
3050 2112 3065 2136 ,
3097 2087 3200 2128 nec
3225 2072 3380 2129 labo-

1772 2173 1887 2213 rem
1915 2160 2017 2215 sibi
2048 2160 2214 2215 ullum
2237 2203 2253 2227 ,
2287 2175 2389 2217 nec
2419 2161 2645 2217 vulnera
2664 2201 2681 2227 ,
2708 2177 2809 2217 nec
2838 2174 3066 2219 mortem
3093 2164 3265 2235 ipsam
3293 2181 3379 2222 re-

1770 2253 2067 2309 cusandam
2092 2262 2299 2324 putent.
2343 2255 2429 2311 Ab
2458 2254 2619 2312 bisne
2659 2255 2825 2327 igitur
2854 2266 3123 2327 pracepta
3159 2258 3377 2316 vivendi

1770 2355 2018 2416 petemus
2038 2387 2053 2411 ,
2080 2347 2173 2416 qui
2207 2346 2310 2403 hoc
2346 2346 2489 2403 idem
2512 2348 2793 2415 sentiunt,
2821 2349 2966 2419 quod
2992 2351 3188 2405 anima:
3215 2352 3379 2408 ratio-

1770 2436 1853 2491 nis
1883 2438 2174 2506 expertes?

1842 2527 2009 2581 Aiunt
2037 2526 2321 2598 Cyrenaici
2370 2528 2629 2584 virtutem
2681 2529 2852 2599 ipsam
2895 2546 2963 2587 ex
3000 2547 3068 2587 eo
3106 2548 3230 2590 esse
3260 2535 3377 2589 lau-

1770 2615 2024 2683 dandam,
2054 2618 2195 2688 quod
2224 2618 2294 2673 sit
2320 2618 2570 2675 efficiens
2602 2620 2918 2690 voluptatis.
2947 2621 3179 2691 Verum,
3206 2626 3378 2697 inquit

1770 2709 2063 2766 obscaenas
2089 2710 2262 2779 canis,
2305 2721 2400 2767 aut
2437 2728 2533 2768 sus
2578 2714 2674 2768 ille
2721 2714 3041 2771 lutulentus.
3080 2717 3217 2774 Nam
3252 2720 3378 2778 ideo

1770 2818 1893 2859 cum
1916 2803 2230 2859 adversario
2255 2818 2463 2860 summa
2494 2805 2687 2861 virium
2715 2808 3069 2865 contentione
3098 2810 3377 2884 depugno,

1771 2904 1827 2951 ut
1852 2896 2025 2951 virtus
2061 2910 2182 2952 mea
2216 2895 2385 2965 pariat
2425 2897 2557 2954 mihi
2587 2898 2925 2969 voluptatem
2951 2942 2966 2966 ,
2994 2903 3148 2974 cujus
3178 2922 3386 2977 expers

1770 2989 1871 3045 sim
1901 3003 2125 3045 necesse
2144 2999 2252 3057 est,
2277 2989 2324 3045 si
2361 2989 2536 3047 victus
2562 2991 2873 3048 abcessero.
2905 2994 2990 3050 Ab
3019 2995 3104 3052 bis
3134 3012 3264 3069 ergo
3285 3012 3376 3055 sa-

1773 3098 1902 3154 pere
1926 3081 2220 3146 discemus,
2249 3097 2385 3152 quos
2412 3098 2441 3137 a
2470 3083 2773 3154 pecudibus
2797 3099 2859 3141 ac
2879 3085 3092 3155 belluis,
3119 3104 3227 3145 non
3251 3105 3377 3148 sen-

105 3174 171 3220 est
205 3166 473 3239 unicuique
529 3167 713 3240 generi
758 3166 1061 3239 proprium.
1107 3166 1337 3238 Sapiens
1376 3182 1509 3239 ergo
1558 3184 1667 3228 non
1696 3166 1741 3230 C
1776 3175 1941 3231 tentia
1966 3215 1981 3241 ,
2029 3173 2129 3230 sed
2179 3174 2360 3246 lingua
2411 3174 2706 3232 discernit?
2760 3177 3125 3238 Privationem
3171 3183 3376 3242 doloris

1421 3284 1790 3349 VARIORUM
1825 3290 2036 3349 NOTA‘J
2048 3333 2063 3349 .

170 3407 434 3465 Veniamus.
490 3408 571 3463 Ex
612 3423 742 3463 mss.
777 3415 832 3463 et
880 3406 1062 3463 multis
1118 3404 1282 3461 editis
1319 3408 1567 3475 restitui;
1602 3411 1658 3466 in

108 3481 338 3535 nonnullis
361 3490 440 3536 est
464 3481 717 3535 uenimus.

293 3551 492 3624 Addidi
529 3567 597 3624 ex
621 3548 938 3624 potioribus
980 3558 1035 3606 et
1080 3547 1306 3624 vetustis
1351 3564 1484 3624 mss.
1517 3550 1652 3624 Reg.

107 3620 313 3689 aliisque.
332 3633 384 3679 et
407 3622 574 3680 editis
600 3622 786 3679 decem
819 3639 832 3675 :
862 3621 919 3677 iu
956 3620 1236 3676 nonnullis
1276 3621 1566 3691 omissum,
1600 3620 1653 3680 in

108 3692 399 3766 pluribusest
419 3695 571 3766 quid.
618 3764 626 3766 _
745 3763 765 3766 4
798 3759 846 3766 Α
1032 3763 1064 3766 __
1434 3698 1473 3766 λ’

167 3762 263 3820 Nos
287 3759 444 3834 pallio'
462 3764 712 3820 retrahat.
744 3759 980 3819 Isidorus
1013 3763 1216 3819 dictum
1243 3771 1396 3833 putat
1424 3762 1655 3819 Pallium

107 3850 134 3908 tt
156 3836 360 3908 pellibus,
385 3840 508 3908 quia
533 3838 675 3907 prius
703 3852 856 3908 super
878 3834 1177 3908 indumento
1218 3834 1429 3908 pellicea
1468 3846 1654 3891 veteres

108 3905 422 3971 induebamur,
454 3905 603 3978 quasi
640 3905 822 3973 pelles,
858 3907 962 3978 sine
991 3922 1022 3960 a
1049 3907 1224 3978 palla,
1250 3906 1654 3978 perrderiualio-

109 3992 216 4032 nem.
240 3976 677 4050 Philosophorum
706 3978 918 4050 propria
954 3977 1067 4033 haec
1092 3976 1411 4050 vestisfnit,
1456 3987 1512 4032 ut
1554 3993 1652 4048 ap-

108 4059 233 4117 paret
266 4066 327 4105 ex
352 4048 499 4105 dicto
541 4049 765 4106 Herodis
794 4048 956 4105 Attici
995 4050 1136 4117 apud
1170 4048 1401 4105 Gellium
1433 4049 1523 4103 lib.
1549 4065 1602 4105 ιι
1635 4068 1647 4103 :

1766 3422 1874 3489 tur,
1921 3413 2016 3489 sed
2059 3412 2475 3489 dehominjbus
2512 3415 2867 3489 contentiosis
2903 3424 2959 3472 et
2984 3416 3365 3489 litigatoribus.

1836 3485 2151 3559 Sapientiae?
2177 3502 2309 3554 quin.
2335 3485 2425 3559 Sic
2456 3487 2672 3557 reposui
2702 3502 2766 3559 ex
2794 3502 2926 3542 mss.
2954 3492 2986 3542 6
3015 3485 3174 3559 Rég..
3207 3492 3242 3546 2
3264 3494 3369 3549 Bo-

1761 3571 1916 3628 non.,
1942 3557 2199 3622 Cauc.,et
2233 3559 2291 3612 11
2321 3557 2443 3612 aliis
2471 3572 2535 3628 ac
2560 3558 2791 3628 vulgatis
2826 3559 3053 3615 Tomes.
3074 3557 3363 3621 etWalch.

1760 3627 1819 3684 ltt
1862 3631 1897 3685 4
1939 3629 2156 3697 scriptis
2187 3644 2322 3693 rec.,
2348 3638 2403 3683 et
2437 3627 2509 3683 10
2528 3627 2764 3694 ειοιίείε,
2791 3631 2898 3698 qui.

1836 3699 1963 3755 Haec
1990 3699 2279 3772 nogldem
2305 3713 2436 3753 mss.
2459 3700 2548 3769 qui
2578 3714 2758 3769 supra.
2781 3700 2839 3754 In
2871 3702 2897 3755 1
2932 3700 3065 3772 Reg.
3097 3718 3207 3760 rec.
3229 3714 3284 3762 et
3311 3708 3365 3764 in

1763 3772 2018 3840 vulgatis,
2050 3769 2153 3824 Hic
2184 3787 2294 3824 nos.

1834 3834 2040 3899 Summi
2069 3842 2325 3896 animalis.
2360 3838 2417 3896 Id
2467 3848 2551 3895 est
2582 3834 2851 3906 hominis;
2895 3848 3057 3912 atque
3086 3842 3139 3897 in
3171 3860 3237 3900 eo
3262 3862 3368 3903 ex-

1758 3914 2012 3985 plicando
2042 3928 2254 3985 summo
2286 3913 2428 3985 bono
2451 3920 2621 3967 totum
2649 3913 2751 3967 huc
2777 3921 2940 3984 caput
2969 3928 3288 3985 occupatur.

1832 3984 1955 4042 Non
1985 3992 2099 4058 fuit.
2130 3983 2180 4039 ls
2211 3994 2297 4058 est
2322 3982 2611 4054 Epicurus.

1831 4054 2124 4133 communis
2154 4066 2246 4110 est.
2271 4055 2359 4133 _lta
2390 4057 2565 4133 ferunt
2588 4070 2781 4111 omnes
2807 4054 3186 4133 editihetmss.
3218 4077 3363 4133 pm-

119 4118 492 4205 lfideohinquilt‘,
538 4123 751 4205 barbaria
784 4131 831 4176 et
871 4120 1106 4205 pallium,
1139 4120 1651 4205 pltilosop‘lttttuntton
1754 4128 1838 4205 ter
1872 4131 1894 4184 1
1934 4131 2139 4185 Bunon.
2174 4127 2367 4198 antiq.,
2403 4126 2428 4183 1
2474 4127 2606 4200 Reg.
2638 4142 2752 4183 rec.
2780 4139 2835 4184 et
2867 4127 2895 4184 1
2934 4126 3117 4199 Colb.,
3154 4118 3366 4205 in'qui-

108 4190 242 4269 video.
264 4190 412 4269 Apud
435 4192 656 4250 Graecoe
682 4194 845 4269 etiam
874 4193 926 4269 in
959 4208 1055 4269 usu
1081 4192 1345 4269 pta-cipue
1371 4192 1649 4269 l'uit._Hinc
1753 4200 1856 4256 bus
1884 4212 1960 4256 est
1981 4243 1997 4269 ,
2024 4190 2310 4255 commune;

108 4262 277 4334 palliati
302 4275 581 4319 sumuntur
610 4280 705 4334 pro
742 4263 966 4329 Grmcis,
994 4263 1133 4319 sicut
1160 4278 1257 4333 pro
1285 4263 1544 4318 Romanis
1571 4272 1646 4319 to-

107 4333 213 4412 gati.
264 4335 413 4412 flictze
467 4333 750 4412 propterea
784 4334 977 4392 fabulae
1024 4335 1297 4412 palliatus,
1355 4334 1432 4412 in_
1451 4334 1643 4412 quibus

1828 4272 1989 4338 Quem
2016 4289 2214 4350 semper
2243 4272 2296 4325 in
2341 4270 2573 4350 corporis
2601 4271 2890 4340 voluptates
2932 4280 3181 4350 ruentem.
3209 4274 3364 4350 Legit

1752 4342 2050 4401 Buneman.
2083 4363 2095 4398 :
2136 4342 2297 4409 Quem
2340 4343 2573 4410 corporis
2613 4358 2814 4413 semper
2861 4343 3173 4413 voluptatem
3215 4342 3362 4404 tue'n-

108 4402 454 4487 inducebantur
468 4402 677 4487 Graeci,
704 4405 854 4487 sicut
874 4415 1067 4487 togam
1092 4404 1145 4461 in
1175 4405 1370 4476 quibus
1398 4402 1644 4487 ῌιᾲηρθιιί-
1675 4418 1731 4480 1)
1757 4425 1856 4487 tem
1878 4429 2039 4487 atque
2068 4416 2121 4470 in
2143 4402 2285 4470 hunc
2303 4402 2477 4487 locum
2500 4422 2680 4487 notam
2699 4402 3012 4487 sequentem
3038 4402 3364 4473 exhibet.—

108 4470 419 4533 Commuuem
452 4480 664 4605 utrique
706 4478 856 4533 sexui
886 4470 1051 4532 fuisse
1087 4470 1315 4541 vestem.
1344 4477 1528 4547 colligi
1558 4494 1648 4547 po-
1675 4470 1724 4480 ”
1753 4470 2210 4560 Itaedo‘tinqun);
2230 4500 2352 4539 nam
2371 4484 2555 4554 plures
2574 4470 2980 4553 scripii'etediti
3002 4470 3358 4559 int-iugulari,

110 4551 196 4600 test
217 4561 275 4602 ex
304 4547 547 4605 Uluiano.
616 4549 779 4605 acito.
820 4549 910 4605 aui
948 4549 1242 4605 nrontt'tctta
1270 4547 1510 4605 appellat
1541 4551 1656 4605 ναι·
1768 4561 2105 4605 voluntatem-
2136 4559 2357 4605 rectius.
2395 4555 2491 4605 Est
2520 4554 2737 4605 nuidem
2766 4563 2821 4605 et
2860 4554 3030 4605 altera
3066 4557 3224 4605 lectio
3248 4599 3261 4605 -
3305 4560 3357 4605 in

110 4551 196 4619 test
212 4561 275 4619 ex
304 4547 547 4619 Ulpiano,

108 4612 185 4672 lia.
208 4612 447 4677 Martialis
483 4639 496 4675 :

207 4724 335 4787 Hanc
346 4735 476 4798 velo,
500 4748 612 4801 quae
627 4734 803 4798 reicitis,
827 4742 938 4800 quae
961 4732 1211 4800 palliolata
1231 4740 1461 4799 vagatur.

616 4549 779 4617 acito,
820 4549 910 4621 qui
948 4549 1242 4620 promiscua
1270 4547 1510 4617 appellat
1541 4551 1656 4620 pal-

111 4836 305 4907 Scripsit
329 4860 536 4913 quoque
566 4843 926 4913 Lampridius,
961 4843 1230 4898 Matronae
1249 4844 1417 4913 regias
1444 4851 1659 4898 conten-

110 4920 174 4985 tas
205 4927 302 4967 esse
353 4915 531 4971 debere
566 4917 714 4971 unico
751 4916 932 4985 pallio,
972 4931 1100 4968 auro
1152 4931 1350 4985 sparso.
1400 4913 1577 4969 Etiam
1607 4915 1660 4970 in

106 4976 225 5060 lecto
266 4998 385 5060 usus
421 4987 582 5060 fuisse
618 4976 855 5060 veteres,
893 4976 1201 5058 signiﬁcare
1243 4985 1453 5042 videtur
1498 4985 1657 5042 Ovid.

108 5048 187 5105 lib.
216 5069 230 5108 ι
256 5057 454 5125 Amor.,
486 5059 633 5132 Eleg.
663 5058 723 5114 2:

562 5151 666 5203 Nec
688 5153 739 5201 in
764 5150 896 5201 lecto
917 5148 1061 5214 pallia
1086 5157 1251 5200 uOStra
1274 5149 1467 5200 sedent.

169 5227 362 5311 Quintis
389 5234 722 5311 litigatoribus
743 5236 969 5307 furiosis.
993 5222 1068 5292 ita
1095 5250 1216 5311 cum
1249 5238 1459 5311 cunctis
1489 5252 1659 5311 prope

113 5296 247 5354 editis
290 5296 625 5376 manus'cripd
663 5296 888 5374 omnes,
934 5318 1131 5377 praeter
1175 5309 1208 5364 5
1256 5296 1503 5374 scriptos
1529 5296 1656 5364 et'l

110 5382 331 5452 excuses,
356 5378 411 5452 in
432 5379 629 5452 quibus
655 5389 738 5434 est
763 5378 1149 5452 litigationibus.
1186 5383 1251 5434 At
1283 5379 1651 5452 litigatoribus,

111 5439 327 5520 adjuncta
343 5439 543 5573 {)uribsis
567 5466 625 5505 ac
644 5439 987 5521 pertinacibus
1014 5452 1269 5524 flagitant.
1300 5439 1451 5504 illinc
1480 5439 1655 5503 locum

112 5522 179 5564 διε
229 5515 339 5569 exhi
381 5528 434 5573 et
486 5523 887 5573 antinnissimus
933 5526 955 5573 1
1011 5522 1216 5573 Bnnon.
1265 5522 1435 5573 codex
1468 5540 1479 5573 :
1517 5518 1655 5573 (laid

112 5515 179 5564 sic
229 5515 434 5573 exhibet
486 5515 887 5592 antiquissimus
933 5526 955 5577 1
1011 5515 1216 5577 Bubon.
1265 5522 1479 5577 codex:
1517 5518 1657 5585 Quid

112 5593 468 5665 "gatttperest,
502 5594 592 5647 nisi
616 5604 665 5648 ut
693 5596 864 5649 obvias
892 5594 970 5665 Itis
1007 5592 1348 5665 litigatoribus
1375 5592 1587 5665 furiosis
1609 5600 1657 5645 et

113 5658 419 5737 pertinacibus
453 5674 627 5737 manus
657 5665 832 5721 demus
859 5664 928 5720 ad
957 5658 1214 5737 judicent?
1243 5663 1358 5737 Non
1375 5658 1539 5737 igitur
1570 5661 1654 5718 le-

114 5725 319 5810 gendum
345 5738 425 5810 est
453 5733 846 5810 litigationibus:
870 5725 1106 5810 qui'a,tu_t
1134 5725 1653 5810 recte__ait"l‘l_toma-

114 5791 231 5867 sius,
252 5814 349 5857 non
378 5801 444 5860 de
473 5791 903 5867 contentionibus
925 5791 983 5866 et
1002 5791 1399 5882 'litigationlbus
1426 5804 1515 5864 hic
1540 5804 1653 5879 agi-

1768 4554 2107 4627 volupta‘teni,
2136 4554 2357 4614 rectius.
2394 4555 2491 4609 Est
2520 4554 2737 4627 quidem
2766 4563 2821 4609 et
2860 4554 3030 4608 altera
3051 4554 3224 4627 lectio
3247 4599 3262 4623 ρ
3305 4554 3359 4618 in

1765 4624 1997 4699 corporis
2026 4631 2311 4697 voluptates
2330 4635 2579 4699 rnentent,
2603 4625 2842 4699 elegans.
2868 4640 3027 4694 qnam
3049 4624 3224 4699 Lips,
3254 4631 3362 4688 Su.

1766 4695 1930 4767 ωπ..
1960 4702 2094 4758 Ven.
2128 4695 2260 4756 1471
2287 4741 2301 4765 ,
2327 4699 2504 4762 Rost.,
2533 4695 2765 4767 Gryph“
2800 4695 3051 4760 Tornes.,
3082 4695 3275 4756 'l‘hom.
3306 4719 3362 4760 et

1765 4775 2098 4830 recentiores
2128 4772 2345 4834 habent,
2378 4779 2433 4823 ιιι
2459 4767 2609 4823 Lact.
2642 4767 2677 4821 l.
2707 4782 2781 4835 v1,
2810 4782 2929 4838 cap.
2955 4767 3060 4824 2'5:
3089 4768 3155 4826 Ut
3184 4772 3236 4826 in
3268 4775 3360 4833 llos

1762 4845 1981 4914 directus
2008 4845 2302 4900 avidissime
2320 4848 2542 4914 ruerent.
3005 4909 3067 4914 η,
3110 4840 3245 4899 ΒυΝ.

1835 4918 1962 4974 Cum
1990 4917 2354 4988 [writinastam
2394 4910 2569 4967 rabide
2594 4917 2966 4967 consectantur.
3005 4909 3263 4986 Virgilius
3290 4920 3359 4977 de

1719 5032 1729 5042 .
1761 4993 1935 5062 equis,
1967 5005 2062 5044 seu
2092 4987 2331 5057 equabus
2358 5003 2371 5038 :

1851 5082 1967 5136 Illas
1988 5083 2124 5135 ducit
2147 5094 2281 5132 amor
2305 5089 2439 5132 trans
2462 5078 2695 5140 Gargara,
2715 5080 2947 5140 transque
2971 5090 3231 5134 sonantem

1855 5147 2135 5198 Ascanium.
2410 5157 2460 5191 ιιι
2484 5141 2741 5203 Georgic.,
2768 5156 2814 5191 v.
2844 5142 2956 5191 270.
2982 5141 3241 5198 Functus.

1832 5230 1959 5285 Tam
1989 5228 2166 5293 rabida
2193 5234 2563 5281 consectantur.
2602 5222 2670 5278 Ut
2709 5221 2899 5277 Cicero
2945 5240 2973 5273 ν
3002 5224 3244 5293 Tuscul.,
3280 5230 3353 5285 ϐε

1765 5301 1924 5367 Quem
1974 5290 2268 5354 libidinibus
2316 5298 2697 5368 inflammatum
2741 5305 2789 5347 et
2836 5296 3088 5368 furentem
3133 5290 3358 5356 videmus

1762 5364 1931 5428 omnia
1978 5372 2163 5427 rabide
2191 5364 2513 5440 appetentem
2542 5382 2657 5421 cum
2682 5364 3033 5436 inexplicabili
3056 5369 3353 5491 (Epiditate.

3125 5455 3209 5491 un.

3125 5455 3209 5493 UN.

1832 5514 2115 5579 Cyrenaici.
2137 5510 2274 5568 Vide
2304 5509 2445 5579 apud
2474 5507 2647 5563 Cicer.
2684 5505 2735 5560 in
2764 5505 2857 5579 fin.
2886 5523 2960 5571 ιιι,
2995 5507 3062 5563 de
3091 5509 3243 5564 Ol‘fic.

1889 5577 2093 5640 irtutetn
2119 5601 2181 5641 ea:
2224 5601 2281 5639 eo
2310 5577 2417 5637 esse
2443 5579 2783 5635 laudandam.
2811 5577 2889 5632 lla
2935 5592 3056 5633 cum
3123 5582 3157 5637 5
3199 5581 3363 5638 editis

1762 5673 1950 5713 omnes
2000 5656 2113 5712 fere
2154 5671 2284 5710 mss.
2333 5656 2401 5708 At
2442 5653 2494 5706 in
2523 5668 2632 5707 tino
2670 5647 2985 5705 Colbertino
3012 5661 3066 5704 et
3105 5650 3269 5707 Cauc.
3303 5671 3367 5711 ac

1762 5728 1916 5787 editis
1947 5728 2007 5784 11
2042 5737 2209 5784 estea:
2238 5743 2294 5782 eo
2322 5727 2432 5795 ipso
2453 5741 2468 5789 ;
2491 5725 2544 5778 in
2574 5726 2598 5778 1
2631 5720 2810 5795 Culb.,
2846 5734 2908 5773 ea:
2934 5736 2991 5773 eo
3008 5722 3148 5795 _solo.

1836 5799 1939 5857 Sus
1966 5811 2009 5856 et
2041 5799 2203 5855 canis.
2241 5790 2355 5855 Duo
2381 5796 2532 5869 quasi
2573 5790 2825 5865 symbols
2868 5790 3113 5860 quaedam
3141 5794 3283 5867 gulae
3312 5804 3371 5856 et
