3770 6264
329 285 434 344 567

1375 275 1564 335 FIRM.
1605 271 1978 333 LACTANTII
2020 271 2227 331 DIVIN.
2271 272 2518 332 INSTIT.

3536 275 3653 332 568

329 415 605 459 summum
631 401 832 458 bonum
855 404 1049 468 putare
1073 437 1089 463 ,
1121 409 1228 451 non
1256 394 1417 466 plane
1443 393 1924 465 peripateticorum
1950 391 2003 451 Α
2029 391 2213 462 praeda
2256 398 2310 446 et
2348 387 2562 460 pabulis
2611 401 2750 458 opus
2799 395 2903 443 εει.
2928 386 3006 443 Ita
3039 385 3346 444 inducendo
3391 386 3597 444 bonum
3627 431 3645 458 ,

337 509 406 552 ac
444 496 769 557 stoicorum,
813 490 910 544 sed
958 487 1272 542 elinicorum
1328 486 1771 556 philosophorum
1811 493 1920 540 est.

326 587 463 656 Quis
487 588 628 643 enim
661 598 767 638 non
798 580 1068 650 intelligat
1093 579 1160 634 ab
1190 580 1409 650 :egrotis
1449 588 1504 634 et
1533 579 1585 633 in
1611 579 1793 649 aliquo
1823 578 1925 633 do-

329 679 448 735 lore
475 677 665 748 positis
695 689 818 730 esse
861 673 964 728 hoc
995 671 1368 742 disputatum?
1400 671 1540 739 Quid
1574 679 1683 726 tam
1723 671 1926 726 ridicu-

332 770 471 833 lum,
504 781 665 837 quam
692 765 743 820 id
775 764 976 821 habere
1005 779 1102 834 pro
1132 778 1346 818 summo
1377 763 1545 830 bono,
1578 763 1724 834 quod
1757 763 1929 819 medi-

325 873 424 914 cus
479 857 652 928 possit
700 855 870 910 dare?
917 854 1214 911 Dolendum
1259 864 1343 910 est
1393 871 1544 927 ergo,
1589 864 1646 910 ut
1691 855 1931 911 fruamur

325 953 496 1015 bono,
522 958 578 1006 et
601 949 820 1019 quidem
838 948 1075 1020 graviter
1096 962 1160 1004 ac
1189 961 1355 1018 saepe,
1388 957 1449 1002 ut
1478 947 1547 1003 sit
1575 957 1788 1018 postea,
1820 963 1929 1004 non

327 1045 550 1111 dolere,
578 1043 889 1114 jucundius.
935 1042 1272 1098 Miserrimus
1315 1051 1398 1098 est
1441 1042 1640 1113 igitur,
1669 1044 1759 1113 qui
1793 1058 1931 1097 nun-

340 1154 504 1212 quam
517 1137 722 1202 doluit;
747 1137 871 1207 quia
888 1136 1031 1192 bono
1053 1144 1205 1190 caret
1225 1151 1238 1188 :
1257 1150 1416 1206 quem
1437 1150 1537 1190 nos
1556 1134 1929 1191 felicissimum

325 1232 651 1306 putabamus
676 1271 691 1297 ,
724 1229 848 1300 quia
894 1228 1038 1283 malo
1069 1227 1261 1283 caruit.
1311 1227 1395 1282 Ab
1425 1227 1526 1284 hac
1552 1229 1787 1284 vanitate
1822 1245 1930 1285 non

326 1327 490 1398 longe
515 1323 706 1390 abfuit,
741 1323 856 1393 qui,
876 1323 1098 1378 omnino
1121 1322 1255 1377 nihil
1287 1321 1496 1390 dolere,
1526 1337 1796 1379 summum
1829 1324 1929 1380 bo-

327 1433 459 1475 num
498 1417 651 1473 dixit.
693 1414 826 1471 Nam
859 1423 1058 1486 praeter
1095 1414 1240 1486 quod
1280 1430 1442 1471 omne
1483 1415 1682 1471 animal
1727 1417 1932 1472 doloris

327 1521 413 1570 est
445 1511 676 1583 fugiens,
707 1509 830 1581 quis
871 1517 1050 1579 potest
1099 1509 1199 1564 sibi
1247 1508 1351 1563 hoc
1394 1508 1594 1563 bonum
1646 1517 1929 1580 praestare,

329 1605 473 1678 quod
504 1605 658 1660 nobis
687 1611 745 1657 ut
789 1603 1043 1666 eveniat,
1081 1600 1215 1656 nihil
1260 1600 1404 1655 aliud
1435 1616 1731 1672 possumus
1767 1617 1932 1672 quam

329 1698 556 1770 optare?
582 1697 867 1753 Summum
898 1704 1079 1750 autem
1113 1693 1317 1748 bonum
1350 1707 1456 1748 non
1491 1701 1671 1764 potest
1706 1695 1931 1750 efficere

2030 484 2172 553 quod
2220 499 2326 538 non
2374 482 2446 537 sit
2473 481 2527 536 in
2557 481 2792 537 hominis
2821 490 3108 551 potestate,
3145 488 3317 535 totum
3361 479 3646 536 hominem

2029 579 2218 634 alienae
2231 576 2813 648 ditionisubjugarunt.
2834 573 3131 630 Audiamus
3148 575 3312 629 etiam
3336 573 3646 636 Zenonem;

2030 688 2155 728 nam
2188 672 2233 728 is
2257 671 2528 727 interdum
2553 671 2804 725 virtutem
2826 668 3079 724 somniat.
3110 667 3417 733 Summum,
3448 668 3650 738 inquit,

2032 775 2116 820 est
2152 763 2376 828 bonum,
2405 778 2527 819 cum
2560 771 2750 817 natura
2788 769 3154 816 consentanee
3178 761 3385 816 vivere.
3421 759 3653 814 Bellua-

2031 872 2152 912 rum
2203 857 2367 928 igitur
2414 855 2570 911 nobis
2619 869 2770 910 more
2820 852 3108 909 vivendum
3167 862 3270 909 est.
3329 851 3473 908 Nam
3533 869 3655 924 qua:

2031 949 2225 1006 abesse
2245 947 2448 1004 debent
2467 949 2536 1004 ab
2559 946 2777 1002 homine
2800 987 2817 1013 ,
2845 946 2899 1001 in
2929 947 2994 1001 iis
3015 945 3194 1001 omnia
3223 945 3654 1016 deprehendun-

2037 1052 2124 1099 tur
2154 1061 2166 1097 :
2206 1043 2511 1114 voluptates
2537 1050 2820 1113 appetunt,
2852 1049 3118 1104 metuunt,
3147 1039 3360 1106 fallunt,
3393 1038 3661 1094 insidian-

2036 1145 2143 1204 tur,
2170 1135 2422 1192 occidunt
2445 1151 2460 1198 ;
2491 1143 2566 1201 et,
2585 1133 2728 1204 quod
2747 1133 2814 1189 ad
2845 1149 2959 1189 rem
2986 1133 3226 1189 maxime
3245 1133 3468 1199 attinet,
3486 1131 3657 1188 Deum

2034 1227 2298 1282 nesciunt.
2347 1224 2483 1293 Quid
2511 1240 2640 1295 ergo
2670 1240 2758 1282 me
2805 1226 3002 1294 docet,
3047 1236 3108 1281 ut
3133 1225 3310 1281 vivam
3340 1225 3650 1281 secundum

2033 1329 2282 1376 naturam
2310 1362 2326 1388 ,
2359 1335 2482 1391 quae
2509 1319 2625 1390 ipsa
2657 1319 2711 1374 in
2732 1318 2974 1376 deterius
3000 1335 3169 1390 prona
3192 1329 3316 1387 est,
3347 1327 3405 1374 et
3430 1319 3662 1390 quihus-

2033 1414 2157 1469 dam
2211 1413 2595 1470 blandimentis
2647 1413 2949 1470 lenioribus
2998 1415 3054 1470 in
3099 1415 3227 1470 vitia
3277 1414 3596 1487 przecipitat
3637 1415 3661 1468 ?

2035 1505 2134 1562 γει
2175 1505 2221 1562 si
2248 1506 2409 1561 aliam
2438 1515 2711 1562 mutorum
2733 1549 2748 1575 ,
2779 1507 2938 1562 aliam
2978 1507 3215 1564 hominis
3241 1508 3376 1564 dicit
3404 1522 3538 1564 esse
3573 1523 3665 1562 na-

2037 1608 2212 1656 turam
2238 1641 2254 1668 ,
2283 1599 2428 1672 quod
2471 1600 2636 1656 homo
2662 1599 2729 1656 ad
2755 1600 3009 1657 virtutem
3035 1601 3106 1657 sit
3135 1601 3376 1672 genitus,
3412 1600 3665 1657 nonnihil

2036 1694 2166 1750 dicit
2193 1713 2206 1750 :
2231 1694 2327 1751 sed
2370 1704 2551 1750 tamen
2573 1710 2678 1750 non
2707 1695 2812 1750 erit
2837 1694 3077 1751 deﬁnitio
3107 1697 3304 1751 summi
3325 1695 3505 1760 boni;
3539 1695 3666 1765 quia

330 1805 654 1862 quemquam
707 1788 920 1843 beatum
944 1828 958 1853 ,
990 1787 1092 1842 nisi
1120 1801 1337 1856 semper
1367 1785 1528 1842 fuerit
1556 1787 1608 1841 in
1634 1787 1800 1858 ipsius
1821 1803 1924 1859 po-
1953 1783 2004 1844 B
2033 1789 2236 1845 nullum
2293 1797 2377 1845 est
2423 1789 2663 1858 animal],
2717 1786 2863 1859 quod
2912 1803 3019 1845 non
3056 1787 3355 1845 secundum
3404 1795 3666 1844 naturam

332 1889 527 1939 testate
553 1898 566 1934 :
591 1880 696 1935 hoc
723 1888 900 1934 autem
929 1893 1034 1933 non
1065 1878 1234 1933 virtus
1259 1878 1490 1942 homini,
1524 1893 1630 1934 non
1659 1879 1926 1945 doctrina,

328 1993 441 2034 non
471 1976 644 2040 labor,
677 1974 773 2032 sed
796 1985 987 2029 natura
1018 1973 1131 2043 ipsa
1161 1977 1374 2029 cunctis
1396 1972 1760 2030 animantibus
1789 1989 1928 2046 prte-

324 2080 455 2128 stat.
481 2070 581 2139 Qui
611 2069 939 2139 voluptatem
969 2083 1092 2124 cum
1125 2068 1408 2124 honestate
1428 2067 1750 2138 junxerunt,
1775 2083 1928 2124 com-

328 2163 641 2218 munionem
661 2161 802 2216 hanc
818 2160 1052 2232 eﬁ‘ugere
1071 2161 1381 2229 voluerunt,
1407 2162 1502 2216 sed
1525 2161 1821 2217 effecerunt
1843 2178 1930 2218 re-

329 2273 581 2330 pugnans
609 2257 850 2322 bonum;
878 2254 1132 2326 quoniam
1165 2256 1257 2326 qui
1283 2256 1545 2326 voluptati
1573 2255 1789 2312 deditus
1811 2264 1927 2324 est,

331 2351 618 2408 honestate
646 2359 828 2406 careat
864 2365 1088 2407 necesse
1124 2359 1242 2419 est,
1271 2351 1360 2422 qui
1393 2350 1665 2407 honestati
1707 2351 1927 2420 studet,

330 2449 628 2517 voluptate.

403 2541 879 2612 Peripateticorum
910 2540 1112 2596 bonum
1150 2539 1374 2595 nimium
1405 2539 1717 2611 multiplex,
1750 2549 1803 2597 et
1831 2557 1928 2598 ex-

330 2634 504 2704 ceptis
548 2633 714 2688 animi
758 2633 914 2688 bonis
934 2673 950 2700 ,
979 2649 1098 2703 qua:
1126 2633 1238 2703 ipsa
1261 2648 1382 2704 quae
1403 2633 1509 2688 sint
1529 2675 1542 2699 ,
1575 2649 1767 2704 magna
1796 2648 1923 2689 con-

332 2727 500 2783 tentio
527 2736 644 2792 est,
674 2741 963 2782 commune
1004 2741 1125 2781 cum
1153 2726 1346 2782 belluis
1375 2736 1554 2796 potest
1582 2727 1770 2783 videri.
1796 2727 1928 2783 Nam

331 2819 574 2889 corporis
596 2818 735 2874 bona
755 2859 771 2884 ,
810 2817 863 2872 id
895 2825 1011 2885 est,
1044 2818 1416 2886 incolumitas,
1450 2819 1764 2889 indolentia,
1789 2822 1931 2878 vale-

332 2912 464 2968 tudo
486 2951 506 2982 ,
554 2927 661 2969 non
692 2912 871 2967 minus
907 2918 1033 2966 sunt
1073 2913 1234 2967 mutis
1256 2954 1271 2980 ,
1299 2929 1457 2984 quam
1501 2913 1706 2969 homini
1738 2931 1930 2972 neces-

331 3005 510 3071 saria;
563 3020 628 3060 ac
689 3003 874 3060 nescio
924 3019 990 3057 an
1047 3005 1208 3060 etiam
1261 3006 1470 3076 magis,
1518 3007 1640 3076 quia
1686 3005 1848 3062 homo
1877 3017 1936 3065 et

329 3094 557 3154 medelis
579 3136 595 3164 ,
645 3104 700 3150 et
749 3093 1066 3150 ministeriis
1096 3095 1364 3150 sublevari
1395 3104 1603 3166 potest,
1641 3107 1786 3153 muta
1819 3115 1930 3155 non

2035 1896 2188 1938 suam
2213 1881 2380 1937 vivat.

2103 1976 2204 2044 Qui
2249 1976 2534 2033 scientiam
2563 1992 2836 2033 summum
2883 1977 3088 2033 bonum
3126 1976 3288 2046 fecit,
3317 1977 3542 2048 aliquid
3567 1977 3666 2032 ho-

2034 2069 2167 2126 mini
2196 2071 2475 2142 proprium
2504 2071 2653 2127 dedit
2677 2090 2690 2127 :
2723 2071 2820 2128 sed
2843 2071 3122 2128 scientiam
3145 2071 3369 2127 alterius
3388 2072 3471 2127 rei
3494 2074 3666 2143 gratia

2034 2163 2286 2221 homines
2308 2175 2588 2236 appetunt,
2608 2180 2715 2220 non
2739 2173 2964 2237 propter
2985 2165 3178 2235 ipsam.
3204 2164 3334 2233 Quis
3353 2167 3511 2221 enim
3526 2166 3668 2221 scire

2033 2265 2321 2312 contentus
2335 2267 2438 2322 est,
2467 2272 2574 2312 non
2597 2267 2857 2329 expetens
2869 2257 3106 2328 aliquem
3133 2257 3364 2314 fructum
3388 2257 3668 2316 scientia-3

2032 2347 2194 2404 Artes
2215 2347 2336 2405 ideo
2352 2348 2716 2419 discuntur,ut
2730 2359 3436 2406 exerceanturzexercentur
3453 2358 3665 2416 autem,

2034 2443 2119 2497 vel
2146 2441 2214 2497 ad
2245 2442 2484 2498 subsidia
2513 2443 2636 2499 vitae
2656 2484 2672 2510 ,
2703 2442 2792 2498 vel
2821 2442 2889 2498 ad
2917 2442 3244 2514 voluptatem
3267 2485 3282 2510 ,
3319 2443 3412 2500 vel
3443 2442 3522 2498 ad
3553 2443 3667 2516 glo-

2035 2535 2194 2590 riam.
2220 2534 2337 2591 Non
2363 2547 2447 2592 est
2468 2535 2632 2608 igitur
2657 2551 2928 2592 summum
2957 2535 3156 2592 bonum
3177 2579 3192 2603 ,
3215 2537 3362 2609 quod
3392 2552 3514 2592 non
3541 2553 3664 2608 pro-

2035 2637 2156 2698 pter
2176 2642 2236 2684 se
2259 2629 2553 2699 expetitur.
2582 2629 2724 2697 Quid
2749 2644 2880 2702 ergo
2902 2631 3126 2687 interest
3159 2640 3335 2686 tttrum
3369 2631 3664 2688 scientiam

2036 2739 2304 2778 summum
2328 2723 2530 2779 bonum
2557 2733 2807 2794 putemus
2829 2766 2844 2792 ,
2869 2740 2936 2779 an
2969 2726 3060 2780 illa
3085 2726 3200 2798 ipsa
3223 2769 3237 2795 ,
3267 2741 3394 2797 quae
3420 2727 3663 2782 scientia

2034 2831 2125 2885 ει,
2147 2831 2207 2872 se
2252 2816 2427 2886 parit,
2452 2815 2505 2871 id
2531 2826 2651 2884 est,
2687 2817 2890 2874 victum
2914 2859 2931 2883 ,
2963 2817 3192 2889 gloriam
3213 2860 3230 2888 ,
3263 2818 3618 2890 voluptatem
3646 2823 3666 2872 ἲ

2034 2927 2155 2982 quae
2172 2926 2279 2966 non
2299 2920 2424 2966 sunt
2453 2911 2656 2967 homini
2679 2913 2928 2984 propria,
2953 2921 3011 2970 et
3037 2913 3160 2970 ideo
3191 2929 3260 2970 ne
3289 2930 3519 2970 summa
3545 2915 3664 2986 qui-

2034 3004 2158 3061 dem
2198 3005 2360 3060 bona.
2389 3003 2523 3060 Nam
2550 3005 2842 3076 voluptatis
2865 3013 2923 3062 et
2950 3006 3124 3062 victus
3175 3007 3503 3079 appetentia
3561 3024 3663 3062 non

2036 3097 2236 3154 homini
2267 3098 2461 3162 solum,
2495 3098 2588 3154 sed
2618 3098 2780 3154 etiam
2810 3099 2973 3154 mutis
3005 3101 3166 3156 inest.
3213 3099 3352 3169 Quid
3384 3100 3666 3170 cupiditas

331 3195 582 3260 possunt.
639 3186 772 3242 Item
797 3229 811 3252 ,
865 3201 986 3257 quae
1035 3187 1312 3256 appellant
1341 3187 1570 3245 fortuna:
1596 3191 1735 3248 bona
1761 3211 1775 3257 ;
1810 3209 1933 3249 nam
1960 3181 2006 3245 C
2038 3192 2267 3265 gloriae?
2293 3209 2474 3249 nonne
2503 3193 2556 3247 in
2584 3193 2739 3264 equis
2760 3191 3192 3266 deprehenditur
3214 3235 3230 3264 ,
3259 3209 3386 3250 cum
3417 3194 3666 3251 victores

332 3283 473 3338 sicut
521 3277 727 3336 homini
781 3277 974 3350 opibus
1027 3279 1094 3334 ad
1148 3280 1311 3335 vitam
1380 3283 1668 3356 tuendam,
1726 3286 1799 3343 ita
1830 3287 1935 3344 illis

2043 3286 2324 3354 exultant,
2351 3285 2480 3343 victi
2505 3284 2739 3342 dolent?

1703 3423 1791 3477 VA
1802 3419 2065 3480 BIORUM
2104 3414 2340 3476 NOTAE.

338 3559 606 3630 libidinis.
629 3557 858 3630 Siccos
885 3555 1162 3630 conjungit
1185 3555 1376 3612 Petrus
1403 3557 1447 3614 Il
1484 3559 1680 3630 Epist.,
1725 3577 1844 3629 cap.
1875 3579 1930 3627 ιι,

335 3634 442 3700 9-2,
484 3647 548 3686 ac
569 3629 820 3704 Virgilius
859 3643 1047 3683 canem
1092 3627 1405 3685 obscaenum
1453 3627 1643 3700 vocat;
1669 3627 1744 3690 iet
1779 3627 1936 3704 juxta

339 3704 646 3769 Horatium,
678 3701 843 3754 antica
870 3704 977 3754 luto
1007 3717 1112 3754 sua.

414 3793 536 3849 Non
578 3795 731 3864 plane
758 3792 1225 3865 peripateticorum.
1279 3794 1446 3850 Janus
1493 3797 1823 3865 Guillielmi,
1882 3801 1935 3856 in

337 3877 530 3941 qumst.
555 3863 827 3941 adPlaut.
869 3863 1150 3929 Nemeen,
1181 3881 1298 3935 cap.
1333 3873 1366 3922 4
1387 3911 1401 3932 ,
1436 3878 1586 3941 putat
1617 3863 1896 3941 legendum
1918 3914 1932 3938 ,

339 3936 496 4010 ῥιαηο
533 3936 1013 4012 peripateticorum;
1047 3946 1103 4012 ut
1131 3951 1278 4012 nova
1319 3936 1715 4012 com—positione
1758 3936 1934 4012 verbi,

340 4006 758 4064 inconstantiam
787 4006 1115 4070 disserendi,
1147 4019 1200 4062 et
1237 4009 1399 4063 simul
1432 4006 1719 4066 érraticam
1751 4006 1942 4068 ambul

340 4081 598 4136 lationem
618 4078 1083 4151 Aristotelieorum
1100 4078 1712 4151 Lactantinsexagitarit
1745 4102 1757 4138 :
1787 4101 1941 4140 erro-

342 4166 444 4208 nes
469 4151 612 4206 enim
657 4149 844 4219 planos
876 4148 979 4204 dici
1011 4162 1198 4204 notum
1231 4159 1333 4204 est.
1367 4148 1552 4206 lsgusi

421 4245 526 4302 Sed
565 4245 882 4299 clinicorum.
927 4244 1022 4298 Ms.
1073 4243 1421 4314 Clynicorum.
1462 4245 1610 4302 Nihil
1639 4250 1781 4304 enim
1819 4268 1942 4308 cer-

347 4318 476 4382 tius,
501 4331 660 4394 quam
684 4316 964 4394 reliquisse
995 4316 1254 4394 Lactant:
1273 4315 1583 4394 Clinicornm
1608 4321 1943 4394 philosopho-

348 4405 480 4442 rum.
497 4387 749 4461 _Clinicos
772 4387 1126 4461 philosophos
1155 4387 1554 4461 ridiculedicit,
1575 4387 1942 4461 aegrOtos'lec-

347 4461 418 4515 tis
456 4457 646 4514 afﬁxus
667 4500 682 4526 ,
714 4468 765 4512 et
814 4458 883 4512 de
927 4457 1222 4532 valentium
1255 4459 1360 4512 vita
1393 4459 1548 4532 beata
1581 4457 1917 4532 disputantes

347 4547 408 4587 ea
442 4547 561 4601 qua:
585 4545 822 4598 praesens
853 4529 1115 4601 aegritudo
1159 4528 1326 4601 dictat
1357 4547 1369 4582 :
1407 4528 1746 4591 alludens'ad
1782 4528 1938 4597 clini-Z

348 4599 754 4681 cos—medicos,
792 4615 882 4668 qut
913 4614 977 4681 ex
1019 4599 1359 4679 Hippocratis
1398 4605 1739 4681 seetalectos
1768 4627 1938 4681 ωεξτο-

348 4683 526 4728 torum
575 4671 849 4742 ambiunt,
907 4679 962 4723 et
1011 4671 1316 4742 curationes
1356 4675 1728 4741 pnescribunt.
1775 4671 1936 4742 Jluus

349 4745 656 4801 (ἶῐιιιιειιιι,
679 4773 749 4783 -—-
771 4740 920 4824 Hanc
948 4739 1382 4824 eritetidati_otietn
1413 4754 1466 4824 _ct
1495 4763 1594 4824 nos
1621 4739 1932 4824 probamus,

348 4831 411 4869 ac
434 4826 631 4886 praeter
649 4827 807 4881 supra
837 4811 1111 4886 laudatum
1131 4812 1394 4880 codicem,
1417 4817 1486 4871 ita
1511 4811 1693 4876 haberi
1723 4828 1856 4880 scito
1882 4811 1935 4885 in

347 4888 386 4968 ξ
412 4881 859 4968 Regiis'qnoru'm
894 4881 1154 4968 duonsunt
1184 4888 1586 4968 ξίθιιιδιξξξὶιηίζ
1590 4893 1640 4945 in
1677 4894 1710 4948 2
1751 4881 1932 4968 Coll);

346 4952 538 5034 Cane;
791 4952 1157 5034 _l‘.ips..-Pa‘l.,.
1182 4956 1520 5034 Em.,_Ul_tr..
1552 4952 1741 5034 Bruu.,
1775 4952 1932 5025 item:

351 5044 457 5098 que
487 5029 538 5080 in
576 5025 754 5101 aliis!
791 5023 946 5101 Regi.
970 5025 1003 5101 ⁸1
1047 5025 1197 5080 Colb.
1224 5037 1278 5101 et
1321 5030 1372 5095 1,
1411 5032 1671 5101 Clarom.;
1700 5023 1751 5092 in
1787 5023 1935 5098 his—5

345 5093 637 5172 postremis
663 5093 1073 5172 videturnfuisse
1104 5113 1130 5150 a
1163 5100 1328 5167 prima
1359 5093 1532 5159 manu
1551 5149 1566 5172 ,
1595 5093 1932 5170 (ΙΙὶιιὶεοιοιῙιιῇ

346 5166 475 5224 Mss.
497 5167 705 5240 Navttt‘.
729 5175 783 5220 et
810 5168 833 5220 1
877 5166 1112 5240 Clarum.
1144 5166 1173 5224 a
1206 5173 1442 5228 secunda
1480 5166 1639 5233 manu
1688 5166 1936 5240 Etlmico;

345 5255 506 5303 rum;
532 5252 632 5294 ms.
660 5237 869 5301 Marm.,
896 5235 1551 5319 Q/iinicoram,‘mendose,
1580 5267 1675 5319 pro
1705 5235 1930 5310 Clinico-

346 5327 491 5386 rum,
518 5323 640 5386 qua:
666 5319 748 5386 est
777 5311 1209 5386 genuinalectio.
1235 5314 1444 5386 Quippe
1468 5311 1779 5379 Laclantius
1799 5329 1929 5383 Stlb-

891 5398 988 5471 non
1007 5380 1279 5471 intelligat,
1307 5380 1600 5471 ab'regrolis
1624 5404 1669 5471 et
1688 5396 1745 5471 in
1761 5380 1930 5471 aliqua

348 5454 526 5507 dolore
550 5453 751 5538 positis“
769 5469 873 5538 esse
895 5453 1006 5538 ’ρος
1036 5456 1367 5538 disputatum:
1414 5453 1502 5515 Sic
1530 5465 1668 5532 apud
1707 5453 1928 5538 Cypria;

347 5523 752 5604 num_epi_st._69
769 5564 782 5588 ,
809 5524 874 5577 ad
894 5523 1137 5604 Magnum
1158 5543 1178 5604 _:
1208 5523 1710 5604 {vannum-rogentur
1734 5523 1929 5596 tilium-

342 5612 407 5680 ne
431 5595 602 5680 clinici
620 5597 730 5680 sint
749 5635 764 5657 ,
793 5612 860 5680 an
905 5597 1250 5680 peripatetici;
1272 5600 1326 5652 id
1357 5595 1626 5680 calvitium
1653 5595 1927 5680 disputari-

345 5676 418 5752 tes
452 5666 716 5752 ambulent
751 5675 805 5718 ut
835 5668 1155 5752 peripatetici
1176 5680 1305 5752 ,Ιαιιι
1349 5675 1498 5752 stoici
1524 5679 1612 5752 qui
1639 5680 1691 5734 in
1727 5666 1928 5752 porticu

339 5737 565 5822 solebant
595 5738 843 5822 disserere
863 5755 882 5803 ;
912 5739 1319 5822 anndecuntt‘bant
1343 5744 1396 5797 in
1443 5737 1582 5804 lectis
1628 5737 1926 5822 grauissimo

335 5810 511 5873 morbo
540 5809 850 5881 laborantes,
873 5817 928 5864 ut
953 5808 1144 5867 clinici.
1169 5811 1417 5874 Cumcus
1437 5821 1582 5880 enim
1604 5808 1733 5882 voca
1746 5808 1922 5900 batur,

2040 3558 2132 3635 qui
2153 3557 2272 3635 sine
2293 3557 2405 3613 ulla
2454 3557 2646 3635 salutis
2671 3573 2768 3630 spe
2783 3559 2852 3617 de
2876 3559 3018 3619 lecto
3042 3576 3265 3635 surgere
3285 3576 3396 3618 non
3417 3571 3661 3634 poterat

2041 3631 2495 3704 Qumdamtagmen
2513 3630 2803 3704 editiones,
2821 3643 2983 3704 atque
3001 3630 3245 3690 inter'eas
3259 3630 3464 3690 Colon.
3502 3637 3660 3702 15M,

2042 3700 2789 3777 Betul._1565,_'l‘_orn.1567,
2825 3700 3013 3776 legunt
3036 3705 3362 3777 .Cynicorum
3408 3707 3551 3763 loco
3582 3700 3664 3762 vo;

2040 3773 2184 3829 culae
2224 3772 2378 3827 istius
2407 3773 2743 3829 Clinicorum.

2117 3843 2316 3923 Prwter
2340 3845 2501 3923 quod.
2535 3845 2885 3923 Heumannus
2913 3846 3061 3919 legit,
3087 3858 3432 3921 praeterquam
3492 3854 3659 3923 quod,

2039 3916 2196 3986 juxta
2228 3915 2520 3971 editionem
2557 3915 2717 3972 1497.

2041 4008 2086 4055 ζμ
2118 3987 2264 4060 Quis.
2295 3987 2532 4058 Reposui
2564 4003 2633 4044 ex
2660 4004 2791 4046 mss.
2827 3997 2882 4046 et
2916 3991 2952 4046 4
2990 3999 3098 4048 vet.
3127 3992 3324 4060 editis;
3349 3993 3405 4050 in
3438 3997 3663 4053 caeteris

2048 4058 2280 4129 vulgatis
2307 4069 2411 4122 est,
2443 4061 2547 4129 qui.

2122 4127 2188 4182 Et
2226 4127 2466 4208 acceptis;
2499 4132 2787 4208 Ex_multis
2809 4133 3199 4208 antiquioribus
3237 4145 3292 4192 et
3346 4138 3664 4208 potioribus

2048 4213 2180 4281 mss.
2216 4201 2409 4281 addidi
2435 4204 2681 4259 voculam
2735 4214 2801 4274 et,
2834 4201 2954 4278 qusi
2989 4201 3382 4265 recentioribus
3420 4224 3664 4281 quatuor

2047 4271 2277 4341 vulgatis
2301 4273 2472 4329 deest.

2122 4342 2436 4426 lndolgntia.
2467 4345 2588 4402 Vox
2611 4346 2887 4426 Ciceronis
2913 4363 3029 4426 aevo
3051 4365 3158 4426 non
3180 4359 3422 4422 recepta,
3455 4355 3538 4411 ab
3558 4356 3664 4426 ipso

2048 4422 2227 4495 tamen
2269 4415 2445 4495 '_l‘u|lio
2491 4429 2761 4495 usurpata,
2787 4420 2878 4477 lib.
2911 4425 2945 4476 it
2980 4422 3050 4478 de
3085 4421 3232 4490 Fin.,
3264 4415 3385 4495 cap.
3412 4415 3480 4493 4,
3515 4415 3662 4483 ρι’άε

1923 4513 1938 4540 ι
1966 4503 2020 4566 D
2046 4484 2249 4566 Ofliciis
2279 4487 2315 4542 ι.
2348 4502 2438 4566 tn_,
2463 4503 2515 4566 c_.
2545 4491 2600 4566 5_.

2122 4558 2340 4636 Sicut...
2363 4561 2456 4636 sic:
2478 4560 2716 4636 Reddidi
2729 4562 2924 4636 sicut...
2945 4565 3018 4620 sic
3037 4579 3100 4621 ex
3124 4564 3283 4631 Bon.,
3306 4564 3443 4621 Tax.
3460 4613 3478 4636 ,
3503 4570 3658 4631 Pen..

2045 4627 2210 4710 Ultra,
2243 4629 2460 4710 Lips.‘_2_
2482 4674 2496 4696 ,
2531 4633 2584 4687 5.
2620 4635 2753 4710 Quia
2781 4627 3302 4710 hzecparticularum
3331 4627 3661 4710 consecutio

2043 4702 2242 4764 rarior,
2271 4718 2364 4772 pro
2393 4702 2505 4765 Sic.
2531 4706 2710 4759 nouus
2732 4705 2803 4760 ita
2828 4702 2956 4762 editi
2979 4709 3387 4763 substituerant.
3417 4709 3661 4769 Lactan-

2044 4775 2150 4826 tius
2183 4772 2218 4826 l.
2254 4789 2324 4840 ιι,
2349 4789 2468 4844 cap.
2498 4774 2532 4829 9
2563 4792 2577 4829 :
2612 4775 2758 4831 Sicut
2785 4777 2878 4832 tua:
2912 4779 3206 4835 Orientis...
3236 4781 3309 4835 sic
3354 4779 3661 4839 Occidentis

2043 4844 2283 4911 tenebrae;
2335 4845 2371 4898 Ι.
2423 4862 2518 4911 ιιι,
2561 4863 2678 4918 cap.
2706 4848 2956 4905 4:8icut
2993 4852 3196 4905 tollit...
3244 4853 3385 4906 sic...
3413 4858 3657 4912 tollitur.

3129 4923 3410 4980 Bessum.

2110 4984 2385 5066 Zenonem.
2413 4988 2489 5045 De
2527 5006 2633 5066 quo
2659 4991 2778 5066 vide
2803 4993 2948 5064 apud
2985 4991 3098 5049 Cic.
3128 4994 3225 5049 lib.
3256 5011 3308 5050 tv
3335 4995 3405 5051 de
3435 4996 3658 5066 Finib.,

2039 5053 2219 5112 Laert.
2251 5059 2303 5114 itt
2326 5060 2526 5115 Zenon.
2547 5053 2788 5118 'Cittiu-o.

2113 5126 2180 5212 in
2231 5131 2318 5212 iis
2353 5135 2538 5212 ontqian
2555 5134 3021 5212 deprehenduntur.
3060 5135 3380 5212 _Ita_restit_tti
3410 5153 3487 5194 ex
3528 5157 3652 5198 mss.

2037 5203 2426 5280 antiqltissimis
2446 5205 2480 5258 2
2504 5203 2671 5280 Beg._,
2703 5209 2727 5260 1
2777 5206 2937 5280 Βριιε.
2969 5208 3004 5262 2
3025 5208 3094 5262 al.
3127 5207 3285 5280 Reg,
3306 5209 3490 5279 Lips.,
3518 5213 3652 5276 PaL,

2038 5268 2150 5352 ed._
2176 5269 2400 5352 Tun-es.
2425 5291 2494 5352 _a_c
2518 5268 2784 5352 Soubron.
2822 5279 2878 5333 In
2903 5279 2936 5335 9
2963 5294 3074 5334 ree.
3117 5268 3331 5350 scriptis
3374 5268 3432 5338 et
3470 5268 3534 5339 in
3565 5268 3655 5341 ex;

2036 5346 2183 5396 cusis
2209 5353 2310 5410 est,
2341 5346 2393 5399 in
2415 5347 2494 5401 Itis
2523 5349 2772 5403 omnibus.

2110 5411 2237 5496 Quae
2288 5417 2402 5487 ipsa
2447 5419 2502 5471 in
2556 5419 2776 5496 deterius
2814 5433 3114 5496 prona_est.
3143 5421 3367 5480 Correxi
3394 5442 3562 5493 qum,
3597 5445 3652 5484 ex

2035 5493 2244 5566 eunetis
2299 5503 2428 5542 mss.
2479 5502 2682 5566 prteter
2734 5495 2767 5548 5
2805 5493 2955 5561 Jun.,
2985 5493 3117 5550 Tax.
3139 5536 3155 5561 ,
3187 5496 3314 5551 Pen.
3347 5509 3405 5552 et
3425 5500 3576 5554 edit.
3607 5505 3650 5554 in

2034 5557 2226 5630 quibus
2253 5567 2337 5630 est
2361 5600 2374 5620 ,
2403 5557 2542 5630 quia.

2120 5625 2238 5700 Vel.
2275 5625 2511 5700 Reposui
2543 5649 2611 5688 ex
2653 5635 2906 5692 omnibus
2932 5651 3063 5692 mss.
3095 5646 3150 5692 et
3171 5639 3459 5694 veteribus
3489 5643 3649 5698 editis

2035 5695 2455 5779 Rom.,Tor_ries_.
2476 5720 2538 5760 ac
2561 5705 2831 5764 Soubron.
2858 5707 3050 5764 Cameri
3069 5708 3265 5779 vulgati
3287 5711 3472 5766 haben
3483 5695 3525 5778 ιζ
3536 5695 3642 5769 Eia;

2111 5769 2217 5858 Sed
2268 5776 2723 5858 scientiaitt,uelc.
2774 5780 3062 5858 [demoveth
3099 5769 3283 5858 “Erilli
3310 5769 3525 5858 dogma
3560 5801 3649 5858 per

2038 5853 2255 5900 causam
2307 5845 2544 5906 ﬁnalem.
2575 5849 2708 5906 Nam
2752 5852 2795 5908 si
2827 5852 2894 5908 ad
2925 5851 3159 5910 studium
3189 5845 3413 5925 aliquod
3443 5845 3646 5915 hon'cs-
