3770 6264
125 342 216 398 569

229 448 401 503 Tantus
419 460 553 498 amor
575 447 791 510 laudum,
815 451 964 500 tautae
983 454 1062 501 est
1083 450 1293 502 victoria
1317 463 1466 502 curae.

121 583 216 642 Nec
240 577 499 636 immerito
527 592 772 635 summus
808 587 968 650 poeta
1017 579 1401 652 experiendum
1432 597 1555 640 esse
1578 584 1685 653 ait,

225 715 283 768 Et
303 715 412 779 quis
433 715 615 778 cuique
636 713 776 764 dolor
798 717 946 777 victo,
962 729 1073 780 qua:
1090 716 1250 779 gloria
1275 717 1468 782 palmte.

115 842 248 916 Quod
270 841 313 896 si
332 856 393 897 ea
410 880 425 907 ,
449 855 568 912 quat
589 841 728 912 parit
755 842 980 898 scientia
1001 886 1016 911 ,
1046 845 1352 900 communia
1390 854 1518 901 sunt
1563 862 1687 903 cum

112 938 216 994 aliis
263 933 610 1003 animalibus,
669 948 777 990 non
833 945 918 991 est
970 951 1100 1007 ergo
1155 951 1425 992 summum
1486 939 1688 995 bonum

110 1027 330 1087 scientia.
380 1025 650 1082 Praeterea
702 1042 809 1082 non
859 1028 1134 1084 mediocre
1172 1029 1333 1100 hujus
1360 1029 1689 1087 deﬁnitionis

109 1131 180 1178 est
194 1119 371 1175 vitium
399 1118 541 1190 quod
563 1120 785 1176 scientia
814 1119 952 1176 nuda
984 1121 1224 1191 ponitur.
1251 1121 1514 1193 Incipient
1541 1124 1685 1180 enim

106 1216 230 1273 beati
251 1229 438 1271 inanes
465 1215 660 1281 videri,
687 1217 776 1288 qui
805 1226 977 1272 artem
1002 1217 1234 1287 aliquam
1259 1219 1502 1285 scierint,
1521 1219 1688 1274 immo

105 1324 217 1366 vero
261 1299 352 1380 qui
403 1319 457 1365 et
508 1323 595 1365 res
649 1310 818 1366 malas
846 1311 1104 1375 scierint;
1139 1319 1198 1365 ut
1225 1322 1331 1365 tam
1361 1312 1551 1367 beatus
1580 1312 1684 1381 sit,

101 1404 178 1474 qui
221 1417 427 1458 venena
457 1401 707 1458 didicerit
734 1411 1074 1473 temperare,
1121 1419 1280 1474 quam
1319 1404 1410 1475 qui
1457 1403 1682 1460 mederi.

101 1496 276 1565 Quaero
321 1496 484 1567 igitur
504 1538 519 1563 ,
562 1495 629 1551 ad
675 1511 833 1567 quam
866 1512 980 1553 rem
1011 1497 1239 1553 scientia
1270 1498 1555 1554 referenda
1577 1499 1688 1554 sit?

98 1588 141 1645 Si
179 1587 247 1642 ad
301 1603 495 1645 causas
532 1604 714 1644 rerum
741 1589 1096 1656 naturalium,
1131 1604 1251 1660 quae
1281 1590 1558 1647 beatitudo
1584 1592 1690 1647 erit

97 1679 213 1736 mihi
272 1683 546 1752 proposita
570 1726 583 1750 ,
633 1683 678 1736 si
718 1683 894 1738 sciero
935 1682 1077 1738 unde
1105 1682 1258 1738 Nilus
1295 1684 1500 1739 oriatur
1525 1725 1539 1748 ,
1601 1683 1686 1740 vel

96 1773 340 1846 quidquid
363 1774 432 1831 de
460 1776 600 1832 coelo
629 1776 836 1848 physici
866 1777 1125 1833 delirant?
1148 1777 1308 1844 Quid,
1329 1778 1474 1846 quod
1500 1793 1686 1834 earum

958 335 1164 392 LIBER
1202 335 1288 392 Ill.
1334 335 1426 392 DE
1465 335 1690 394 FALSA
1727 337 2091 399 SAPIENTIA
2131 339 2536 399 PHILOSOPH.

3292 347 3397 405 570

1713 461 1770 521 Α
1793 453 1925 510 illud
1953 454 2153 511 bonum
2173 455 2333 514 facile
2363 458 2636 528 perveniri
2664 468 2872 530 putent.
2907 476 2976 516 an
3002 476 3123 518 cum
3165 462 3400 520 dilﬁeul—

1796 554 1906 604 tate
1933 563 1994 602 ac
2016 548 2201 604 labore
2221 550 2334 604 ?Ex
2348 551 2567 621 pediant
2591 567 2818 609 acumen
2841 569 3019 624 suum,
3049 572 3398 628 erroremque

1792 637 2104 696 defendant.
2141 641 2200 696 Si
2232 641 2389 698 facile
2411 644 2478 699 ad
2498 644 2650 713 illud,
2675 661 2739 700 ac
2767 647 2884 702 sine
2909 646 3096 704 labore
3118 651 3396 718 perveniri

1792 740 1989 802 potest,
2022 747 2292 789 summum
2314 736 2514 791 bonum
2541 753 2646 793 non
2676 747 2779 793 est.
2810 739 2950 806 Quid
2972 741 3114 796 enim
3144 758 3244 799 nos
3265 759 3396 800 cru-

1792 824 2018 892 ciemus,
2044 827 2172 897 quid
2202 830 2575 898 conﬁciamus,
2610 833 2869 889 enitendo
2900 835 3093 892 diebus
3121 845 3177 892 et
3225 842 3399 894 noctis-

1792 921 2393 995 bus?quandoquidem
2443 937 2549 983 tam
2583 929 2638 985 in
2691 941 2940 1001 promptu
2980 933 3034 988 id
3077 934 3219 1004 quod
3245 951 3398 1006 qua:-

1790 1015 1960 1070 rimus
1983 1017 2145 1086 jacet,
2183 1027 2241 1072 ut
2290 1020 2425 1075 illud
2467 1022 2692 1091 quilibet
2747 1026 2865 1079 sine
2903 1025 3008 1080 ulla
3049 1028 3400 1085 contentione

1789 1108 1954 1163 animi
1977 1111 2424 1180 comprehendat.
2450 1113 2557 1169 Sed
2583 1116 2626 1170 si
2655 1130 2943 1173 commune
2963 1134 3177 1190 quoque
3203 1135 3264 1176 ac
3284 1136 3401 1178 me-

1789 1197 1970 1255 diocre
1998 1202 2274 1271 quodlibet
2313 1204 2512 1259 bonum
2547 1222 2656 1261 non
2687 1208 2790 1262 nisi
2843 1209 3030 1265 labore
3057 1212 3400 1283 assequimur

1789 1294 2039 1362 quoniam
2066 1294 2331 1352 bonorum
2362 1305 2554 1353 natura
2587 1301 2640 1354 in
2661 1301 2828 1356 arduo
2856 1303 3029 1372 posita
3083 1315 3186 1369 est,
3223 1306 3398 1361 malo-

1789 1401 1908 1442 rum
1941 1388 1992 1442 in
2019 1389 2307 1458 praecipiti,
2341 1405 2556 1446 summo
2581 1393 2742 1463 igitur
2781 1394 2968 1450 labore
2999 1411 3270 1452 summum
3301 1398 3400 1453 bo—

1791 1497 1918 1535 num
1936 1482 2152 1553 assequi
2171 1499 2395 1540 necesse
2421 1493 2524 1541 est.
2547 1486 2701 1553 Quod
2725 1487 2769 1543 si
2785 1488 3123 1544 verissimum
3142 1500 3246 1559 est,
3266 1506 3400 1563 ergo

1791 1573 1963 1629 altera
2012 1575 2207 1631 virtute
2235 1591 2370 1646 opus
2400 1586 2503 1644 est,
2534 1586 2594 1633 ut
2636 1579 3014 1650 perveniamus
3041 1582 3107 1637 ad
3139 1597 3259 1638 eam
3289 1584 3401 1639 vir-

1792 1674 1958 1723 tutem
1981 1685 2100 1740 quae
2129 1670 2323 1725 dicitur
2353 1687 2624 1727 summum
2655 1673 2888 1733 bonum:
2912 1675 3054 1745 quod
3093 1685 3176 1732 est
3202 1677 3393 1732 incon-

1788 1775 1988 1830 gruens
2013 1804 2027 1830 ,
2060 1771 2117 1818 et
2151 1763 2442 1819 absurdum
2469 1808 2485 1832 ,
2517 1775 2574 1820 ut
2594 1767 2767 1821 virtus
2814 1782 2908 1836 per
2937 1768 3170 1836 seipsam
3205 1784 3394 1838 perve-

95 1883 258 1924 mum
286 1882 394 1922 ηοη
422 1877 504 1923 εει
529 1869 753 1926 scientia
784 1913 798 1938 ,
829 1870 926 1925 sed
951 1871 1190 1940 opinatio
1210 1910 1226 1937 ν
1253 1886 1374 1942 qum
1405 1887 1502 1941 pro
1527 1872 1682 1942 inge.
1713 1866 1762 1926 Β
1789 1853 1903 1908 niat
1927 1856 1994 1910 ad
2023 1855 2278 1926 seipsam.
2308 1856 2363 1912 Si
2393 1873 2500 1912 non
2536 1866 2714 1927 potest
2743 1857 2812 1912 ad
2841 1859 3008 1912 ullum
3041 1859 3241 1913 bonum
3285 1860 3393 1914 nisi

95 1962 181 2016 niis
229 1959 376 2014 varia
407 1969 508 2014 est.
540 1959 728 2016 Restat
769 1970 827 2016 ut
864 1962 1089 2017 scientia
1125 1962 1389 2017 bonorum
1421 1977 1484 2018 ac
1509 1963 1679 2018 malo-

96 2068 200 2109 rum
222 2067 488 2108 summum
512 2052 710 2108 bonum
738 2053 828 2108 sit.
859 2051 969 2108 Cur
988 2068 1118 2124 ergo
1147 2054 1425 2110 scientiam
1452 2055 1674 2124 maluit,

94 2163 233 2218 quam
266 2148 438 2218 ipsam
461 2147 782 2216 sapientiam
804 2162 1074 2203 summum
1093 2147 1291 2202 bonum
1320 2147 1523 2215 dicere,
1551 2163 1674 2203 eum

95 2241 156 2296 sit
178 2239 451 2309 utriusque
476 2238 795 2310 signiﬁcatio
818 2249 892 2298 :ct
929 2239 1009 2296 vis
1030 2239 1216 2296 eadem
1247 2240 1270 2294 Τ
1295 2238 1465 2296 Nemo
1495 2251 1675 2297 tamen

93 2347 242 2402 usque
268 2328 449 2385 adhuc
471 2345 741 2386 summum
771 2331 974 2387 bonum
1016 2331 1148 2387 dixit
1169 2347 1290 2388 esse
1315 2332 1633 2401 sapientiam
1654 2377 1669 2402 ,

91 2422 216 2495 quod
243 2421 439 2478 melius
461 2423 567 2479 dici
592 2425 786 2495 potuit.
829 2424 964 2480 Nam
993 2426 1215 2482 scientia
1264 2441 1453 2497 parum
1496 2437 1580 2483 est
1604 2429 1672 2484 ad

90 2516 270 2573 bonum
295 2515 704 2587 suscipiendum
732 2559 746 2582 ,
777 2517 1084 2588 malumque
1111 2516 1424 2588 fugiendum
1452 2518 1553 2573 nisi
1576 2532 1670 2574 ac-

90 2609 227 2666 cedat
273 2616 325 2664 et
362 2611 567 2665 virtus.
593 2609 741 2664 Multi
763 2610 906 2666 enim
940 2610 1383 2681 philosophorum
1410 2656 1424 2679 ,
1456 2627 1579 2667 cum
1605 2611 1676 2669 de

93 2703 230 2759 bonis
257 2745 271 2770 ,
296 2702 570 2774 malisque
595 2702 962 2772 dissererent,
993 2704 1152 2761 aliter
1177 2714 1388 2772 tamen',
1411 2721 1572 2776 quam
1597 2705 1676 2761 lo-

99 2795 371 2867 quebantur
396 2837 411 2862 ,
476 2805 670 2850 natura
713 2808 969 2868 cogente,
1020 2799 1291 2864 vixerunt,
1328 2796 1449 2867 quia
1483 2798 1679 2853 virtute

53 2935 68 2956 ,
101 2896 379 2944 caruerunt.
433 2886 621 2944 Virtus
652 2897 832 2945 autem
861 2903 984 2946 cum
1031 2889 1257 2946 scientia
1286 2888 1573 2960 conjuncta
1597 2898 1683 2947 est

103 2979 358 3050 sapientia.
1637 2967 1640 2969 ’

161 3092 404 3164 Superest
435 3101 499 3148 ut
535 3107 631 3149 eos
660 3094 823 3151 etiam
855 3092 1165 3151 refellamus
1195 3097 1286 3169 qui
1317 3097 1569 3154 virtutem
1601 3099 1683 3169 ip-

101 3200 199 3241 sam
223 3201 495 3243 summum
520 3189 722 3245 bonum
782 3197 1126 3260 putaverunt,
1187 3191 1241 3245 in
1265 3206 1367 3262 qua
1421 3194 1679 3263 opinione

103 3281 242 3336 etiam
263 3281 329 3337 Μ.
355 3281 572 3338 Tullius
601 3281 734 3348 fuit;
787 3282 841 3338 in
890 3299 996 3352 quo
1015 3285 1241 3339 multum
1290 3286 1677 3346 inconsiderati

106 3372 311 3432 fuerunt.
338 3376 457 3432 Non
491 3376 638 3432 enim
663 3377 838 3432 virtus
884 3377 999 3448 ipsa
1027 3388 1110 3434 est
1152 3395 1422 3437 summum
1452 3383 1675 3452 bonum,

105 3468 185 3523 sed
217 3469 450 3526 eil'eetrix
478 3481 536 3526 et
561 3481 735 3527 mater
761 3479 846 3527 est
861 3472 1055 3527 summi
1087 3473 1246 3540 boni;
1280 3477 1533 3547 quoniam
1557 3495 1680 3551 per-

105 3562 253 3616 veniri
273 3562 334 3617 ad
363 3563 504 3619 illud
535 3563 652 3619 sine
685 3563 879 3618 virtute
909 3579 1015 3620 non
1044 3577 1244 3636 potest.
1268 3567 1570 3642 Utrumque
1593 3573 1678 3627 iu-

108 3653 293 3711 tellcctu
308 3665 387 3712 est
401 3655 584 3714 facile.
603 3655 798 3724 Quaero
814 3658 981 3726 enim,
1006 3669 1259 3716 utrumne
1276 3660 1341 3716 ad
1359 3663 1680 3732 praeclarum

1788 1962 1886 2016 per
1929 1948 2170 2004 laborem
2211 1950 2515 2019 perveniri,
2543 1960 2769 2020 apparet
2807 1959 3065 2006 Virtutem
3092 1966 3244 2019 esse,
3294 1968 3395 2023 per

1781 2052 1944 2109 quam
1988 2041 2363 2110 perveniatur;
2405 2042 2662 2112 quoniam
2713 2042 2765 2096 in
2815 2043 3176 2114 suscipiendis
3216 2045 3396 2116 perfe-

1781 2129 2071 2202 rendisque
2091 2132 2390 2200 laboribus,
2415 2134 2499 2189 vis
2520 2132 2869 2207 ofﬁciumque
2895 2136 3114 2193 virtutis
3140 2148 3243 2194 est.

1852 2267 1995 2340 Ergo
2015 2284 2283 2326 summum
2302 2272 2502 2328 bonum
2531 2288 2637 2328 non
2666 2283 2844 2344 potest
2873 2291 2994 2332 esse
3018 2277 3088 2342 id,
3119 2293 3214 2347 per
3240 2279 3389 2350 quod

1776 2375 2002 2417 necesse
2031 2371 2118 2418 est
2146 2364 2215 2419 ad
2236 2365 2384 2420 aliud
2433 2367 2729 2436 perveniri.
2758 2368 2866 2424 Sed
2898 2369 2995 2435 illi,
3026 2385 3148 2426 cum
3180 2372 3399 2443 ignora-

1774 2461 1897 2508 rent
1922 2454 2049 2524 quid
2077 2457 2317 2512 efﬁceret
2344 2458 2769 2530 virtus,autquo
2805 2461 3079 2528 tenderet,
3113 2463 3396 2522 honestius

1785 2555 1966 2601 autem
1995 2548 2130 2602 nihil
2160 2549 2484 2619 reperirent,
2511 2552 2870 2608 substiterunt
2895 2554 2947 2607 in
2981 2554 3150 2624 ipsius
3177 2557 3392 2613 virtutis

1779 2635 2020 2707 nomine,
2051 2656 2211 2710 quam
2229 2642 2377 2696 nullo
2405 2643 2684 2712 proposito
2709 2645 3104 2712 emolumento,
3127 2657 3392 2719 appeten—

1779 2733 1903 2789 dam
1925 2749 2048 2789 esse
2070 2732 2343 2803 dixerunt,
2374 2745 2429 2791 et
2452 2737 2652 2791 bonum
2677 2736 2780 2791 sibi
2795 2739 3218 2808 constituerunt,
3244 2745 3393 2813 quod

1787 2826 1931 2882 bono
1960 2826 2244 2898 indigeret.
2273 2828 2595 2885 Aristoteles
2620 2829 2775 2884 abiis
2808 2845 2913 2884 non
2947 2833 3108 2904 longe
3133 2836 3386 2902 recessit,

1784 2922 1874 2991 qui
1904 2920 2156 2978 virtutem
2175 2937 2296 2977 cum
2328 2921 2610 2978 honestate
2631 2938 2901 2977 summum
2920 2923 3120 2979 bonum
3143 2927 3353 2996 putavit
3377 2944 3394 2984 :

1785 3015 1936 3085 quasi
1967 3015 2135 3085 possit
2161 3016 2263 3070 ulla
2289 3029 2410 3071 esse
2442 3015 2613 3071 virtus
2640 3016 2744 3071 nisi
2792 3017 3042 3083 honesta,
3068 3032 3130 3072 ac
3179 3033 3306 3082 non,
3342 3019 3393 3074 si

1784 3108 1912 3178 quid
1938 3107 2190 3164 habuerit
2221 3109 2593 3180 turpitudinis,
2648 3109 2822 3163 virtus
2860 3123 2982 3164 esse
3016 3108 3250 3166 desinat.
3283 3110 3390 3166 Sed

1781 3200 1915 3256 vidit
1943 3202 2058 3258 ﬁeri
2089 3217 2268 3273 posse,
2287 3210 2345 3256 ut
2371 3201 2440 3257 de
2458 3201 2654 3258 virtute
2681 3215 2846 3272 Pravo
2868 3200 3074 3272 judicio
3098 3203 3242 3258 male
3262 3218 3388 3258 sen-

1782 3295 2058 3364 tiatur;et
2104 3295 2228 3353 ideo
2257 3297 2666 3352 existimatione
2714 3294 2992 3351 hominum
3045 3297 3392 3353 serviendum

1784 3391 2010 3460 putavit,
2027 3392 2171 3460 quod
2194 3392 2282 3462 qui
2307 3390 2453 3458 facit,
2481 3406 2511 3445 a
2533 3399 2684 3448 recto
2704 3390 2955 3459 bonoque
2991 3391 3245 3457 discedit,
3261 3393 3385 3462 quia

1783 3499 1892 3540 non
1924 3493 2007 3540 est
2026 3484 2079 3540 in
2103 3494 2285 3540 nostra
2316 3493 2582 3556 potestate
2615 3493 2674 3538 ut
2701 3485 2876 3539 virtus
2918 3498 3016 3553 pro
3041 3484 3156 3540 suis
3180 3485 3388 3540 meritis

1786 3577 2125 3636 honestetur.
2156 3578 2288 3633 Nam
2319 3579 2445 3650 quid
2484 3586 2568 3632 est
2600 3576 2878 3644 honestas,
2911 3577 3015 3632 nisi
3069 3577 3242 3632 honor
3268 3593 3391 3647 per-
3431 3634 3472 3656 κ

1787 3681 1982 3740 petuus
2011 3671 2076 3725 ad
2109 3671 2344 3742 aliquem
2385 3670 2629 3727 secundo
2679 3669 2864 3742 populi
2892 3685 3112 3725 rumore
3143 3670 3391 3726 delatus?

1472 3779 1836 3842 VARIORUM
1873 3787 2114 3860 NOT/E.

107 3901 200 3967 tum
225 3896 552 3967 applicamus
580 3895 818 3950 animum
843 3937 858 3959 ,
892 3895 975 3950 vel
1006 3910 1189 3964 opum,
1219 3896 1301 3950 vel
1333 3897 1558 3953 honoris
1583 3913 1677 3956 ac-

107 3966 321 4040 quirendi
351 3982 514 4040 causa
536 4009 552 4030 ,
586 3967 668 4040 illi,
698 3967 1077 4040 incumbimus.
1111 3968 1387 4040 Aequisita
1427 3970 1539 4037 jam
1586 3986 1680 4040 per

109 4036 395 4093 industriam
425 4039 570 4093 illius
599 4039 673 4092 rei
701 4039 946 4102 scientia,
977 4053 1084 4092 non
1101 4036 1331 4108 amplius
1353 4036 1550 4108 ﬁnalis,
1583 4036 1678 4096 sed

108 4108 321 4164 eilectrix
349 4110 496 4165 illius
519 4110 599 4166 rei
629 4124 791 4165 causa
823 4108 924 4164 erit
944 4151 959 4178 ,
990 4125 1151 4180 quam
1192 4111 1537 4167 instituimus.
1569 4112 1672 4167 Br:-

111 4194 322 4236 TULEIUS.

171 4270 370 4344 Tantus.
416 4272 647 4329 Carmen
685 4280 769 4326 est
796 4272 1004 4344 Virgilii
1026 4288 1092 4344 ex
1132 4273 1268 4328 libro
1295 4289 1350 4328 ιιι
1383 4273 1632 4344 Georgic.
1655 4317 1671 4342 ,

111 4355 154 4394 τ.
180 4343 289 4407 112,
320 4360 380 4400 ac
405 4359 638 4412 sequens
664 4344 856 4413 legitur
878 4343 1075 4410 v.102,
1107 4344 1208 4416 ubi,
1229 4353 1382 4414 poeta
1413 4343 1675 4416 equorum

111 4428 467 4486 generoswum
493 4426 711 4470 naturas
727 4415 1019 4481 describit;
1050 4430 1153 4486 qua
1181 4415 1250 4472 de
1275 4431 1334 4472 re
1355 4415 1674 4474 extatetiam

113 4482 455 4556 Xenojihontis
485 4487 717 4543 libellus.

173 4575 340 4632 Taan
383 4589 476 4633 est.
519 4579 574 4634 in
601 4594 732 4634 mss.
763 4580 789 4634 1
820 4579 950 4647 Reg.
983 4581 1272 4636 veterrimo
1296 4588 1349 4636 et
1386 4582 1408 4635 1
1443 4579 1678 4637 Clarom.

113 4646 425 4772 :lesideratur
453 4660 556 4718 est;
584 4651 636 4706 in
669 4646 993 4722 Regio-Pet.
1012 4661 1065 4708 ct
1094 4652 1127 4705 7
1155 4652 1276 4708 aliis
1301 4653 1518 4723 scriptis
1549 4654 1683 4725 legi-

137 4735 206 4778 ur.
235 4732 371 4777 tanta
390 4733 482 4778 est.

193 4762 206 4786 ’
235 4762 369 4777 IIIIIC“
390 4762 482 4778 ναι.

173 4814 505 4889 pta/initioab.
535 4816 761 4889 Resritui
785 4831 852 4872 ex
880 4816 1267 4889 antiquissimis
1302 4832 1433 4872 mss.
1464 4818 1500 4871 2
1522 4818 1682 4889 Reg.,

110 4884 141 4960 εξ
167 4886 378 4960 B_unon.,
410 4889 477 4943 16
505 4888 626 4943 aliis
655 4898 712 4942 et
737 4888 770 4944 8
801 4889 958 4943 editis
977 4931 991 4953 ,
1015 4884 1024 4960 ξ
1045 4887 1427 4960 accedentibus
1452 4889 1486 4944 8
1517 4884 1688 4960 scrip-

112 4956 168 5031 tis
196 4956 244 5010 in
273 4959 463 5031 quibus
501 4971 608 5027 est,
638 4959 990 5031 dif/initionis;
1014 4959 1064 5013 in
1093 4975 1198 5013 ms.
1225 4959 1558 5015 Tornesiano
1585 4956 1686 5017 et9

107 5026 362 5101 impresSis
387 5039 470 5083 est
502 5026 880 5101 disputationis.
910 5033 980 5086 At
1021 5041 1169 5086 recte
1199 5032 1543 5086 en‘tendatunt
1575 5043 1681 5101 est,

103 5098 426 5174 deﬁnitionis;
458 5098 594 5174 nam
621 5111 680 5156 ut
719 5113 867 5157 recte
893 5113 1071 5174 innuet
1102 5102 1337 5174 Thomas
1366 5118 1471 5157 non
1510 5098 1687 5174 agitur

100 5183 156 5222 eo
197 5170 303 5245 loci
341 5171 407 5226 de
456 5173 832 5244 disputatione
852 5213 867 5236 ,
894 5173 987 5228 sed
1015 5173 1328 5229 deﬁnitione
1349 5215 1362 5236 ,
1393 5175 1474 5229 vel
1509 5170 1687 5245 potius

96 5243 336 5324 sententia
358 5243 601 5314 eorum,
634 5244 726 5317 qui
758 5245 1305 5317 putabantsummum
1337 5243 1536 5302 bonum
1564 5261 1686 5303 esse

94 5323 368 5369 screnttam.

168 5406 380 5478 Scientia
427 5412 597 5466 nuda.
632 5413 656 5467 1
685 5409 840 5466 Colb.
869 5418 924 5466 et
955 5411 979 5465 1
1010 5411 1200 5478 Brun.,
1232 5412 1387 5466 aude.

177 5475 321 5554 Beati
356 5497 549 5536 omnes.
599 5484 688 5538 Sic
718 5483 927 5537 restitui
968 5498 1033 5538 ex
1075 5475 1461 5554 antiquissimis
1488 5497 1619 5538 mss.
1654 5484 1682 5540 1

118 5545 260 5624 Reg,
282 5549 472 5620 Cauc.,
504 5563 556 5607 et
585 5555 607 5607 l
645 5554 878 5615 Bonon..
906 5555 942 5606 5
967 5554 1038 5608 al.
1073 5545 1230 5624 Regi,
1266 5555 1439 5609 Betul.
1459 5596 1474 5622 ,
1503 5553 1645 5611 Ultr.
1669 5596 1685 5621 ,

117 5618 326 5690 aliisque
379 5618 556 5677 multis
578 5635 630 5680 et
657 5625 815 5679 editis
843 5625 1072 5680 Tornes.
1101 5618 1470 5681 ac'SoubronI
1491 5618 1684 5681 melius

119 5704 263 5760 quam
306 5692 545 5749 beatiores
595 5706 911 5750 cancrorum
948 5714 960 5749 :
999 5696 1084 5748 hic
1112 5698 1252 5750 enim
1278 5738 1292 5760 ,
1340 5705 1398 5749 ut
1441 5708 1587 5751 recte
1615 5699 1690 5752 ait

119 5758 450 5837 Thtitiiasius,
470 5776 651 5837 auctor
673 5777 855 5822 noster
867 5782 973 5821 non
994 5767 1227 5835 loquitur
1245 5758 1313 5819 de
1340 5767 1526 5837 majori
1559 5767 1688 5822 bea-

122 5832 373 5911 titudine;
437 5836 532 5911 sed
582 5838 893 5911 simpliciter
930 5832 1088 5893 docet
1118 5832 1596 5911 necessario'sequi
1623 5853 1690 5894 ex

128 5901 257 5957 illius
289 5907 567 5975 sententia,
594 5901 982 5977 qni'sricntiam
1012 5924 1278 5964 summum
1309 5907 1505 5965 bonum
1527 5901 1685 5981 puta-

1786 3906 1894 3972 bat,
1925 3915 1983 3962 ut
2011 3921 2202 3961 omnes
2227 3905 2318 3975 qui
2339 3906 2575 3975 aliquam
2600 3913 2771 3960 artem
2799 3903 2926 3960 licet
2965 3912 3176 3974 turpem
3204 3905 3383 3962 scive-

1786 3977 1914 4042 rint,
1940 3979 2078 4033 beati
2109 3979 2218 4032 sint
2239 3977 2513 4048 appellati.

1861 4048 2122 4120 Opinatio.
2178 4046 2284 4105 Sicf
2312 4046 2539 4120 reposui
2586 4063 2683 4120 ex,
2709 4046 2961 4120 omnibus
2993 4062 3127 4120 pene
3169 4063 3302 4104 mss.
3330 4058 3387 4106 et

1784 4118 1917 4174 edit.
1976 4119 2134 4176 Rern.
2194 4119 2355 4175 H70.
2405 4119 2494 4175 Sic
2540 4129 2594 4174 et
2637 4119 2764 4173 alibi
2799 4118 2996 4185 passim
3025 4118 3380 4179 Laclantius:

1784 4205 1916 4245 mss.
1947 4192 1982 4246 2
2008 4207 2118 4248 rec.
2151 4201 2205 4246 et
2230 4191 2296 4245 12
2319 4191 2452 4246 edit.
2480 4190 2676 4245 habent
2708 4191 2899 4258 opinio.

1855 4261 2024 4334 Usque
2061 4264 2248 4317 adhuc.
2281 4261 2420 4316 Plin.
2452 4263 2573 4334 l._v._r
2593 4276 2680 4332 ep.
2713 4262 2768 4323 6,
2797 4272 2972 4334 exim;
3008 4262 3177 4332 Usque
3214 4265 3386 4319 adhuc

1783 4345 1915 4389 certe
1941 4332 2254 4389 neminem...
2280 4335 2469 4388 amisit.
2491 4332 2604 4386 Lib.
2632 4348 2686 4398 κ,
2710 4349 2796 4405 ep.
2818 4332 2919 4388 50:
2942 4333 3091 4400 Quod
3111 4351 3266 4406 usque
3287 4337 3383 4390 uda

1784 4407 1886 4460 huc
1910 4407 2121 4475 factum.
2151 4407 2430 4462 BUNEMAN.

1862 4473 1962 4546 Qui
1985 4479 2221 4533 virtutem
2249 4479 2436 4548 ipsum.
2463 4473 2658 4548 Addidi
2705 4490 2875 4548 ip8(_ltl_l
2903 4488 2978 4548 ex_
3000 4488 3103 4529 ms.
3127 4485 3182 4530 et
3224 4477 3382 4532 editis

1708 4543 1980 4607 Dtribns.
2019 4549 2245 4606 Caeteris
2270 4543 2506 4617 vulgatis
2551 4545 2725 4610 deest,
2781 4543 3184 4616 delendumque
3230 4557 3386 4618 putat

1785 4621 2155 4678 lleumannus.

1856 4692 1935 4746 Μ.
1969 4693 2193 4748 Tullius.
2237 4692 2408 4759 Quam
2434 4689 2558 4746 vide
2582 4687 2698 4745 Cic.
2726 4703 2799 4744 vn
2841 4687 3058 4744 Tuscul.
3090 4697 3144 4745 et
3183 4705 3237 4746 ιν
3263 4700 3320 4748 et
3347 4708 3381 4748 v

1784 4764 1851 4821 de
1867 4764 2060 4844 Finib.
2089 4781 2157 4844 ac
2186 4765 2296 4844 t‘de
2322 4763 2509 4844 Legib.
2836 4840 2846 4844 Δ

1858 4834 2288 4906 Compreheudat.
2312 4835 2505 4904 Aptius
2533 4848 2599 4906 ex
2629 4847 2760 4887 mss.
2798 4840 2852 4887 et
2879 4832 3060 4906 editis,
3084 4849 3242 4903 quam
3289 4837 3380 4891 de-

1787 4903 2090 4979 prehendat,
2126 4909 2179 4961 in
2211 4903 2459 4979 vulgatis.
2505 4905 2640 4979 Quia
2693 4903 3161 4979 comprehendere
3210 4909 3381 4979 magis

1784 4975 2019 5035 refertur
2040 4981 2105 5033 ad
2134 4975 2566 5048 intelligentiam,
2599 4975 2667 5030 de
2693 4990 2798 5048 qua
2823 4975 2908 5029 hic
2933 4984 3211 5048 tractatur.

1858 5050 1964 5105 Per
1991 5052 2127 5120 quod
2154 5046 2352 5104 necesse
2374 5059 2445 5102 est
2474 5050 2545 5100 ad
2574 5046 2716 5101 aliud
2747 5047 3019 5120 perveniri.
3066 5047 3146 5120 ita
3175 5049 3379 5104 rectius

1785 5124 1936 5192 legas
1959 5117 2023 5178 cit
2055 5121 2303 5177 omnibus
2318 5135 2470 5192 mss.,
2490 5126 2545 5173 et
2573 5133 2673 5192 sext
2697 5117 2860 5192 editis
2887 5118 3180 5192 codicibus.
3214 5136 3376 5190 quam

1788 5189 1998 5266 propter
2011 5193 2167 5263 quod,
2197 5192 2387 5266 vitiose
2491 5190 2708 5244 cmtet'is
2734 5190 3040 5266 impressis.
3065 5189 3382 5244 Lactantius

1787 5260 1931 5322 enim
1955 5260 2190 5334 loquitur
2207 5263 2276 5316 de
2300 5261 2475 5316 medio
2502 5276 2592 5327 per
2606 5261 2744 5334 quod
2772 5260 3114 5334 pervenitu_r;
3143 5269 3197 5313 et
3216 5275 3380 5334 supra

1789 5326 2143 5404 dixerat,'per
2173 5333 2417 5395 laborem,
2468 5326 2558 5404 per
2605 5326 2858 5404 uirtutem,
2887 5338 2991 5404 etc.
3046 5326 3105 5381 ln
3159 5331 3378 5404 scriptis

1789 5408 2026 5477 quinque
2053 5399 2166 5462 rec.
2189 5413 2272 5460 est
2300 5404 2368 5458 ad
2396 5399 2528 5460 illud
2545 5418 2642 5474 pro
2667 5402 2736 5456 ad
2758 5400 2900 5456 aliud
2927 5407 3267 5454 caeterorum.
3293 5399 3377 5454 Ea:

1789 5477 1946 5534 iss-to.

1863 5549 2143 5622 Indigeret.
2198 5549 2287 5606 Sic
2317 5548 2566 5622 plerique
2593 5559 2731 5622 mss.
2755 5559 2880 5622 cum
2923 5543 3052 5599 edit.
3102 5542 3377 5613 Gymnic.,

1791 5616 2046 5685 Tornes.,
2073 5631 2128 5676 et
2155 5616 2373 5691 antiqua
2407 5620 2663 5691 Vet'sione
2693 5616 2914 5691 Gallica,
2944 5624 2989 5668 et
3009 5630 3061 5668 se
3087 5624 3200 5691 sont
3227 5630 3379 5665 cons-

1792 5695 1942 5747 lilués
1965 5710 2028 5747 en
2046 5710 2113 5745 un
2137 5693 2247 5746 bien
2267 5685 2353 5755 qui
2374 5707 2432 5743 en
2455 5691 2587 5742 avuit
2615 5688 2785 5742 bcsoin
2812 5687 2933 5738 d’un
2959 5695 3117 5738 antre.
3156 5685 3212 5738 In
3241 5698 3376 5737 non-

1792 5765 1954 5820 nullis
1982 5779 2138 5824 tnss.,
2171 5773 2223 5818 et
2253 5761 2527 5831 plerisque
2559 5757 2941 5831 impressigcst
2969 5755 3272 5831 indigerent.

1863 5835 2178 5890 Aristotcles.
2215 5825 2581 5900 Peripatetici,
2613 5825 2785 5899 inquit
2821 5825 3216 5900 Theodoretus,
3265 5825 3386 5882 lauo

1793 5908 1924 5964 dant
1955 5907 2229 5973 virtutem,
2263 5898 2440 5974 reipsa
2465 5898 2727 5957 voluntati
2755 5898 2992 5956 student.
