3770 6264
67 348 169 403 575

67 460 297 518 omnium
347 459 804 530 contemplemur,
854 458 909 515 id
950 468 1054 527 est,
1107 468 1289 517 mente
1346 475 1652 517 cernamus.
1684 463 1739 523 Α

64 558 233 624 Quare
261 552 307 609 si
329 554 452 626 quis
479 553 778 622 hominem,
809 555 900 625 qui
928 568 1056 610 vere
1097 555 1296 623 sapiat,
1333 555 1652 626 interroget,

68 647 213 718 cujus
237 648 314 701 rei
342 644 513 716 gratia
548 653 710 701 natus
753 646 849 713 sit,
877 646 1231 716 respondebit
1261 646 1565 714 intrepidus
1592 661 1655 702 ac

69 747 291 814 paratus,
325 738 541 795 colendi
584 753 643 795 se
669 739 763 795 Dei
789 740 963 811 gratia
991 748 1197 807 natum,
1241 739 1332 810 qui
1386 754 1487 795 nos
1530 738 1655 795 ideo

67 830 353 906 generavit,
386 839 447 886 ut
472 831 520 887 ei
544 833 870 887 serviamus.
904 832 1121 889 Servire
1147 841 1327 887 autem
1358 831 1491 899 Deo,
1516 832 1652 888 nihil

22 956 27 962 ι
58 924 192 982 aliud
211 933 321 991 est,
339 939 505 995 quam
519 925 672 980 bonis
684 925 940 995 operibus
964 925 1102 981 tueri
1124 935 1178 981 et
1201 939 1529 981 conservare
1542 924 1656 996 jus-

62 1022 246 1076 titiam.
274 1018 387 1075 Sed
413 1019 527 1087 ille,
552 1028 609 1074 ut
629 1020 793 1075 homo
814 1020 1118 1075 divinarum
1136 1035 1317 1075 rerum
1344 1020 1648 1090 imperitus,

63 1127 167 1170 rem
196 1112 493 1166 maximam
521 1112 728 1183 redegit
759 1112 824 1168 ad
868 1114 1151 1169 minimum
1176 1154 1189 1177 ,
1223 1112 1332 1167 duo
1363 1112 1476 1167 sola
1509 1111 1650 1167 deli-

57 1203 240 1277 gendo,
271 1219 398 1275 quae
424 1204 527 1260 sibi
555 1204 762 1260 diceret
794 1204 1074 1260 intuenda.
1106 1204 1258 1273 Quod
1287 1203 1332 1259 si
1368 1213 1551 1259 natum
1592 1218 1651 1260 se

55 1312 163 1355 esse
183 1295 442 1358 dixisset,
472 1306 531 1350 ut
555 1296 814 1351 mundum
839 1298 1165 1365 intueretur,
1190 1311 1497 1367 quanquam
1536 1311 1655 1350 om—

51 1389 128 1445 nia
155 1386 683 1457 comprehenderet,
706 1402 770 1443 ac
796 1386 990 1459 majori
1018 1386 1262 1444 uteretur
1287 1402 1444 1455 sono,
1472 1396 1651 1443 tamen

53 1495 144 1536 non
176 1478 473 1549 implesset
499 1478 736 1535 hominis
775 1478 1016 1534 ofﬁcium
1054 1497 1067 1533 :
1096 1478 1220 1549 quia
1256 1488 1457 1550 quanto
1486 1478 1654 1548 pluris

52 1583 121 1631 est
159 1573 349 1629 anima
379 1588 545 1646 quam
578 1588 796 1643 corpus,
822 1582 971 1629 tanto
1000 1573 1168 1644 pluris
1193 1582 1278 1629 est
1304 1575 1464 1634 Deus,
1492 1589 1651 1643 quam

51 1667 295 1735 mundus,
322 1669 454 1739 quia
476 1667 732 1727 mundum
764 1668 905 1724 Deus
944 1667 1071 1724 fecit
1108 1676 1164 1724 et
1191 1667 1348 1738 regit.
1379 1666 1498 1724 Non
1522 1682 1654 1738 ergo

52 1758 275 1817 mundus
302 1762 503 1826 oculis,
535 1761 662 1831 quia
694 1769 988 1831 utrumque
1015 1768 1100 1816 est
1134 1776 1354 1831 corpus,
1385 1761 1480 1819 sed
1511 1762 1654 1821 Deus

52 1853 214 1908 animo
241 1851 708 1922 contemplandas
733 1863 850 1908 est:
874 1854 999 1924 quia
1031 1853 1191 1920 Deus,
1217 1863 1273 1907 ut
1300 1863 1383 1909 est
1410 1854 1527 1924 ipse
1548 1855 1647 1910 im-
1678 1860 1727 1921 Β

55 1942 304 2007 mortalis,
323 1942 410 1997 sic
422 1944 663 1999 animum
680 1944 847 1999 voluit
865 1958 985 1999 esse
1006 1944 1414 2013 sempiternum.
1443 1945 1536 2000 Dei
1551 1963 1641 2001 au-

55 2049 149 2095 tem
168 2038 569 2107 contemplatio
598 2047 701 2103 est,
733 2038 981 2095 venerari
1008 2049 1064 2094 et
1092 2038 1275 2094 colere
1300 2054 1642 2096 communem

59 2138 315 2202 parentem
346 2128 571 2200 generis
618 2128 861 2185 humani.
914 2129 1069 2197 Quod
1126 2130 1172 2184 si
1225 2144 1254 2184 a
1311 2131 1646 2201 philosophis

58 2221 226 2289 abluit,
262 2220 607 2291 projectique
637 2222 690 2276 in
719 2230 922 2277 terram
980 2222 1199 2277 fuerunt
1252 2221 1435 2277 divina
1493 2223 1646 2294 igno-

61 2316 229 2379 rando,
260 2314 661 2370 existimandus
682 2323 768 2370 est
795 2317 1164 2386 Anaxagoras,
1185 2315 1251 2371 ad
1273 2331 1393 2386 quae
1416 2316 1644 2374 videnda

60 2418 222 2465 natum
250 2423 310 2463 se
335 2421 469 2464 esse
495 2407 666 2474 dixit,
697 2424 798 2465 nec
824 2410 1020 2465 coelum
1050 2409 1254 2466 vidisse
1274 2452 1289 2477 ,
1320 2425 1421 2465 nec
1450 2410 1640 2467 solem.

61 2500 297 2572 Expedita
336 2510 436 2556 est
475 2501 636 2573 igitur
684 2501 920 2558 hominis
975 2501 1146 2569 ratio,
1183 2501 1230 2557 si
1286 2501 1459 2572 sapiat
1504 2519 1517 2555 :
1550 2516 1646 2557 cu-

60 2595 136 2664 jus
183 2592 388 2663 propria
464 2602 547 2650 est
605 2594 932 2649 humanitas.
982 2590 1116 2648 Nam
1170 2593 1286 2662 ipsa
1344 2592 1648 2648 humanitas

68 2684 174 2757 quid
198 2693 298 2752 est,
336 2684 457 2741 nisi
495 2684 739 2755 iustitia?
775 2685 901 2756 quid
933 2684 1263 2755 estjustitia,
1306 2685 1408 2741 nisi
1438 2684 1647 2755 pietas?

70 2778 215 2848 pietas
271 2785 467 2833 autem
515 2775 647 2833 nihil
694 2776 843 2833 aliud
889 2786 1008 2845 est,
1047 2789 1209 2847 quam
1258 2774 1354 2831 Dei
1407 2776 1649 2845 parentis

70 2869 256 2942 agnitio.

902 341 1106 398 LIBER
1143 341 1227 398 111.
1262 341 1351 398 DE
1389 342 1615 399 FALSA
1652 341 2021 399 SAPIENTIA
2061 341 2466 401 PHILOSOPH.

3250 348 3355 404 374

2386 461 2616 519 CAPUT
2654 461 2725 518 X.

1850 577 2129 649 Proprium
2161 577 2380 632 hominis
2407 585 2482 632 est
2513 576 2674 632 Deum
2700 592 3001 649 cognoscere
3025 586 3071 634 et
3097 579 3278 634 colere.

1830 691 2110 748 Summum
2144 692 2305 764 igitur
2330 691 2564 747 hominis
2605 690 2806 746 bonum
2851 692 2905 746 in
2950 691 3064 747 sola
3091 691 3355 762 religione

1758 793 1874 853 est;
1911 801 2035 842 nam
2077 794 2296 855 caetera,
2349 784 2511 841 etiam
2552 800 2672 855 qua:
2710 792 2965 856 putantur
3003 799 3126 841 esse
3152 783 3355 845 homini

1758 878 2000 949 propria,
2031 878 2087 933 in
2123 877 2335 933 czcteris
2375 892 2590 948 qquue
2620 876 2947 932 animalibus
2987 877 3351 949 reperiuntur.

1757 972 1892 1030 Cum
1922 973 2065 1029 enim
2096 988 2224 1029 suas
2252 987 2415 1028 Voces
2443 972 2679 1042 propriis
2718 969 2860 1027 inter
2887 986 2947 1027 se
2973 972 3116 1026 notis
3147 971 3355 1028 discer-

1758 1077 1893 1123 nunt
1935 1078 2096 1139 atque
2134 1067 2492 1139 dignoscunt,
2534 1066 2772 1139 colloqui
2816 1066 3101 1133 videntur;
3148 1064 3358 1122 ridendi

1755 1177 1968 1232 quoque
1993 1161 2129 1217 ratio
2152 1169 2375 1231 apparet
2398 1159 2448 1213 in
2482 1158 2567 1213 his
2591 1159 2793 1229 aliqua,
2816 1173 2937 1213 eum
2970 1158 3231 1213 demulsis
3255 1174 3354 1214 au-

1754 1254 1927 1322 ribus,
1969 1263 2353 1325 contractoque
2384 1253 2541 1318 rictu,
2585 1266 2640 1308 et
2666 1254 2837 1308 oculis
2872 1254 2922 1308 iu
2954 1251 3231 1308 lasciviam
3266 1269 3354 1310 re-

1755 1345 1965 1417 Solutis,
1995 1355 2086 1400 aut
2113 1345 2319 1402 homini
2347 1344 2613 1413 alludunt,
2641 1354 2733 1399 aut
2763 1342 2877 1401 suis
2902 1346 3132 1416 quisque
3158 1345 3353 1417 conju-

1754 1437 1910 1511 gibus
1931 1453 1992 1490 ac
2023 1437 2241 1492 fmtibus
2264 1436 2515 1509 propriis.
2542 1436 2731 1491 Nonne
2750 1436 2949 1507 aliquid
2976 1435 3146 1492 amori
3170 1449 3356 1495 mutuo

1755 1538 1810 1587 et
1839 1529 2183 1600 indulgentiae
2210 1529 2387 1584 simile
2428 1528 2785 1600 impartiunt?
2815 1527 2932 1584 Jam
2975 1528 3064 1582 illa
3094 1542 3215 1601 quae
3253 1528 3355 1585 sibi

1754 1624 2087 1693 prostiiciunt
2125 1623 2177 1678 in
2227 1620 2490 1688 futurum,
2532 1630 2587 1678 et
2626 1621 2776 1677 cibos
2816 1629 3102 1693 reponunt,
3153 1621 3356 1679 habent

1755 1719 1939 1789 utique
1962 1718 2371 1791 providentiam.
2403 1716 2646 1772 Rationis
2671 1732 2887 1789 quoque
2909 1717 3059 1788 signa
3083 1717 3134 1771 in
3160 1716 3346 1772 multis

1757 1809 2259 1882 deprehenduntur.
2306 1809 2438 1865 Nam
2483 1809 2698 1881 quando
2746 1809 2893 1862 utilia
2937 1808 3036 1862 sibi
3074 1817 3350 1879 appetunt,

1754 1902 1893 1956 mala
1935 1911 2145 1969 cavent,
2180 1901 2414 1971 pericula
2450 1900 2642 1965 vitant,
2673 1897 2896 1953 latibula
2938 1898 3039 1952 sibi
3076 1907 3266 1968 parant
3296 1899 3352 1954 in

1750 1994 1931 2065 plures
1956 1994 2131 2050 exitus
2156 1993 2497 2064 dispatentia,
2526 1990 2770 2062 profecto
2791 1989 2993 2063 aliquid
3019 1989 3343 2060 intelligunt.

1750 2087 1935 2142 Potest
1964 2086 2159 2157 aliquis
2190 2100 2388 2154 negare
2428 2083 2533 2138 illis
2563 2082 2742 2138 inesse
2776 2083 3064 2147 rationem,
3097 2097 3217 2137 cum
3252 2082 3349 2136 ho-
3392 2074 3420 2107 ί

1749 2178 1949 2234 minem
1978 2178 2150 2247 ipsum
2180 2192 2325 2247 saepe
2346 2175 2648 2232 deludunt?
2678 2174 2813 2231 Nam
2837 2174 3034 2247 quibus
3058 2175 3351 2245 generandi

1750 2269 1927 2329 mellis
1959 2268 2193 2325 ofﬁcium
2236 2277 2340 2336 est,
2387 2284 2509 2323 cum
2556 2267 2857 2339 assignatas
2892 2265 3133 2321 incolunt
3171 2265 3351 2335 sedes,

1751 2372 1928 2419 castra
1972 2362 2239 2428 munittnt,
2274 2359 2545 2415 domicilia
2592 2357 2937 2413 inenarrabili
2980 2367 3096 2413 arte
3131 2372 3353 2428 compo-

1752 2464 1908 2521 nunt,
1943 2453 2054 2524 regi
2084 2467 2183 2507 suo
2214 2450 2495 2514 serviunt;
2536 2448 2721 2504 nescio
2765 2463 2834 2501 an
2875 2463 2982 2502 non
3015 2448 3067 2502 in
3108 2448 3189 2503 his
3230 2464 3351 2517 per-

1752 2549 1893 2604 fecta
1924 2548 1993 2600 sit
2024 2542 2324 2616 prudentia.
2349 2543 2618 2599 Incertum
2642 2551 2724 2596 est
2752 2541 2931 2611 igitur,
2960 2550 3212 2596 utrumne
3236 2540 3351 2608 illa,
3386 2592 3410 2611 ν

1756 2654 1878 2711 quae
1910 2637 2111 2692 homini
2137 2635 2468 2701 tribuuntur,
2499 2632 2809 2688 communia
2839 2632 2947 2686 sint
2974 2646 3095 2686 cum
3136 2631 3254 2687 aliis
3278 2632 3354 2687 vi-

1754 2730 2005 2786 ventibus
2048 2749 2062 2784 :
2104 2727 2381 2798 religionis
2420 2733 2569 2782 certe
2615 2733 2741 2781 sunt
2777 2725 3037 2794 expertia.
3087 2721 3351 2793 Equidem

1756 2825 1836 2880 sic
1873 2823 2126 2889 arbitror,
2156 2820 2425 2875 universis
2467 2817 2792 2873 animalibus
2821 2817 3001 2871 datam
3032 2832 3155 2873 esse
3189 2818 3354 2873 ratio-
3380 2818 3406 2840 '

1756 2929 1904 2980 nem,
1935 2912 2031 2969 sed
2060 2913 2220 2967 mutis
2249 2908 2623 2966 tantummodo
2650 2907 2719 2964 ad
2750 2909 2917 2964 vitam
2944 2908 3222 2977 tuendam,
3255 2908 3356 2967 ho-

1431 3048 1792 3107 VARIORUM
1829 3051 2058 3108 NOTIE.

132 3187 217 3253 Qui
227 3202 405 3242 veresa
416 3185 640 3255 piat.lta
655 3185 862 3241 restitui
879 3199 945 3256 ex
959 3197 1088 3240 mss.
1108 3192 1162 3239 et
1175 3182 1646 3256 edi._Betul.Vulga-
1675 3186 1721 3249 C
1826 3185 2231 3240 Providentiam.
2260 3184 2351 3242 Sic
2378 3191 2526 3241 recte
2564 3184 2695 3256 legit
2729 3184 3080 3241 Heumannus
3106 3202 3173 3243 ex
3216 3192 3354 3246 anti-

76 3258 239 3314 tislere
251 3254 471 3313 eunetis
484 3268 587 3323 est,
604 3260 758 3327 sapit.
779 3256 873 3311 Ed.
893 3254 1443 3327 Tornes.7etWalch.,
1459 3260 1643 3324 sapiet.

132 3327 429 3400 Deligando-
482 3330 576 3385 Sic
603 3325 811 3383 restitui
843 3344 912 3382 ex
941 3330 1074 3400 edit.
1112 3326 1272 3400 Rom.
1304 3325 1443 3400 M79
1494 3336 1548 3381 et
1577 3328 1645 3383 10

78 3397 456 3469 manuscriptis,
476 3400 860 3457 accedentibus
884 3399 1006 3453 aliis
1020 3398 1205 3453 decem
1216 3440 1229 3459 ,
1257 3399 1308 3451 in
1333 3397 1526 3465 quibus
1539 3411 1643 3465 est,

80 3468 329 3542 diligendo;
354 3475 423 3526 in
451 3488 548 3528 sex
577 3485 631 3526 et
655 3472 707 3525 in
734 3471 863 3526 edit.
887 3470 1059 3525 Betui.
1085 3468 1353 3542 eligendo;
1374 3470 1426 3522 in
1446 3472 1482 3523 ‘2
1508 3486 1644 3538 rec.,

81 3540 335 3614 diligenda;
362 3545 434 3600 in
462 3544 531 3599 12
558 3545 772 3597 excusis
798 3542 1059 3614 deligens;
1087 3540 1143 3614 in
1158 3541 1183 3593 1
1209 3541 1414 3614 Bonon.
1445 3544 1643 3614 antiq.,

82 3610 351 3686 adfigendo;
373 3617 445 3671 in
468 3618 492 3670 1
527 3616 683 3686 Reg.,
711 3629 844 3686 re_c.,
869 3610 1108 3686 ﬁgendo;
1135 3612 1185 3686 itt
1210 3613 1233 3686 1
1264 3612 1336 3686 al.
1359 3610 1517 3686 Reg.,
1543 3610 1646 3686 [in-

82 3682 243 3756 gendo.
270 3684 391 3742 Vide
437 3686 573 3741 infra
594 3682 735 3741 circa
758 3682 921 3739 linem
946 3685 1137 3756 capitis
1164 3682 1253 3747 10,
1304 3684 1358 3736 in
1403 3682 1651 3753 religione

85 3754 333 3825 deligenda,
356 3761 426 3813 in
453 3758 704 3812 omnibus
728 3772 857 3811 mss.
893 3768 945 3811 et
968 3754 1149 3809 editis.

144 3823 259 3896 Quia
272 3823 408 3899 quan
422 3839 471 3884 to
490 3829 655 3899 pluris
674 3839 747 3884 est
765 3830 957 3883 anima.
982 3828 1129 3882 Sano
1151 3840 1313 3899 sensu
1340 3823 1650 3893 accipienda

87 3910 153 3954 est
168 3896 583 3966 haECSetILeniia,
616 3915 682 3955 ne
704 3901 810 3954 ulla
845 3902 936 3956 Dei
980 3914 1102 3954 cum
1135 3896 1332 3951 mundo
1372 3898 1653 3966 proportio

88 3970 352 4041 inducatur,
381 3988 516 4043 qua:
541 3972 690 4027 nulla
735 3986 855 4027 esse
884 3978 1062 4043 potest
1093 3968 1283 4094 inﬁfqiﬁ
1311 3982 1433 4021 eum
1476 3968 1648 4022 ﬁnito.

1227 4053 1437 4094 lVE'l‘US.

1227 4053 1437 4095 lVE'l'US.

152 4113 432 4187 Utrumque.
468 4114 709 4181 Scilicet,
733 4113 966 4168 mundus
996 4114 1290 4187 et_oculos.

152 4184 273 4241 Deus
288 4181 456 4242 animo
477 4187 903 4254 contemplandas
929 4195 1021 4239 est.
1054 4184 1127 4238 Ita
1161 4181 1372 4238 restitui
1408 4197 1474 4236 ex
1520 4181 1652 4254 edit.

94 4256 333 4329 Gymnie,
364 4259 566 4321 Betul.,
600 4253 830 4329 Ἰξσιυιη.
856 4270 916 4329 ac
939 4255 1209 4329 Soubron.
1237 4264 1303 4329 et_
1338 4269 1400 4329 e_x
1426 4253 1657 4329 __cunctis

95 4323 209 4398 pene
237 4323 356 4385 mss.
387 4330 445 4385 In
469 4327 683 4383 caneris
707 4327 938 4398 vulgatis
958 4368 972 4393 ,
1004 4328 1141 4381 sicut
1198 4327 1249 4380 in
1282 4326 1309 4380 1
1333 4323 1502 4398 Colb.
1544 4340 1654 4398 rec.

94 4409 183 4464 est,
206 4405 398 4458 anima:
429 4402 523 4455 sed
547 4410 603 4455 et.
629 4397 858 4454 animum
907 4398 1043 4453 infra
1074 4397 1298 4469 legimus
1328 4397 1380 4452 in
1409 4397 1660 4455 erunibus
1686 4404 1740 4463 Ι)

98 4479 188 4523 tum
208 4487 326 4527 mss.
358 4484 467 4528 tum
499 4472 679 4528 editis.

158 4543 495 4615 Anaxagoras,
524 4543 592 4596 ad
626 4559 739 4613 quae
764 4542 1004 4596 videnda.
1024 4540 1264 4615 Secutus
1304 4555 1423 4615 sunt
1472 4555 1662 4615 inaltu-

96 4614 297 4682 scriptos
325 4609 525 4682 iReg.,
554 4609 895 4669 Emmanuel.
926 4629 989 4667 ac
1014 4612 1048 4666 2
1071 4613 1233 4667 Brun.
1258 4620 1311 4665 et
1328 4611 1459 4666 edit.
1493 4609 1661 4682 Torn.

100 4631 297 4682 scrtptos
326 4631 443 4671 tne
489 4654 525 4678 .,
554 4631 895 4669 mutmatmet.
926 4631 989 4667 ac
1014 4631 1048 4666 z
1071 4631 1233 4667 nrun.
1258 4631 1311 4665 et
1328 4631 1459 4666 eutt.
1508 4631 1661 4665 IOI‘ll.

100 4683 342 4741 Soubron.
370 4699 423 4742 et
441 4631 666 4741 gVaich.
701 4687 753 4739 ln
781 4687 816 4739 2
837 4684 1100 4749 Clarom.,
1132 4685 1162 4738 7
1188 4684 1319 4751 Reg.
1352 4692 1407 4737 et
1436 4681 1594 4736 editis
1629 4682 1664 4736 4

100 4762 189 4828 est,
215 4757 278 4809 ad
304 4775 360 4811 ea
385 4773 498 4828 quis
517 4758 755 4821 videnda,
788 4757 948 4812 male.
976 4754 1222 4828 Gymnic.
1257 4756 1593 4828 Attaaagoras
1607 4768 1666 4806 ea

100 4826 158 4877 ad
178 4844 280 4895 qua:
304 4824 515 4883 videnda
539 4846 559 4896 ;
584 4829 638 4883 in
657 4829 983 4885 editionibus
1009 4824 1197 4898 'l‘hysii
1217 4835 1271 4882 et
1288 4825 1497 4891 Gallici,
1519 4824 1586 4877 ad
1608 4841 1667 4878 ea

103 4900 159 4949 ad
184 4915 287 4965 quis
311 4902 549 4956 videnda.

162 4967 342 5026 Pietas.
372 4972 479 5026 lloc
507 4971 627 5027 vide
648 4972 699 5026 in
727 4970 1039 5031 Pimandro.
1066 4984 1117 5025 c.
1146 4969 1202 5025 9.

166 5038 227 5093 In
262 5043 368 5115 sola
395 5044 637 5115 religione
680 5054 771 5099 est.
814 5043 957 5115 Lege
995 5041 1284 5115 Eusebium
1304 5040 1463 5115 iibro_
1495 5038 1669 5094 unde-

106 5109 234 5185 cinia
258 5112 323 5167 de
360 5109 646 5185 Praeparat.
693 5109 1034 5184 Evangeliea.
1066 5113 1266 5185 (δῆμε.
1298 5112 1402 5166 Sed
1448 5112 1672 5185 Lactan-

109 5181 201 5256 tius
224 5182 289 5235 ita
318 5193 400 5238 est
437 5181 916 5256 ititelligendtts.ut
943 5181 1226 5253 religio'sit
1245 5185 1379 5237 ratio
1403 5193 1457 5237 et
1481 5183 1674 5236 modus

110 5252 282 5319 quibus
334 5252 639 5322 pervenitur
685 5258 751 5312 ad
801 5252 1069 5311 summum
1125 5258 1343 5322 bonum,
1398 5256 1541 5325 quod
1591 5261 1676 5309 est

113 5332 295 5399 alerna
316 5328 496 5396 optimi
520 5337 682 5399 atque
709 5329 928 5383 maximi
964 5329 1054 5383 Dei
1085 5326 1285 5382 lruitio.

180 5394 386 5469 liidendi
412 5394 624 5468 quoque.
651 5401 739 5455 Sic
762 5401 976 5469 reposui
1003 5415 1069 5454 ex
1092 5416 1193 5453 ms.
1216 5406 1271 5453 et
1295 5395 1454 5469 editis
1480 5395 1674 5469 Toru.,

114 5461 360 5539 Sttubron.
381 5461 433 5523 ei
449 5461 660 5526 walch.
682 5461 876 5525 Caneri
900 5470 1096 5539 vulgati
1122 5470 1341 5533 habent,
1361 5461 1675 5535 ridendique.

180 5534 436 5593 Alludnnt.
458 5534 1676 5606 Alludereestadblatidiri,blanditiiscaptare,

118 5613 451 5688 προσπαίζειν.
480 5613 555 5668 De
580 5613 684 5679 Ira,
715 5628 763 5667 e.
795 5614 826 5667 7
846 5631 859 5668 :
880 5613 958 5666 Ad
988 5612 1154 5665 lusum
1194 5612 1435 5683 gestiunt,
1455 5609 1678 5664 Terent.

126 5674 346 5732 hunuch.
378 5697 462 5738 ιιι.
495 5684 521 5738 1
562 5705 574 5738 :
605 5683 765 5738 Cwnit
803 5684 871 5737 ad
908 5684 964 5737 id
1005 5694 1224 5737 scortum
1264 5682 1511 5735 alludere.
1548 5680 1676 5736 BUN.

200 5702 346 5732 llllCll.
378 5702 462 5747 Ill,
495 5702 521 5738 ἰ
562 5705 574 5738 ε
605 5702 765 5753 lspr
803 5702 870 5737 aa
908 5702 961 5737 ια
1005 5702 1224 5737 scortum
1264 5702 1511 5735 auuaere.
1548 5702 1676 5736 DUN.

193 5746 463 5826 deponunt.
494 5754 706 5826 Scilicet
733 5754 993 5826 formica),
1027 5752 1096 5808 de
1125 5755 1321 5825 quibus
1350 5752 1479 5808 dicit
1504 5752 1684 5826 Scrip-

128 5823 232 5871 tura
262 5835 274 5871 :
315 5818 464 5895 Vade,
495 5824 651 5901 piger,
677 5826 745 5881 ad
776 5825 1071 5908 formicam.

1750 3259 1871 3329 quis
1903 3260 2084 3313 multis
2120 3257 2253 3329 edit.
2299 3257 2373 3311 De
2398 3255 2746 3329 providentia
2778 3266 2836 3312 et
2863 3258 3117 3312 instinctu
3149 3260 3358 3316 hellua-

1752 3328 1872 3384 rum
1900 3329 2068 3399 legas,
2097 3329 2141 3382 si
2168 3328 2364 3398 placet,
2395 3328 2564 3381 libros
2595 3342 2625 3381 a
2659 3329 2821 3383 variis
2860 3330 3057 3393 editos,
3094 3330 3300 3388 scilicet
3324 3349 3354 3387 a

1752 3401 1996 3477 Parditeo
2030 3401 2223 3477 societ.
2264 3399 2427 3477 Jesu,
2465 3409 2519 3452 et
2562 3413 2880 3477 anonymos
2919 3410 3030 3477 tum
3076 3400 3352 3477 l_.ugduni,

1752 3469 1866 3525 tu'm
1921 3470 2334 3537 Amstelodami,
2389 3481 2499 3523 tum
2552 3469 2722 3527 etiam
2762 3469 2981 3527 Parisiis
3038 3469 3236 3530 editos.
3285 3469 3358 3517 -+

1754 3540 2163 3615 Providentiam.
2208 3541 2283 3595 Ita
2326 3540 2614 3615 persuadet
2659 3541 2808 3615 locus
2847 3545 3093 3612 geminus
3143 3546 3209 3600 de
3251 3546 3353 3615 Ira,

1753 3627 1871 3685 cap.
1904 3613 1934 3666 7
1968 3631 1981 3685 ε
2027 3612 2163 3685 Quid
2190 3622 2305 3685 tam
2349 3612 2542 3665 homini
2584 3613 2872 3683 proprium,
2910 3630 3133 3684 quam...
3181 3612 3356 3685 provi-

1755 3683 1929 3736 dentia
1953 3682 2157 3752 futuri?
2187 3682 2318 3735 BUN.

1828 3771 2241 3846 Ra_t_iouis,_etc.
2272 3770 2445 3846 l_ostar
2474 3772 2847 3846 commentarii
2879 3772 2930 3827 in
2955 3773 3009 3827 h.
3043 3774 3081 3846 l_.
3114 3790 3237 3830 esse
3265 3792 3359 3846 po-

1760 3853 1866 3898 test
1906 3843 2053 3897 liier.
2097 3841 2308 3896 Rorarti
2349 3844 2566 3912 elegans
2604 3845 2886 3915 scriptum,
2924 3844 3064 3915 quod
3103 3841 3357 3903 animalia

1756 3915 1913 3970 bruta
1942 3930 2086 3986 saepe
2116 3915 2320 3967 ratione
2349 3922 2569 3986 utantur
2600 3913 2793 3967 melius
2828 3913 3068 3986 honiine,
3100 3917 3241 3986 quod
3268 3933 3359 3972 re-

1757 3988 1969 4040 censuit
1990 3985 2233 4039 etdoctis
2261 3984 2701 4039 annotationibus
2720 3987 2868 4039 auxit
2894 3984 2958 4041 G.
2980 3987 3042 4041 Il.
3075 3984 3356 4057 liibovius,

1758 4057 1988 4112 Heltnst.
2023 4057 2184 4119 1728,
2218 4057 2273 4111 8.
2308 4057 2444 4109 ΒυΝ.

1832 4149 2180 4221 Dispatentia.
2214 4147 2337 4221 Hoc
2363 4147 2612 4221 verbum,
2655 4147 2784 4221 li_cet
2822 4147 3163 4217 inusitatum,
3192 4153 3358 4209 resti-

1763 4222 1837 4277 tui
1879 4218 1943 4277 ex
1977 4219 2247 4275 veteribus
2278 4219 2436 4273 editis
2471 4220 2641 4274 tribus
2678 4218 2939 4275 Romanis
2967 4237 3033 4277 ac
3075 4223 3265 4278 Venet.
3306 4234 3361 4282 et

1759 4294 1833 4350 24
1860 4289 2687 4364 manuscriptis,accedentibus
2705 4289 2822 4364 aliis
2855 4293 3044 4364 tribus,
3081 4293 3135 4348 in
3164 4294 3358 4364 quibus

1762 4376 1866 4431 est,
1909 4364 2243 4435 disputantt'a.
2271 4361 2331 4435 in
2363 4362 2396 4416 8
2434 4376 2544 4435 rec.
2588 4363 2804 4435 scriptis
2841 4373 2896 4430 et
2938 4362 3007 4419 12
3051 4361 3213 4419 editis
3253 4377 3358 4432 est,

1765 4433 2102 4505 disparentia.
2135 4436 2211 4505 At
2227 4433 2535 4505 dispatentia
2566 4433 2741 4502 aptius
2766 4444 2849 4486 est
2873 4435 3356 4505 huicargnmeuto.

1765 4503 1865 4563 Hic
1905 4506 2141 4575 loquitur
2183 4504 2251 4558 de
2291 4503 2595 4575 cuniculis,
2646 4517 2876 4575 quorum
2904 4503 3143 4575 latibula
3177 4508 3361 4573 plures

1769 4572 2192 4632 liabeut'exilus.
2224 4602 2298 4615 -—
2335 4572 2399 4627 In
2430 4572 2611 4644 plures,
2656 4572 2824 4644 exjtus
2876 4572 3206 4644 dispaletttia.
3248 4576 3363 4632 Huc

1769 4651 1963 4705 iterum
1995 4646 2215 4708 faciunt,
2237 4644 2400 4700 delra
2419 4641 2439 4711 ,
2458 4657 2577 4712 eap.
2603 4642 2634 4695 7
2660 4641 2828 4698 :Sunt
2851 4641 3118 4708 annuntio,
3140 4662 3257 4716 qua:
3284 4648 3363 4703 la-

1770 4720 1940 4775 tibulis
1982 4720 2090 4773 suis
2130 4718 2355 4771 diversos
2389 4726 2435 4768 et
2482 4720 2661 4783 plures
2706 4716 2883 4769 exitus
2929 4718 3199 4786 pandant,
3237 4729 3362 4776 ut...

1771 4795 1894 4865 fuga
1924 4801 2091 4862 pateat
2121 4787 2354 4843 obsessis.
2382 4787 2513 4841 BUN.

1846 4885 1985 4940 Nam
2011 4881 2195 4955 quibus
2220 4879 2498 4955 generandi
2528 4876 2713 4955 mellis,
2743 4886 2847 4934 etc.
2872 4877 3120 4955 [napum
3151 4881 3368 4954 ingenio

1773 4950 2134 5024 describenda
2186 4950 2405 5024 ingenii
2433 4951 2899 5024 vires‘triverunt
2946 4950 3369 5024 ingeniosissimi

1775 5029 2047 5089 homines,
2076 5023 2221 5079 Maro
2248 5020 2302 5077 et
2331 5022 2569 5076 Plinius:
2601 5020 2690 5075 hic
2721 5023 2859 5076 libro
2891 5020 3177 5080 undecimo
3204 5026 3369 5081 Natu-

1775 5100 1904 5156 ralis
1932 5098 2188 5158 ltistoriat,
2212 5095 2299 5149 ille
2318 5093 2568 5162 Georgic.
2593 5102 2818 5161 quarto;
2839 5104 2896 5147 ut
2915 5095 3129 5151 interim
3157 5097 3370 5153 Aristo-

1776 5172 1961 5231 telem,
1994 5167 2372 5227 Columellam,
2413 5162 2730 5231 Palladium,
2768 5175 2823 5219 et
2860 5165 2997 5220 alios
3040 5174 3372 5223 recentiores

1776 5251 2072 5300 taceamus,
2096 5236 2187 5307 qui
2216 5248 2269 5290 et
2310 5237 2411 5306 ipsi
2439 5236 2652 5305 egregia
2682 5236 2751 5291 de
2780 5235 2864 5292 his
2888 5240 3164 5293 memoria:
3192 5237 3374 5308 prodi-

1779 5313 1990 5370 derunt.
2015 5310 2305 5366 ϐλιωευε.

1853 5386 1933 5437 Αη
1961 5400 2060 5436 non
2074 5385 2128 5435 in
2148 5382 2227 5434 Itis
2245 5377 2550 5450 perfectarsit
2578 5376 2870 5450 prudentia.
2892 5378 2982 5434 Sic
3011 5377 3372 5449 lego,nppro-

1782 5457 1944 5512 battle
1966 5454 2277 5508 doctissimo
2301 5449 2526 5505 Frattcio
2550 5464 2618 5503 ex
2638 5449 2674 5503 2
2695 5449 2829 5519 Reg.
2855 5451 3073 5519 optima:
3094 5456 3328 5514 notas,“
3343 5450 3369 5504 1

1783 5525 2018 5582 ClarOnt.
2038 5523 2090 5578 in
2107 5539 2213 5593 quo
2232 5523 2348 5588 fuit,
2366 5536 2523 5587 non,a
2541 5521 2709 5590 prima
2727 5536 2909 5589 tttanu,
2933 5531 3115 5591 postea
3134 5534 3373 5575 erasum.

1860 5592 2149 5650 Rationem.
2183 5593 2553 5662 imperfectam
2581 5592 2802 5647 scilicet.

1859 5667 1940 5721 Ad
1991 5666 2147 5720 vitam
2198 5660 2458 5718 tuendam.
2511 5662 2687 5717 Nolim
2731 5677 2763 5716 a
2800 5663 3064 5717 constanti
3115 5660 3377 5717 Lactantii

1795 5738 1983 5809 phrasi
2005 5738 2186 5809 abire,
2216 5736 2258 5809 Ι.
2282 5749 2445 5809 ttt,_c.
2477 5736 2511 5789 8
2541 5752 2554 5789 :
2584 5732 2732 5809 Sicut
2765 5733 2958 5809 homini
2993 5732 3173 5805 opibus
3200 5731 3269 5809 ad
3298 5732 3378 5787 tri-

1797 5802 1900 5871 iam
1930 5802 2211 5875 tuendam;
2242 5806 2314 5863 ita
2343 5803 2449 5862 illis
2496 5807 2673 5876 praeda
2711 5811 2759 5859 et
2797 5804 2985 5875 pabulo
3025 5802 3176 5879 opus.
3209 5802 3274 5861 L.
3304 5818 3380 5874 γι,
