3770 6264
99 283 199 340 377

938 286 1143 350 LIBER
1184 284 1269 343 Ill.
1315 285 1403 343 DE
1440 284 1664 343 FALSA
1703 282 2066 345 SAPIENTIA
2105 284 2498 345 PHILOSOPH.

3268 282 3377 342 578

95 413 154 454 ac
170 397 491 454 domicilium
516 398 711 454 summi
733 396 858 454 boni
886 401 1166 471 reperiret.
1192 402 1488 462 Potuerunt
1514 408 1655 465 enim
1685 402 1741 462 A
1763 399 1983 456 cemus?
2008 398 2147 456 Num
2172 400 2542 473 voluptatem?
2572 407 2627 455 at
2655 398 2786 456 nihil
2831 407 2987 471 turpe
3029 414 3098 457 ex
3140 399 3374 458 honesto

94 491 165 547 sic
187 504 440 563 quaerere.
469 489 853 562 Quodcumque
882 504 964 549 est
1000 510 1268 552 summttm
1307 496 1505 555 bonum
1524 543 1540 568 ,
1575 517 1671 558 ne-

92 600 234 641 cesse
277 593 362 641 est
402 585 651 641 omnibus
690 601 812 643 esse
853 590 1205 659 propositum.
1257 592 1511 665 Voluptas
1551 605 1663 664 est,

90 693 201 749 quae
238 678 506 747 appetitur
542 694 570 733 a
599 679 817 736 'cunctis
848 700 862 738 :
892 683 989 738 sed
1017 683 1132 740 haec
1161 693 1218 740 et
1256 688 1563 744 communis
1588 699 1671 746 est

86 784 196 823 cum
226 767 437 836 belluis,
465 776 521 825 et
547 770 763 828 honesti
793 774 901 829 vim
930 790 1037 831 non
1068 775 1249 844 habet,
1280 792 1334 835 et
1362 782 1665 838 satietatem

86 860 251 926 aﬁ‘crt,
280 870 336 917 et
363 862 526 917 nimia
559 873 736 932 nocet,
766 873 822 920 et
846 881 1096 937 processu
1119 870 1377 926 minuitur
1396 874 1587 939 aetatis,
1613 882 1669 929 et

82 953 255 1011 multis
284 969 393 1011 non
424 957 723 1029 contingit;
756 973 879 1013 nam
924 960 1015 1031 qui
1044 961 1235 1032 opibus
1277 972 1496 1031 carent,
1532 980 1667 1031 quo-

78 1062 188 1102 rum
220 1046 394 1117 major
423 1058 508 1104 est
533 1064 810 1118 numerus,
840 1053 1003 1108 etiam
1032 1055 1304 1126 voluptate
1328 1066 1548 1113 careant
1572 1074 1666 1114 ne-

75 1153 216 1195 cesse
241 1148 350 1195 est.
387 1140 505 1197 Non
549 1152 633 1199 est
674 1143 833 1215 igitur
876 1161 1145 1204 summum
1192 1150 1430 1217 bonum,
1458 1151 1554 1207 sed
1598 1168 1668 1211 ne

74 1233 260 1289 bonum
289 1235 509 1306 quidem
539 1237 809 1309 voluptas.
837 1239 976 1311 Quid
1014 1241 1253 1298 divitias?
1281 1245 1445 1301 Multo
1472 1246 1662 1317 magis.

72 1324 191 1382 Nam
218 1334 277 1381 et
305 1328 674 1398 paucioribus,
703 1341 758 1388 et
794 1334 1114 1406 plerumque
1146 1351 1296 1405 casu,
1324 1347 1378 1394 et
1404 1339 1665 1398 inertibus

71 1436 223 1489 stepe,
250 1432 307 1478 et
330 1439 735 1499 nonnumquam
758 1429 965 1487 scelere
983 1435 1320 1505 contingunt,
1337 1445 1390 1491 et
1411 1446 1666 1506 optantur

70 1513 128 1569 ab
153 1513 217 1570 iis
240 1516 340 1586 qui
369 1532 460 1573 eas
480 1518 592 1589 jam
625 1529 828 1577 tenent.
856 1520 995 1591 Quid
1016 1539 1239 1597 regnum
1268 1528 1483 1598 ipsum?
1508 1530 1585 1586 Ne
1611 1532 1665 1588 id

68 1608 301 1678 quidem.
336 1611 456 1668 Non
484 1615 629 1669 enim
657 1615 832 1671 cuncti
862 1616 1110 1675 homines
1152 1635 1379 1693 regnare
1407 1634 1661 1694 possunt;

70 1710 114 1755 et
135 1715 373 1758 necesse
399 1713 483 1760 est
510 1707 798 1763 universos
828 1711 1024 1766 summi
1048 1712 1175 1768 boni
1205 1729 1431 1785 capaces
1459 1732 1601 1774 esse.

1772 493 1919 550 nasci
1962 501 2159 564 potest.
2201 493 2338 549 Num
2381 493 2633 550 divitias?
2684 508 2815 548 num
2858 493 3184 564 potestates?
3219 502 3275 549 at
3312 508 3379 551 ea

1771 586 1989 657 quidem
2018 586 2224 659 fragilia
2252 597 2410 655 sunt,
2441 598 2497 645 et
2521 587 2743 643 caduca.
2782 586 2922 643 Num
2962 588 3222 658 gloriam?
3250 604 3377 646 num

1772 678 2076 734 honorem?
2110 694 2236 734 num
2276 679 2590 735 memoriam
2631 677 2899 734 nominis?
2937 688 2994 733 at
3037 677 3155 733 lucc
3198 678 3379 738 omnia

1772 786 1879 827 non
1902 780 2029 825 sunt
2054 770 2107 826 in
2140 772 2256 842 ipsa
2282 773 2501 837 virtute,
2527 771 2620 826 sed
2650 771 2702 825 in
2731 770 2961 826 aliorum
2981 770 3381 828 existimatione

1770 869 1931 932 atque
1965 862 2189 918 arbitrio
2220 863 2415 933 posita.
2448 861 2582 917 Nam
2621 877 2766 933 saepe
2792 861 2963 916 virtus
2991 870 3045 916 et
3075 861 3242 916 invisa
3272 870 3376 929 est,

1772 960 1827 1009 et
1854 954 1996 1009 malo
2021 954 2274 1010 afﬁcitur.
2311 954 2481 1011 Debet
2505 963 2688 1009 autem
2719 954 2770 1009 id
2800 954 3023 1019 bonum,
3048 952 3191 1025 quod
3218 970 3284 1009 ex
3314 968 3380 1010 ea

1771 1045 2042 1114 nascitur,
2071 1046 2142 1101 ita
2173 1045 2480 1114 coluerere,
2515 1053 2574 1100 ut
2601 1044 2785 1102 divelli
2814 1052 2979 1116 atque
3005 1043 3246 1101 abstrahi
3283 1059 3380 1102 ne-

1768 1147 1962 1209 queat;
2015 1154 2116 1195 nec
2164 1140 2322 1195 aliter
2370 1154 2640 1194 summum
2691 1138 2890 1193 bonum
2938 1137 3111 1193 videri
3161 1145 3375 1208 potest,

1769 1248 1927 1305 quam
1956 1234 1999 1288 si
2027 1244 2082 1289 et
2111 1234 2385 1305 proprium
2409 1234 2480 1287 sit
2499 1231 2729 1299 virtutis,
2762 1240 2817 1288 et
2839 1232 2966 1296 tale,
2994 1240 3053 1286 ut
3082 1246 3260 1304 neque
3282 1232 3378 1288 ad-

1764 1324 1855 1396 jici
1886 1325 2192 1397 quidquam,
2228 1340 2327 1381 nec
2354 1324 2565 1380 detrahi
2605 1324 2794 1395 possit.
2825 1322 2989 1391 Quid,
3019 1323 3167 1395 quod
3211 1324 3265 1379 in
3294 1322 3381 1381 his

1769 1416 2024 1472 omnibus
2076 1417 2488 1473 contemnendis
2542 1417 2756 1471 virtutis
2810 1414 2989 1472 ofﬁcia
3052 1417 3376 1472 consistunt.

1767 1510 1902 1566 Nam
1931 1511 2253 1582 voluptates,
2287 1526 2443 1581 opes,
2469 1510 2761 1580 potentias,
2785 1508 3043 1577 honores,
3073 1524 3243 1579 eaque
3262 1524 3380 1565 om-

1770 1603 1881 1669 nia,
1910 1619 2031 1674 quze
2060 1617 2161 1675 pro
2188 1603 2345 1658 bonis
2370 1602 2664 1669 habentur,
2695 1618 2805 1657 non
2833 1602 3239 1672 concupiscere,
3269 1616 3379 1658 non

1766 1705 2049 1767 appetere,
2078 1712 2186 1751 non
2216 1711 2419 1761 amare,
2445 1694 2589 1767 quod
2623 1698 2805 1750 caeteri
2835 1692 3038 1749 faciunt
3063 1693 3193 1749 victi
3222 1693 3377 1764 cupi-

128 1794 454 1860 Quaeramus
483 1798 644 1868 igitur
667 1800 887 1871 aliquid,
920 1803 1062 1873 quod
1092 1807 1422 1876 ριεοροείιυηι
1453 1809 1523 1864 εει
1548 1824 1665 1865 om,
1692 1801 1741 1862 Β
1767 1787 1957 1853 (litate.
1986 1788 2039 1844 id
2068 1798 2153 1845 est
2181 1788 2421 1859 profecto
2453 1788 2692 1843 virtutis.
2736 1786 2897 1842 Aliud
2925 1800 3053 1856 ergo
3091 1785 3378 1841 sublimius

71 1887 234 1943 nibus.
268 1887 415 1944 Num
445 1891 656 1947 virtus?
687 1893 879 1965 Negari
920 1911 1027 1952 non
1057 1907 1253 1968 potest,
1296 1902 1423 1971 quin
1473 1913 1528 1958 et
1566 1904 1664 1959 bo-

72 1994 186 2034 num
216 1981 309 2045 sit,
344 1990 401 2036 et
429 1982 670 2038 omnium
701 1993 852 2041 certe
880 1986 1099 2042 bonum.
1128 1989 1233 2046 Sed
1274 1990 1319 2046 si
1361 1991 1513 2048 beata
1542 2008 1664 2051 esse

74 2087 166 2126 non
201 2080 419 2143 potest,
463 2074 584 2145 quia
613 2076 696 2130 vis
722 2086 778 2132 et
806 2086 992 2133 natura
1014 2080 1131 2151 ejus
1161 2086 1214 2137 in
1245 2084 1504 2140 malorum
1532 2102 1659 2157 per-

75 2164 298 2221 ferentia'
319 2170 494 2236 posita
517 2180 621 2239 est,
646 2186 751 2227 non
775 2182 859 2229 est
878 2175 1121 2245 profecto
1140 2192 1407 2234 summum
1428 2181 1656 2238 bonum.

76 2262 378 2328 Quaeramus
409 2265 577 2321 aliud.
607 2267 674 2321 At
701 2266 832 2322 nihil
859 2270 1057 2326 virtute
1082 2272 1382 2342 pulchrius,
1417 2274 1550 2331 nihil
1572 2291 1660 2331 sa-

76 2354 237 2422 piente
264 2354 483 2428 dignius
511 2360 739 2417 inveniri
776 2371 970 2433 potest.
998 2364 1053 2421 Si
1076 2367 1220 2422 enim
1247 2368 1370 2423 vitia
1393 2369 1462 2424 ob
1491 2372 1663 2441 turpi-

78 2447 294 2504 tudinem
327 2449 582 2521 fugienda
611 2465 754 2520 sunt,
783 2456 953 2512 virtus
978 2458 1141 2529 igitur
1162 2462 1461 2531 appetenda
1483 2472 1567 2520 est
1591 2464 1662 2521 ob

29 2522 42 2545 ⁷
77 2540 330 2598 decorem.
358 2543 507 2611 Quid
534 2548 702 2618 ergo?
724 2548 975 2606 Potestne
998 2522 1155 2620 'ﬁeri,
1181 2522 1249 2608 ut.
1266 2555 1409 2626 quod
1436 2556 1658 2627 bonum,

77 2634 202 2705 quod
226 2635 517 2694 honestum
547 2653 668 2697 esse
696 2652 924 2709 constat,
955 2646 1206 2702 mercede
1232 2663 1295 2704 ac
1323 2652 1545 2719 praemio
1571 2666 1663 2707 ca-

82 2740 201 2797 reat,
229 2731 409 2804 sitque
456 2743 566 2790 tam
595 2738 800 2805 sterile,
830 2747 891 2795 ut
929 2739 1062 2796 nihil
1087 2758 1153 2797 ex
1180 2759 1240 2799 se
1265 2745 1534 2800 commodi
1565 2762 1663 2817 pa-

81 2823 208 2878 riat?
231 2823 420 2881 Labor
451 2826 543 2885 ille
568 2831 838 2901 Qmagnus,
869 2840 923 2887 et
951 2831 1238 2889 difﬁcultas
1261 2877 1277 2902 ,
1324 2846 1379 2891 et
1415 2838 1668 2895 eluctatio

82 2914 314 2973 adversus
352 2918 537 2988 mala,
569 2921 761 2991 quibus
804 2921 922 2979 haec
961 2926 1067 2981 vita
1115 2927 1273 2996 plena
1318 2938 1432 2995 est,
1465 2931 1666 3001 aliquid

83 3008 234 3079 magni
261 3008 387 3067 boni
426 3011 599 3083 pariat
624 3028 852 3079 necesse
879 3026 985 3074 est.
1022 3017 1079 3074 Id
1116 3033 1246 3076 vero
1272 3021 1401 3093 quid
1429 3037 1553 3080 esse
1578 3023 1665 3079 di-

1766 1890 1928 1950 atque
1959 1881 2268 1949 praeclarius
2299 1880 2497 1944 efﬁcit;
2530 1895 2628 1935 nec
2677 1880 2872 1933 frustra
2906 1878 2988 1931 his
3020 1876 3375 1945 prtesentibus

1764 1971 1923 2026 bonis
1952 1971 2268 2037 reluctatur,
2297 1972 2399 2026 nisi
2428 1971 2569 2039 quod
2601 1970 2824 2040 majora,
2856 1978 2907 2025 et
2927 1967 3136 2025 veriora
3165 1968 3376 2027 deside-

1764 2072 1887 2119 rat:
1920 2077 2029 2117 non
2057 2063 2411 2133 deSpcremus
2439 2062 2668 2117 inveniri
2707 2076 2882 2133 posse,
2916 2060 3080 2117 modo
3106 2068 3287 2117 verset
3312 2076 3375 2120 se

1763 2154 2013 2224 cogitatio
2042 2157 2097 2208 in
2129 2155 2331 2209 omnia.
2361 2153 2549 2227 Neque
2572 2155 2719 2210 enim
2746 2154 2885 2211 levia
2929 2164 3023 2211 aut
3052 2153 3259 2212 ludicra
3279 2170 3374 2228 pe-

1765 2254 1949 2303 tuntur
1979 2247 2219 2319 praemia.

2367 2406 2593 2463 CAPUT
2642 2406 2759 2461 XII.

1767 2563 1847 2620 De
1873 2565 2067 2636 duplici
2108 2580 2279 2636 pugna
2310 2564 2540 2634 corporis
2568 2572 2613 2618 et
2644 2564 2863 2630 animae;
2909 2572 3060 2634 atque
3104 2564 3168 2620 de
3211 2578 3371 2634 appe-

2031 2659 2181 2714 tenda
2208 2658 2388 2713 virtute
2418 2666 2624 2729 praptcr
2647 2657 2802 2712 vitam
2830 2666 3090 2711 aeternam.

1842 2839 1948 2896 Sed
1996 2839 2255 2910 quaeritur
2299 2837 2427 2909 quid
2481 2836 2589 2903 sit,
2637 2846 2860 2907 propter
2887 2834 3032 2905 quod
3062 2835 3369 2905 nascimur;

1770 2934 1895 3005 quid
1924 2932 2125 2990 efﬁciat
2161 2933 2355 2998 virtus,
2410 2944 2698 3001 possumus
2741 2929 2822 2984 sic
2865 2928 3209 3000 investigare.
3258 2929 3374 2984 Duo

1770 3037 1933 3095 sunt,
1975 3042 2040 3083 ex
2089 3026 2286 3098 quibus
2331 3025 2493 3081 homo
2534 3031 2779 3090 constat,
2807 3021 3020 3078 animus
3060 3029 3114 3079 et
3152 3033 3369 3093 corpus.

1388 3160 1748 3223 VARIORUM
1783 3162 2020 3220 NOTAE.

143 3297 261 3375 Cum
291 3296 507 3375 bellicis,
548 3306 653 3375 etc.
696 3297 797 3354 Hic
832 3298 1057 3375 afferam
1101 3300 1264 3375 verba
1304 3300 1427 3375 Auli
1467 3300 1649 3375 Gellii,
1682 3302 1729 3367 C
1760 3303 1910 3375 tutis)
1938 3313 2048 3368 est;
2072 3312 2128 3359 ει
2152 3302 2245 3359 lib.
2278 3319 2378 3371 vu,
2400 3317 2520 3375 cap.
2554 3304 2579 3358 1
2611 3319 2626 3360 :
2658 3301 2957 3358 Tolerantia
2979 3302 3229 3357 malorum
3250 3301 3373 3358 lati—

86 3369 263 3442 etiamsi
291 3368 549 3442 Gentilis,
584 3369 679 3442 lib.
709 3385 803 3442 xix
832 3369 987 3426 Noct.
1020 3370 1347 3442 Attic.,cap.
1381 3372 1416 3426 2
1443 3391 1456 3427 :
1493 3368 1656 3441 Quiu-

86 3458 191 3515 que,
218 3440 383 3512 inquit
409 3482 427 3505 ,
460 3449 578 3515 sunt
605 3440 879 3515 hominum
909 3459 1088 3496 sensus
1106 3485 1121 3507 ,
1153 3461 1242 3511 per
1270 3440 1394 3512 quos
1423 3440 1658 3515 voluptas

27 3527 41 3541 '
86 3513 229 3566 animo
252 3522 336 3566 aut
364 3512 579 3581 corpori
605 3514 767 3583 quaeri
796 3513 994 3567 videtur
1026 3530 1038 3565 :
1070 3523 1272 3582 gustus,
1312 3523 1495 3577 tactus.
1526 3512 1657 3570 odo-

86 3584 406 3650 rutus.uisus,
447 3582 674 3638 auditus.
710 3582 912 3655 Emittis
953 3585 1186 3639 omnibus
1228 3601 1344 3655 qua:
1389 3587 1661 3641 immodice

85 3656 290 3727 uoluptas
326 3656 560 3727 capitur,
589 3672 648 3708 ea
682 3654 845 3724 turpis
876 3665 1029 3727 atque
1058 3657 1288 3725 improba
1317 3658 1655 3713 existimatur.

88 3725 181 3781 Sed
200 3727 321 3780 enim
352 3742 479 3797 quae
504 3726 663 3780 nimia
688 3742 752 3781 ea:
778 3725 1109 3796 gustu'atque
1138 3737 1275 3781 tactu
1304 3737 1399 3794 est,
1431 3745 1489 3782 ea
1515 3729 1662 3783 volu-

89 3807 212 3865 ptas,
255 3799 403 3852 sicuti
436 3797 689 3866 sapientes
729 3799 823 3852 viri
861 3808 1196 3866 censuerunt,
1238 3799 1463 3853 onmium
1494 3816 1661 3854 rerum

89 3869 335 3937 [altissima
362 3880 463 3924 est.

148 3938 380 3997 Processu
427 3941 611 3997 aetatis.
654 3939 894 4007 Quaestio
939 3948 1023 3996 est
1062 3940 1203 4010 apud
1250 3938 1566 3996 Ciceronem
1608 3942 1660 3997 in

88 4008 264 4083 Catone
289 4013 521 4083 majore,
557 4021 733 4066 utrum
778 4022 1031 4067 senectus
1064 4008 1337 4083 voluptate
1366 4022 1570 4067 careat.

151 4082 259 4137 Non
287 4082 431 4138 est...
462 4100 714 4138 sumntum
746 4084 930 4137 bonum
949 4126 961 4144 ,
998 4083 1086 4137 sed
1126 4099 1188 4136 ne
1219 4082 1407 4137 bonum
1432 4083 1658 4150 quidem.

92 4154 316 4223 Sequitur
353 4157 620 4210 Senecam
654 4155 721 4208 de
752 4154 871 4208 Vita
900 4154 1084 4217 Beata,
1123 4170 1240 4224 cap.
1287 4156 1370 4217 10,
1406 4155 1497 4208 ﬁn.
1532 4174 1543 4208 :
1578 4154 1661 4209 Tu

90 4226 214 4280 illum
238 4225 613 4352 goluptatem)
642 4242 894 4280 summum
922 4225 1110 4280 bonum
1135 4227 1324 4297 putas?
1352 4226 1464 4298 Ego
1492 4243 1553 4280 ne
1571 4226 1664 4281 bo-

92 4314 214 4351 num.
287 4314 371 4352 ΒΝ.

92 4314 214 4351 num.
243 4314 371 4353 UUN.

141 4368 303 4451 dlnlto
330 4371 515 4439 magis.
549 4368 625 4424 Ita
656 4383 783 4423 mss.
830 4378 883 4423 ct
921 4368 1190 4439 impressi.
1232 4368 1463 4435 Mallem,
1502 4370 1661 4423 multo

93 4456 256 4495 minus.

158 4511 214 4566 Et
234 4522 487 4582 aptantur.
516 4512 682 4567 Recte
702 4511 872 4568 sensit
900 4512 1085 4567 Isaeus.
1114 4526 1220 4566 non
1248 4511 1553 4567 addendam
1578 4511 1666 4566 hic

94 4585 430 4653 negationem,
467 4594 524 4640 ut
551 4584 606 4639 in
638 4582 844 4638 Bonon.
866 4625 879 4647 ,
922 4585 947 4638 1
983 4582 1219 4638 Colbcrt.
1250 4592 1306 4638 et
1333 4584 1498 4638 Bruti.
1531 4598 1659 4638 mss.

93 4656 363 4727 reperitur;
395 4658 584 4727 prohat
630 4654 773 4727 enim
800 4654 1031 4727 divitias
1072 4669 1181 4727 non
1227 4670 1350 4710 esse
1393 4670 1661 4709 sumntum

1768 3374 1891 3430 nius
1918 3375 2138 3431 dicitur.

1837 3445 1991 3500 Nihil
2017 3452 2244 3508 sapiente
2268 3448 2494 3514 dignius.
2526 3446 2602 3502 Ita
2629 3446 2737 3501 (luo
2764 3460 2895 3501 mss.
2926 3445 3057 3516 Reg.
3091 3443 3368 3516 veterrimi

1764 3526 1819 3573 et
1862 3516 2025 3573 Goth.
2070 3518 2126 3572 Itt
2161 3520 2185 3573 1
2231 3517 2384 3574 Colb.
2417 3527 2501 3573 est
2540 3518 2837 3587 sapientia,
2888 3514 3167 3573 mendose.
3207 3514 3269 3570 In
3306 3516 3374 3571 16

1769 3603 1901 3643 mss.
1938 3588 2268 3657 totidemque
2295 3590 2453 3643 editis
2482 3598 2585 3654 est,
2613 3590 2865 3655 sapientia
2886 3588 3111 3658 dignius.

1844 3659 1906 3712 Et
1938 3656 2195 3713 eluctatio’
2224 3660 2464 3713 adversus
2505 3660 2661 3713 mala.
2705 3659 2830 3712 Mss.
2867 3656 3000 3724 reti,
3031 3656 3067 3710 2
3096 3657 3229 3727 Reg.
3261 3666 3315 3711 et
3343 3660 3370 3712 1

1764 3727 1942 3797 Colb.,
1975 3740 2023 3784 et
2060 3730 2310 3791 luctatio;
2344 3729 2490 3791 Em..
2520 3739 2568 3783 et
2605 3728 2911 3791 obluctatio,
2941 3727 3083 3796 quod
3129 3742 3250 3797 cum
3284 3743 3373 3781 se-

1765 3796 2094 3867 quentibus,
2121 3801 2362 3855 adversus
2399 3800 2536 3853 mala
2559 3840 2575 3864 ,
2623 3799 2916 3853 c0nvenire
2960 3798 3131 3867 magis
3162 3796 3374 3852 videtur

1765 3869 2002 3927 Cellario
2030 3887 2188 3942 quam
2221 3871 2472 3934 aliorum,
2505 3871 2767 3942 eluctatio.

1843 3943 1928 3997 Ea:
1956 3939 2286 3997 eaIScilicct
2313 3944 2529 3996 virtute.
2559 3941 2649 3995 Sic
2673 3939 2903 3996 emendo
2924 3954 2990 3994 ex
3017 3954 3148 3992 mss.
3172 3947 3226 3993 et
3260 3939 3378 3994 edi-

1770 4017 1837 4070 tis
1869 4016 2025 4068 Rom.
2058 4014 2219 4078 1468,
2262 4012 2532 4085 Gymnic,
2562 4010 2755 4067 Ccllar.
2805 4010 2865 4067 In
2896 4012 2958 4066 11
2990 4010 3240 4080 ,vulgatis
3272 4022 3373 4076 est,

1768 4103 1834 4142 ea,
1865 4102 1943 4149 eo,
1979 4086 2263 4141 mendose.

1840 4157 2098 4211 Abstrahi.
2132 4157 2205 4212 Ita
2248 4156 2463 4226 reposui
2489 4171 2555 4211 ex
2582 4154 2711 4210 edit.
2741 4152 2895 4208 Rom.
2928 4153 3087 4218 M70,
3118 4152 3372 4226 Torne_s.,

1767 4228 2065 4294 Soubron.,
2105 4238 2156 4282 et
2185 4243 2254 4281 ex
2282 4224 2532 4281 omnibus
2562 4242 2693 4282 mss.
2725 4238 2924 4298 przeter
2945 4226 2978 4281 4
3008 4240 3118 4280 rec.
3155 4236 3211 4280 et
3241 4224 3373 4279 edit.

1771 4300 1858 4362 11,
1895 4300 1945 4351 in
1978 4300 2173 4369 quibus
2202 4309 2285 4352 est
2314 4299 2551 4353 distrahi.

1845 4366 2009 4437 Quam
2037 4372 2079 4424 si
2108 4380 2152 4424 et
2184 4371 2450 4438 proprium
2478 4370 2543 4422 sit
2569 4369 2788 4422 virtutis.
2823 4368 2901 4422 Ex
2935 4382 3064 4422 mss.
3090 4366 3376 4438 acgveteri-

1772 4436 1879 4496 bus
1904 4442 2118 4496 excusis
2146 4436 2257 4505 est,
2283 4436 2346 4495 et
2387 4440 2719 4509 elegantius,
2765 4454 2924 4509 quam
2967 4449 3013 4491 et
3056 4438 3101 4492 si
3145 4436 3379 4493 duorum

1771 4527 1902 4568 mss.
1932 4528 2043 4567 rec.
2076 4523 2131 4568 et
2156 4511 2513 4582 quorumdam
2540 4510 2829 4582 editorum.

1842 4583 2019 4655 anue
2053 4577 2241 4639 omnia.
2281 4583 2356 4636 Ex
2389 4597 2518 4655 mss.
2550 4590 2605 4636 et
2632 4582 2793 4655 editis
2822 4577 3171 4655 Πρω-1170,
3203 4577 3372 4633 Torn.

1771 4665 1826 4711 et
1878 4649 2149 4711 Stiubron.
2200 4654 2431 4710 restitui.
2467 4654 2522 4708 In
2555 4650 2769 4708 cmteris
2808 4649 3038 4721 vulgatis
3078 4657 3182 4718 est,
3231 4658 3380 4722 atque

94 4724 293 4804 bonum,
318 4724 589 4797 siquidem
614 4726 689 4781 illi
718 4726 810 4795 qui
832 4726 947 4779 illas
971 4725 1476 4804 possident,_plu_re_s
1502 4741 1668 4796 appc-
1690 4744 1745 4804 D
1773 4728 1966 4804 omnia.

95 4803 197 4851 lunt
214 4810 265 4853 et
291 4809 513 4869 optant:
537 4812 810 4852 summum
833 4812 961 4852 vero
986 4797 1184 4869 bonum
1214 4797 1336 4869 talis
1362 4798 1523 4869 debet
1544 4812 1665 4869 esse

96 4879 299 4938 naturae,
327 4866 389 4924 ἰιι
432 4869 753 4925 desiderium
782 4869 1018 4936 expleat,
1052 4866 1179 4922 Mss.
1227 4867 1260 4922 9
1290 4870 1449 4938 Reg.,
1480 4868 1515 4923 5
1538 4867 1668 4923 Col-

96 4936 240 5008 bcrt.,
268 4940 304 4993 ‘2
340 4939 608 5008 Clarom.,
656 4940 781 4996 Jun.
824 4950 1011 4994 carent
1053 4938 1155 4992 hac
1192 4936 1478 5008 negatione
1518 4958 1529 4992 :
1576 4938 1661 4994 .Io.

95 5007 240 5066 Cauci
270 5013 429 5067 etiam
469 5012 754 5068 delendam
782 5019 995 5078 censet;
1043 5010 1193 5066 abest
1225 5007 1436 5082 quoque
1467 5011 1534 5066 ab
1566 5011 1669 5065 im-

97 5086 278 5148 pressis
301 5084 574 5139 tredecim.
614 5082 696 5138 Ea:
722 5082 893 5138 GALL.

159 5149 220 5206 Et
247 5170 439 5210 necesse
465 5165 556 5211 est.
604 5154 954 5209 Heumannus
997 5153 1215 5219 scribit,
1255 5161 1306 5207 at
1336 5169 1536 5208 necesse
1572 5164 1665 5207 est.

98 5220 215 5293 Quia
245 5235 291 5279 et
316 5235 399 5281 est
425 5227 473 5280 in
503 5227 756 5283 omnibus
799 5225 970 5290 libris,
1002 5224 1348 5293 interpretor,
1382 5235 1428 5279 et
1474 5235 1663 5279 tamen.

101 5292 342 5351 Particulo
360 5306 522 5352 tamen
544 5313 688 5366 saepe
706 5297 757 5351 in
780 5293 1042 5351 Cicerone
1057 5306 1111 5350 et
1132 5292 1413 5350 Lactantio
1434 5297 1514 5350 sic
1538 5295 1671 5349 sub-

100 5366 309 5438 auditur.
352 5366 524 5435 Lact.,
572 5368 664 5425 lib.
700 5384 779 5435 tv,
808 5382 928 5437 cap.
958 5366 995 5421 2
1034 5383 1048 5438 ξ
1084 5366 1419 5438 Nusquam...
1466 5368 1673 5436 sapien-

103 5435 764 5562 tiagtucomprehenderuut,
802 5448 849 5493 et
878 5435 1081 5493 alicubi
1119 5435 1226 5494 esse
1263 5439 1406 5493 illaut
1448 5435 1674 5494 neCesse

103 5518 193 5559 es.
261 5526 346 5562 us.

103 5516 193 5560 CSI.
222 5516 346 5565 BUN.

168 5576 264 5633 Sed
289 5582 332 5635 si
355 5582 513 5638 beata.
539 5584 705 5640 Abest
731 5584 774 5638 si
799 5597 830 5637 a
860 5596 962 5636 ms.
986 5580 1109 5637 Em.
1140 5581 1199 5638 In
1228 5597 1338 5638 rec.
1368 5583 1404 5637 5
1431 5579 1669 5636 Colbcrt.

104 5656 153 5702 et
178 5649 203 5721 1
234 5651 461 5708 Claram.
493 5664 595 5721 est,
630 5655 737 5711 Sed
765 5654 809 5708 si
838 5653 991 5708 bona.

169 5717 229 5795 In
249 5724 492 5778 malorum
519 5717 842 5795 perferentia.
866 5724 1065 5788 Betul.,
1093 5724 1456 5794 prwfereutia;
1489 5738 1670 5793 prave.

107 5788 212 5846 Lib.
234 5808 308 5865 ιιι,
329 5809 443 5867 cap.
468 5788 536 5852 12'
562 5815 576 5855 :
603 5788 669 5853 1η
689 5797 1004 5870 perferendis
1028 5788 1176 5854 matis
1196 5788 1394 5870 iotavis
1412 5788 1522 5864 eius
1543 5795 1676 5869 (vir-

1845 4797 1912 4851 ld
1940 4808 2011 4852 est
2042 4797 2271 4868 profecto
2312 4797 2527 4852 virtutis.
2578 4795 2669 4851 Sic
2712 4792 2949 4868 reposui
2972 4807 3061 4868 ex_
3091 4801 3199 4849 vet.
3229 4792 3376 4868 edit.

1770 4870 1930 4925 Rom.
1964 4880 2018 4924 et
2042 4864 2309 4923 omnibus
2351 4882 2482 4923 mss.
2517 4878 2715 4937 praeter
2756 4868 2791 4922 5
2836 4864 3017 4929 Coll»,
3050 4865 3103 4919 in
3151 4864 3377 4935 quibus,

1775 4942 1913 4996 sicut
1951 4942 2002 4994 in
2035 4941 2102 4995 15
2131 4939 2391 5009 vulgatis.
2424 4940 2633 5009 legitur,
2684 4938 2738 4991 id
2775 4946 2848 4991 est
2894 4937 3121 5009 profecto
3157 4937 3375 5009 virtutis.

1777 5012 1836 5066 In
1866 5011 1999 5067 edit.
2034 5008 2264 5065 Tornes.
2295 5021 2349 5065 et
2375 5008 2623 5066 Snubrou
2646 5051 2661 5076 ,
2691 5010 2747 5063 id
2787 5017 2859 5062 est
2887 5008 3125 5077 perfecta:
3153 5008 3375 5063 virtutis.

1778 5081 2025 5152 Profecto
2050 5082 2227 5146 virtus,
2254 5082 2416 5136 etiam
2445 5081 2572 5152 legit
2595 5081 2944 5136 Heumannus
2966 5095 3031 5133 cx
3054 5079 3378 5152 edit_._l/t72,

1776 5149 1943 5236 4.476,
1975 5153 2116 5209 1478
2145 5160 2200 5209 ει
2227 5151 2385 5222 1497,
2417 5169 2479 5208 ac
2504 5149 2667 5208 etiam
2699 5168 2766 5209 ex
2796 5167 2901 5207 uno
2927 5168 2958 5207 ε
2986 5164 3115 5205 mss.
3145 5149 3382 5205 Thoma-

1777 5239 1966 5280 SlaIlIS.

1850 5294 1970 5349 Duo
2001 5305 2137 5350 sunt.
2171 5295 2329 5351 Juxta
2358 5296 2419 5351 Β.
2460 5295 2686 5351 Paulum
2731 5293 2900 5349 tribus
2943 5291 3107 5345 homo
3140 5290 3379 5359 partibus

1779 5375 2032 5422 constat:
2066 5383 2317 5437 corpore,
2360 5369 2563 5431 anima,
2612 5375 2666 5423 ct
2715 5365 2928 5437 spiritu.
2975 5361 3083 5437 Sed
3132 5362 3379 5437 animalis

1781 5437 1948 5493 homo
1977 5454 2081 5493 non
2113 5433 2342 5508 percipit
2369 5455 2429 5494 ea
2472 5454 2591 5506 quae
2634 5447 2760 5492 sunt
2812 5435 2927 5490 Dei.
2957 5433 3379 5508 ⁸βφιιδιὶιιιςιιιιυιῖι

1781 5510 1943 5579 igitur
1967 5510 2019 5564 in
2048 5504 2310 5581 spirittta‘li
2338 5504 2556 5565 homine
2581 5509 2849 5581 sinceram
2892 5504 3233 5581 religionem,
3272 5518 3376 5581 qua

1782 5575 2032 5637 homines
2063 5575 2354 5650 perfectam
2404 5581 2586 5652 (quam
2619 5579 2820 5652 rCicero
2865 5575 3171 5652 somniavit)
3214 5575 3379 5627 ratio-

1781 5668 1905 5727 nem
1933 5645 2216 5727 habentes,
2241 5645 2714 5727 _multis:gr_adibus
2743 5665 2772 5702 a
2802 5647 3073 5727 communi
3111 5645 3227 5727 illa“
3254 5660 3378 5727 psy:

1780 5723 2079 5789 chicorum,
2116 5714 2360 5792 plurimis
2386 5738 2417 5778 a
2448 5714 2678 5777 liellttina
2709 5730 2895 5792 natura
2926 5717 3145 5792 distant.
3188 5714 3377 5792 Potest

1783 5795 1974 5867 videri,
2004 5785 2343 5853 Lactantium
2375 5794 2514 5854 idcm
2541 5791 2835 5852 credidisse
2864 5788 3128 5858 animum,
3152 5786 3293 5859 quod
3320 5785 3375 5846 in
