3770 6264
392 285 499 343 379

1496 278 1680 337 sinit.
1721 273 2085 336 LACTAN'l‘ll
2130 274 2335 339 ntvm.
2377 274 2619 336 iNS’l‘IT.
3558 288 3625 345 δη,

395 404 556 461 Multa
602 412 730 462 sunt
778 402 988 478 propria
1030 401 1230 468 animi,
1267 401 1432 458 multa
1473 399 1691 473 propria
1718 396 1986 469 corporis,
2015 402 2070 463 Α
2094 395 2317 461 caduca,
2344 395 2550 466 spernit
2576 438 2589 461 ,
2620 394 2748 467 quid
2779 395 2926 451 aliud
2956 402 3165 464 restat,
3219 398 3323 453 nisi
3369 407 3425 454 ut
3462 404 3621 465 cmleste

398 501 568 554 multa
600 499 808 569 utrique
834 495 1167 562 communia,
1195 495 1336 551 sicut
1361 504 1444 550 est
1469 494 1582 565 ipsa
1625 499 1803 549 virtus
1834 504 1993 562 :qute

398 592 611 664 quoties
636 590 701 645 ad
729 603 924 659 corpus
955 586 1208 655 refertur,
1247 585 1589 642 discernendi
1628 584 1800 657 gratia
1838 583 1994 639 forti-

398 683 527 740 tudo
556 681 881 737 nominatur.
905 680 1172 747 Quoniam
1199 679 1361 751 igitur
1385 678 1596 750 utrique
1620 676 1861 749 subjacet
1884 674 1994 731 for-

399 774 590 837 titudo.
623 773 839 840 utrique
868 772 1141 843 proposita
1172 770 1449 827 dimicatio
1474 779 1576 840 est,
1609 778 1662 826 et
1693 771 1906 840 utrique
1927 782 1995 824 ex

398 868 746 925 dimicatione
775 867 1047 923 victoria:
1083 881 1315 937 corpus,
1364 866 1487 938 quia
1534 864 1765 921 solidum
1812 872 1896 919 est
1941 873 1996 918 et

398 962 912 1032 comprehensibile,
941 976 1063 1017 cum
1105 960 1291 1017 solidis
1327 968 1382 1015 et
1420 956 1996 1031 comprehensibilibus

398 1056 657 1125 conﬂigat
683 1068 908 1111 necesse
938 1063 1051 1118 est;
1083 1055 1297 1108 animus
1322 1061 1522 1116 autem,
1554 1053 1675 1124 quia
1716 1050 1912 1115 tenuis,
1945 1055 1999 1102 et

402 1147 688 1204 invisibilis
714 1154 798 1203 est
818 1188 834 1216 ,
873 1160 995 1202 cum
1024 1144 1091 1200 iis
1120 1144 1467 1216 congreditur
1497 1143 1764 1210 hostibus,
1797 1139 1889 1212 qui
1920 1140 2000 1195 vi-

402 1241 515 1297 deri
563 1240 816 1310 tangique
864 1251 974 1293 non
1021 1245 1265 1309 possunt.
1320 1237 1422 1303 Qui
1455 1243 1582 1291 sunt
1606 1243 1785 1289 autem
1816 1232 2000 1288 hostes

402 1333 589 1401 animi,
621 1332 723 1388 nisi
753 1331 1097 1403 cupiditates,
1130 1329 1278 1396 vitia,
1303 1328 1566 1401 peccata?
1595 1343 1715 1398 qute
1741 1327 1786 1383 si
1814 1324 2002 1381 vicerit

401 1428 594 1495 virtus,
625 1440 688 1481 ac
719 1423 1005 1497 fugaverit,
1031 1423 1407 1479 immaculatus
1432 1423 1537 1479 erit
1564 1422 1796 1489 animus,
1820 1435 1883 1476 ac
1905 1435 1999 1491 pu-

402 1534 516 1577 rus.
549 1519 702 1576 Unde
728 1532 859 1591 ergo
888 1518 1068 1589 colligi
1094 1525 1292 1583 potest,
1320 1516 1448 1590 quid
1475 1516 1676 1573 efficiat
1702 1514 1865 1570 animi
1895 1512 2003 1569 for-

403 1611 616 1669 titudo?
643 1610 906 1666 Nimirum
952 1625 1019 1666 ex
1067 1609 1377 1682 conjuncto,
1419 1618 1474 1665 et
1511 1608 1649 1680 pari,
1699 1608 1801 1664 hoc
1826 1617 1905 1663 est
1935 1622 2000 1662 cx

402 1706 649 1777 corporis
675 1703 1010 1772 fortitudine,
1040 1704 1185 1776 quod
1216 1718 1337 1760 cum
1372 1704 1425 1759 in
1470 1703 1704 1773 aliquam
1748 1715 2001 1774 congres-

2095 487 2299 559 aliquid
2330 488 2554 555 efficiat,
2587 489 2713 561 quia
2743 496 2958 544 terrena
2984 490 3240 546 universa
3272 496 3573 563 contemnit,
3595 514 3625 558 et

2096 582 2164 637 ad
2217 581 2410 637 altiora
2459 582 2685 648 nitatur,
2733 583 2858 653 quia
2904 581 3125 638 humilia
3174 582 3514 653 despicit‘Hd
3544 607 3626 650 vero

2097 674 2229 730 nihil
2260 675 2403 730 aliud
2434 682 2615 746 potest
2642 690 2783 741 esse,
2816 691 2974 747 quam
3008 675 3408 731 immortalitas.

2168 769 2362 825 Merito
2392 784 2522 839 ergo
2539 768 2984 841 philosophorum
3011 783 3114 824 non
3136 771 3407 826 obscurus
3424 772 3624 847 Euclides,

2098 862 2189 933 qui
2218 862 2313 918 fuit
2334 864 2585 920 conditor
2608 863 2996 934 Megaricorum
3019 863 3351 932 disciplinae,
3379 864 3627 930 dissentiens

2099 969 2130 1009 a
2157 956 2387 1021 caeteris,
2415 955 2465 1010 id
2496 970 2618 1011 esse
2644 970 2916 1010 summum
2939 955 3137 1011 bonum
3164 955 3335 1023 dixit,
3360 959 3490 1027 quod
3510 964 3628 1023 simile

2099 1045 2190 1113 sit,
2217 1054 2273 1102 et
2302 1045 2441 1101 idem
2470 1061 2705 1116 semper.
2739 1046 3007 1102 intellexit
3046 1045 3300 1116 profecto
3342 1062 3455 1119 qua:
3494 1054 3547 1106 sit
3570 1072 3629 1109 nt-

2102 1147 2220 1193 tura
2247 1139 2442 1193 summi
2471 1139 2617 1205 boni,
2649 1139 2774 1194 licet
2797 1138 2851 1194 id
2877 1153 2986 1193 non
3026 1139 3385 1208 explicaverit
3423 1143 3530 1212 quid
3557 1147 3626 1205 sit:

2103 1235 2154 1290 id
2184 1244 2267 1291 est
2295 1243 2474 1291 autem
2506 1235 2907 1302 immortalitas,
2940 1248 3041 1290 nec
3082 1234 3235 1289 aliud
3282 1237 3490 1292 omnino
3523 1243 3655 1310 quid«‘

2102 1343 2297 1400 quam;
2323 1317 2590 1400 quia'sola
2622 1345 2720 1385 nec
2752 1328 3016 1390 imminui,
3050 1343 3151 1383 nec
3179 1329 3369 1399 augeri
3389 1372 3402 1395 ,
3445 1345 3529 1387 nec
3564 1335 3626 1389 im-

2104 1421 2301 1477 mutari
2329 1431 2526 1492 potest.
2561 1421 2768 1478 Seneca
2796 1435 3012 1492 quoque
3052 1419 3372 1491 imprudens
3399 1422 3629 1490 incidit,ut

2104 1515 2379 1585 fateretur,
2414 1516 2618 1571 nullum
2651 1529 2773 1571 esse
2798 1513 2943 1570 aliud
2970 1513 3188 1569 virtutis
3212 1514 3502 1583 praemium,
3523 1532 3625 1587 quam

2106 1609 2584 1666 immortalitatem.
2616 1608 2866 1664 Laudans
2893 1605 3037 1663 enim
3076 1606 3337 1660 virtutem
3383 1608 3435 1661 in
3468 1611 3629 1667 eolibro

2106 1718 2267 1774 quem
2293 1702 2361 1759 de
2389 1703 2675 1758 immatura
2707 1708 2881 1757 morte
2908 1699 3273 1768 conscripsit:
3304 1716 3323 1750 ι
3356 1698 3479 1766 Una,
3498 1701 3625 1772 inquit.

403 1798 616 1855 sionem
656 1807 1042 1869 certamenque
1074 1794 1314 1862 venerit,
1348 1796 1474 1870 quid
1501 1795 1646 1851 aliud
1675 1810 1742 1851 ex
1780 1795 1999 1851 victoria
2031 1806 2079 1867 Β
2109 1811 2195 1852 res
2220 1804 2304 1853 est
2327 1797 2517 1861 virtus,
2550 1810 2669 1866 quae
2700 1807 2800 1849 nos
2828 1790 3241 1849 immortalitate
3277 1794 3470 1848 donare
3500 1796 3624 1865 possit,

404 1908 563 1966 quam
624 1891 788 1947 vitam
839 1891 1012 1962 petit?
1044 1890 1171 1948 Sive
1219 1891 1361 1947 enim
1411 1906 1534 1945 cum
1582 1889 1831 1957 homine,
1885 1888 2001 1944 sive

406 1999 530 2043 cum
572 1984 745 2041 bestia
796 1981 1041 2051 dimices,
1077 1996 1174 2055 pro
1232 1982 1405 2038 salute
1459 1991 1717 2039 certatur.
1756 1981 1895 2051 Ergo
1941 1990 2002 2035 ut

409 2091 605 2147 corpus
663 2076 928 2131 vincendo
968 2074 1019 2130 id
1071 2076 1392 2145 assequitur,
1445 2082 1503 2128 ut
1550 2088 1658 2129 non
1708 2073 1936 2128 intereat
1983 2088 1999 2125 :

408 2168 491 2225 sic
539 2168 701 2225 etiam
754 2168 997 2235 animus,
1051 2175 1111 2222 ut
1139 2175 1488 2238 permaneat;
1531 2175 1586 2222 et
1623 2167 1763 2222 sicut
1806 2178 2001 2236 corpus

409 2260 478 2317 ab
507 2260 752 2316 hostibus
780 2261 892 2315 suis
916 2260 1146 2325 victum,
1176 2268 1353 2315 morte
1379 2259 1670 2314 mulctatur
1696 2275 1710 2315 :
1741 2257 1810 2312 ita
1842 2272 2001 2328 supe-

409 2366 560 2412 ratus
577 2371 604 2409 a
623 2354 765 2409 vitiis
785 2354 996 2409 animus
1026 2352 1288 2410 moriatur
1314 2367 1540 2409 necesse
1569 2360 1670 2407 est.
1703 2351 1841 2419 Quid
1870 2366 2000 2423 ergo

408 2448 655 2504 intererit
678 2446 817 2501 inter
844 2445 1008 2501 animi
1049 2445 1404 2516 corporisque
1430 2444 1857 2511 dimicationem,
1898 2445 1998 2499 nisi

408 2537 550 2609 quod
597 2554 795 2608 corpus
844 2538 1196 2610 temporalem
1250 2541 1414 2593 vitam
1470 2538 1722 2608 expetit,
1785 2537 2001 2594 animus

407 2629 829 2701 sempiternam?
875 2630 933 2687 Si
976 2646 1107 2701 ergo
1156 2630 1327 2687 virtus
1383 2645 1482 2702 per
1533 2631 1768 2702 seipsam
1842 2630 1999 2686 beata

406 2737 514 2779 non
559 2732 680 2791 est,
729 2723 982 2795 quoniam
1032 2724 1087 2778 in
1143 2721 1480 2794 perferendis
1522 2720 1603 2796 (ut
1652 2722 1790 2794 dixi)
1845 2723 2001 2778 malis

409 2825 518 2872 tcta
550 2816 630 2872 vis
655 2815 775 2886 ejus
804 2825 915 2882 est;
963 2814 1011 2871 si
1052 2815 1265 2882 omnia,
1315 2830 1438 2886 quas
1468 2830 1565 2887 pro
1601 2814 1758 2871 bonis
1798 2828 2002 2871 concu-

408 2908 708 2978 piscuntur,
740 2907 990 2980 negligit;
1020 2908 1068 2964 si
1095 2922 1339 2964 summus
1373 2907 1493 2977 ejus
1534 2906 1731 2978 gradus
1758 2905 1826 2962 ad
1857 2921 2002 2962 mor-

410 3010 515 3059 tem
544 3008 714 3072 patet,
742 3000 1175 3072 quandoquidem
1208 3002 1394 3068 vitam,
1423 3015 1547 3071 qua:
1570 3009 1788 3072 optatur
1827 3015 1859 3055 a
1899 3014 2004 3057 cte-

407 3092 559 3160 teris,
587 3107 733 3163 sepe
754 3093 980 3163 respuit,
1006 3102 1366 3164 mortemque,
1397 3107 1557 3162 quam
1579 3093 1766 3148 caeteri
1788 3093 2000 3165 timent,

407 3186 616 3243 fortiter
645 3187 902 3257 suscipit;
932 3187 977 3241 si
1006 3201 1229 3242 necesse
1250 3196 1333 3242 est
1350 3194 1407 3241 ut
1430 3186 1633 3257 aliquid
1650 3201 1719 3243 ex
1736 3200 1796 3242 se
1821 3185 2000 3258 magni

408 3279 538 3336 boni
585 3279 789 3350 pariat,
842 3280 964 3350 quia
1012 3281 1297 3337 sustentati
1342 3290 1397 3338 et
1439 3284 1676 3351 superati
1722 3297 1896 3353 usque
1932 3281 2000 3338 ad

409 3381 641 3428 mortem
674 3371 887 3429 labores
928 3373 1045 3429 sine
1076 3373 1301 3444 praamio
1341 3388 1461 3429 esse
1502 3388 1608 3429 non
1655 3382 1913 3445 possunt;
1956 3375 2003 3430 si

410 3465 617 3522 nullum
649 3465 951 3536 praemium,
977 3464 1122 3537 quod
1153 3481 1215 3522 ea
1247 3466 1467 3539 dignum
1494 3467 1585 3535 sit,
1631 3467 1683 3523 in
1731 3476 1873 3523 terra
1912 3482 2004 3524 re-

412 3556 639 3629 peritur,
672 3555 1108 3628 quandoquidem
1135 3568 1354 3629 cuncta,
1396 3574 1516 3630 quae
1545 3557 1756 3631 fragilia
1786 3568 1914 3615 sunt
1949 3568 2006 3616 et

2105 1898 2161 1945 et
2187 1904 2345 1960 pares
2370 1889 2473 1944 diis
2499 1889 2695 1943 facere.
2718 1904 2738 1939 ι
2762 1886 2868 1944 Sed
2896 1893 2951 1941 et
2974 1884 3129 1941 stoici
3154 1925 3170 1951 ,
3201 1898 3340 1956 quos
3365 1893 3623 1957 secutusesl,

2107 1991 2303 2053 negant
2331 1983 2447 2037 sine
2474 1983 2670 2035 virtute
2696 1977 2836 2035 effici
2877 1992 3206 2050 quemquam
3257 1977 3461 2032 beatum
3498 1994 3620 2048 posse.

2109 2074 2251 2145 Ergo
2277 2075 2491 2130 virtutis
2523 2073 2801 2144 praemium
2834 2072 2989 2126 beata
3031 2070 3138 2125 vita
3174 2081 3281 2138 est,
3332 2070 3379 2125 si
3421 2072 3556 2127 virtus
3578 2074 3624 2145 (ut

2108 2178 2256 2226 recte
2282 2168 2479 2224 dictum
2505 2167 2613 2237 est)
2640 2167 2850 2222 beatam
2883 2166 3048 2221 vitam
3078 2164 3229 2220 facit.
3268 2164 3381 2219 Non
3408 2174 3481 2220 est
3504 2167 3624 2237 igitur,

2111 2270 2171 2317 ut
2211 2262 2395 2327 aiunt,
2440 2268 2663 2330 propter
2704 2259 2937 2328 seipsam
2993 2258 3170 2312 virtus
3218 2257 3528 2328 expetenda,
3565 2261 3623 2316 sed

2111 2359 2333 2423 propter
2358 2351 2520 2405 vitam
2553 2350 2787 2415 beatam,
2818 2364 2938 2421 quas
2968 2349 3233 2403 virtutem
3276 2351 3548 2405 necessario
3574 2366 3624 2406 se-

2109 2445 2307 2516 quitur.
2340 2443 2491 2511 Quod
2535 2453 2909 2514 argumentum
2952 2442 3152 2498 docere
3201 2457 3299 2498 eos
3325 2442 3496 2513 potuit,
3532 2447 3622 2516 quod

2108 2547 2252 2595 esset
2276 2554 2543 2594 summum
2581 2538 2800 2593 bonum.
2848 2537 2974 2593 Hinc
3014 2547 3199 2592 autem
3230 2538 3335 2592 vita
3373 2551 3564 2606 praesens
3590 2550 3619 2594 et

2107 2631 2402 2702 corporalis
2432 2630 2586 2686 beata
2616 2645 2737 2687 esse
2760 2644 2865 2685 non
2900 2639 3100 2702 potest,
3129 2631 3259 2700 quia
3289 2629 3434 2685 nudis
3458 2636 3524 2685 est
3541 2628 3620 2684 sub-

2104 2724 2248 2795 jecta
2277 2739 2373 2795 per
2399 2740 2615 2795 corpus.
2648 2724 2910 2795 Epicurus
2956 2724 3125 2780 Deum
3173 2724 3388 2780 beatum
3424 2734 3472 2779 et
3506 2725 3619 2779 ineor-

2109 2826 2325 2889 ruptum
2354 2829 2531 2884 vocat,
2562 2819 2685 2889 quia
2714 2820 3076 2889 sempiternus
3102 2828 3211 2874 est.
3253 2817 3508 2873 Beatitudo
3529 2819 3618 2874 enim

2111 2908 2347 2980 perfecta
2372 2924 2494 2967 esse
2514 2909 2695 2975 debet,
2730 2919 2787 2964 ut
2810 2910 2940 2964 nihil
2962 2910 3052 2978 sit,
3080 2909 3229 2980 quod
3253 2925 3368 2967 eam
3392 2925 3565 2975 vexare,
3583 2925 3618 2964 ac

2113 3002 2454 3068 imminuere,
2479 3015 2571 3058 aut
2596 3004 2883 3059 immutare
2905 3003 3093 3073 possit.
3110 3002 3224 3059 Nec
3246 3002 3399 3059 aliter
3412 3001 3618 3073 quidquam

2113 3096 2406 3161 existimari
2431 3096 2647 3152 beatum
2693 3104 2900 3167 potest,
2951 3096 3054 3153 nisi
3099 3096 3267 3153 fuerit
3307 3098 3614 3167 incorruptum.

2107 3187 2481 3260 lncorruptum
2512 3200 2690 3246 autem
2722 3191 2856 3246 nihil
2882 3201 3001 3258 est,
3041 3191 3143 3246 nisi
3186 3192 3329 3262 quod
3369 3202 3444 3247 est
3467 3195 3618 3247 immor-

2107 3282 2234 3338 tale.
2256 3281 2384 3338 Sola
2417 3297 2545 3352 ergo
2574 3282 2951 3337 immortalitas
2980 3282 3132 3339 beata
3158 3292 3264 3351 est,
3285 3284 3402 3355 quia
3425 3284 3617 3351 corrumpi

2105 3389 2169 3429 ac
2196 3372 2419 3429 dissolvi
2452 3388 2558 3429 non
2603 3381 2799 3445 potest.
2842 3372 2997 3441 Quod
3043 3375 3089 3429 si
3137 3375 3287 3431 cadit
3330 3375 3378 3430 in
3426 3373 3619 3430 hominem

2107 3466 2303 3532 virtus,
2333 3466 2477 3538 quod
2502 3483 2699 3540 negare
2727 3466 2907 3524 nullus
2935 3477 3134 3539 potest.
3164 3467 3314 3525 cadit
3335 3478 3388 3525 et
3407 3465 3617 3525 beatitudo.
3660 3504 3663 3511 .

2109 3560 2226 3617 Non
2254 3571 2431 3634 potest
2456 3561 2597 3620 enim
2630 3561 2770 3631 ﬁeri,
2802 3571 2861 3618 ut
2901 3564 2973 3619 sit
3018 3564 3207 3631 miser,
3256 3566 3345 3634 qui
3386 3563 3547 3617 virtute
3572 3567 3620 3613 est

1743 3680 2102 3742 VARIORUM
2138 3683 2363 3741 NOTAE“

408 3800 462 3855 in
484 3799 656 3856 sacris
682 3799 903 3857 Litteris
932 3801 1086 3856 tertia
1117 3815 1240 3868 pars
1256 3808 1339 3857 est
1359 3800 1613 3863 spiritus;
1639 3814 1837 3868 nempe
1861 3799 2003 3870 apud

409 3887 567 3942 quem
616 3872 835 3942 spiritus
882 3888 1079 3927 nomen
1128 3873 1460 3927 rarissimum
1501 3881 1603 3927 est.
1637 3872 1777 3938 Quid
1821 3882 2002 3927 autem

409 3944 622 3997 animus
647 3953 704 3998 et
732 3944 906 3997 anima
935 3944 1202 4011 differant,
1231 3944 1389 4000 docet
1415 3944 1556 3999 idem
1595 3943 1909 3999 Lactantius
1935 3942 2005 3997 de

410 4012 638 4084 Opilicio
662 4015 777 4078 Dei,
802 4015 977 4082 capite
1000 4015 1085 4071 18.
1109 4015 1428 4071 BETULEIUS.

484 4083 621 4158 Ipsa
642 4087 819 4139 virtus.
851 4085 1033 4158 Genus
1057 4088 1250 4158 probat
1279 4103 1346 4142 ex
1384 4086 1586 4158 specie.
1631 4086 1814 4140 Robur
1859 4084 2003 4158 enim

412 4156 675 4225 corporis,
705 4157 867 4211 animi
901 4154 1155 4213 fortitudo
1178 4174 1299 4214 esse
1337 4154 1469 4213 alias
1496 4160 1835 4212 observatur.
1869 4154 2005 4211 Vide

413 4226 695 4281 Erasmum
725 4228 775 4281 itt
806 4227 1117 4285 Enchiridio
1139 4231 1324 4285 militis
1343 4229 1641 4283 christiani.

489 4296 558 4352 Ut
586 4299 799 4368 aliquid.
847 4299 927 4354 Ex
964 4316 1093 4355 mss.
1122 4311 1178 4356 et
1201 4302 1234 4356 4
1266 4302 1478 4357 excusis
1508 4299 1724 4370 reposui
1758 4297 2000 4354 voculam

415 4377 641 4443 ut,_gu:e
670 4373 880 4426 caeteris
908 4376 1134 4443 vulgatis
1158 4372 1334 4427 deest.

487 4438 706 4497 Necesse
729 4452 822 4507 est,
856 4454 977 4520 ut...
1001 4438 1194 4520 'pariat.
1224 4444 1426 4520 Lib._t_t,
1448 4442 1624 4520 c_..il;.
1644 4442 1734 4497 lib.
1757 4457 1836 4520 ut,
1858 4454 1909 4495 c.
1934 4440 2002 4496 9:
2031 4460 2083 4520 Β

417 4509 638 4567 Necesse
651 4525 748 4582 est,
768 4524 891 4570 ut...
917 4518 980 4572 si.
1009 4509 1077 4571 At
1098 4530 1243 4580 mox,
1263 4530 1312 4569 c.
1336 4515 1404 4569 l5
1423 4531 1435 4569 :
1457 4512 1677 4568 Necesse
1701 4523 1795 4579 est,
1820 4513 1934 4581 ipsa
1966 4553 2004 4568 ..

416 4585 592 4654 [acina
610 4584 672 4639 L.
704 4600 780 4648 tv,
800 4602 849 4641 c.
876 4588 939 4642 14
970 4607 982 4643 :
1010 4587 1231 4641 Necesse
1258 4596 1352 4651 est,
1376 4585 1579 4640 habeat.
1602 4585 1719 4639 Lib.
1740 4599 1881 4654 vl,c.
1911 4584 2005 4639 l9:

418 4652 639 4711 Necesse
659 4667 729 4711 est
760 4671 997 4712 naturam
1028 4659 1323 4725 depravent.
1367 4657 1428 4711 L.
1463 4672 1563 4722 VII,
1592 4673 1639 4712 c.
1672 4656 1697 4710 1
1735 4673 1748 4710 :
1790 4652 2010 4710 Necesse

417 4735 822 4793 est,revertatur.
848 4729 909 4783 L.
927 4746 938 4781 l
956 4770 972 4793 ,
992 4744 1040 4783 c.
1058 4730 1123 4782 2'1
1153 4748 1165 4781 :
1195 4727 1417 4783 Necesse
1433 4737 1575 4783 est...
1606 4728 1725 4796 [icta
1739 4727 1858 4781 sint.
1876 4727 2008 4781 BUN.

491 4798 795 4853 Sustentati.
830 4800 1058 4855 Restitui
1092 4816 1153 4854 ex
1183 4799 1216 4854 9
1242 4799 1403 4855 editis
1448 4809 1501 4854 et
1547 4800 1796 4854 omnibus
1842 4813 2011 4869 prope

419 4883 549 4941 mss.
575 4870 632 4924 ln
656 4886 750 4925 sex
772 4872 989 4940 scriptis
1010 4880 1064 4925 et
1091 4873 1118 4925 7
1142 4870 1303 4925 editis
1323 4881 1407 4925 est
1443 4871 1684 4941 suscepti.

414 4951 461 5011 ετ
489 4940 749 5012 Euclides.
785 4941 842 5012 pls
879 4944 973 4995 fuit
1002 4942 1239 4998 Socratis
1267 4941 1580 5012 discipulus.

416 5015 449 5071 ι’.
488 5011 735 5066 Conditor
765 5011 1160 5083 Megaricorum.
1201 5011 1419 5068 Orditur
1454 5015 1563 5083 jam
1608 5028 1800 5069 novam
1828 5012 2014 5082 dispu-

419 5084 675 5156 tationem
704 5092 888 5137 contra
915 5099 1029 5147 eos.
1061 5086 1154 5155 qui
1186 5084 1588 5155 imprudentes,
1626 5094 1680 5140 et
1722 5087 1872 5156 quasi
1918 5099 2014 5154 per

420 5152 668 5227 nebulam
691 5168 958 5227 sumntum
988 5152 1186 5212 bonum
1218 5152 1484 5211 viderunt.
1510 5156 1580 5210 Et
1603 5166 1687 5212 est
1715 5152 1836 5212 talis
1862 5152 2015 5227 argu-

418 5222 698 5292 mentatio,
729 5226 901 5297 qualis
930 5227 1075 5283 Pauli
1115 5229 1375 5284 adversus
1401 5227 1778 5292 Athenienses,
1813 5228 1882 5282 de
1922 5222 2011 5282 ara

419 5297 584 5366 ignoti
628 5296 755 5353 Dei.
781 5296 1040 5355 Videntur
1081 5301 1196 5355 haec
1234 5314 1298 5354 ex
1341 5309 1531 5368 quarto
1575 5300 2012 5354 Academicarum

418 5370 622 5434 Quaest.
651 5368 930 5441 Ciceronis
955 5371 1238 5441 desumpta
1280 5385 1420 5426 esse.
1446 5369 1647 5426 Locum
1687 5372 1829 5425 hunc
1874 5372 2013 5426 inte-

416 5454 578 5513 grum,
601 5440 829 5513 referam
857 5458 869 5493 :
898 5441 962 5495 Et
1001 5459 1153 5513 quam
1184 5458 1283 5497 non
1314 5441 1531 5495 multum
1573 5459 1605 5495 a
1656 5442 1870 5496 Platone
1905 5442 2018 5496 Me-

417 5512 581 5586 garici
606 5512 977 5586 discesserunt,
1004 5512 1220 5586 quarunt
1255 5515 1353 5586 fuit
1394 5514 1578 5568 nobilis
1622 5514 1917 5584 disciplina,
1959 5523 2017 5568 ut

419 5583 666 5656 scriptum
698 5584 873 5656 video,
908 5583 1143 5656 princeps
1169 5583 1515 5656 XenOphanes
1535 5628 1549 5649 ,
1584 5583 1768 5639 deinde
1795 5601 1909 5639 eum
1940 5601 2019 5639 se-

421 5656 526 5727 cuti
562 5652 915 5727 Parmenides
944 5667 989 5711 et
1015 5652 1175 5711 Zeno.
1204 5652 1388 5727 Itaque
1415 5655 1476 5709 ab
1504 5657 1582 5711 his
1614 5656 1862 5711 Eretriaci
1903 5656 2019 5726 plli-

427 5723 674 5794 losOphici
698 5727 1111 5783 nominabantur.
1132 5727 1257 5783 Post
1295 5723 1536 5783 Euclides
1561 5771 1573 5795 ,
1602 5727 1834 5784 Socratis
1858 5723 2017 5781 disci-

429 5797 599 5869 pulus,
633 5799 939 5872 Megara-us,
969 5822 1000 5858 a
1027 5819 1126 5874 quo
1163 5804 1317 5859 iidem
1355 5802 1435 5858 illi
1464 5800 1712 5877 Megarici
1758 5800 2015 5868 dicuntur,

2105 3801 2191 3871 qui
2219 3800 2274 3855 id
2306 3802 2491 3855 bonum
2520 3801 2684 3856 solum
2710 3800 3077 3872 essedicebant
3110 3801 3253 3872 quod
3276 3807 3562 3872 esset_unttm,
3579 3792 3620 3848 si-

2107 3869 2247 3943 ntile,
2276 3882 2324 3928 et
2362 3873 2497 3926 idem
2541 3888 2759 3942 semper.
2793 3871 2864 3925 Hi
2907 3869 3311 3943 quoque'multa
3332 3869 3619 3943 a_Pla(on_e:a

2109 3942 2408 3997 Menedemo
2450 3939 2807 4013 autent,'quod
2849 3945 2894 3998 is
2919 3939 3152 3997 'Eretrias
3183 3946 3302 4015 fuit,
3336 3939 3547 3995 Eretriaci
3564 3951 3621 4002 ap-

2107 4016 2305 4083 pellati.
2333 4015 2563 4079 Quorum
2592 4032 2741 4069 omne
2765 4015 2952 4068 bonum
2972 4015 3026 4068 in
3052 4028 3219 4070 mente
3248 4016 3621 4084 positum,etnua—

2106 4087 2171 4140 tis
2196 4087 2324 4145 acie.
2347 4102 2447 4157 qua
2473 4102 2645 4140 verum
2673 4095 2984 4140 cerneretur.
3010 4085 3090 4141 Ex
3117 4089 3313 4155 quibus
3332 4085 3492 4157 verbis
3508 4086 3617 4157 patet,

2108 4142 2512 4213 Lactantiattam
2539 4158 2822 4212 lectionem
2851 4160 3110 4227 integram
3135 4142 3242 4212 non
3286 4170 3418 4211 esse.
3457 4142 3557 4206 Nam
3585 4142 3621 4199 sd

2108 4229 2527 4301 descriptionem
2559 4229 2755 4301 summi
2788 4229 2911 4283 boui
2943 4230 3244 4298 pertinebat
3266 4231 3436 4301 etiam.
3457 4230 3621 4301 utinm]!!!

2108 4311 2271 4355 esset.
2292 4293 2539 4355 'Galenus
2568 4299 2634 4354 ad
2660 4293 2955 4366 Stilponem
2988 4301 3329 4370 Megaraeunt,
3358 4293 3623 4370 Euctidisatt'

2108 4371 2359 4433 ditorem,
2388 4371 2688 4439 disciplina:
2716 4364 2872 4440 hujus
2901 4364 3168 4441 originEm
3198 4364 3361 4426 refert
3387 4370 3431 4421 in
3466 4364 3621 4439 Historia

2113 4443 2503 4515 pililUSOl)lliC8.
2533 4442 2638 4497 Sed
2668 4445 2875 4515 ratione
2899 4445 3011 4512 ipsa
3033 4483 3050 4509 ,
3073 4442 3271 4498 deinde
3296 4442 3443 4515 etiam
3464 4443 3621 4515 auctori

2111 4504 2219 4569 tate
2268 4504 2467 4569 Laertii
2519 4514 2880 4584 probabiliora
2919 4504 3053 4568 sunt
3099 4529 3219 4585 quae
3274 4511 3443 4566 retulit
3478 4504 3618 4561 Cicero.

3168 4586 3470 4639 BETULEIUS.

2187 4655 2339 4734 Quod
2367 4656 2533 4734 simile
2556 4657 2641 4734 sit.
2688 4655 2897 4734 Simile,
2928 4670 3033 4734 non
3060 4656 3193 4734 πρὸς
3225 4678 3277 4712 τι
3303 4642 3621 4734 intelligendi?

2111 4717 2229 4793 est:
2245 4730 2339 4783 sed
2368 4728 2512 4797 quod
2533 4727 2633 4782 sibi
2663 4728 2733 4782 sit
2759 4727 2955 4782 simile.
2994 4717 3222 4784 Susiulit
3263 4728 3417 4790 enim,
3446 4717 3622 4797 ιιί-Ιέπεζσ

2115 4788 2219 4855 tius
2257 4788 2482 4866 scribit,
2525 4800 2592 4854 de
2619 4801 3023 4869 comparatione
3066 4788 3487 4874 disputationem.
3510 4788 3622 4843 BETU‘

2115 4886 2292 4927 LEIUS.

2187 4924 2422 5009 Seneca,
2468 4951 2572 4997 etc.
2623 4940 2811 4998 Nullus
2856 4941 3016 4997 hodie
3051 4942 3273 4998 Senecae
3311 4929 3535 5011 libersnb
3562 4924 3621 5011 ltof

2114 5024 2262 5089 extat
2289 5003 2462 5089 titulo.
2491 5014 2647 5089 Extat
2671 5014 2887 5089 quidem
2914 5014 2982 5068 de
3002 5013 3295 5089 Vita‘beata
3323 5009 3383 5065 ad
3404 5003 3621 5089 Gallidnfg

2116 5066 2259 5142 iis;
2283 5066 2885 5153 tentarenrtgnsio
2913 5066 3091 5139 ninia.
3118 5066 3334 5141 senecta
3372 5077 3535 5144 scripta
3563 5066 3621 5153 lange

2116 5131 2242 5215 iiii
2268 5131 2512 5212 doctrina
2535 5131 2827 5226 c‘onspersa
2854 5173 2867 5210 :
2896 5131 3194 5226 praesertim
3227 5166 3393 5211 tamen
3416 5131 3544 5219 ep'tst.
3563 5131 3617 5197 86,

2117 5245 2238 5301 quae
2262 5238 2343 5283 est
2372 5230 2460 5283 lib.
2496 5243 2594 5284 xit.
2622 5228 2949 5283 BETULEIUS.

2192 5279 2437 5371 Regini:
2452 5279 3104 5370 attineaiiitaaapua
3133 5296 3305 5354 Cicer.
3333 5311 3381 5349 ν.
3413 5279 3576 5349 Tuscul-

2196 5372 2369 5437 Quod.
2397 5371 2805 5442 Proﬂquodnam.

2192 5430 2452 5513 Epicurus
2481 5430 2650 5495 Deum
2676 5444 2893 5506 beatum,
2921 5449 3027 5496 etc.
3061 5441 3119 5497 In
3158 5439 3374 5513 epistola
3409 5431 3475 5513 δᾳ

2120 5483 2655 5590 Maricam,
2699 5483 2821 5590 arts
2870 5483 3018 5569 is...
3062 5483 3619 5590 serenitati-3914

2121 5569 2395 5642 Laertium
2429 5586 2465 5640 l.
2503 5600 2559 5639 χ.
2591 5569 2681 5640 Sic
2703 5569 2865 5639 etiam
2894 5595 3104 5640 veteres
3133 5600 3202 5640 xv
3215 5569 3393 5638 ἐτρωιί
3417 5569 3616 5637 editiones.

2206 5657 2314 5679 ³⁷η-
2351 5669 2507 5679 μη--.
2612 5666 2660 5679 --ι
2695 5662 2753 5679 -.-.
2788 5658 2935 5679 -_-:_-..
2983 5655 3117 5679 1-0....
3152 5656 3345 5679 θυαμ...
3397 5648 3453 5679 .In
3478 5624 3616 5679 Drm‘td.

2195 5657 2317 5711 Non
2349 5669 2578 5724 potest...
2610 5666 2660 5711 ut
2690 5662 2753 5711 sit
2786 5658 2952 5711 miser.
2983 5655 3121 5711 Infra
3152 5656 3368 5715 Seneca,
3396 5648 3453 5700 de

2122 5745 2171 5786 c.
2200 5731 2269 5785 δε
2299 5711 2477 5783 Bonus
2525 5730 2603 5783 ut't'
2658 5739 2821 5799 ροεεει
2869 5728 3021 5799 ηιξεεν
3069 5728 3190 5799 (ίίβδν
3220 5741 3314 5781 ηοη
3348 5711 3613 5799 Ρθωθίίῳίῗ

2129 5770 2269 5858 iis?
2287 5770 2503 5867 Et'c'éPS,
3037 5770 3412 5871 εκὺῖῖἦίῇοίό,
3433 5792 3470 5841 et
3502 5770 3613 5834 stulto,
