3770 6264
45 296 182 358 385
939 300 1140 359 LIBER
1181 296 1266 360 ΙΙΙ.
1313 298 1400 359 DE
1438 300 1657 360 FALSA
1691 294 2055 360 SAPIENTIA
2082 293 2482 356 PlllLOSOPll.
3265 289 3375 350 586

48 415 162 468 tati
197 414 354 470 locus
379 422 464 470 est
493 435 506 470 :
557 414 612 470 in
644 421 905 470 aeternum
933 417 1174 472 stultitiae
1206 433 1365 489 poena
1393 417 1668 474 subeunda
1698 419 1749 478 Α
1779 417 2050 484 vituperat
2106 414 2157 468 id
2212 414 2472 479 studium,
2529 411 2671 483 quod
2726 418 2948 467 vocatur
2995 407 3370 480 philosophia;

43 515 176 574 est,
200 509 252 564 si
279 518 370 564 aut
396 523 626 579 persona
652 508 853 574 inanis,
886 520 979 564 aut
1006 511 1189 582 opinio
1221 511 1351 567 falsa
1380 512 1676 582 deceperit.
1782 507 1998 572 deinde,
2020 522 2194 578 neque
2224 507 2368 560 illam
2399 519 2522 560 esse
2539 515 2732 566 artem,
2757 519 2862 575 qua
2892 503 3060 558 virtus
3086 503 3366 573 etjustitia

0 664 2 670 τ
39 597 251 656 Homo
275 609 475 667 autem,
497 602 906 673 qualiscumque
932 613 1037 670 est,
1058 603 1101 656 si
1130 603 1229 658 sibi
1249 604 1440 668 credit,
1472 604 1573 659 hoc
1597 613 1680 660 est
1781 598 2042 666 discatur,
2078 614 2180 654 nec
2210 599 2367 652 aliam
2398 597 2589 664 ullam,
2639 597 2779 652 sicut
2808 598 3047 666 putavit;
3070 605 3367 666 postremo,

35 693 98 748 si
139 693 356 751 homini
381 694 552 752 credit
576 695 659 769 (ut
686 711 792 751 non
819 695 993 752 dicam
1023 696 1239 762 stultus,
1272 699 1362 768 qui
1389 714 1542 753 suum
1571 713 1676 754 non
1779 696 2033 765 quoniam
2084 704 2170 750 est
2217 693 2432 749 virtutis
2473 692 2777 763 disciplina,
2828 690 2920 746 ubi
2962 689 3250 761 quaerenda
3281 690 3371 756 sit,

39 785 254 843 videat
277 788 536 859 errorem)
567 797 715 845 certe
741 804 1002 860 arrogans
1047 798 1150 858 est,
1201 791 1291 862 qui
1338 791 1438 847 sibi
1484 791 1680 847 audeat
1779 803 1900 844 cum
1928 789 1996 843 ab
2042 789 2134 843 illo
2177 787 2421 844 discendi
2467 801 2667 858 genere
2711 785 3068 842 discesseris:
3103 781 3246 853 quod
3287 782 3375 838 ille

31 881 379 950 vendicare,
407 881 550 953 quod
583 881 818 938 humana
851 881 1090 938 conditio
1121 898 1226 938 non
1250 884 1455 954 recipit.
1777 897 1884 937 non
1936 880 2186 936 audiendi
2230 880 2582 949 discendique
2617 879 2787 950 gratia
2836 876 3129 949 quaerebat.
3175 875 3218 929 A
3269 890 3378 946 quo

126 972 242 1030 Ille
274 975 386 1045 ipse
428 990 670 1031 romanae
700 976 893 1053 linguae
920 990 1164 1032 summus
1203 987 1390 1032 auctor
1413 985 1672 1049 quantum
1777 977 1919 1032 enim
1950 986 2133 1048 posset
2158 975 2370 1042 audire,
2399 991 2519 1031 cum
2550 973 2712 1030 sciret
2754 973 2808 1029 id
2839 971 3044 1028 nemo?
3094 969 3201 1027 Sed
3237 978 3295 1024 ut
3325 972 3376 1026 in

27 1065 310 1134 fallatur,
343 1067 471 1125 licet
501 1085 564 1124 ex
615 1069 703 1125 illa
753 1070 1022 1127 sententia
1067 1070 1390 1142 pervidere:
1423 1072 1516 1142 qui
1548 1087 1670 1128 cum
1775 1075 1954 1127 causis
1994 1072 2174 1128 facere
2210 1072 2441 1138 solebat,
2475 1069 2904 1142 interrogatione
2946 1068 3118 1123 voluit
3155 1083 3372 1138 urgere,

27 1159 98 1215 in
137 1160 308 1218 libris
336 1161 634 1219 ofﬁciorum
664 1162 1059 1235 philosophiam
1084 1164 1220 1220 nihil
1249 1165 1396 1221 aliud
1429 1180 1550 1222 esse
1590 1166 1672 1221 di-
1775 1164 1839 1220 ad
1868 1163 2372 1236 confessionemque
2413 1163 2738 1234 perducere;
2777 1171 3032 1234 tanquam
3064 1161 3365 1218 conﬁderet

24 1253 255 1322 sisset,
279 1271 439 1326 quam
466 1256 701 1313 studium
727 1257 1024 1330 sapientiae,
1050 1259 1222 1330 ipsam
1259 1268 1440 1316 autem
1456 1259 1672 1330 sapien-
1775 1257 2090 1328 responderi
2117 1273 2338 1328 prorsus
2365 1255 2498 1311 nihil
2524 1271 2704 1326 posse,
2729 1253 3017 1325 quominus
3034 1252 3373 1324 philosophia

33 1345 227 1415 tiam,
287 1363 469 1404 rerum
514 1349 816 1405 divinarum
864 1359 919 1405 et
971 1351 1324 1406 humanarum
1364 1353 1668 1421 scientiam,
1773 1359 1916 1406 esset
1948 1351 2202 1422 magistra
2232 1349 2464 1404 virtutis.
2499 1348 2652 1417 Quod
2685 1348 2903 1418 quidem
2946 1347 2999 1402 in
3046 1347 3373 1402 Tusculanis

26 1444 178 1494 tum
230 1440 464 1512 adjecit:
526 1461 544 1495 ι
581 1441 750 1514 Cujus
798 1443 1034 1499 studium
1077 1444 1169 1515 qui
1197 1445 1482 1515 vituperat,
1529 1444 1670 1501 haud
1772 1441 2227 1512 disputationibus
2255 1451 2440 1513 aperte
2467 1439 2745 1510 professus
2784 1448 2888 1507 est,
2933 1437 3000 1494 ad
3044 1453 3162 1494 eam
3198 1439 3374 1509 ipsam

20 1544 192 1588 sane
237 1533 488 1606 intelligo
539 1536 793 1607 quidnam
834 1537 924 1604 sit,
965 1537 1109 1608 quod
1140 1537 1466 1594 laudandum
1496 1548 1666 1610 putet.
1771 1549 2036 1590 conversa
2058 1535 2327 1600 oratione,
2355 1541 2628 1603 tamquam
2659 1547 2718 1587 se
2748 1531 3135 1586 declamatorio
3162 1529 3374 1587 dicendi

18 1621 188 1679 Nam
223 1625 275 1680 si
320 1626 613 1683 oblectatio
643 1629 902 1698 quaeritur
935 1630 1124 1697 animi,
1159 1630 1482 1702 requiesque
1508 1647 1667 1689 cura-
1769 1640 1967 1696 genere
2003 1626 2249 1695 jactaret.
2306 1643 2327 1677 ι
2355 1623 2399 1679 Ο
2429 1623 2554 1678 vita:
2605 1621 2946 1693 philosophia
2994 1622 3127 1688 dux,
3159 1622 3368 1691 inquit,

17 1732 165 1774 rum
205 1762 219 1785 ,
255 1735 382 1791 qua:
407 1723 642 1778 conferri
690 1737 814 1778 cum
855 1737 1043 1779 eorum
1091 1723 1282 1779 studiis
1329 1735 1528 1795 potest,
1573 1725 1696 1797 qui.
1771 1732 1804 1770 o
1865 1718 2077 1772 virtutis
2139 1716 2444 1787 indagatrix
2499 1717 2878 1786 expultrixque
2923 1714 3214 1770 vitiorum:
3245 1713 3372 1784 quid

15 1823 278 1882 semper
307 1812 508 1883 aliquid
534 1813 836 1882 inquirunt,
867 1814 1010 1884 quod
1038 1825 1270 1886 spectet,
1304 1826 1360 1871 et
1389 1819 1566 1872 valeat
1595 1817 1664 1872 ad
1693 1807 1740 1867 B
1770 1825 1876 1866 non
1907 1810 2065 1865 modo
2096 1824 2216 1876 nos,
2246 1809 2341 1864 sed
2368 1809 2589 1864 omnino
2615 1808 2723 1863 vita
2756 1807 3035 1863 hominum
3062 1807 3179 1863 sine
3211 1817 3264 1862 te
3286 1822 3372 1862 es-

17 1902 195 1960 bene
221 1903 488 1974 beateque
510 1905 838 1961 vivendum?
869 1906 996 1962 Sive
1021 1907 1162 1963 ratio
1191 1909 1511 1963 constantia:
1553 1908 1665 1962 vir-
1768 1919 1828 1958 se
1858 1903 2161 1972 potuisset?
2205 1901 2282 1956 Tu
2316 1901 2587 1957 inventrix
2633 1903 2832 1970 legum,
2867 1907 2924 1954 tu
2967 1899 3221 1970 magistra
3253 1913 3370 1953 mo-

19 1997 300 2068 tutisque
319 1997 553 2065 ducitur,
574 2006 668 2053 aut
697 1997 813 2054 lucc
843 2014 931 2054 ars
957 2008 1061 2066 est,
1103 2009 1196 2054 aut
1226 1999 1372 2054 nulla
1413 1999 1655 2068 omnino,
1767 2011 1887 2050 rum
1915 2010 1980 2050 ac
1999 1994 2298 2064 disciplina:
2327 1995 2495 2049 fuisti.
2524 2014 2543 2047 ›
2588 1993 2754 2060 Quasi
2788 2007 2926 2048 vero
2956 1991 3161 2062 aliquid
3185 2007 3284 2064 per
3309 2006 3370 2048 se

20 2104 144 2160 per
169 2105 339 2161 quam
363 2105 456 2145 eas
480 2089 1088 2160 assequamur.Nullam
1107 2091 1288 2147 dicere
1303 2092 1659 2147 maximarum
1767 2088 1882 2159 ipsa
1915 2090 2162 2155 sentiret,
2197 2102 2260 2143 ac
2287 2103 2395 2143 non
2425 2088 2602 2158 potius
2633 2088 2724 2143 ille
2750 2087 3051 2143 laudandus
3080 2095 3244 2152 esset,
3277 2087 3368 2158 qui

22 2197 244 2238 rerum
277 2193 448 2237 artem
477 2196 620 2249 esse,
650 2197 773 2238 cum
815 2181 1160 2236 minimarum
1208 2183 1326 2238 sine
1357 2192 1474 2239 arte
1513 2183 1660 2240 nulla
1763 2197 1883 2238 eam
1914 2182 2120 2237 tribuit.
2153 2181 2333 2236 Potuit
2361 2180 2552 2236 eodem
2590 2180 2753 2236 modo
2797 2181 3001 2252 gratias
3042 2196 3205 2252 agere
3247 2181 3370 2237 cibo

23 2274 140 2340 sit,
185 2274 469 2330 hominum
499 2282 587 2331 est
607 2290 796 2345 parum
822 2275 1162 2332 considerate
1194 2275 1552 2348 loquentium,
1584 2287 1660 2332 at-
1773 2287 1826 2334 et
1855 2277 2024 2348 potui,
2051 2276 2174 2348 quia
2206 2277 2326 2331 sine
2373 2276 2457 2330 his
2486 2275 2648 2332 rebus
2679 2276 2784 2331 vita
2827 2286 3078 2332 constare
3109 2291 3215 2331 non
3246 2289 3371 2346 pos-

25 2385 160 2440 que
194 2369 248 2424 in
278 2369 530 2425 maximis
551 2370 713 2425 rebus
739 2371 1055 2426 errantium.
1087 2371 1143 2428 Si
1169 2381 1348 2427 autem
1375 2381 1457 2427 est
1481 2373 1658 2444 aliqua
1762 2370 1872 2437 sit;
1907 2371 1961 2425 in
2011 2370 2208 2441 quibus
2232 2377 2292 2424 ut
2315 2384 2531 2436 sensus,
2560 2369 2632 2424 ita
2661 2367 2909 2425 beneficii
2950 2369 3235 2441 nilnillest.
3269 2373 3369 2424 At—

27 2464 347 2535 disciplina
373 2465 610 2531 virtutis,
641 2465 732 2521 ubi
765 2480 828 2521 ea
859 2476 1157 2536 qumretur,
1186 2483 1312 2524 cum
1337 2467 1404 2524 ab
1432 2468 1534 2523 isto
1561 2484 1656 2539 ge-
1762 2462 1852 2534 qui
1881 2472 1940 2518 ul
1967 2462 2058 2517 illa
2101 2464 2349 2534 corporis
2393 2463 2656 2518 alimenta
2708 2472 2855 2531 sunt,
2902 2463 2981 2518 sic
3019 2463 3235 2531 animae,
3279 2478 3370 2519 sa-

29 2572 202 2612 nere
232 2555 469 2613 discendi
498 2557 834 2613 discesseris.
872 2576 891 2608 ›
914 2557 1174 2629 Equidem
1201 2559 1414 2616 tametsi
1438 2575 1661 2632 operam
1762 2555 1982 2625 pientia.

31 2647 334 2716 dederim,
377 2659 435 2705 ut
469 2650 1014 2722 quantulamcumque
1055 2652 1296 2709 discendi
1341 2669 1663 2726 assequerer

38 2741 376 2797 facultatem
405 2752 620 2813 propter
649 2742 885 2798 studium
912 2744 1164 2814 docendi,
1198 2755 1377 2802 tamen
1404 2747 1665 2817 eloquens

429 1042 684 1051 —____-__

2375 2667 2603 2725 CAPUT
2638 2667 2778 2723 XIV.

43 2851 347 2906 nunquam
373 2834 447 2890 fui
469 2852 484 2902 ;
507 2839 704 2907 quippe
722 2837 811 2905 qui
839 2836 1015 2892 forum
1037 2853 1104 2892 ne
1120 2839 1390 2909 attigerim
1411 2839 1626 2910 quidem
1648 2856 1663 2892 :

44 2932 158 2989 sed
191 2947 420 2989 necesse
449 2941 556 2998 est,
585 2933 701 3004 ipsa
739 2949 827 2990 me
874 2933 1034 2989 faciat
1072 2947 1252 2988 causae
1295 2932 1511 2988 bonitas
1553 2933 1667 2988 elo-

45 3035 356 3096 quentem;
384 3024 448 3081 ad
480 3039 639 3096 quam
689 3025 892 3082 diserte
917 3025 1244 3097 c0pioseque
1271 3023 1666 3081 defendendam

47 3121 295 3176 scientia
333 3119 647 3189 divinitatis,
692 3128 748 3176 et
793 3121 906 3192 ipsa
946 3121 1148 3177 veritas
1179 3120 1400 3177 sufficit.
1456 3120 1663 3178 Vellem

48 3213 228 3284 igitur
249 3212 569 3269 Ciceronem
603 3213 875 3285 paulisper
901 3214 969 3269 ab
993 3213 1179 3270 inferis
1205 3229 1454 3286 surgere,
1484 3224 1542 3270 ut
1579 3216 1663 3271 vir

1775 2780 1925 2850 Quod
1949 2780 2216 2838 Lucretius
2245 2791 2294 2837 et
2322 2782 2413 2837 alii
2440 2792 2767 2850 erraverunt,
2815 2800 2875 2838 ac
2925 2784 3035 2856 ipse
3061 2785 3240 2855 Cicero
3261 2829 3274 2856 ,
3321 2787 3375 2844 in

2161 2876 2432 2930 statuenda
2464 2875 2731 2946 sapientia:
2757 2877 2975 2948 origine.

1840 3034 2062 3092 Rectius
2084 3035 2264 3107 itaque
2291 3035 2599 3105 Lucretius,
2625 3051 2748 3093 cum
2775 3052 2899 3094 eum
2923 3038 3138 3107 laudat,
3163 3042 3254 3110 qui
3284 3056 3374 3098 sa-

1770 3128 2026 3198 pientiam
2057 3129 2498 3200 primusinvenit
2547 3149 2561 3186 :
2609 3131 2706 3187 sed
2753 3132 2856 3188 hoc
2901 3133 3104 3204 inepte,
3139 3136 3280 3206 quod
3308 3138 3376 3191 ab

1768 3223 1985 3280 homine
2011 3223 2288 3280 inventam
2328 3225 2558 3296 putavit.
2608 3226 2773 3294 Quasi
2812 3242 2945 3283 vero
2987 3228 3136 3284 illam
3176 3229 3376 3286 alicubi

52 3307 539 3376 eloquentissimus
555 3309 622 3365 ab
643 3309 974 3365 homunculo
993 3324 1098 3365 non
1120 3308 1326 3366 diserto
1345 3309 1656 3380 doceretur,
1693 3293 1739 3358 (ἶ
1764 3316 2034 3388 jacentem
2066 3317 2226 3373 homo
2257 3293 2370 3386 ille,
2399 3335 2561 3390 quem
2590 3319 2866 3390 laudabat,
2902 3323 3171 3380 invenerit
3195 3364 3211 3392 ,
3256 3333 3375 3380 tan-

51 3402 320 3474 primum,
352 3401 608 3475 quidnam
657 3402 760 3470 sit,
791 3401 934 3474 quod
981 3400 1304 3458 laudandum
1360 3411 1532 3474 putet,
1576 3407 1666 3477 qui

1771 3423 1933 3478 quam
1977 3409 2135 3466 tibias
2164 3409 2251 3481 _ad
2294 3409 2531 3482 fontem,
2575 3420 2635 3468 ut
2681 3422 2859 3482 poeta:
2907 3416 3077 3472 aiunt.
3131 3415 3287 3485 Quod
3327 3417 3377 3474 si

1383 3560 1743 3624 VARIORUM
1781 3565 2016 3623 ΝΟΤᾸΕ.

141 3701 317 3759 Homo
344 3711 536 3772 autem,
563 3709 668 3761 etc.
701 3701 942 3774 Respicit
962 3701 1028 3758 ad
1055 3701 1186 3758 illud
1211 3702 1455 3760 Terentii
1483 3722 1496 3758 :
1529 3703 1662 3759 Cen-

54 3777 173 3832 sen‘
204 3792 286 3830 me
312 3777 564 3830 hominem
589 3777 739 3831 esse?
769 3775 888 3843 Quo
919 3775 1037 3831 loco
1069 3785 1223 3845 poeta
1255 3777 1536 3845 proprium
1569 3777 1668 3832 ho-

59 3849 231 3904 minis
270 3862 390 3904 essc
413 3847 567 3911 dicit,
598 3863 804 3904 errare.

134 3919 392 3974 Romana:
420 3918 611 3989 lingua:
640 3936 870 3974 summus
913 3929 1111 3973 auctor.
1163 3918 1355 3974 Cicero
1383 3919 1459 3974 sic
1489 3919 1664 3975 dictus

59 3992 134 4046 ob
169 3989 352 4046 latina:
375 3990 568 4061 linguae
600 3991 924 4046 facundiam.
955 3991 1130 4046 Locus
1152 4000 1238 4046 est
1262 3991 1314 4044 in
1347 3990 1664 4060 praefatione

60 4063 189 4118 libri
217 4078 254 4118 ιι
285 4061 354 4117 de
384 4062 608 4134 Ofﬁciis,
647 4078 810 4134 quam
840 4062 984 4128 vide,
1016 4061 1140 4133 quia
1169 4063 1220 4116 in
1251 4062 1522 4132 aliquibus
1553 4063 1660 4117 dif-

61 4138 169 4190 fert
197 4151 227 4186 a
249 4142 396 4190 textu
418 4133 705 4189 Lactantii.

136 4204 272 4260 Cum
293 4222 465 4260 eorum
492 4206 676 4261 studiis
712 4214 896 4276 potest.
919 4205 1007 4276 lla
1050 4205 1260 4259 correxi
1304 4220 1370 4259 ex
1403 4219 1536 4260 mss.
1571 4205 1663 4268 25,

61 4276 197 4334 edit.
221 4277 261 4331 2
281 4287 335 4333 et
369 4293 433 4334 ex
461 4279 578 4347 ipso
599 4275 880 4333 Cicerone.
912 4275 970 4331 In
999 4276 1034 4331 5
1061 4276 1280 4346 scriptis
1303 4285 1358 4331 et
1390 4278 1668 4345 impressis

63 4351 135 4405 15
169 4349 368 4420 legitur
398 4359 631 4419 possunt,
662 4359 832 4420 etpro
855 4349 1143 4418 inquirunt,
1179 4351 1230 4403 in
1261 4348 1492 4418 vulgatis
1513 4348 1668 4404 Cice-

60 4419 420 4482 mnisrlibris,
443 4422 732 4489 acquirunt.

141 4492 368 4546 Ratio...
398 4492 624 4547 ducitur.
655 4493 716 4548 L.
746 4507 804 4557 ll,
838 4491 890 4545 in
924 4490 1078 4546 Verr.
1110 4505 1230 4561 cap.
1277 4490 1385 4546 5‘2:
1438 4490 1539 4556 Qui
1565 4509 1665 4546 non

1767 3721 1928 3788 quem
1961 3704 2127 3788 etiam
2175 3706 2430 3788 consulas
2473 3707 2662 3777 velim,
2716 3717 2772 3764 ut
2824 3707 3088 3766 Lactantii
3137 3721 3372 3770 mentem

1771 3778 1990 3847 propius
2021 3778 2303 3832 intuearis.

1843 3848 1932 3903 Sic
1961 3848 2165 3902 animae.
2197 3848 2424 3918 Repete,
2458 3850 2763 3904 alimentum
2792 3860 2883 3906 est.
2913 3851 2997 3907 Ad
3024 3851 3118 3908 lib.
3151 3869 3206 3919 v,
3235 3869 3283 3909 c.
3321 3858 3372 3911 l:

1777 3917 1978 3974 Veritas
2003 3931 2075 3973 est
2106 3917 2293 3975 animai
2314 3921 2578 3991 pabulum,
2603 3922 3081 3980 excitavisimilem
3104 3917 3278 3980 locum
3308 3943 3374 3983 ex

1766 3991 2047 4046 Cicerone.
2075 3991 2210 4047 Bon.

1838 4061 2105 4139 Tanquam
2128 4063 2276 4139 tibias
2291 4063 2373 4139 _ad
2402 4066 2611 4134 fontem.
2637 4065 2834 4139 Decem
2861 4081 2992 4123 mss.
3024 4067 3144 4123 Vat.
3179 4069 3374 4139 quibus

1769 4133 1908 4189 adde
1937 4134 1970 4189 9
1997 4135 2132 4212 alios
2157 4177 2172 4202 ,
2220 4133 2420 4212 habent
2443 4147 2698 4212 tanquam
2723 4138 2814 4212 tibi
2846 4155 2934 4192 vas
2961 4141 3030 4193 ad
3055 4133 3248 4212 fontem
3269 4184 3283 4206 ,
3319 4153 3375 4198 ut

1771 4214 1997 4260 testatur
2025 4205 2211 4280 Ismus,
2239 4208 2330 4277 qui
2359 4216 2414 4262 et
2441 4205 2656 4262 illorum
2688 4209 2976 4266 lectionem
3005 4205 3090 4268 est
3115 4205 3369 4280 secutus;

1772 4292 1871 4331 nos
1906 4293 2037 4332 vero
2082 4277 2214 4353 nihil
2257 4288 2465 4353 mutare
2497 4281 2766 4353 voluimus
2793 4323 2807 4346 ,
2857 4284 3157 4353 simplicem
3189 4277 3377 4339 lectio;

1771 4363 1895 4426 nem
1926 4349 2097 4404 secuti
2131 4391 2144 4414 ,
2195 4359 2250 4404 et
2297 4349 2366 4404 ab
2413 4351 2663 4426 o_m_nibus
2681 4349 2979 4426 impressis
2997 4363 3065 4426 iet
3103 4356 3376 4426 plerisque

1770 4422 1987 4492 optima:
2019 4431 2160 4492 nota;
2190 4437 2320 4475 mss.
2351 4430 2407 4492 et
2431 4423 2464 4476 6
2486 4422 2646 4492 Reg.,
2666 4423 2700 4476 4
2720 4423 2902 4492 Colb..
2928 4427 2962 4477 2
2996 4422 3190 4490 Vatic.,
3226 4422 3370 4492 Etii.,

1771 4490 1961 4564 Brun.,
1996 4491 2312 4564 exhibitam.
2341 4490 3000 4564 Caunios—Tanquam
3033 4497 3201 4550 tibias.
3236 4490 3373 4550 Pro?

63 4573 175 4618 tam
205 4563 320 4637 casti
347 4566 614 4637 rationem,
642 4554 800 4635 qaam'
835 4563 1005 4617 cretati
1050 4554 1246 4634 argenti
1271 4554 1492 4616 duceret.
1529 4562 1660 4619 Ibid.
1689 4554 1743 4616 D
1770 4563 1919 4637 verb.
1944 4554 2102 4637 casus
2131 4563 2358 4637 fortuiti,
2379 4577 2655 4637 natum‘ex
2679 4554 3099 4637 fabula'Marsyre
3125 4568 3368 4637 Phrygis.

61 4651 189 4701 cap.
221 4636 313 4689 65.
347 4633 474 4691 Bos.

140 4705 343 4760 Tamen
389 4707 644 4774 eloquens.
682 4705 842 4760 Vides
889 4720 1054 4776 porro
1104 4705 1191 4760 hic
1224 4705 1531 4776 discrimen
1563 4705 1670 4760 ali-

64 4778 216 4845 quod
246 4778 385 4832 inter
413 4779 754 4849 eloquentem
777 4786 833 4832 et
876 4775 1137 4849 disertum
1157 4775 1271 4849 ,de
1315 4792 1423 4845 quo
1453 4777 1669 4849 Quinti-

67 4851 254 4904 lianus
275 4849 329 4904 in
359 4847 622 4920 prominio
652 4850 771 4904 libri
797 4850 992 4911 octavi,
1013 4848 1230 4902 disertis
1255 4850 1384 4920 satis
1417 4847 1670 4920 putatdi-

68 4937 201 4977 cere
225 4937 343 4990 qua?
364 4931 641 4990 oporteat:
671 4932 860 4975 ornate
896 4930 1076 4973 autem
1104 4919 1319 4990 proprie
1342 4933 1467 4974 esse
1491 4919 1672 4990 dicere

69 4989 522 5063 eloquentissimi.
553 4992 822 5047 Antonius
854 4991 905 5046 in
930 4989 1113 5063 primo
1138 4990 1205 5045 de
1249 4990 1477 5063 Oratore
1530 4989 1671 5063 apud

71 5061 411 5126 Ciceronem,
445 5065 682 5119 disertos
723 5063 855 5118 dicit
891 5061 951 5117 se
983 5062 1183 5116 vidisse
1214 5061 1523 5124 nonnullos,
1556 5061 1668 5115 elo-

74 5145 330 5205 quentem
360 5136 534 5191 adhuc
562 5135 855 5191 neminem.
899 5133 1048 5199 Quod
1079 5133 1232 5197 enim,
1265 5133 1452 5200 inquit,
1473 5142 1667 5205 statue-

75 5203 486 5279 bamrdisertnm,
535 5207 624 5279 qui
673 5216 841 5279 posset
888 5206 1013 5258 satis
1063 5213 1208 5279 acute
1248 5203 1671 5279 atque-dilucide

77 5278 223 5349 apud
250 5279 522 5333 mediocres
548 5275 776 5332 homines
800 5293 864 5332 e1:
886 5277 1141 5349 communi
1160 5278 1383 5349 quadam
1410 5275 1672 5329 hominum

80 5347 320 5420 opinione
343 5351 510 5405 dicere
527 5365 546 5404 :
566 5349 878 5420 eloquentem
893 5363 1029 5412 vero,
1053 5348 1138 5416 qui
1163 5347 1446 5420 mirabilius
1467 5356 1512 5399 et
1527 5363 1671 5416 mag-

81 5418 373 5488 niﬁcentius
395 5438 582 5494 augere
604 5418 791 5491 posset,
821 5431 973 5488 atque
997 5435 1179 5494 orn-are
1204 5433 1318 5494 qua:
1345 5418 1514 5494 vellet,
1559 5434 1673 5470 om-

82 5509 270 5562 nesque
293 5489 519 5547 omnium
566 5489 755 5556 rerum,
807 5507 919 5559 qua:
945 5492 1012 5543 ad
1042 5489 1311 5542 dicendum
1345 5489 1674 5558 pertinerent,

85 5563 251 5635 fontes
277 5566 448 5618 animo
473 5581 534 5618 ac
561 5563 803 5618 memoria
824 5563 1116 5635 contineret.
1150 5562 1350 5616 BETUL.

164 5633 468 5692 Perducere.
514 5637 602 5691 Sic
650 5634 858 5691 restitui
887 5649 953 5689 ex
983 5635 1141 5688 editis
1182 5648 1276 5688 sex
1329 5641 1384 5687 et
1431 5630 1680 5686 omnibus

255 5718 450 5779 prteter
477 5709 513 5762 ‘2
543 5708 674 5780 Reg.
705 5721 814 5764 rec.
855 5715 910 5761 et
937 5705 1024 5776 _10
1073 5705 1211 5775 vulg.
1269 5704 1322 5758 in
1353 5704 1547 5774 quibus
1574 5710 1676 5769 est,

131 5796 157 5834 e
195 5796 358 5834 ucere.

131 5796 358 5836 educere.

161 5849 490 5912 Tusculanis.
522 5849 838 5910 Ciceronem
871 5848 995 5907 vide
1036 5847 1106 5924 in_
1135 5845 1350 5906 Praefat.
1380 5863 1416 5904 v
1458 5845 1679 5905 Tuscul.

1778 4634 1883 4706 Sed
1910 4635 1989 4690 sic
2015 4649 2132 4690 eam
2159 4650 2222 4690 ex
2255 4634 2466 4706 Hygino
2507 4633 2710 4689 referre
2731 4636 2896 4706 duco.
2946 4636 3180 4692 Minerva
3219 4633 3376 4694 tibias

1777 4705 1972 4779 dicitur
2000 4707 2170 4776 prima
2210 4721 2276 4760 ex
2306 4705 2444 4779 osse
2463 4707 2682 4779 cervino
2713 4705 2906 4779 fecisse
2926 4749 2942 4773 ,
2976 4720 3030 4762 et
3059 4709 3127 4764 ad
3157 4713 3374 4779 epulum

1775 4775 2014 4832 deorum
2032 4788 2305 4833 cantatum
2328 4778 2562 4832 venisse.
2585 4777 2725 4832 Juno
2745 4787 2798 4833 et
2815 4778 2994 4834 Venus
3016 4796 3136 4836 cum
3159 4775 3276 4837 eam
3306 4783 3378 4837 ir-

1776 4849 2040 4913 riderent,
2066 4849 2208 4918 quod
2232 4858 2286 4903 et
2313 4849 2469 4904 caesia
2498 4859 2634 4908 erat.
2665 4858 2722 4904 et
2755 4849 2950 4904 buccas
2977 4851 3207 4917 inflaret,
3235 4854 3375 4910 l'teda

1775 4920 1891 4993 visa
1913 4961 1928 4986 ,
1958 4931 2010 4993 et
2039 4921 2090 4974 in
2123 4928 2281 4974 cantu
2312 4919 2488 4993 irrisa,
2523 4919 2577 4975 in
2609 4919 2754 4975 Idam
2802 4921 3008 4993 sylvam
3053 4924 3120 4980 ad
3175 4925 3376 4980 fontem

1775 4991 1922 5063 venit
1945 5033 1960 5055 ,
1990 4991 2170 5061 ibique
2200 5000 2426 5063 cantans
2455 4992 2507 5045 in
2538 5007 2674 5062 aqua
2703 5006 2762 5047 se
2798 4991 3028 5063 aspexit,
3067 5005 3124 5052 et
3154 4997 3289 5052 vidit
3317 5012 3378 5054 se

1771 5061 1964 5116 merito
1998 5063 2226 5140 irrisum.
2274 5061 2426 5117 Unde
2459 5061 2615 5140 tibias
2641 5063 2714 5117 ibi
2744 5061 2960 5140 abjecit,
2990 5077 3048 5122 et
3078 5069 3375 5140 imprecata

1772 5143 1963 5210 est,_ut
1992 5135 2216 5210 quisque
2247 5149 2340 5189 eas
2365 5135 2880 5210 sustulissenhgravi
2909 5135 3218 5196 afﬁceretur
3243 5155 3376 5210 sup-

1771 5205 1966 5279 plicio;
1999 5221 2130 5274 quas
2157 5205 2418 5279 Marsyas,
2446 5204 2640 5277 (Eagri
2684 5204 2822 5261 ﬁlius
2843 5250 2855 5273 ,
2887 5220 3069 5279 pastor
3093 5251 3108 5275 ,
3139 5228 3276 5267 unus
3305 5204 3376 5266 ex

1773 5276 2002 5346 Satyris,
2035 5279 2270 5344 invenit,
2305 5276 2506 5347 quibus
2535 5276 2748 5333 assidue
2775 5276 3208 5336 coniineletandn
3229 5324 3244 5346 ,
3291 5297 3380 5335 so-

1778 5349 2240 5422 numsuaviorem
2286 5349 2337 5403 in
2370 5348 2490 5422 dies
2537 5348 2786 5415 faciebat,
2816 5351 2953 5406 adeo
2983 5361 3040 5405 ut
3069 5354 3376 5422 Apollinem

1781 5417 1846 5492 ad
1877 5419 2112 5492 citharae
2129 5430 2344 5475 cantum
2381 5421 2431 5475 in
2463 5430 2738 5477 certamen
2768 5417 3134 5491 provocaretf
3159 5425 3277 5492 Quo
3321 5432 3381 5476 ut

1782 5491 1975 5563 Apollo
1996 5491 2162 5563 venit,
2193 5491 2368 5546 Musas
2393 5493 2604 5561 judices
2630 5504 3008 5563 sumpserunt;
3040 5504 3094 5550 et
3119 5491 3241 5549 cum
3264 5494 3380 5563 jam

1781 5560 2020 5632 Marsyas
2051 5561 2176 5616 inde
2205 5565 2377 5617 victor
2399 5560 2731 5628 discederet,
2754 5560 2946 5632 Apollo
2971 5566 3232 5620 citharam
3256 5560 3379 5620 ver-

1782 5633 2232 5704 sahat,;idemque
2254 5649 2420 5689 sonus
2437 5646 2552 5689 erat
2579 5652 2591 5687 :
2616 5636 2760 5704 quod
2778 5635 3015 5705 Marsyas
3034 5637 3176 5692 tibiis
3204 5638 3383 5691 facere

1786 5719 1892 5757 non
1924 5707 2110 5774 potuit.
2156 5706 2340 5773 itaque
2372 5707 2570 5777 Apollo
2597 5705 2793 5761 victum
2824 5707 3092 5777 Marsyam
3127 5707 3192 5761 ad
3223 5709 3385 5763 arbo-

1786 5791 1900 5830 rem
1928 5777 2210 5848 religatum
2237 5776 2452 5848 Scythae
2487 5777 2726 5840 tradidit,
2749 5793 2780 5832 e
2809 5777 3253 5904 cuf‘ussanguiue
3283 5779 3384 5835 llu-

1787 5863 1911 5904 men
1939 5847 2188 5904 Marsvan
2203 5857 2286 5904 est
2314 5848 2663 5904 appellatum.
2688 5847 2870 5904 Mvtho
2893 5848 3073 5904 ouium
3098 5849 3222 5904 vide
3241 5853 3384 5904 apud

1787 5863 1911 5905 men
1939 5847 2188 5921 Marsyan
2203 5857 2286 5907 est
2314 5848 2663 5921 appellatum.
2688 5847 3073 5920 Mythologiam
3098 5847 3222 5908 vide
3241 5853 3386 5926 apud
