3770 6264
89 327 180 383 589

899 321 1108 380 LIBER
1149 323 1240 381 Ill.
1283 325 1370 382 DE
1410 315 1626 384 FALSA
1668 324 2033 385 SAPIENTIA
2078 327 2484 388 PHILOSOPH.

3250 333 3356 396 590

83 459 172 512 quc
200 440 357 508 ipsam
385 437 523 492 inter
559 436 802 493 coelestia
844 453 940 495 sua
974 441 1239 498 beneﬁcia
1276 443 1503 514 largitus
1530 443 1645 514 est)
1673 443 1726 506 Α
1755 445 2056 512 veritatem,
2087 445 2283 504 docent
2306 449 2373 503 ad
2398 449 2563 504 illium
2595 451 2888 522 composita
2917 462 3204 525 prmcepta,
3237 457 3355 527 qni-

82 535 363 604 tnagistram
409 539 461 586 tu
502 531 736 597 virtutis,
768 541 860 588 aut
905 543 1182 604 parentem
1218 537 1342 592 vitm
1371 552 1555 603 vocas,
1586 537 1653 593 ad

79 641 218 696 quam
242 623 286 678 si
326 623 444 692 quis
475 624 767 679 accesserit
788 666 802 692 ,
837 627 1008 680 multo
1039 627 1108 682 sit
1148 628 1407 684 incertior
1433 644 1654 686 necesse

78 728 165 782 est,
209 731 359 787 quam
403 718 548 787 prius
597 716 803 773 fuerit?
845 719 1014 788 Cujus
1056 722 1201 776 enim
1247 722 1503 777 virtutis?
1533 738 1653 793 qua:

76 813 191 881 ipsa,
220 809 305 863 ubi
347 811 446 863 sita
481 810 587 877 sit,
623 811 799 867 adhuc
849 810 1156 884 phil050phi
1199 831 1304 870 non
1333 817 1648 886 expediunt.

73 904 217 973 Cujus
243 903 396 957 vitze?
421 919 544 957 cum
575 904 676 973 ipsi
705 904 956 961 doctores
984 915 1109 962 ante
1152 906 1345 962 fuerint
1375 917 1652 966 senectute

67 1013 121 1050 ac
148 1005 310 1050 morte
335 994 592 1060 confecti,
632 1012 796 1066 quam
827 998 1208 1053 constituerint
1239 999 1514 1068 quomodo
1545 1000 1651 1056 vivi

68 1090 258 1145 deceat.
287 1087 454 1157 Cujus
484 1089 730 1144 veritatis
769 1090 1159 1162 indagatricem
1192 1093 1427 1160 proﬁteri
1458 1095 1651 1163 potes?

66 1183 140 1254 qui
161 1197 298 1250 saepe
331 1183 572 1249 testaris,
596 1199 719 1239 cum
745 1193 890 1239 tanta
920 1186 1209 1240 multitudo
1239 1187 1373 1242 fueri
1409 1189 1648 1258 philoso-

64 1276 296 1347 phorum,
331 1276 631 1347 sapientem
661 1287 841 1332 tamen
873 1278 1118 1334 extitisse
1145 1279 1321 1334 adhuc
1348 1280 1646 1336 neminem.

61 1367 175 1436 Quid
203 1383 332 1438 ergo
365 1380 415 1424 te
441 1370 700 1440 magistra
733 1369 821 1424 illa
853 1370 975 1425 vita:
1014 1369 1232 1425 docuit?
1261 1373 1342 1426 An
1376 1380 1431 1427 ut
1458 1382 1647 1444 poten-

59 1460 302 1515 lissimum
353 1463 633 1516 consulem
689 1461 993 1517 maledictis
1037 1463 1376 1530 incesseres,
1418 1481 1649 1535 eumque

57 1551 245 1606 hostem
299 1554 489 1622 patrize
532 1554 817 1608 venenatis
858 1555 1193 1610 orationibus
1241 1554 1492 1612 faceres?
1539 1557 1648 1612 Sed

53 1643 352 1698 omittamus
392 1644 517 1711 illa,
550 1660 672 1714 quas
710 1654 937 1716 possunt
982 1647 1230 1702 excusari
1279 1645 1508 1702 fortunze
1556 1663 1650 1703 no-

55 1737 197 1790 mine.
233 1737 503 1791 Studuisti
546 1753 741 1806 nempe
776 1737 1155 1810 phil050phiae,
1187 1748 1242 1795 et
1274 1740 1492 1810 quidem
1533 1741 1645 1807 sic,

1758 537 1854 593 bus
1883 554 2070 595 mones
2103 540 2456 612 philosophiae
2484 541 2702 614 quidem
2737 555 3001 615 prmeepta
3033 550 3312 606 noscenda
3335 592 3352 620 ,

1757 630 2044 685 vivendum
2087 642 2269 688 autem
2316 649 2438 690 esse
2468 636 2718 691 civiliter.

1825 722 1962 790 Quid
1997 735 2102 778 tam
2131 740 2438 796 repugnans
2463 727 2567 782 dici
2598 728 2813 798 potest?
2841 729 2895 786 Si
2925 732 3194 787 noscenda
3233 742 3358 792 sunt

1756 828 2022 888 praecepta
2056 818 2434 890 philosOphize,
2471 821 2592 877 ideo
2634 823 2817 894 utique
2849 824 3120 881 noscenda
3149 837 3269 882 sunt
3302 836 3360 884 ut.

1756 918 1899 964 recte
1920 911 2296 983 sapienterque
2319 915 2579 969 vivamus.
2612 914 2729 981 Vel,
2750 915 2795 969 si
2820 916 3056 972 civiliter
3073 917 3359 975 vivendum

1753 1011 1862 1066 est,
1900 1017 2004 1056 non
2049 1013 2133 1058 est
2173 1003 2332 1074 igitur
2375 1003 2715 1075 philosophia
2760 1007 3052 1076 sapientia;
3093 1010 3359 1080 siquidem

1753 1092 1944 1146 melius
1974 1103 2057 1148 est
2092 1095 2340 1162 civiliter,
2373 1111 2535 1166 quant
2579 1097 2960 1168 philosophice
2985 1100 3188 1155 vivere.
3225 1100 3359 1156 Nam

1751 1183 1796 1239 si
1826 1187 2089 1254 sapientia
2121 1197 2224 1255 est,
2260 1205 2381 1259 quae
2412 1189 2609 1245 dicitur
2639 1190 3000 1260 philosophia,
3037 1193 3203 1248 stulte
3232 1209 3358 1264 pro-

1752 1277 1891 1334 fecto
1920 1279 2068 1346 vivit,
2097 1281 2188 1351 qui
2231 1298 2337 1337 non
2361 1284 2659 1338 secundum
2689 1285 3088 1357 philosophiam
3117 1287 3270 1342 vivit.
3303 1287 3359 1346 Si

1749 1379 1928 1426 autem
1957 1388 2065 1427 non
2093 1374 2256 1430 stulte
2282 1375 2432 1441 vivit,
2463 1377 2552 1447 qui
2583 1377 2816 1434 civiliter
2847 1381 3001 1447 vivit,
3031 1381 3274 1452 sequitur
3302 1388 3359 1436 ut

1750 1464 1910 1518 stulte
1943 1465 2113 1532 vivat,
2148 1469 2236 1538 qui
2272 1467 2645 1538 philosophice
2666 1470 2822 1525 vivit.
2854 1470 2970 1526 Tuo
2998 1471 3183 1542 itaque
3206 1472 3356 1544 judi-

1751 1554 1837 1610 cio
1874 1555 2214 1628 philosophia
2255 1560 2516 1628 stultitim,
2553 1561 2934 1634 inanitatisque
2973 1564 3222 1619 daumata
3254 1575 3354 1621 est.

1749 1646 1896 1703 Idem
1930 1650 1981 1704 in
2003 1649 2425 1723 Consolatione,
2459 1653 2511 1708 id
2536 1664 2654 1721 est,
2686 1656 2737 1710 in
2767 1672 2933 1726 opere
2962 1672 3068 1712 non
3089 1657 3319 1726 joculari
3339 1697 3354 1722 ,

1754 1740 1891 1796 hanc
1919 1742 1985 1798 de
2013 1743 2350 1816 philosophia
2381 1749 2704 1802 sententiam
2736 1748 2936 1803 tulisti:
2973 1767 2992 1801 ι
3027 1747 3135 1804 Sed
3175 1747 3360 1803 nescio

53 1840 98 1885 ut
122 1829 298 1884 nullus
332 1847 589 1900 umquam
619 1831 964 1902 diligentius;
995 1834 1194 1902 quippe
1221 1832 1310 1902 qui
1339 1848 1530 1888 omnes
1556 1849 1648 1889 co-
1676 1841 1724 1902 B
1752 1833 1872 1899 quis
1894 1850 1992 1890 nos
2023 1845 2392 1903 teneaterror,
2417 1847 2508 1892 aut
2532 1838 2852 1893 miserabilis
2875 1839 3144 1910 ignoratio
3168 1840 3300 1894 veri.
3334 1857 3354 1891 ι

53 1922 287 1992 gnoveris
316 1922 656 1993 disciplinas,
679 1924 820 1978 sicut
841 1925 954 1994 ipse
979 1925 1199 1994 gloriari
1224 1926 1386 1993 soles,
1413 1941 1644 1996 eamque

55 2017 202 2085 ipsam
234 2016 417 2071 latinis
456 2017 652 2073 litteris
699 2017 1076 2085 illustraveris,
1120 2019 1553 2089 imitatoremque
1593 2029 1645 2076 te

57 2109 269 2164 Platonis
297 2109 622 2165 ostenderis.
653 2109 799 2166 Cedo
827 2112 987 2182 igitur
1015 2111 1142 2182 quid
1169 2111 1442 2176 didiceris,
1469 2123 1562 2167 aut
1589 2114 1643 2168 in

57 2219 141 2273 qua
169 2211 306 2258 secta
341 2204 626 2259 veritatem
659 2203 1106 2275 deprehenderis.
1151 2205 1207 2260 lu
1235 2206 1508 2262 academia
1540 2207 1644 2262 sci-

59 2295 184 2362 licet,
214 2313 371 2366 quatn
422 2309 638 2354 secutus
667 2313 747 2367 es,
780 2315 938 2370 quam
974 2301 1239 2370 probasti.
1274 2302 1341 2354 At
1367 2301 1482 2356 haec
1511 2301 1642 2356 nihil

57 2389 209 2456 docet,
241 2388 340 2444 nisi
372 2399 439 2444 ut
478 2391 618 2445 scias
667 2402 717 2446 te
761 2391 892 2446 nihil
935 2393 1093 2448 scire.
1138 2391 1235 2448 Tui
1269 2409 1398 2465 ergo
1432 2405 1482 2450 te
1521 2394 1643 2450 libri

57 2489 277 2550 arguunt,
306 2497 481 2551 quam
514 2482 643 2536 nihil
679 2499 707 2536 a
741 2482 1077 2553 philosophia
1107 2483 1240 2539 disci
1275 2486 1446 2554 possit
1470 2486 1536 2540 ad
1561 2487 1644 2540 vi-

57 2580 170 2624 tam.
199 2571 313 2627 Haec
343 2583 444 2628 tua
477 2574 638 2629 verba
665 2587 787 2629 sunt
825 2591 838 2628 :
878 2594 896 2626 ι
940 2575 1070 2629 Mihi
1109 2586 1285 2632 autem
1329 2593 1434 2632 non
1483 2579 1644 2634 modo

57 2662 110 2716 ad
149 2663 469 2733 sapientiam
517 2665 645 2720 caeci
681 2665 948 2733 videmur,
982 2666 1077 2721 sed
1121 2667 1187 2720 ad
1233 2683 1294 2722 ea
1343 2668 1479 2737 ipsa,
1524 2684 1644 2740 quas

63 2756 210 2827 aliqua
235 2773 296 2812 ex
323 2773 388 2827 pa
403 2766 487 2813 rte
518 2758 665 2814 cerni
695 2759 998 2823 videantur,
1029 2758 1252 2814 hebetes
1280 2769 1334 2814 et
1376 2760 1573 2814 obtusi.
1618 2780 1636 2813 ι

69 2847 112 2904 Si
144 2865 260 2920 ergo
290 2849 636 2921 philosophia
665 2862 748 2907 est
780 2853 1037 2923 magistra
1080 2853 1225 2921 vitae,
1255 2868 1352 2907 cur
1395 2853 1488 2906 tibi
1532 2854 1645 2921 ipse

70 2955 234 3007 caecus,
257 2952 307 2998 et
333 2940 528 3007 hebes,
556 2951 610 2998 et
639 2942 866 2998 obtusus
890 2943 1168 3010 videbare,
1201 2959 1359 3014 quem
1382 2945 1642 3014 Oportuit,

71 3032 142 3088 illa
174 3033 419 3100 docente,
453 3044 512 3090 et
551 3035 776 3124 sentire,
820 3044 874 3090 et
918 3049 1130 3104 sapere,
1161 3045 1214 3088 et
1251 3033 1303 3089 in
1345 3035 1644 3090 clarissima

1751 1922 1849 1978 Ubi
1899 1935 1983 1980 est
2025 1942 2157 1998 ergo
2205 1929 2560 1998 philosophia:
2599 1893 3006 2010 w§£e_ld_ll;1|?
3031 1940 3125 1985 aut
3152 1930 3279 2001 quid
3310 1907 3436 1987 te“?
3452 1893 3546 1976 31h-

1745 2013 1931 2068 docuit
1962 2016 2054 2071 illa
2085 2019 2210 2074 vita:
2238 2035 2453 2089 parens,
2477 2020 2523 2074 si
2556 2037 2740 2076 verum
2783 2021 3168 2078 miserabiliter
3209 2023 3363 2093 igno-

1743 2106 1872 2159 ras?
1902 2105 2059 2173 Quod
2091 2109 2134 2162 si
2183 2111 2297 2164 [nec
2341 2111 2546 2166 erroris
2587 2112 3052 2185 ignorationisque
3086 2114 3362 2172 confessio

1747 2211 1883 2266 pene
1918 2199 2086 2252 invito
2116 2200 2206 2254 tibi
2237 2202 2303 2257 ab
2332 2203 2523 2258 intimo
2565 2214 2784 2273 pectore
2816 2221 3074 2276 expressa
3107 2217 3191 2263 est
3215 2250 3230 2275 ,
3265 2223 3363 2262 cur

1746 2304 1850 2343 non
1882 2291 1976 2347 tibi
2005 2308 2189 2347 verum
2214 2293 2401 2349 fateris
2423 2295 2736 2366 aliquando,
2760 2297 3361 2369 philosophiam,quam

1743 2388 1799 2434 tu
1842 2382 1974 2438 nihil
2001 2384 2286 2440 docentem
2316 2388 2369 2440 in
2403 2389 2602 2443 coelum
2631 2389 2880 2446 laudibus
2921 2391 3201 2458 extulisti,
3235 2408 3354 2447 ma-

1744 2474 1966 2544 gistram
1993 2477 2211 2532 virtutis
2233 2494 2355 2535 esse
2382 2496 2492 2535 non
2520 2483 2723 2551 posse?

2343 2611 2576 2671 CAPUT
2619 2615 2737 2671 XV.

1839 2725 2049 2784 Seneca:
2097 2745 2237 2782 error
2264 2730 2316 2782 in
2345 2729 2669 2800 philosOphia
2692 2746 2713 2795 ;
2752 2739 2799 2785 et
2847 2731 3100 2802 quomodo
3126 2732 3358 2803 philoso-

2015 2823 2230 2893 phorum
2252 2822 2415 2875 oratio
2442 2838 2556 2874 cum
2586 2839 2762 2876 eorum
2786 2823 2887 2878 vita
2916 2834 3127 2894 pugnet.

1839 2940 2040 2995 Eodem
2096 2939 2291 2994 ductus
2331 2952 2518 2992 errore
2556 2938 2760 2992 Seneca
2792 2939 2938 3008 (quis
2990 2940 3137 2994 enim
3178 2956 3364 2996 veram

1755 3035 1897 3088 viam
1933 3043 2163 3097 teneret,
2217 3041 2436 3086 errante
2481 3029 2789 3085 Cicerone?
2825 3049 2843 3082 ι
2875 3031 3247 3102 Philosophia,
3283 3035 3364 3089 in-

73 3124 166 3183 luce
189 3129 410 3184 versari?
449 3117 707 3199 Atqu'am
743 3126 1027 3184 confessus
1073 3127 1242 3184 fueris
1281 3129 1640 3200 philosophia:
1668 3117 1712 3182 C
1746 3130 1881 3199 quit,
1917 3127 2046 3183 nihil
2100 3127 2249 3182 aliud
2307 3136 2390 3182 est
2434 3142 2594 3196 quam
2636 3135 2784 3181 recta
2829 3127 2968 3181 ratio
2997 3128 3240 3196 vivendi,
3276 3128 3363 3184 vel

1377 3263 1739 3325 VARIORUM
1775 3265 2010 3325 NOTIE.

77 3380 314 3453 Frequens
341 3384 512 3439 etiam
543 3384 791 3452 loquendi
820 3383 1012 3438 modus
1038 3385 1177 3453 apud
1213 3384 1560 3452 Ciceronem,
1589 3395 1645 3441 ut

79 3451 193 3508 Deus
215 3455 412 3511 dicatur
435 3451 695 3511 hominem
725 3471 986 3526 generare,
1014 3451 1177 3512 idest
1207 3473 1414 3512 creare.
1447 3451 1644 3512 Verum

78 3539 173 3578 eam
193 3528 418 3581 vocabuli
457 3532 566 3583 vim
596 3544 702 3582 non
734 3527 1096 3598 intelligentes
1127 3528 1363 3584 editores
1385 3528 1602 3600 quidatn
1626 3567 1641 3596 ,

78 3608 334 3668 posuerunt
362 3601 630 3668 ﬁguravit.

140 3664 261 3722 inter
300 3664 532 3725 ctetestia
573 3688 666 3725 sua
706 3669 966 3736 beneﬁcia.
998 3670 1070 3723 Ita
1111 3685 1241 3726 m~s.
1286 3687 1477 3727 omnes
1521 3689 1643 3727 cum

79 3748 167 3790 vet.
198 3741 306 3795 edit.
337 3743 501 3796 llom.
534 3752 590 3797 et
629 3742 802 3796 Paris.
833 3741 1027 3796 Caeteri
1071 3743 1240 3810 editi,
1289 3745 1420 3797 inter
1464 3754 1648 3799 caetera

80 3810 268 3880 (mlestia
287 3812 555 3880 beneﬁcia.

139 3879 360 3948 Pro/ueri
386 3879 553 3954 potes.
582 3881 672 3940 Sic
695 3886 974 3943 emendavi
998 3904 1064 3943 ex
1091 3889 1123 3943 9
1142 3887 1300 3943 editis
1330 3894 1383 3939 et
1408 3885 1474 3940 19
1495 3902 1657 3941 manu

82 3955 281 4028 exaratis
309 3958 607 4011 codicibus.
646 3956 779 4030 Vide
807 3975 957 4030 seqq.
992 3960 1047 4013 In
1079 3960 1115 4013 2
1146 3959 1266 4014 aliis
1294 3956 1426 4029 Reg.
1459 3966 1514 4013 et
1535 3958 1655 4013 edi-

84 4030 368 4102 tisquatuor
392 4030 592 4102 legitur
621 4029 852 4096 proﬁteri
879 4029 1062 4102 potest.

141 4095 320 4150 Adhuc.
351 4099 404 4152 ld
435 4095 527 4153 est
559 4095 838 4154 hactenus.

142 4185 545 4262 Potentissimutn
588 4191 868 4246 consulem.
920 4191 1155 4248 Marcum
1198 4193 1522 4257 Antonium,
1565 4193 1655 4262 qui

85 4258 262 4336 cum
293 4261 514 4336 C‘a-Sare
540 4277 606 4316 eo
633 4279 776 4336 anno
799 4266 1133 4336 consulatum
1165 4265 1364 4336 gessit,
1399 4279 1505 4336 quo
1529 4258 1651 4316 Cie-

86 4342 170 4408 sar'
197 4330 287 4411 fuit
329 4331 678 4415 interfecms,
713 4335 779 4388 ab
818 4335 887 4417 .U.
920 4337 981 4390 C.
1015 4335 1140 4398 710,
1174 4330 1227 4390 in
1271 4330 1654 4425 que't‘tinovetq
1683 4364 1737 4425 D

86 4402 584 4475 scripsitorationes
632 4406 928 4460 invectivas
951 4448 965 4471 ,
999 4421 1162 4475 quas,
1195 4402 1329 4461 teste
1371 4406 1557 4470 Fabio,
1591 4405 1657 4460 ad

88 4469 431 4530 Demosthenis
466 4475 825 4532 imitationem
857 4469 1181 4548 Philippicas
1209 4477 1524 4532 nominavit.
1546 4469 1662 4531 BE-

89 4555 306 4599 TULEIUS.

149 4612 500 4685 illustraveris.
534 4619 670 4675 Vide
695 4617 808 4674 Cic.
839 4621 891 4674 in
923 4619 1164 4685 Praefat.,
1197 4617 1287 4674 lib.
1319 4634 1336 4672 ι
1363 4618 1658 4674 Tusculan.

150 4683 290 4762 Cedo.
324 4692 416 4743 Est
439 4693 656 4746 verbum
681 4694 959 4762 antiquum
995 4683 1388 4761 imperativum,
1419 4699 1472 4745 et
1499 4691 1666 4761 signi-

92 4757 334 4833 licatdic:
370 4777 477 4832 quo
505 4775 666 4817 sensu
706 4757 1006 4833 sasp'issitne
1036 4757 1176 4832 apud
1215 4763 1527 4833 Terentium
1551 4757 1662 4833 ioc;

92 4829 254 4906 currit.
277 4829 497 4906 [ζυιιίιιιι-
525 4850 737 4906 quoque
759 4829 856 4903 pro
876 4834 961 4906 da,
989 4829 1214 4906 porrige.
1250 4831 1468 4906 thdr.
1499 4832 1606 4887 fab.
1631 4831 1666 4884 2

94 4894 172 4976 lib.
197 4915 251 4976 _v,
275 4900 406 4957 Cedo
436 4894 667 4976 (ma-uit):
699 4894 867 4960 illum.
903 4894 1038 4961 Vide
1068 4894 1202 4960 Vide
1227 4907 1396 4960 Parmi
1427 4904 1668 4959 Lexicon

92 4966 346 5044 Cri_ticum,
383 4966 587 5044 p.185.

156 5038 222 5115 Te
258 5038 560 5102 nihil-scire.
597 5050 668 5104 De
717 5048 820 5102 hac
863 5049 1152 5115 sententia,
1186 5049 1308 5103 vide
1357 5047 1533 5103 Cicer.
1569 5046 1621 5101 in
1651 5061 1669 5100 ι

98 5107 380 5187 Academic.
415 5122 698 5187 qua-stion.
733 5122 801 5175 de
831 5119 1074 5174 Socrate.

161 5181 283 5238 Mihi
310 5181 496 5244 autent.
535 5191 710 5246 Locus
742 5194 829 5246 ille
857 5191 1134 5245 Ciceronis
1162 5189 1503 5244 desideratur
1532 5190 1675 5244 inte—

99 5265 210 5332 ger:
237 5267 316 5312 est
340 5270 543 5316 tantum
574 5266 625 5316 in
651 5266 964 5332 fragmentis
987 5261 1357 5316 Academicar.
1383 5263 1670 5332 qttzestion.

100 5325 362 5401 id_tantum
396 5333 587 5401 legitur
616 5334 707 5388 lib.
732 5325 757 5388 ἶ
785 5333 1120 5397 Ofliciorum,
1150 5335 1251 5387 sub
1279 5325 1437 5386 liuent
1466 5349 1478 5383 :
1513 5330 1675 5385 Omne

101 5395 317 5475 ofﬁcium,
361 5395 560 5470 inquit,
604 5406 743 5475 quod
786 5408 854 5458 ad
896 5395 1304 5473 conjunctionem
1337 5404 1598 5456 hominum
1629 5410 1676 5456 et

103 5468 469 5545 tadsocietutent
501 5468 736 5530 tuen-dam
766 5478 918 5538 valet,
951 5468 1361 5543 anteponendum
1391 5484 1462 5528 est
1490 5475 1567 5527 illi
1596 5476 1678 5543 of-

104 5536 235 5614 ﬁcio,
248 5543 377 5609 quod
406 5549 688 5614 cognitione
711 5558 756 5602 et
785 5536 997 5602 scientia
1025 5536 1328 5603 continetur.

168 5607 268 5688 illa
295 5607 518 5688 docente.
566 5620 690 5674 Haec
733 5619 894 5676 lectio
925 5619 1417 5688 manuscriptorum
1449 5625 1569 5683 est,
1615 5629 1680 5670 ac

105 5675 221 5802 alii.
253 5681 317 5807 l3.
365 5687 416 5740 in
448 5703 615 5760 ntarg.
644 5690 842 5746 Cellar.
876 5675 1113 5757 Walclu,
1145 5675 1236 5744 illa
1254 5690 1536 5758 docentem,
1557 5675 1678 5743 ’θω-

160 5765 198 5802 r.
236 5767 264 5807 e
305 5766 362 5807 ιι.

128 5763 198 5802 er.
236 5756 362 5808 edit.

175 5821 231 5875 .lt
257 5841 404 5895 quam
434 5833 689 5904 confessus
725 5833 882 5905 [ueris
911 5831 1251 5905 philowphiw
1281 5829 1560 5889 veritatem.
1591 5828 1683 5887 Sic

1749 3388 1932 3458 legunt
1959 3399 2086 3441 mss.
2127 3385 2194 3441 i9
2221 3391 2277 3438 et
2304 3397 2496 3458 omnes
2521 3381 3027 3458 editi._Thotnasius
3050 3384 3258 3458 mavult
3281 3385 3364 3441 le-

1749 3453 1876 3530 ge're
1905 3459 2198 3525 conﬁsus...
2232 3456 2461 3530 ueritate,
2494 3465 2653 3524 prout
2681 3455 2734 3530 in
2766 3470 2790 3530 t_
2810 3453 3020 3530 Bouon.
3045 3457 3217 3530 atttiq.
3248 3468 3300 3530 (ξι
3331 3459 3366 3514 5

1751 3527 1882 3600 Reg.
1911 3531 2122 3600 legitur,
2161 3529 2238 3582 vel
2255 3527 2790 3600 _conﬁsus..._ve_rita_ti
2813 3565 2828 3591 ,
2862 3529 3001 3600 ut_i_n
3035 3527 3221 3600 altero
3261 3528 3366 3583 Bo-

1752 3596 1880 3656 non.
1911 3596 2048 3666 rec,
2077 3598 2314 3660 Ballinl.,
2346 3597 2536 3660 Cauc.,
2569 3597 2708 3661 PaL,
2739 3596 2890 3668 Lips.
2923 3597 3066 3651 Nihil
3113 3614 3213 3668 ego
3248 3616 3366 3654 mus

1755 3673 1974 3726 tandum
2002 3669 2224 3733 censui,
2255 3675 2310 3722 et
2345 3667 2578 3722 aliorum
2624 3683 2756 3720 mss.
2801 3667 3092 3722 lectionem
3124 3667 3364 3738 retinui,

1752 3759 1818 3799 eo
1849 3744 1991 3813 quod
2025 3758 2121 3794 vox
2157 3741 2418 3809 confessus
2455 3739 2585 3793 satis
2630 3739 2701 3791 sit
2741 3746 2865 3806 apta
2890 3777 2906 3805 ,
2938 3748 2994 3793 et
3026 3741 3080 3792 in
3111 3741 3365 3796 omnibus

1759 3816 1972 3871 excusis
2001 3827 2286 3882 expreSsa.

1831 3887 1912 3939 Ad
1935 3873 2121 3955 ﬁliuni,
2154 3892 2256 3955 etc.
2277 3880 2343 3955 in
2387 3877 2582 3955 officiis
2617 3873 2835 3948 quidem
2866 3888 3027 3955 negat
3054 3888 3204 3933 extra
3234 3895 3365 3955 conr-

1758 3949 2115 4012 sociationem
2157 3953 2381 4024 justititc
2429 3949 2605 4024 officia
2638 3949 2972 4024 conservari
3001 3963 3188 4024 posse,
3217 3961 3271 4006 ct
3295 3954 3364 4009 ob

1760 4027 1815 4084 id
1845 4034 2074 4083 otiusam
2099 4020 2409 4082 et'inertem
2445 4020 2904 4092 philosophorum
2928 4020 3092 4076 vitam
3124 4022 3364 4092 damnat,

1765 4110 1822 4155 ut
1863 4100 2022 4164 infra,
2051 4115 2100 4153 c.
2153 4095 2240 4160 16,
2289 4095 2405 4163 ipse
2447 4091 2758 4147 Lactantius
2801 4091 3078 4164 iudicabit.
3111 4095 3216 4149 Sed
3250 4091 3367 4151 haec

1763 4172 1922 4226 verba
1945 4174 1994 4224 in
2011 4162 2272 4224 Cicerone
2297 4162 2543 4235 nuspiam
2563 4163 2801 4219 invenio.
2822 4162 3368 4223 Berctsws.-—Suut

1764 4252 1968 4298 tantum
2001 4243 2138 4297 inter
2170 4241 2485 4309 fragmenta.

1838 4313 2086 4371 Stultitia:
2114 4305 2496 4379 inanitatisque.
2531 4305 2779 4361 Etntnau.
2814 4311 2869 4362 et
2915 4305 3087 4378 Llps.,
3120 4311 3365 4363 vanitati-

1762 4405 1903 4454 sque,
1935 4385 2076 4456 quod
2106 4381 2492 4456 congruentius
2536 4379 2611 4434 rei
2660 4380 2998 4448 etpnateriai,
3030 4395 3134 4434 non
3185 4391 3366 4437 autem

1768 4453 2003 4516 oratorio
2036 4471 2278 4510 numero.
2310 4453 2441 4506 BUN.

1837 4527 2471 4591 Stultitia:inanitatisque.
2486 4520 2560 4574 lta
2581 4519 2762 4591 plures
2778 4531 2906 4591 mss.
2925 4517 3157 4591 Sparkii,
3177 4518 3335 4576 Goth.
3350 4563 3366 4589 ,

1771 4603 2030 4664 Reimm.,
2081 4600 2240 4663 Bon.,
2293 4587 2472 4674 Ilum,
2521 4587 2766 4674 Sublacu
2802 4587 2981 4674 kosh,
3017 4589 3154 4674 Ven.
3203 4587 3361 4674 ιιιις

1772 4677 1864 4740 97,
1886 4661 2046 4727 immo
2072 4661 2258 4725 onme‘s
2284 4666 2434 4740 editi,
2457 4663 2627 4740 ut
2661 4677 2748 4740 ut,
2770 4676 2818 4740 c.
2856 4661 2918 4716 13
2951 4680 2963 4716 :
2996 4663 3223 4740 Apparet
3254 4665 3366 4740 inae

1755 4731 1885 4800 nent
1912 4762 2017 4800 esse
2047 4758 2244 4796 omnem
2288 4731 2695 4810 philosophiam;
2732 4731 2851 4790 Lib.
2883 4747 2986 4802 vn,
3029 4731 3087 4789 c.
3125 4733 3234 4789 26:
3267 4736 3369 4803 Qui

1772 4820 1975 4872 inanem
2001 4803 2379 4888 phitasoyhiaut
2402 4803 2626 4887 tuentur.
2658 4803 2792 4860 BUN.
2814 4874 2845 4888 Α
2931 4877 2940 4886 _

1860 4877 2042 4943 Verani
2073 4877 2269 4956 fateris.
2296 4882 2370 4937 ita
2403 4879 2615 4956 reposui
2642 4877 3024 4956 ergoutiquis‘s;
3053 4891 3181 4932 mss.
3206 4877 3240 4931 2
3267 4878 3374 4934 Bo-

1776 4977 1930 5023 non.,
1980 4947 2404 5024 Cauc.,3|{eg.,
2435 4947 2566 5024 Tax.
2611 4959 2665 5002 et
2690 4947 2822 5024 Pen.
2860 4947 3029 5024 ln_l.’i
3073 4961 3204 5006 mss.
3254 4967 3368 5006 rec.

1775 5045 1830 5089 et
1859 5019 1945 5088 ed.
1975 5029 2011 5084 ‘2
2040 5019 2407 5084 vetfRomfet
2434 5023 2501 5077 15
2539 5023 2752 5076 excusis
2773 5061 2788 5083 ,
2814 5019 3078 5090 fatebaris.

1852 5105 2070 5160 Seneca.
2127 5100 2462 5155 Sententiam
2516 5092 2744 5163 sparsim
2797 5092 3013 5162 quidem
3067 5093 3373 5148 invenimus

1779 5179 2026 5232 venimus
2058 5175 2110 5228 in
2159 5173 2276 5233 ejus
2302 5169 2453 5223 libris
2477 5206 2492 5230 ,
2552 5180 2658 5217 non
2695 5174 2872 5216 autem
2919 5164 3128 5233 integra
3160 5167 3322 5220 verba
3354 5181 3372 5232 ;

1781 5258 1870 5304 aut
1899 5265 1965 5303 ex
1999 5235 2286 5316 deperdito
2308 5239 2926 5316 librodepromtasunt.
2959 5235 3124 5316 Ceu...

1857 5303 2200 5387 Philosophia
2228 5312 2356 5387 nihil
2404 5303 2673 5387 aliud—est.
2728 5303 2979 5359 Doctrina
3027 5304 3246 5387 quidem
3275 5307 3376 5387 Se-

1784 5408 1931 5449 neca:
1963 5381 2269 5457 huiusmodi
2296 5381 2623 5457 potionibus
2667 5390 2964 5457 conspersa
3013 5385 3120 5457 est“
3150 5381 3372 5457 passim.

1783 5447 1915 5534 Qua:
1969 5447 2096 5515 vero
2147 5456 2513 5534 lliC‘Cilﬂlthi‘.
2548 5447 2851 5534 Iperierunt
2885 5447 3378 5534 cutttali‘is‘pleris-

1784 5518 1908 5598 «Tne.
1948 5525 2346 5598 Philosophiam
2380 5525 2502 5578 vitae
2547 5518 2719 5592 legem
2743 5532 2888 5587 esse,
2937 5518 3176 5588 diSputat
3212 5520 3375 5589 epist.

1824 5609 1938 5666 Oet
1966 5605 2056 5660 95.
2084 5601 2289 5656 BETUL.
2366 5670 2395 5674 __
2436 5668 2486 5674 Μ
2701 5660 2734 5674 Α
2778 5661 2810 5674 η
2885 5661 2915 5670 __

1860 5659 2019 5736 [iectu
2038 5677 2170 5731 ratio
2196 5670 2416 5728 vivendi.
2433 5668 2522 5725 Sic
2539 5664 2675 5742 edit.
2697 5660 2993 5742 Cellarii_et
3020 5659 3232 5742 walch.
3254 5676 3380 5742 cum

1789 5729 1928 5809 mss:
1941 5729 2224 5826 omnibus,
2253 5752 2448 5826 praeter
2468 5744 2503 5799 2
2536 5739 2668 5826 Reg.
2702 5749 2814 5790 rec.
2840 5745 2892 5789 et
2919 5729 3072 5799 Juu.,
3100 5732 3150 5788 in
3178 5732 3378 5804 quibus

1791 5837 1872 5884 cst
1901 5831 2056 5891 recte,
2085 5819 2220 5876 sicut
2241 5826 2297 5875 et
2325 5817 2378 5872 in
2408 5817 2640 5874 excusis.
