3770 6264
380 263 489 321 395

964 346 1192 407 CAPUT
1219 344 1361 403 XVI.

392 452 543 522 Quod
589 454 721 505 recte
756 408 996 499 docentes
1044 438 1334 511 pftitosOphi
1362 435 1496 491 male
1540 433 1728 499 uiuant,
1760 440 1881 487 teste
1902 428 1988 485 Ci-

463 558 645 598 cerone
670 556 683 600 :
715 536 849 591 unde
874 550 975 588 non
1005 541 1110 587 tam
1141 524 1503 602 philosophiae,
1535 543 1689 597 quant
1718 523 1984 596 sapientia

464 631 775 692 studendum
815 639 907 683 est.

458 746 656 801 Verum
687 755 809 795 cum
838 753 897 794 se
924 744 1198 809 perpetua:
1226 732 1447 790 desidia:
1477 731 1714 795 tradant,
1745 729 1987 786 nullam-

391 854 495 912 que
525 836 777 890 virtutem
809 838 1117 901 capessant,
1147 839 1204 886 et
1232 842 1450 884 omnem
1481 842 1633 882 suam
1662 826 1829 880 vitam
1857 822 1989 877 nihil

390 929 535 987 aliud
563 943 723 999 quam
758 927 811 985 in
853 922 1163 991 eloquendo
1190 928 1472 991 peragant,
1504 918 1631 990 quid
1657 916 1800 972 aliud
1826 929 1988 985 quam

387 1025 594 1080 inertes
622 1020 794 1089 putari
826 1016 1071 1075 debent?
1091 1015 1367 1086 Sapientia
1395 1014 1565 1081 enim,
1594 1013 1697 1068 nisi
1730 1012 1782 1066 in
1806 1009 1988 1080 aliquo

387 1126 513 1170 actu
555 1111 717 1167 fuerit
763 1124 869 1179 quo
916 1109 1024 1164 vim
1077 1123 1230 1163 suam
1261 1115 1534 1172 exerceat,
1567 1103 1745 1160 inanis
1778 1112 1832 1158 et
1856 1100 1991 1156 falsa

387 1214 475 1263 est
498 1222 514 1269 ;
544 1214 803 1273 recteque
829 1199 1041 1255 Tullius
1068 1200 1258 1255 civiles
1284 1199 1451 1262 viros,
1476 1199 1564 1268 qui
1594 1195 1988 1266 rempublicam

385 1292 821 1370 gubernent,qui
852 1291 1018 1347 urbes
1045 1299 1139 1346 aut
1170 1305 1339 1345 novas
1363 1289 1721 1352 constituant,
1745 1295 1839 1341 aut
1862 1301 1991 1342 con-

382 1391 603 1447 stitutas
653 1387 911 1457 aequitate
940 1393 1216 1449 tueantur.
1246 1384 1335 1455 qui
1367 1383 1597 1438 salutem
1648 1381 1991 1436 libertatem-

387 1497 495 1556 que
521 1482 721 1536 civium
746 1479 837 1534 vel
875 1478 1033 1554 bonis
1081 1478 1312 1547 legibus,
1359 1477 1443 1531 vel
1472 1475 1779 1532 salubribus
1807 1473 1991 1529 consi-

388 1577 499 1642 liis,
532 1576 617 1631 vel
664 1573 885 1645 judiciis
938 1574 1194 1645 gravibus
1248 1578 1599 1637 conservent,
1630 1567 1991 1640 philosophiae

392 1667 713 1726 doctoribus
758 1666 998 1737 praefert.
1032 1665 1213 1722 Bonos
1240 1666 1386 1719 enim
1432 1663 1612 1718 facere
1650 1668 1867 1732 oportet
1892 1674 1989 1728 po-

390 1762 497 1817 tius
544 1775 705 1832 quam
747 1758 990 1814 inclusos
1037 1758 1090 1813 in
1140 1757 1353 1829 angulis
1396 1756 1641 1811 iacienda
1668 1752 1986 1824 prtecipere,

391 1869 513 1926 qum
544 1869 612 1908 ne
643 1853 744 1923 ipsi
773 1849 988 1923 quidem
1020 1849 1239 1917 faciunt,
1271 1849 1361 1921 qui
1404 1849 1698 1919 loquuntur
1729 1863 1744 1912 ;
1773 1854 1831 1901 et
1856 1860 1991 1916 quo-

392 1940 538 2001 niam
589 1958 650 1999 sc
698 1958 727 1997 a
762 1942 906 1998 veris
951 1941 1160 1998 actibus
1213 1950 1583 2006 removerunt,
1619 1947 1848 2010 apparet
1898 1953 1994 1993 ms

387 2036 708 2093 exercenda:
759 2036 954 2106 linguae
983 2050 1167 2099 causa,
1210 2034 1295 2089 vel
1326 2032 1626 2088 advocandi
1679 2031 1871 2103 gratia,
1897 2046 1987 2085 ar-

394 2141 506 2185 tem
536 2124 708 2198 ipsam
743 2125 1101 2197 philosophiw
1142 2128 1428 2197 reperisse.
1463 2126 1563 2194 Qui
1590 2134 1772 2180 autem
1798 2124 1999 2180 docent

395 2232 631 2289 tantum,
662 2235 763 2276 nec
816 2219 1042 2287 faciunt,
1095 2219 1195 2287 ipsi
1250 2218 1535 2289 praeceptis
1565 2217 1679 2273 suis
1707 2215 1999 2271 detrahunt

390 2313 608 2385 pondus
638 2328 654 2378 ;
684 2312 804 2381 quis
832 2314 975 2366 enim
1022 2312 1386 2381 obtemperet,
1416 2327 1540 2366 cum
1570 2310 1672 2381 ipsi
1696 2320 1998 2380 praecepto-

392 2420 484 2461 res
513 2405 745 2459 doceant
774 2419 881 2457 non
909 2402 1288 2473 obtemperare
1313 2404 1336 2457 ?
1362 2403 1571 2458 Bonum
1600 2412 1683 2457 est
1703 2411 1885 2457 autem
1909 2416 1997 2456 re-

394 2507 479 2554 cta
506 2508 561 2553 et
583 2496 806 2552 honesta
832 2496 1129 2565 prtecipere
1163 2515 1175 2548 :
1206 2495 1301 2551 sed
1344 2496 1448 2551 nisi
1471 2504 1526 2551 et
1555 2495 1739 2560 facias,
1768 2492 1997 2548 menda-

394 2589 538 2647 cium
567 2598 688 2656 est;
722 2599 777 2645 et
800 2598 889 2659 est
917 2589 1283 2658 incongruens
1308 2597 1472 2659 atque
1495 2589 1758 2658 ineptum,
1789 2602 1895 2641 non
1929 2587 1985 2640 in

396 2692 644 2752 νθοιοτθο
674 2663 1745 2735 sedmimemniear”
1806 2666 1825 2669 -
1898 2666 1971 2670 -η

462 2764 747 2845 Non—ergo
766 2758 1063 2828 utilitatem
1099 2790 1166 2829 cx
1192 2758 1576 2845 philosophia,
1610 2774 1707 2831 sed
1752 2775 1999 2832 oblecta-

394 2870 601 2925 tionem
649 2877 859 2939 petunt.
890 2868 1044 2935 Quod
1092 2869 1308 2939 quidem
1364 2868 1557 2924 Cicero
1599 2878 1829 2925 testatus
1880 2879 1999 2925 est;

401 2979 420 3013 ι
450 2958 719 3024 Profecto,
748 2959 957 3031 inquit,
1009 2960 1187 3015 omnis
1216 2961 1441 3016 istorum
1490 2962 1806 3031 disputatio,
1830 2978 2006 3032 quan-

396 3068 556 3126 quam
582 3053 887 3109 uberrituos
908 3051 1085 3108 fontes
1114 3055 1327 3108 virtutis
1357 3064 1413 3109 et
1432 3055 1673 3109 scientiae
1705 3056 2001 3120 contineat.

396 3156 575 3202 tamen
606 3146 803 3201 collata
846 3160 967 3200 cum
1001 3145 1194 3200 horum
1233 3149 1367 3202 actis
1410 3149 1773 3220 perfectisque
1817 3149 1997 3216 rebus,

398 3255 601 3298 vereor
620 3254 689 3295 ne
716 3254 823 3295 non
855 3247 1061 3295 tantum
1092 3240 1341 3297 videatur
1369 3243 1617 3299 attulisse
1644 3244 1875 3313 negotiis
1908 3244 2006 3301 ho—

398 3333 605 3389 minum
636 3332 901 3400 utilitatis,
934 3342 1188 3403 quantam
1220 3335 1636 3392 oblectationem
1665 3337 1811 3392 otiis.
1850 3355 1870 3389 ι
1901 3337 2005 3394 Ve-

402 3430 512 3486 reri
554 3427 775 3500 quidem
826 3442 938 3485 non
990 3427 1198 3496 debuit,
1225 3444 1349 3486 cum
1391 3446 1581 3487 verum
1628 3432 1877 3488 diceret:
1908 3431 2006 3487 sed

784 2658 1081 2669 —___.

1425 250 1436 282 ί
1488 248 1673 308 Fili“.
1718 244 2083 305 LACTANTII
2121 244 2323 302 DWIN.
2366 240 2612 299 lNS’l‘lT.

3527 247 3596 305 396

2007 352 2061 414 A
2084 360 2233 432 quasi
2265 360 2501 423 timeret,
2529 371 2597 412 ne
2626 351 2824 427 proditi
2852 350 3095 425 mysterii
3130 365 3254 408 reus
3278 365 3306 406 a
3336 354 3597 427 philosophis
3682 358 3683 367 ‘

2089 453 2365 517 citaretur,
2416 465 2523 505 nou
2577 456 2662 504 est
2706 461 2871 502 ausus
2924 442 3259 499 confidenter
3303 452 3596 520 pronuntiare,

2089 544 2231 616 quod
2253 543 2351 599 fuit
2379 558 2584 606 verum,
2605 540 2727 596 illos
2753 554 2860 594 non
2888 535 3012 593 ideo
3030 535 3323 607 disputare,
3347 539 3597 611 utdttceant,
3682 552 3683 561 ‘

2088 635 2184 692 sed
2216 643 2273 691 ut
2300 650 2359 690 se
2405 635 2677 690 oblectent
2717 632 2772 687 in
2816 629 2930 687 otio
2962 645 2977 683 :
3004 629 3100 699 qui
3140 628 3384 698 quoniam
3424 645 3600 693 auctores

2090 739 2217 785 sunt
2247 743 2428 784 rerum
2455 724 2839 797 gerendarum,
2866 736 2969 776 nec
3022 720 3123 792 ipsi
3154 719 3426 790 quidquam
3448 738 3597 794 gerunt,

2090 838 2189 894 pro
2216 821 2532 893 loquacibus
2560 828 2686 874 sunt
2710 814 2965 872 habendi.
2987 814 3094 869 Sed
3119 812 3375 883 profecto,
3397 816 3499 885 quia
3518 821 3599 875 nihil

2090 914 2223 972 boni
2253 914 2320 969 ad
2351 915 2515 968 vitam
2546 910 2864 970 alierebant.
2910 922 3009 962 nec
3034 906 3133 977 ipsi
3182 905 3402 960 decretis
3425 908 3514 965 suis
3543 913 3601 967 ob-

2092 1017 2566 1079 temperaverunt,
2625 1020 2724 1059 nec
2771 1002 3057 1074 quisquam
3110 1015 3210 1069 per
3264 1009 3341 1054 tot
3366 1002 3528 1059 stocttla
3554 1007 3603 1061 in.

2091 1112 2287 1159 ventus
2318 1111 2421 1167 est,
2448 1101 2537 1170 qui
2565 1112 2754 1155 eorum
2780 1096 2991 1166 legibus
3017 1094 3248 1149 viveret.
3269 1092 3603 1163 Abjiciendaest

2093 1195 2257 1265 igitur
2285 1194 2463 1249 omnis
2509 1190 2888 1265 philosophia,
2936 1186 3063 1259 quia
3106 1200 3214 1241 non
3257 1185 3604 1247 studendumest

2092 1286 2395 1357 sapientiae,
2425 1283 2570 1354 quod
2599 1283 2705 1338 line
2730 1297 2794 1337 ac
2838 1279 3000 1335 modo
3029 1288 3179 1334 caret
3206 1294 3221 1333 :
3253 1278 3345 1333 sed
3370 1281 3602 1349 sapientium

2094 1390 2199 1442 est,
2245 1388 2299 1434 et
2329 1376 2549 1449 quidem
2588 1385 2821 1430 mature.
2855 1372 2977 1429 Non
3018 1371 3163 1427 enim
3213 1370 3365 1426 nobis
3391 1371 3528 1427 altera
3554 1376 3604 1430 vi:

2093 1472 2425 1538 conceditur,
2460 1479 2537 1538 ut,
2566 1485 2686 1527 cum
2714 1469 2765 1524 in
2798 1468 2900 1523 hac
2929 1464 3249 1537 sapientiam
3270 1469 3604 1536 quaeramus,in

2091 1567 2185 1622 illa
2217 1580 2410 1635 sapere
2438 1563 2711 1635 possimus
2746 1579 2761 1616 :
2803 1560 2857 1615 in
2887 1559 2989 1615 hac
3015 1569 3302 1627 utrumque
3326 1556 3432 1612 fieri
3454 1572 3605 1615 necesse

2092 1668 2195 1715 est.
2246 1656 2365 1713 Cito
2406 1656 2635 1713 inveniri
2672 1654 2856 1721 debet,
2892 1661 2951 1708 ut
2992 1652 3103 1708 cito
3149 1650 3347 1720 suscipi
3385 1644 3633 1731 possitne:

2018 1754 2067 1815 B
2093 1744 2221 1822 quid
2248 1759 2435 1821 pereat
2461 1765 2530 1805 et
2550 1749 2661 1803 vita
2690 1746 2846 1817 cujus
2870 1744 2994 1800 linis
3032 1745 3267 1799 incertus
3293 1752 3389 1797 est.
3410 1739 3606 1799 Ciceronis

2095 1845 2422 1902 Hortensius
2451 1850 2642 1899 contra
2690 1839 3093 1912 philosophiam
3141 1836 3428 1903 disserens,
3453 1836 3607 1891 circnm-

2094 1941 2310 1997 vcnitur
2337 1947 2523 2010 arguta
2554 1936 2945 2001 conclusione;
2975 1932 3121 1997 quod
3148 1946 3269 1987 cum
3295 1928 3476 1985 diceret
3496 1929 3606 2000 philo-

2097 2031 2436 2103 sophandum
2459 2046 2569 2085 non
2599 2043 2742 2093 esse,
2771 2024 3132 2082 nihilominus
3160 2021 3495 2093 philosophari
3517 2020 3609 2075 vidc-

2101 2127 2281 2193 batur,
2311 2125 2570 2197 quoniam
2619 2120 2929 2193 philosophi
2954 2128 3060 2185 est,
3112 2116 3242 2187 quid
3277 2114 3328 2170 in
3356 2115 3450 2169 vita
3474 2112 3607 2169 iacien-

2103 2220 2255 2287 dum,
2300 2219 2384 2274 vel
2416 2233 2523 2271 non
2568 2213 2879 2270 faciendum
2907 2211 2998 2278 sit,
3031 2210 3328 2279 diSputare.
3355 2206 3450 2263 Nos
3471 2207 3523 2262 ab
3551 2204 3608 2261 hac

2101 2311 2369 2367 Calumnia
2399 2309 2666 2364 immunes
2687 2322 2749 2362 ac
2776 2305 2930 2360 liberi
2959 2319 3168 2368 sumus,
3196 2302 3284 2373 qui
3312 2299 3607 2371 philosOphuu

2105 2405 2363 2471 tollimus,
2393 2403 2521 2475 quia
2554 2402 2801 2456 humana:
2827 2396 3175 2470 cogitationis
3205 2394 3428 2450 inventio
3447 2402 3609 2458 est;so-

2105 2499 2289 2569 phiam
2336 2496 2703 2562 defendimus,
2728 2494 2855 2565 quia
2883 2492 3063 2546 divina
3096 2489 3313 2546 traditio
3335 2496 3428 2553 est,
3460 2499 3608 2555 eamque

2102 2592 2171 2648 ab
2201 2591 2453 2647 omnibus
2477 2588 2681 2652 suscipi
2705 2595 2958 2657 oportere
2986 2592 3269 2638 testamur.
3296 2580 3405 2644 Ille,
3424 2593 3519 2634 cum
3539 2577 3609 2646 plli-

2097 2685 2399 2754 losotthiam
2430 2683 2667 2747 tolleret,
2699 2694 2803 2736 nec
2850 2677 3047 2733 melius
3094 2675 3294 2747 aliquid
3334 2673 3609 2739 θῆαι-αδο-

2103 2779 2362 2850 pientiam
2416 2777 2612 2832 tollere
2669 2776 2979 2846 putabatur,
3013 2786 3192 2843 eoque
3245 2769 3435 2825 facilius
3459 2767 3610 2821 deseti-

2104 2874 2268 2928 tentia
2318 2871 2508 2942 pulsus
2563 2877 2683 2925 est:
2738 2868 2862 2937 quia
2902 2873 3131 2943 constat
3182 2863 3436 2943 hominem
3476 2856 3605 2915 nonad

2104 2941 2405 3031 stultitiam,
2436 2963 2530 3019 sed
2563 2962 2629 3018 ad
2663 2941 3373 3031 muniemus?“

2180 3038 2619 3114 Miiﬁitifa‘
2630 3038 2841 3125 quoque
2864 3038 3247 3124 argumentum
3273 3059 3441 3106 contra
3461 3046 3611 3120 philoso

2111 3150 2291 3221 phiam
2340 3150 2481 3206 valet
2510 3147 2822 3219 plurimum,
2870 3164 2978 3221 quo
3020 3147 3164 3202 idem
3198 3157 3277 3201 est
3303 3152 3420 3200 usus
3460 3142 3611 3196 Horten-

2107 3242 2257 3310 sius;
2294 3258 2363 3299 ex
2393 3257 2461 3298 eo
2507 3256 2668 3313 posse
2716 3242 2975 3313 intelligi,
3010 3238 3395 3312 philosOphiam
3431 3250 3512 3290 non
3538 3243 3611 3285 esse

2108 3336 2449 3406 sapientiam,
2481 3333 2627 3405 quod
2677 3336 2999 3405 principium
3029 3343 3086 3390 et
3110 3335 3267 3405 origo
3291 3332 3399 3402 ejus
3419 3332 3609 3399 appareat.

2106 3428 2355 3497 Quando,
2388 3428 2579 3500 inquit,
2630 3427 2942 3499 philosophi
2988 3441 3109 3484 esse
3155 3421 3454 3498 coeperunt?
3483 3414 3609 3476 Thales

2902 2934 3059 2944 Μ

3376 2936 3607 2947 ...η-,σ-

2058 3037 2351 3045 Μν-

2902 3033 3155 3040 ___—————-—-

1732 3562 2093 3623 VABIORUM
2131 3560 2362 3619 NU'DE.

484 3698 670 3765 Verum
708 3722 847 3762 cum.
891 3704 983 3763 Sic
1034 3706 1233 3776 optima
1282 3706 1609 3765 colonieusis
1660 3708 1809 3765 edito
1857 3725 2000 3766 anno

406 3781 563 3844 15H.
611 3780 731 3835 alite
783 3793 913 3833 vero
964 3786 1126 3848 atque
1158 3792 1287 3832 mss.
1342 3781 1524 3847 plures
1577 3781 1796 3846 habent,
1829 3796 2003 3834 verum

405 3855 536 3909 enim
582 3867 738 3915 cum;
766 3865 830 3904 ac
860 3849 1104 3913 tandem,
1142 3850 1237 3903 sed
1281 3853 1581 3916 pauciores.
1616 3852 1799 3921 legunt
1828 3868 2002 3907 verum

404 3927 536 3983 enim
566 3938 715 3977 vero:
736 3932 791 3975 at
822 3921 1100 3974 meliorem
1130 3921 1508 3988 amplectimur
1537 3924 1845 3977 lectionem.

488 3993 657 4049 Vitam
678 3992 810 4065 nihil
838 3990 1004 4065 aliud,
1026 4008 1178 4065 quant
1194 3993 1243 4045 in
1261 3992 1541 4064 eloquendo
1569 4004 1832 4065 peragant.
1854 3992 1967 4048 Heu
1984 4025 2001 4037 -

408 4078 640 4123 manuus
685 4061 815 4117 dicit
854 4062 1125 4134 dictionem
1160 4061 1546 4117 lactantianam.
1569 4061 1709 4134 'Egti
1758 4066 1859 4119 hoc
1888 4080 2002 4118 am-

408 4138 555 4208 plius
587 4135 752 4208 (salva
784 4140 960 4188 tamen
994 4133 1280 4203 modestia)
1331 4133 1791 4208 pronuntio,'esse
1812 4136 2003 4189 dictio—

411 4205 538 4263 nem
601 4205 941 4274 'Optimorum
1011 4220 1347 4274 quorumque
1401 4206 1736 4275 Scriptorum
1771 4247 1785 4268 ,
1840 4216 2005 4276 atque

412 4277 675 4347 exemplis
713 4288 740 4329 θ
768 4277 1047 4347 Gronovio
1096 4292 1162 4329 ex
1191 4276 1362 4347 Livio,
1409 4284 1465 4331 et
1512 4294 1543 4330 a
1573 4277 1884 4333 Burmanno
1928 4294 2001 4333 ex

414 4346 680 4405 CirerOue
709 4346 933 4417 aliisque
962 4347 1229 4401 excitatis.
1274 4346 1408 4401 Bon.

489 4420 757 4487 Sapientia
782 4422 933 4473 enim.
963 4419 1041 4473 Ex
1103 4432 1235 4491 mss.
1270 4420 1644 4491 reposui‘enim
1670 4462 1683 4482 ,
1713 4420 1855 4491 quod
1911 4434 2000 4475 re-

416 4491 560 4547 ctius
582 4503 685 4563 est.
718 4505 877 4561 quam
924 4498 1091 4563 autent
1133 4488 1423 4563 editorum.
1476 4488 1765 4563 Sapientia.
1800 4491 1934 4546 Nam
1962 4492 2009 4547 si

419 4562 636 4617 virtutis
665 4563 782 4617 laus
810 4564 861 4615 iu
890 4561 1102 4633 actione
1126 4560 1405 4633 consistit,
1425 4560 1572 4617 certe
1593 4563 1753 4617 etiam
1785 4566 2007 4633 sapien-

419 4636 530 4688 tiae.
566 4636 727 4688 Docet
758 4633 858 4686 hoc
886 4632 997 4684 Cic.
1029 4632 1080 4682 in
1114 4631 1286 4697 primo
1308 4628 1490 4697 Ofﬂc.,
1522 4648 1639 4697 cup.
1672 4636 1737 4688 dc
1765 4628 2010 4689 Pruden-

418 4707 515 4760 tia.
544 4705 696 4760 Unde
721 4704 881 4759 etiam
907 4701 1225 4775 Aristoteles
1254 4701 1305 4755 in
1353 4708 1556 4775 magnis
1588 4701 1885 4761 Moralihus
1912 4708 2007 4772 ait,

422 4780 563 4845 quod
604 4775 862 4842 salientia
906 4786 1026 4840 quae
1077 4773 1126 4824 in
1177 4773 1639 4845 actionem—cadit,
1670 4776 1883 4832 vit-tutis
1911 4792 2011 4831 uo-

422 4862 550 4903 men
577 4854 837 4904 meri-tur,
873 4860 977 4894 non
1017 4857 1147 4895 vero
1185 4846 1308 4899 alia.

501 4917 753 4983 Recteque
798 4912 1016 4967 Tullius.
1068 4914 1409 4972 Desideratur
1441 4919 1527 4974 hic
1568 4920 1718 4973 locus
1763 4918 1814 4973 in
1858 4917 2012 4974 Cice-

427 5005 561 5045 rone
595 5006 607 5040 :
639 4995 875 5058 attamen
934 4984 1066 5058 libro
1097 5000 1111 5039 ι
1147 4986 1213 5039 de
1242 4985 1468 5058 Ofﬁciis,
1516 5007 1566 5045 c.
1596 4989 1665 5045 de
1692 4990 2009 5057 Prudentia,

425 5063 646 5116 damnat
672 5056 912 5125 ignaram
938 5056 1347 5127 philosophiam.

510 5128 603 5183 Vel
644 5128 946 5181 advocandi.
982 5128 1074 5183 llic
1124 5134 1271 5198 ponit
1298 5130 1608 5185 Lactantius
1635 5145 1824 5186 vocem
1848 5133 2011 5186 adro-

426 5201 598 5266 εαηάίν
634 5213 729 5267 ι)το
768 5214 981 5253 causam
1008 5201 1218 5263 agendi.
1247 5201 1302 5255 In
1331 5206 1365 5257 5
1396 5215 1525 5255 mss.
1550 5210 1635 5255 est
1660 5205 1937 5266 auoctmdi;
1957 5203 2011 5258 in

428 5273 463 5328 8
484 5286 595 5326 rec.
623 5272 855 5325 vocandi.
881 5301 951 5312 --
1009 5269 1100 5325 Vel
1126 5272 1408 5325 advocandi
1447 5275 1631 5341 gratia.
1667 5274 1779 5343 Ego
1833 5277 2015 5343 putavi

430 5343 891 5398 subaudiendum:
925 5343 1011 5398 vel
1038 5343 1337 5407 auditores,
1356 5350 1696 5414 concionem,
1728 5348 2012 5414 populum,

429 5415 708 5488 advocandi
733 5417 915 5485 gratia.
948 5416 1067 5488 Agit
1098 5414 1335 5488 euiuldc
1362 5412 1704 5488 Philosophia.
1724 5412 1872 5471 ib.iet
1893 5434 2009 5488 seq.

429 5495 483 5542 et
506 5486 572 5539 de
596 5482 843 5555 Epicuro,
866 5500 915 5539 ι).
950 5482 1015 5555 η
1044 5527 1061 5555 ,ν
1079 5488 1153 5539 ait
1177 5501 1190 5536 :
1218 5482 1285 5538 Ut
1316 5482 1384 5537 ad
1401 5501 1455 5538 se
1485 5487 1855 5542 multitudinem
1886 5482 2015 5544 cou-

431 5553 875 5630 trahatflbidem
908 5553 1295 5630 luf.__Circulum
1337 5556 1753 5630 coltigigatque
1806 5562 2013 5630 integra

431 5627 894 5753 pltlrasislqccurrit
918 5626 985 5679 de
1008 5625 1162 5680 Mort.
1188 5632 1415 5696 person,
1438 5625 1486 5685 ὁ.
1511 5628 1604 5697 28,
1626 5625 1904 5686 Advocaoit
1924 5625 2017 5703 po-

431 5716 494 5753 nu
521 5714 625 5753 um.
695 5712 784 5753 ou.

428 5712 625 5769 putum.
651 5712 784 5754 non.

500 5769 569 5824 1η
608 5769 763 5825 labris
806 5766 990 5821 habere
1046 5766 1333 5825 bonitatem.
1384 5770 1461 5829 ita
1491 5773 1709 5843 reposui
1760 5788 1827 5831 ex
1857 5772 2018 5830 editis

2105 3706 2303 3762 Cellar.
2326 3713 2380 3761 et
2403 3704 2617 3762 Walclt.
2659 3713 2715 3761 et
2738 3706 2990 3762 omnibus
3035 3719 3171 3761 mss.
3203 3714 3392 3777 prater
3415 3700 3604 3777 deosne

2107 3793 2171 3832 ac
2198 3788 2425 3832 caeteros
2450 3780 2693 3847 vulgatos
2718 3779 2913 3845 quibus
2939 3778 3021 3832 est
3044 3769 3218 3834 labiis:
3245 3776 3297 3832 lu
3338 3790 3437 3847 rec.
3462 3772 3481 3829 l
3508 3769 3605 3825 Coll).

2105 3861 2159 3904 et
2188 3850 2349 3903 Brttu.
2386 3862 2480 3918 pro
2508 3845 2804 3913 bonitatem,
2833 3858 2914 3904 est
2940 3849 3252 3905 voluntatem
3278 3867 3297 3915 ;
3324 3848 3375 3902 in
3398 3845 3609 3901 Torucsel

2106 3921 2323 3977 Cotton.
2353 3921 2638 3974 veritatem.

2183 3991 2444 4064 Profecto,
2472 3993 2658 4059 inquit,
2680 3994 2843 4045 omnis
2878 3993 3093 4046 istorum
3135 3991 3418 4064 disputatio,
3447 3994 3527 4041 etc.
3547 3980 3609 4064 Et-

2108 4052 2304 4118 cidissé
2347 4052 2441 4117 hic
2473 4052 2888 4133 locus'putatur
2914 4080 2978 4118 ex
3028 4052 3315 4118 Hortensio
3355 4059 3455 4116 Cic.
3476 4069 3544 4112 seu
3570 4052 3608 4104 de

2107 4134 2474 4203 Philosophia,
2507 4136 2687 4204 inquo
2719 4134 2999 4197 legendum
3036 4144 3139 4202 est,
3170 4136 3411 4204 istorum,
3440 4138 3485 4183 ut
3509 4137 3608 4194 repe-

2109 4206 2245 4259 ritur
2278 4206 2329 4259 in
2378 4204 2411 4259 8
2458 4203 2842 4260 vetustioribus
2872 4207 3061 4275 editis,
3089 4216 3143 4261 et
3180 4207 3231 4260 in
3274 4203 3606 4275 omnibusnmss.

2112 4285 2307 4346 prmter
2341 4276 2377 4330 2
2407 4277 2537 4346 Reg.
2565 4291 2676 4331 rec.
2725 4277 2777 4331 in
2823 4276 3018 4349 quibus
3047 4268 3131 4333 eSt
3160 4279 3409 4349 ipsorum;
3432 4268 3609 4349 in_5_‘el-

2109 4340 2251 4402 'cusis
2294 4340 2587 4418 justoru‘m,
2633 4340 2857 4418 incptef
2897 4352 2950 4403 in
2992 4364 3100 4405 uno
3147 4340 3302 4405 συιδ.
3343 4354 3416 4403 est
3452 4340 3608 4415 philoso-

2113 4419 2350 4472 altorum.

2031 4430 2085 4490 D
2112 4430 2350 4490 phorum.

2196 4488 2381 4544 Vereor
2406 4507 2529 4545 ne...
2560 4492 2695 4545 otiis.
2718 4490 2807 4546 Sic
2836 4491 3115 4547 emendavi
3143 4504 3209 4547 ex
3236 4479 3560 4546 vetustissimis
3574 4483 3605 4529 el

2112 4562 2330 4632 optimis
2351 4577 2480 4617 mss.
2515 4563 2539 4616 l
2576 4562 2732 4628 Bou.,
2760 4561 2795 4616 2
2828 4560 2981 4633 Reg.,
3014 4564 3046 4618 Ιι
3075 4562 3146 4616 al.
3180 4562 3334 4631 Reg.,
3374 4554 3539 4633 illum.
3568 4547 3606 4633 ξι

2112 4628 2214 4687 vox
2261 4634 2473 4701 negotiis
2506 4633 2777 4702 postulare
2820 4628 3032 4689 videtur
3058 4635 3195 4687 otiis.
3230 4628 3295 4687 Et
3332 4646 3392 4687 ex
3424 4629 3500 4702 his
3521 4628 3607 4702 opt}-

2114 4705 2217 4758 mis
2246 4688 2375 4758 mss.
2402 4688 2583 4760 forsan
2614 4705 2980 4760 restituendus
3014 4706 3099 4760 hic
3125 4703 3395 4761 Ciceronis
3422 4699 3552 4752 locus.
3573 4688 3605 4741 in

2113 4774 2185 4829 ἓξ).
2233 4778 2449 4844 scriptis
2500 4791 2608 4831 rec.
2644 4786 2749 4830 vet.
2796 4777 2951 4831 editis
2997 4788 3078 4830 est
3108 4792 3169 4830 ne
3206 4790 3385 4829 non....
3413 4763 3607 4844 quam?“

2116 4847 2497 4901 oblectationem
2540 4848 2647 4900 otii.
2698 4848 2973 4903 Pleristtue
3000 4848 3121 4902 aliis
3145 4844 3467 4908 editiouibus,
3489 4844 3607 4892 eum

2117 4933 2223 4988 que
2248 4916 2567 4973 Ciceroniau
2586 4936 2616 4970 lt
2642 4918 2983 4978 Gothofredi.
3013 4918 3164 4974 deest
3195 4936 3313 4972 non.

2188 4989 2488 5056 Abjiciendu
2515 5000 2587 5043 est
2623 4989 2778 5061 igitur
2804 4973 2982 5044 omnis
3003 4973 3339 5060 philosophia.
3358 4986 3501 5061 Emi

2117 5045 2337 5125 lautius,
2368 5063 2410 5115 si
2448 5045 2706 5131 intelligat
2735 5061 2802 5115 de
2830 5075 2955 5115 vera
2988 5045 3042 5115 et
3070 5045 3293 5130 genuina
3322 5045 3605 5131 philosophi;

2117 5133 2199 5204 sin
2228 5117 2403 5187 autem
2432 5117 2779 5201 ρΙιίιοδιΪμΙιὶιιξ
2807 5134 3022 5187 nomine
3047 5117 3292 5204 iiisiguiat
3323 5117 3607 5204 ξιιιξρειεοιιίιξξθ

2120 5203 2251 5256 tium
2277 5188 2447 5273 nugas.
2466 5216 2517 5258 et
2547 5188 2778 5271 errores,
2814 5218 3001 5259 verum
3027 5213 3129 5264 est.
3149 5188 3364 5273 omnem
3392 5196 3509 5273 illam
3531 5188 3605 5273 ltili:

2119 5264 2415 5343 losophiavm
2473 5264 2775 5329 tollendam'
2811 5289 2951 5329 esse.
3006 5275 3287 5344 Apostolus
3336 5268 3503 5344 Paulus
3538 5264 3606 5344 991‘
3688 5264 3689 5327 ἶ

2120 5335 2595 5401 vult'exterminari
2639 5360 2852 5401 omnem
2901 5335 3320 5417 philoéophiatu,
3349 5339 3433 5395 sed
3466 5335 3605 5417 1:!!wal

2123 5428 2310 5469 vanam
2362 5426 2416 5472 et
2461 5417 2734 5483 fallacem,
2777 5426 2832 5470 ut
2870 5406 3053 5472 videre
3096 5406 3179 5471 est
3212 5416 3405 5472 Coloss.
3445 5406 3606 5483 ῳρ-ίξξι

2120 5503 2260 5542 vers.
2286 5490 2338 5544 8.
2374 5488 2499 5559 limo
2547 5478 2994 5558 igitur-sententia
3034 5502 3157 5544 cum
3196 5500 3358 5559 grano
3391 5478 3497 5536 salis
3518 5478 3608 5525 ποι·

2121 5558 2333 5629 pieuda.
2370 5558 2454 5613 Ea;
2489 5559 2861 5615 DAVEIIANTIO.

2191 5610 2892 5701 bit-'éifnahiis‘ciiii‘dniht
2921 5640 3008 5688 est
3033 5646 3096 5688 ac
3143 5636 3249 5686 vet.
3274 5627 3309 5682 2
3331 5622 3446 5681 edit.
3482 5610 3605 5701 3033;}

2120 5676 2373 5769 Τοῖ-ἧὲζξ,
2391 5676 3013 5772 έὸἶιὶὶῖὀῦἶ’⁸ὲὶ’ἦῦἓίοῐιῖζ
3034 5676 3522 5771 ἓᾶτεὲιῖξέἔειὲὶὸτυω
3533 5676 3606 5736 γυι-

2118 5781 2382 5845 gatorum.
