3770 6264
128 377 245 436 401

271 494 400 571 ῌαιιι
424 506 561 563 pater
578 498 838 551 altitonans
858 500 1079 571 stellanti
1101 505 1251 571 nixus
1267 505 1491 571 Olympo,

272 558 391 672 ἔξω
408 558 518 637 suas
541 576 698 636 arces,
718 570 874 637 atque
896 565 1280 640 inclytatempla
1299 558 1494 634 piatiitit;

323 631 341 672 t
362 622 640 672 Capitolinis
663 633 833 672 tmecnt
853 628 1059 672 sedibus
1082 642 1242 672 tones-

323 631 341 672 t
362 622 640 686 Capitolinis
663 622 833 690 injecit
853 622 1059 679 sedibus
1082 622 1243 693 ignes.

134 724 418 784 Pertinaci
461 744 589 802 ergo
617 732 841 788 stultttia
873 751 979 790 non
1025 737 1188 793 modo
1220 738 1322 793 vim
1372 738 1741 809 maiestatem-

129 834 254 889 que
279 823 395 878 veri
424 823 516 880 Dei
558 840 665 880 non
708 825 1093 885 intellexerunt
1121 847 1136 885 :
1163 830 1258 886 scd
1286 832 1448 887 etiam
1495 832 1742 903 impieta-

130 920 259 969 tem
286 915 366 971 sui
398 917 597 973 erroris
626 929 927 988 auxerunt,
955 924 1047 992 qui
1079 922 1337 992 templum
1368 923 1574 980 caelesti
1596 924 1743 994 judi-

128 1007 233 1061 cio
278 1023 425 1080 saepe
442 1009 754 1066 damnatum
786 1015 1072 1072 restituere
1098 1025 1285 1073 contra
1316 1016 1398 1074 fas
1417 1033 1580 1075 omne
1605 1034 1741 1076 con-

126 1098 435 1156 tenderint.

208 1190 350 1248 Cum
392 1193 508 1249 hinc
535 1194 695 1266 igitur
714 1196 980 1267 cogitaret
1025 1199 1311 1270 Epicurus,
1342 1217 1528 1259 earum
1558 1220 1739 1262 rerum

119 1284 585 1356 velutiniquitate
605 1287 858 1344 inductus
882 1289 1001 1363 (sic
1022 1294 1166 1348 enim
1197 1308 1415 1350 causam
1450 1298 1744 1353 rationem-

116 1393 249 1449 que
299 1379 565 1451 ignoranti
615 1381 936 1453 videbatur)
982 1386 1315 1442 existimavit
1369 1389 1573 1445 nullam
1618 1405 1743 1449 esse

116 1472 558 1541 providentiam.
589 1474 743 1543 Quod
766 1491 889 1532 cum
933 1477 1034 1533 sibi
1055 1481 1451 1549 persuasisset,
1505 1486 1743 1556 suscepit

112 1562 303 1618 etiam
333 1562 735 1620 defendendum
761 1585 773 1619 :
798 1567 877 1622 sic
904 1569 957 1623 in
988 1584 1205 1626 errores
1242 1571 1641 1631 inextricabiles
1681 1592 1742 1632 se

107 1654 253 1726 ipse
282 1659 570 1715 conclusit.
601 1658 657 1715 Si
699 1660 841 1715 enim
889 1662 1225 1731 providentia
1276 1665 1423 1721 nulla
1461 1677 1577 1733 est,
1608 1683 1743 1738 quo-

110 1750 303 1806 modo
332 1760 438 1806 tam
480 1752 747 1822 ordinate,
796 1756 908 1810 tam
929 1755 1192 1827 disposite
1236 1761 1471 1815 mundus
1516 1762 1742 1820 effectus

115 1852 215 1899 est
235 1844 263 1898 ?
288 1843 445 1901 Nulla
468 1888 484 1914 ,
515 1847 708 1918 inquit,
742 1847 1027 1919 dispositio
1060 1861 1173 1918 est;
1215 1852 1378 1906 multa
1407 1855 1550 1908 enim
1599 1854 1737 1911 facta

32 1937 35 1941 ’
116 1944 267 1989 sunt
288 1934 464 2004 aliter,
497 1952 658 2007 quam
691 1938 807 1993 ﬁeri
857 1938 1181 1996 debuerunt.
1218 1942 1285 1997 Et
1323 1942 1527 1998 invenit
1574 1945 1737 2001 homo

118 2026 375 2095 divinus,
403 2044 523 2100 qua:
567 2030 1012 2100 reprehenderet.
1059 2033 1192 2102 Quae
1217 2033 1421 2105 singula
1448 2036 1493 2091 si
1521 2047 1741 2093 vacaret

122 2120 427 2187 refellere,
477 2120 635 2177 facile
678 2124 1063 2192 ostenderem,
1110 2139 1211 2181 nec
1254 2127 1550 2197 sapientem
1594 2130 1737 2185 hunc

124 2212 345 2280 fuisse,
389 2227 492 2269 nec
534 2229 745 2269 sanum.
791 2214 925 2271 Item
965 2215 1011 2270 si
1064 2217 1210 2272 nulla
1255 2218 1586 2288 providentia
1628 2231 1730 2287 est,

129 2305 413 2377 quomodo
459 2306 772 2363 animalium
807 2323 1034 2378 corpora
1058 2319 1167 2364 tam
1215 2311 1559 2380 providenter
1584 2313 1733 2370 ordi-

128 2409 268 2454 nata
298 2408 444 2466 sunt,
475 2408 533 2455 ut
571 2400 780 2472 singula
809 2417 1035 2471 quaeque
1078 2404 1319 2458 membra
1366 2405 1597 2460 mirabili
1645 2420 1733 2461 ra-

129 2490 287 2546 tione
311 2490 565 2562 disposita
596 2506 692 2547 sua
721 2491 900 2549 ofﬁcia
925 2495 1283 2550 conservent?
1310 2494 1453 2551 Nihil
1477 2539 1492 2564 ,
1536 2499 1728 2570 inquit,

122 2582 187 2637 in
239 2585 580 2653 procreandis
622 2586 948 2643 animalibus
994 2588 1349 2659 providentiae
1379 2591 1517 2646 ratio
1548 2594 1729 2650 molita

118 2682 247 2741 est;
288 2692 411 2733 nam
441 2693 615 2748 neque
644 2679 784 2734 oculi
810 2677 938 2735 facti
962 2691 1089 2735 sunt
1113 2680 1180 2736 ad
1201 2682 1489 2738 videndum
1509 2724 1524 2749 ,
1554 2700 1730 2756 neque

118 2780 285 2823 aures
327 2768 395 2824 ad
425 2769 784 2839 audiendum,
840 2787 1016 2843 neque
1044 2773 1224 2844 lingua
1269 2775 1337 2830 ad
1376 2775 1724 2846 loquendum,

115 2874 301 2929 neque
353 2862 519 2933 pedes
547 2863 611 2920 sd
642 2865 1023 2922 ambulandum
1057 2869 1355 2939 :quoniam
1403 2871 1557 2941 prius
1611 2871 1726 2927 inec

116 2961 245 3009 nata
271 2964 400 3010 sunt
420 2972 579 3027 quam
601 2967 747 3014 esset
761 2958 931 3030 loqui,
959 2960 1170 3029 audire,
1196 2961 1400 3031 videre,
1424 2965 1719 3021 ambulare.

113 3045 304 3119 Itaque
322 3064 430 3104 non
473 3050 590 3107 ιιωο
617 3051 683 3107 ad
712 3068 865 3108 usum
896 3062 1016 3109 nata
1046 3063 1171 3109 sunt
1199 3074 1212 3109 :
1245 3057 1339 3112 sed
1371 3074 1498 3113 usus
1521 3074 1587 3115 ex
1614 3059 1721 3116 illis

110 3151 273 3196 natus
317 3152 423 3199 est.
449 3143 504 3201 Si
555 3146 697 3201 nulla
738 3148 1075 3217 providentia
1116 3158 1229 3218 est,
1264 3165 1363 3206 cur
1397 3152 1597 3209 imbres
1623 3169 1716 3210 ca-

106 3233 265 3303 dunt,
321 3236 499 3307 fruges
540 3239 808 3304 oriuntur,
854 3240 1073 3296 arbusta
1131 3242 1515 3299 frondescunt?
1558 3245 1712 3312 Non,

106 3328 306 3400 inquit,
337 3344 557 3402 semper
581 3347 744 3388 causa
772 3334 1122 3389 animantium
1156 3334 1253 3389 ista
1274 3335 1429 3402 ﬁunt,
1454 3339 1705 3408 quoniam

107 3420 465 3491 providentia:
488 3423 619 3480 nihil
640 3433 864 3495 prosunt
891 3443 902 3479 :
932 3425 1028 3481 sed
1049 3427 1223 3481 omnia
1245 3442 1341 3483 sua
1369 3439 1563 3500 sponte
1590 3431 1708 3487 ﬁeri

104 3529 334 3572 necesse
358 3525 460 3573 est.
494 3517 647 3575 Unde
676 3534 805 3590 ergo
835 3529 1129 3575 nascuntur
1156 3520 1175 3595 (
1202 3519 1328 3576 Vide
1352 3521 1585 3590 Lucret.,
1615 3525 1705 3579 lib.

100 3606 181 3681 ιι)
227 3618 320 3665 aut
344 3609 616 3681 quomodo
636 3613 771 3667 liunt
796 3613 976 3668 omnia
1001 3628 1122 3684 quae
1147 3615 1444 3685 geruntur?
1462 3614 1581 3671 Non
1603 3624 1707 3683 est,

1008 385 1212 445 LIBER
1248 387 1339 445 ΙΙΙ.
1382 388 1470 446 DE
1507 388 1722 448 FALSA
1764 390 2128 452 SAPlENTlA
2169 396 2571 456 PHILOSOPH.

1741 3286 1787 3351 C

3340 404 3448 462 402

1770 512 2054 583 Ainquit,
2101 515 2451 585 providentia:
2497 531 2671 599 opus;
2723 525 2848 573 sunt
2896 518 3037 574 enim
3088 521 3291 577 semina
3348 537 3447 593 per

1846 602 2010 660 inane
2032 607 2337 676 volitantia,
2371 610 2567 679 quibus
2591 611 2731 666 inter
2754 626 2813 667 se
2844 621 3045 667 temere
3072 614 3402 684 conglobatis
3425 658 3443 683 ,

1845 696 2096 753 universa
2126 700 2416 771 gignuntur
2438 711 2598 773 atque
2625 711 3002 758 concrescunt.
3033 702 3141 759 Cur
3166 705 3325 775 igitur
3351 706 3445 762 illa

1845 803 1952 843 non
1970 792 2233 846 sentimus
2248 807 2341 849 aut
2361 795 2670 851 cernimus?
2692 796 2828 863 Quia
2852 811 2952 851 nec
2968 797 3204 852 colorem
3224 799 3443 868 habent,

1845 881 2049 953 inquit,
2103 900 2205 941 nec
2248 886 2481 943 calorem
2533 888 2724 955 ullum,
2778 903 2879 944 nec
2927 888 3187 957 odorem;
3238 893 3446 962 saporis

1843 989 2058 1046 quoque
2087 983 2143 1031 et
2170 976 2414 1034 humoris
2442 980 2681 1051 expertia
2721 989 2868 1049 sunt,
2909 991 2962 1036 et
2986 987 3095 1036 tam
3125 983 3360 1052 minuta,
3392 994 3452 1040 ut

1841 1069 2013 1123 secari
2043 1084 2106 1125 ac
2133 1069 2298 1126 dividi
2324 1083 2611 1143 nequeant.

1915 1157 2006 1214 Sic
2031 1176 2176 1228 eum,
2209 1163 2329 1233 quia
2355 1165 2408 1219 in
2440 1164 2710 1235 principio
2736 1164 2931 1221 falsum
2956 1176 3286 1237 susceperat,
3314 1182 3444 1225 con-

1842 1254 2185 1323 sequentium
2238 1272 2420 1312 rerum
2465 1260 2759 1315 necessitas
2810 1260 2879 1315 ad
2925 1260 3274 1318 deliramenta
3323 1280 3445 1331 per-

1841 1343 2016 1400 duxit.
2047 1345 2147 1403 Ubi
2178 1348 2321 1402 enim
2351 1358 2496 1417 sunt,
2527 1360 2621 1406 aut
2646 1351 2786 1407 unde
2823 1352 2926 1407 ista
2957 1355 3310 1423 corpuscula?
3337 1354 3446 1411 Cur

1842 1434 1935 1489 illa
1962 1452 2124 1493 nemo
2154 1449 2353 1509 praeter
2375 1457 2537 1496 unum
2568 1442 2895 1514 Leucippum
2927 1445 3256 1501 somniavit?
3279 1462 3307 1500 a
3335 1462 3445 1518 quo

1845 1526 2185 1586 Democritus
2229 1533 2472 1589 eruditus
2522 1535 3179 1611 ltmreditalemﬂttltitig
3230 1540 3447 1611 reliquit

2728 1605 2883 1611 —.——-__
2894 1602 3179 1609 w______.

1847 1623 2103 1693 Epicuro.
2136 1625 2266 1695 Quae
2294 1629 2339 1683 si
2369 1638 2494 1685 sunt
2527 1633 2845 1701 corpuscula
2865 1675 2880 1701 ,
2910 1643 2963 1688 et
3001 1634 3216 1704 quidem
3246 1636 3440 1703 Solida,

1844 1724 1904 1770 ut
1927 1715 2133 1784 dicunt,
2161 1720 2262 1774 sub
2288 1720 2478 1777 oculos
2507 1731 2655 1779 certe
2682 1725 2870 1780 venire
2891 1734 3135 1794 possunt.
3168 1725 3225 1782 Si
3251 1727 3443 1783 eadem

1843 1819 1928 1866 est
1957 1821 2147 1868 natura
2181 1815 2421 1870 omnium
2443 1856 2458 1881 ,
2488 1819 2760 1887 quomodo
2798 1833 2887 1874 res
2935 1820 3108 1875 varias
3157 1820 3445 1876 efﬁciunt?

2499 1606 2723 1613 με

1769 1903 1815 1962 Β
1844 1905 2006 1961 Vario
2025 1947 2040 1971 ,
2071 1908 2260 1978 inquit,
2293 1908 2483 1965 ordine
2511 1926 2574 1965 ac
2602 1911 2866 1980 positione
2908 1913 3237 1967 conveniunt
3262 1931 3275 1967 :
3300 1916 3442 1971 sicut

1840 1994 2068 2063 litterae,
2090 2012 2212 2068 qua:
2244 2012 2366 2053 cum
2397 2000 2503 2054 sint
2525 2015 2728 2069 paucae,
2752 2002 2899 2057 varie
2922 2010 3099 2058 tamen
3127 2003 3444 2072 collocatas,

1840 2086 2255 2143 innumerabilia
2288 2089 2453 2144 verba
2481 2091 2787 2146 coniiciunt.
2818 2093 2890 2147 At
2914 2092 3105 2149 litterae
3126 2096 3302 2150 varias
3330 2094 3443 2151 for-

1838 2192 1958 2232 mas
1983 2177 2201 2233 habent.
2233 2180 2306 2234 lta
2330 2219 2345 2236 .
2377 2180 2574 2251 inquit,
2605 2192 2659 2237 et
2680 2183 2796 2238 haec
2822 2184 2935 2254 ipsa
2957 2184 3279 2257 primordia;
3310 2203 3436 2242 nam

1836 2277 1963 2325 sunt
1987 2284 2174 2340 aSpera
2194 2313 2209 2337 ,
2238 2281 2367 2327 sunt
2393 2272 2626 2340 hamata,
2654 2284 2781 2330 sunt
2808 2276 2982 2332 laevia.
3015 2278 3198 2333 Secari
3226 2295 3358 2350 ergo
3383 2291 3440 2336 et

1835 2363 2003 2420 dividi
2028 2376 2270 2436 possunt,
2305 2368 2349 2422 si
2377 2367 2575 2438 aliquid
2608 2370 2748 2425 inest
2772 2371 2881 2426 illis
2909 2372 3051 2442 quod
3090 2373 3345 2430 emineat.
3378 2375 3437 2432 Si

1833 2464 2012 2511 autem
2054 2457 2207 2534 ltevia
2236 2466 2361 2512 sunt
2388 2469 2443 2513 et
2472 2459 2646 2514 hamis
2693 2461 2954 2532 indigent,
3002 2463 3277 2520 cohaerere
3326 2482 3436 2521 non

1757 2558 1764 2567 ‘
1833 2557 2081 2617 possunt.
2116 2548 2337 2603 llamata
2372 2550 2532 2619 igitur
2556 2565 2679 2608 esse
2702 2563 2941 2620 oportet,
2972 2563 3027 2607 ut
3062 2556 3274 2624 possint
3299 2557 3437 2611 invi-

1832 2656 1952 2697 cem
1980 2643 2344 2697 concatenari.
2374 2641 2509 2698 Cum
2539 2659 2669 2700 vero
2708 2655 2814 2699 tam
2847 2645 3050 2701 minuta
3087 2662 3207 2703 esse
3252 2648 3438 2704 dican-

1831 2745 1940 2801 tur,
1962 2744 2019 2790 ut
2049 2735 2193 2790 nulla
2237 2736 2361 2791 ferri
2391 2737 2505 2792 acie
2547 2737 2727 2793 dissici
2756 2738 2989 2805 valeant,
3021 2741 3294 2809 quomodo
3339 2740 3437 2798 ba-

1829 2841 1967 2891 mos,
1998 2837 2092 2881 aut
2119 2814 2345 2895 angulos
2365 2825 2602 2883 habent?
2622 2828 2769 2896 Quos
2788 2870 2804 2895 ,
2836 2829 2957 2899 quia
2979 2839 3184 2894 extant,
3211 2848 3434 2890 necesse

1828 2929 1913 2975 est
1959 2935 2118 2990 posse
2163 2919 2366 2975 divelli.
2405 2920 2610 2978 Deinde
2634 2937 2741 2993 quo
2781 2921 2987 2978 findere
3039 2924 3178 2979 inter
3207 2940 3298 2993 se,
3330 2943 3435 2997 qua

1826 3020 2007 3069 mente
2044 3013 2403 3080 conveniunt,
2434 3023 2492 3067 ut
2520 3029 2585 3069 ex
2613 3014 2697 3069 his
2723 3015 2923 3086 aliquid
2953 3016 3336 3071 construatur?
3365 3018 3423 3075 Si

1822 3120 1985 3161 sensu
2004 3114 2210 3172 carent,
2241 3121 2340 3161 nec
2359 3106 2505 3161 coire
2547 3115 2655 3161 tant
2701 3107 2960 3177 disposite
3007 3116 3267 3177 possunt;
3298 3109 3423 3178 quia

1822 3213 1929 3253 non
1962 3207 2139 3268 potest
2162 3196 2454 3269 quidquam
2487 3199 2751 3254 rationale
2775 3199 3058 3270 perlicere,
3113 3199 3214 3253 nisi
3263 3200 3424 3256 ratio.

1819 3289 1988 3358 Quam
2024 3291 2204 3345 multis
2223 3291 2443 3360 coargui
2475 3291 2589 3346 haec
2614 3292 2822 3346 vanitas
2845 3300 3023 3361 potest
3057 3292 3069 3345 !
3100 3290 3196 3347 sed
3227 3306 3425 3363 prope-

1815 3394 1901 3440 rat
1920 3385 2112 3440 oratio.
2142 3384 2239 3440 llic
2258 3394 2342 3440 est
2364 3384 2453 3439 illc
2471 3427 2485 3450 ,

1941 3564 2035 3623 Qui
2055 3575 2216 3627 genus
2235 3564 2500 3627 humanum
2522 3559 2728 3626 ingenio
2750 3568 3020 3627 superavit,
3042 3572 3096 3616 et
3117 3580 3291 3619 omnes

1942 3625 2229 3677 PrmStinxit
2250 3625 2442 3687 stellas,
2465 3625 2675 3678 exortus
2693 3629 2767 3677 uti
2791 3625 3028 3679 aetherius
3044 3629 3133 3679 sol.

1445 3742 1809 3808 VARIORUM
1835 3750 2064 3809 NOT/E.

169 3889 339 3965 Ipse,
368 3898 474 3947 etc.
504 3891 604 3965 Hic
632 3892 901 3965 secundus
931 3907 1121 3949 versus
1168 3892 1270 3949 hoc
1323 3893 1486 3950 modo
1517 3894 1711 3965 legitur

90 3962 248 4031 apud
278 3961 482 4029 Cicer.,
516 3964 607 4019 lib.
637 3980 674 4019 ιι
698 3964 766 4020 de
795 3966 963 4021 Divin.
1005 3984 1016 4017 :

231 4074 349 4139 Ipse
374 4089 491 4126 suos
512 4077 757 4139 quondam
782 4076 1009 4138 tumulos,
1036 4089 1092 4128 ac
1108 4076 1292 4141 templa
1310 4079 1504 4141 petivit.

169 4176 252 4233 Se
278 4178 387 4246 ipse
412 4181 682 4236 conclusit.
725 4181 815 4236 Sic
860 4182 1067 4236 restitui
1095 4197 1158 4235 ex
1193 4181 1397 4249 optimo
1423 4191 1477 4236 et
1506 4192 1705 4237 veterr.

84 4265 208 4322 ms.
254 4249 427 4322 [legio
475 4251 589 4306 Put.
619 4261 673 4306 et
717 4253 744 4307 1
772 4254 841 4307 al.
868 4252 1175 4317 recentiori,
1200 4252 1235 4307 5
1260 4251 1444 4320 Colb.,
1474 4254 1498 4307 1
1533 4253 1708 4322 Lips.,

88 4320 257 4395 Enn.
294 4321 481 4395 Brutt.,
511 4322 924 4395 suifragantibus
954 4323 1018 4378 16
1056 4323 1177 4378 aliis
1208 4326 1258 4378 in
1281 4324 1473 4392 quibus
1493 4335 1576 4378 est
1604 4320 1704 4380 ιη-

86 4393 282 4457 clnsit,
315 4402 371 4446 ut
398 4393 450 4447 itt
480 4396 547 4451 10
571 4393 1009 4462 νειξίιιιιιτεεδίς.
1048 4395 1142 4450 Hic
1171 4395 1473 4450 concludere
1502 4396 1704 4451 Tereu-

85 4464 316 4537 tianutn
343 4476 424 4520 est
451 4464 552 4520 hac
572 4465 985 4537 significatione,
1037 4481 1135 4535 pro
1174 4482 1234 4537 se
1273 4468 1565 4533 immittere,
1603 4468 1702 4520 im-

1895 3894 1956 3951 Si
1982 3903 2117 3949 sunt.
2149 3893 2567 3964 Manuscriptum
2598 3900 2714 3954 est;
2740 3894 2785 3947 si
2804 3894 2926 3960 sint,
2958 3894 3249 3950 editorum.

1902 3965 2056 4019 Vario
2083 3966 2280 4019 ordine.
2315 3965 2391 4019 De
2438 3980 2546 4035 quo
2573 3964 2697 4019 vide
2723 3964 2937 4020 Lucret.
2970 3982 3007 4019 tt
3038 3965 3133 4021 lib.

1892 4037 1957 4092 Si
1983 4047 2151 4091 autem
2179 4034 2326 4108 (levia
2354 4034 2472 4108 sunt
2499 4045 2546 4089 et
2576 4034 2740 4108 [tantis
2763 4037 3011 4108 indigent.
3043 4035 3132 4091 Sic
3158 4038 3285 4108 legit
3317 4037 3421 4092 Bo-

1818 4124 1946 4166 non.
1977 4124 2043 4163 ex
2070 4123 2178 4178 quo
2207 4107 2358 4162 locus
2380 4104 2469 4178 hic
2514 4104 2998 4178 corrigendus'est,
3026 4104 3235 4163 etiamsi
3274 4111 3418 4165 enim

1816 4179 1869 4234 in
1893 4181 2012 4234 aliis
2034 4176 2165 4233 mss.
2185 4192 2248 4231 ac
2269 4177 2479 4231 cunctis
2497 4176 2677 4247 editis
2699 4179 2921 4247 legatur,
2954 4191 3000 4233 et
3027 4179 3254 4233 humoris
3277 4182 3416 4235 indi-

1814 4262 1954 4320 gent,
1984 4251 2171 4304 vitiosa
2201 4257 2377 4320 tamen
2404 4257 2503 4320 est?
2540 4246 2730 4320 lectio;
2758 4246 2906 4319 quod
2936 4258 3145 4305 constat
3176 4250 3275 4305 hac
3326 4268 3416 4307 ra-

1819 4318 1993 4387 tione,
2022 4336 2180 4389 quam
2225 4318 2397 4373 solide
2438 4318 2633 4390 allegat
2658 4318 3012 4386 Thnntasius,
3047 4323 3168 4389 quia
3217 4338 3411 4390 nempe

1812 4391 2007 4448 humor
2032 4393 2246 4448 additus
2286 4389 2526 4455 laevitati,
2570 4405 2673 4442 nou
2707 4390 2882 4443 solum
2924 4392 3124 4445 nullam
3152 4389 3416 4447 cohtesio-

1809 4479 1956 4529 nem,
1988 4466 2081 4520 sed
2112 4464 2318 4532 lapsum
2344 4460 2518 4527 potius
2538 4460 2773 4532 fefliciel.
2804 4460 3089 4516 ϐΑιιΑευε.

88 4535 303 4606 plicare
348 4552 402 4589 se
427 4577 441 4598 ,
471 4531 676 4593 Gallice
718 4538 1001 4608 s’engager,
1040 4531 1445 4604 s’etnbarrauer,
1492 4540 1526 4595 '5
1551 4531 1693 4609 Reg.
1727 4579 1780 4640 Ι)
1882 4534 2065 4591 Ut.....
2095 4531 2267 4589 dissici
2288 4535 2508 4617 ualeant.
2537 4531 2864 4614 llicrursum
2897 4534 3061 4586 habes
3079 4531 3296 4611 verbum
3319 4546 3416 4613 an—

88 4614 150 4661 et
183 4604 222 4660 6
252 4606 383 4661 editi
410 4605 610 4661 ferunt.
636 4626 689 4661 se
719 4611 827 4661 inse
853 4609 1089 4661 coniecit.
1812 4607 2017 4661 tinuum
2041 4608 2268 4661 dissicio.
2298 4619 2451 4661 cutus
2497 4604 2906 4661 explicationem
2949 4616 3110 4661 supra
3137 4601 3278 4661 vide.
3315 4602 3409 4657 ltb.

84 4604 150 4661 et
183 4604 383 4680 editi
403 4605 610 4680 ierunt,
636 4626 689 4663 se
719 4604 1089 4680 ipsetconjecit.

176 4676 351 4749 Nullo
376 4679 644 4749 dispositio
676 4676 768 4733 est.
802 4676 1179 4736 Vide'anret.
1212 4695 1249 4734 ιι
1287 4689 1342 4736 et
1388 4694 1447 4746 v,
1478 4680 1582 4736 sub
1608 4680 1711 4736 ini-

91 4749 266 4803 tium.
306 4747 439 4804 Vide
460 4747 624 4805 etiam
643 4750 893 4807 Ciceron.
922 4751 992 4805 de
1019 4751 1220 4806 Natura
1249 4751 1496 4814 deorum,
1545 4752 1637 4807 lib.
1668 4768 1707 4807 ι.

174 4817 249 4873 Et
263 4821 446 4874 invenit
464 4824 612 4876 homo
629 4823 849 4887 divinus,
870 4838 984 4893 quae
1002 4822 1401 4893 reprehenderet.
1421 4821 1710 4891 Perpcratn

93 4892 226 4947 lucc
256 4896 415 4945 verba
443 4894 496 4948 in
527 4894 710 4948 multis
743 4892 891 4949 edd.’
912 4894 985 4949 ita
1016 4896 1298 4963 impressa,
1341 4907 1403 4948 ac
1434 4893 1480 4946 si
1530 4905 1715 4949 essent

96 4964 330 5029 Epicuri
386 4967 568 5031 verba,
603 4981 770 5034 quum
804 4975 931 5020 sunt
959 4966 1121 5019 verba
1178 4963 1377 5018 ironica
1424 4964 1709 5020 Lactantii.

96 5036 248 5107 Hinc
283 5035 419 5105 typis
446 5037 735 5090 ordinariis
767 5039 1027 5107 impressa
1052 5036 1218 5107 volui.
1252 5035 1530 5091 Bonnam.

183 5105 540 5162 Pravidenter.
567 5106 733 5163 Goth.
758 5105 1054 5178 prudenter.
1079 5106 1236 5161 Cnnl.
1271 5106 1309 5161 Ι.
1338 5122 1413 5171 vt,
1432 5122 1481 5160 c.
1518 5108 1605 5163 l5.
1636 5107 1713 5165 De

101 5178 217 5245 Ira,
243 5194 371 5250 cap.
391 5179 476 5234 10.
507 5178 726 5250 Legitur
753 5195 968 5250 quoque
986 5181 1037 5233 in
1062 5179 1195 5232 Plini
1216 5178 1558 5250 Panegyric.,
1590 5195 1711 5249 cap.

99 5253 129 5306 1
177 5249 534 5322 :Quodnthil
555 5253 653 5304 rite
680 5249 908 5322 nihilque
934 5250 1281 5322 providenter
1324 5249 1554 5322 homines
1604 5253 1714 5305 sine

103 5323 324 5376 dearum
376 5321 742 5377 immortalium
790 5320 1005 5376 consilio
1057 5321 1249 5376 honore
1294 5320 1709 5389 auspicarentur.

103 5395 395 5449 BUNBIAN.

185 5465 322 5519 Sunt
354 5465 489 5518 enim
516 5464 731 5519 semina.
766 5463 1188 5519 Reservahimus
1237 5463 1377 5519 hanc
1407 5462 1475 5517 de
1519 5464 1716 5519 atomis

104 5536 532 5605 disputationem
556 5537 609 5590 in
638 5545 799 5605 caput
827 5534 895 5589 10
927 5535 1045 5590 libri
1077 5535 1143 5589 de
1168 5534 1250 5589 lra
1303 5535 1416 5591 Dei.
1448 5533 1585 5588 Vide
1636 5535 1715 5588 itt-

105 5618 259 5681 terea
280 5604 338 5661 S.
361 5606 613 5661 Basilium
640 5604 803 5676 super
828 5605 927 5681 hac
953 5621 1012 5681 re
1034 5606 1249 5681 humilia
1266 5608 1336 5681 εἰς
1352 5608 1422 5681 ea
1443 5607 1717 5681 éﬁariptpoa

101 5679 323 5752 prima,
340 5686 396 5731 et
420 5689 582 5746 caput
619 5680 835 5732 tertium
862 5676 983 5732 libri
1038 5677 1195 5748 primi
1224 5678 1547 5732 Placitorum
1565 5676 1715 5748 apud

101 5749 259 5809 Plut.
292 5749 620 5805 Bmucsws.

188 5821 390 5896 (frater
417 5837 588 5896 unum
628 5818 980 5896 Leucippum.
1014 5820 1087 5896 De
1122 5818 1221 5896 illo
1251 5818 1720 5896 Galenusjn‘llisa

101 5885 249 5947 toria
283 5886 676 5959 pltllosOphlca't
706 5880 905 5947 S'e‘il'dc
932 5886 1011 5946 his
1041 5885 1092 5946 in
1122 5880 1260 5948 libro
1291 5884 1358 5947 de
1386 5883 1465 5947 lra
1492 5884 1607 5946 Dei:

1856 4624 2017 4678 quum
2041 4608 2268 4672 dissicio,
2298 4605 2451 4678 cujus
2497 4603 2906 4678 explicationem
2949 4601 3278 4678 supravide,
3315 4602 3409 4678 lib.

1812 4672 1887 4743 ιι,’
1904 4694 2026 4749 cap.
2061 4680 2115 4734 8.
2139 4679 2296 4749 Nota,
2326 4672 2475 4749 male
2497 4675 2548 4726 in
2582 4688 2692 4728 rec.
2720 4673 2756 4727 2
2784 4673 2943 4744 Reg.,
2975 4675 2999 4728 1
3043 4672 3197 4729 Colb.
3250 4680 3307 4730 et
3355 4674 3409 4729 in

1814 4743 2179 4805 etlilis'haberi
2203 4747 2392 4810 disiici.
2436 4743 2606 4797 ϐΑιι.

1886 4820 2244 4874 Construatnr.
2275 4807 2335 4871 ln
2362 4816 2388 4870 1
2421 4814 2632 4870 Bonon.
2679 4816 2844 4886 antiq.
2897 4825 3213 4871 conseratur.
3255 4815 3314 4872 In
3342 4815 3411 4873 12

1813 4906 1946 4947 mss.
1980 4906 2093 4946 rec.
2119 4901 2175 4945 et
2206 4889 2274 4943 10
2301 4888 2459 4942 editis
2485 4888 2841 4941 constituatur.

1889 4961 2071 5016 Hicest
2100 4962 2205 5015 ille.
2259 4959 2476 5014 Scilicet
2507 4955 2795 5025 Epicurus,
2843 4960 2909 5012 ad
2937 4973 3095 5029 quem
3138 4958 3253 5014 haec
3291 4973 3411 5015 car-

1815 5037 1954 5090 mina
1985 5032 2282 5103 respiciunt
2308 5045 2374 5103 ex
2405 5028 2764 5103 L_t_tcretii_lih.
2796 5045 2877 5103 tu,
2907 5028 2963 5083 in
2991 5030 3115 5103 line.

1891 5099 2188 5159 Prtestiitxit
2209 5100 2405 5154 stellas.
2436 5099 2563 5170 Mss.
2586 5102 2620 5155 4
2651 5100 2809 5169 Reg..
2839 5102 3026 5167 Cauc.,
3056 5101 3231 5170 Lips.,
3262 5100 3405 5166 PaL,

1813 5177 1964 5235 Jun..
1989 5177 2143 5230 Cant.
2177 5174 2281 5228 et4
2304 5171 2431 5243 editi
2464 5168 2937 5243 [erutttrestinriu
2965 5172 2998 5226 6
3032 5168 3178 5243 lypis_
3221 5173 3409 5226 excusi

1814 5248 2076 5322 restrinxit
2098 5263 2116 5309 ;
2140 5246 2180 5322 [ὦ
2213 5244 2365 5313 Reg.,
2392 5238 2716 5322 (iui-Ibem”
2741 5245 2783 5322 in
2797 5238 3403 5322 St_trbott.,'l'Clarnnt..

1816 5319 2011 5383 Brun.,
2057 5327 2111 5372 et
2138 5315 2174 5371 2
2207 5311 2314 5368 vet.
2356 5315 2487 5367 edit.
2516 5311 2703 5379 Rom.,
2738 5313 2991 5368 Extinxt'l.
3026 5311 3095 5367 At
3121 5311 3404 5383 Lucretius

1816 5406 1844 5442 τι
1891 5382 2151 5446 Latnhino
2194 5385 2514 5441 emendatus
2563 5387 2690 5455 legit
2742 5383 3059 5447 Praestinxit,
3105 5382 3405 5455 eodemque

1816 5462 1982 5516 verbo
2036 5457 2316 5512 ntitnrlih.
2351 5471 2387 5510 ιι
2414 5466 2469 5511 et
2514 5476 2587 5515 tv.
2619 5452 3011 5524 'Prtestinguere
3057 5460 3233 5506 autem
3302 5452 3406 5521 (ut

1819 5533 1976 5587 docet
2032 5530 2276 5596 Nonius)
2335 5528 2477 5581 valet
2515 5528 2876 5585 ohtcnebrare
2933 5525 3016 5578 vel
3065 5524 3399 5596 obscurare,

1819 5592 2379 5673 quemadmodumsol
2420 5602 2670 5656 exoriens
2701 5597 2974 5673 stellarum
2999 5593 3265 5673 fulgorem
3298 5592 3397 5646 nh-

1822 5665 2021 5730 sCurat.
2053 5670 2296 5727 Dubitari
2325 5683 2431 5744 non
2467 5681 2653 5744 potest
2672 5669 2797 5744 quin
2824 5665 3105 5744 legendum
3136 5665 3206 5718 sit
3230 5677 3395 5744 prtu-

1821 5747 1994 5808 tinxit,
2028 5761 2130 5797 non
2153 5739 2408 5805 restinxit,
2439 5732 2529 5796 aut
2556 5732 2808 5801 extinxit;
2839 5732 2945 5790 ιιόιι
2977 5737 3119 5808 enim
3164 5732 3243 5786 sol
3270 5748 3399 5786 exo-

1823 5806 2276 5886 riens—stellarum
2310 5813 2652 5886 splendorem
2677 5808 2965 5886 extinguit,
3001 5806 3093 5859 sed
3121 5809 3397 5886 dumtaxat

1824 5883 2163 5959 prmtinguitt
2186 5873 2475 5953 Restinguit
2500 5895 2678 5941 autem
2706 5873 2873 5933 multo
2895 5874 3103 5931 minus:
3123 5891 3241 5930 nam
3268 5873 3393 5928 Rei-
