3770 6264
288 5948 351 5989 ίτικ

453 389 563 447 105

1536 382 1724 442 Fili“.
1755 380 2059 442 LACTAM

2168 380 2373 443 om.
2404 381 2645 443 lNSTl'l‘.
3592 406 3648 465 ειη

529 505 676 573 Quos
699 502 947 574 equidem
998 514 1185 557 versus
1234 513 1532 571 numquam
1579 498 1698 556 sine
1724 501 1837 558 risu
1872 502 2056 573 legere
2081 504 2136 565 Α
2161 503 2460 574 punitatem
2489 503 2633 559 vitiis
2653 503 2767 559 suis
2798 502 3119 579 spepondit;
3145 504 3248 563 fuit
3270 510 3408 567 enim
3426 516 3647 586 turpissim

458 610 701 669 possunt.
727 594 844 651 Non
874 594 1018 649 enim
1041 593 1110 648 de
1142 593 1387 658 Socrate,
1419 601 1511 647 aut
1534 592 1758 648 Platone
1799 594 1904 650 huc
1948 596 2057 651 ssi-

462 701 570 745 tem
583 689 816 754 dicebat,
841 688 930 757 qui
948 687 1095 742 velut
1108 702 1265 757 reges
1284 686 1555 742 habentur
1572 686 2022 758 philosophorum
2040 709 2053 744 :

456 781 555 840 sed
594 781 662 836 de
710 779 967 846 homine,
1000 795 1106 849 quo
1145 794 1281 833 sano
1324 787 1381 833 et
1427 778 1661 848 vigente,
1690 780 1884 836 'nullus
1913 796 2058 853 aeger

456 874 695 943 ineptius
730 873 1001 928 deliravit.
1033 870 1224 942 itaque
1267 880 1428 942 poeta
1474 870 1828 929 inanissimus
1882 873 2058 930 leonis

459 967 709 1025 laudibus
738 981 945 1020 murem
969 980 1076 1020 non
1107 965 1358 1029 ornavit,
1398 962 1496 1019 sed
1521 963 1703 1019 obruit
1732 974 1786 1019 et
1810 964 2055 1022 obtrivit.

459 1062 530 1117 At
576 1060 715 1115 idem
748 1074 849 1114 nos
888 1068 1037 1113 metu
1061 1057 1259 1113 liberat
1281 1057 1492 1123 mortis,
1525 1056 1594 1111 de
1618 1071 1725 1127 qua
1753 1055 2058 1127 haecipsius

457 1154 625 1211 verba
646 1162 774 1208 sunt
798 1166 1092 1222 expressa:
1125 1170 1143 1202 ι
1166 1149 1397 1220 Quando
1422 1165 1522 1206 nos
1537 1166 1750 1217 sumus,
1778 1164 1924 1207 mors
1947 1167 2059 1207 non

456 1254 580 1302 eat:
627 1242 846 1312 quando
886 1257 1035 1297 mors
1072 1252 1176 1308 est,
1220 1256 1321 1297 nos
1356 1257 1466 1298 non
1494 1256 1716 1308 sumus;
1748 1257 1898 1297 mors
1928 1258 2060 1311 ergo

457 1336 592 1392 nihil
622 1336 690 1391 ad
723 1351 844 1392 nos.
876 1355 897 1389 ι
930 1335 1101 1402 Quam
1128 1342 1319 1406 argute
1354 1349 1453 1390 nos
1482 1334 1709 1390 fefellit!
1740 1338 1895 1407 quasi
1928 1352 2060 1394 vero

459 1439 730 1486 transacta
762 1445 912 1485 mors
942 1430 1218 1496 timeatur,
1244 1444 1350 1499 qua
1366 1428 1479 1498 jam
1504 1443 1697 1486 sensus
1715 1438 1936 1499 ereptus
1952 1440 2058 1499 est,

459 1537 524 1578 ac
557 1539 662 1580 non
710 1522 889 1592 ipsum
922 1523 1084 1590 mori,
1115 1536 1224 1591 quo
1270 1536 1466 1578 sensus
1507 1524 1757 1594 eripitur.
1792 1526 1889 1579 Est
1914 1524 2062 1580 enim

461 1623 677 1685 tempus
704 1615 943 1686 aliquod,
981 1630 1086 1686 quo
1112 1629 1214 1670 nos
1253 1615 1550 1671 etiamnum
1578 1630 1787 1681 sumus,
1830 1626 1881 1672 et
1914 1632 2062 1673 mors

459 1719 641 1765 tamen
693 1710 930 1765 nondum
971 1717 1088 1774 est;
1137 1708 1301 1778 idque
1341 1707 1515 1778 ipsum
1563 1708 1778 1764 videtur
1803 1710 2062 1766 miserum

457 1817 602 1869 esse,
627 1818 751 1858 cum
779 1812 834 1857 et
861 1817 1013 1858 mors
1034 1815 1154 1857 esse
1176 1800 1385 1871 incipit,
1405 1811 1460 1857 et
1484 1816 1585 1857 nos
1601 1816 1723 1857 esse
1740 1801 2060 1859 desinimus.

2161 597 2450 671 voluptatis
2480 607 2745 669 assertor,
2775 600 2931 669 cujus
2958 600 3240 671 eapiendae
3265 618 3443 673 causa,
3466 616 3578 667 nasci
3595 618 3648 673 ho.

2160 693 2361 749 minem
2391 692 2618 765 putavit.
2652 691 2804 763 Quis,
2828 708 2949 751 cum
2978 694 3079 752 hoc
3103 692 3367 752 offirmari
3384 699 3553 768 audiat,
3571 710 3649 770 vitii;

2161 796 2216 845 et
2240 787 2535 845 sceleribus
2555 785 2863 842 abstineat?
2884 785 3017 843 Nam
3039 787 3085 845 si
3104 787 3362 857 peritura:
3386 803 3497 848 sunt
3512 800 3649 871 animi,

2160 887 2479 951 appetamus
2504 877 2742 945 divitias,
2774 887 2834 934 ut
2860 892 3055 935 omnes
3070 879 3370 937 suavitates
3391 898 3553 954 capere
3581 908 3651 961 ιω
3680 882 3681 899 ¹

2162 974 2333 1033 simus
2363 991 2376 1029 :
2402 988 2526 1045 qua:
2549 973 2595 1028 si
2626 973 2784 1029 nobis
2809 972 3027 1040 desunt,
3049 974 3118 1028 ab
3147 975 3215 1032 iis
3237 976 3327 1047 qui
3356 978 3542 1049 habent,
3562 990 3648 1047 ante.

2165 1082 2348 1120 ramus
2404 1066 2566 1132 ciam,
2600 1065 2747 1129 dolo,
2796 1065 2883 1131 vi;
2927 1082 2993 1121 eo
3024 1069 3215 1138 magis,
3266 1070 3311 1123 si
3363 1070 3648 1142 humanum

2166 1157 2307 1217 Deus
2338 1156 2519 1213 nullus
2546 1166 2698 1212 curat
2724 1198 2738 1224 ,
2771 1159 3228 1228 quandocumque
3272 1177 3396 1231 spes
3422 1166 3649 1237 impunitatis

2163 1248 2427 1315 arriserit,
2482 1250 2781 1320 rapiamus,
2839 1266 3114 1309 uocemus.
3165 1250 3433 1323 Sapientis
3470 1270 3538 1315 est
3570 1270 3647 1324 enim

2164 1340 2505 1406 malefacere,
2535 1341 2581 1399 si
2604 1352 2659 1399 et
2687 1343 2819 1399 utile
2845 1344 2938 1413 sit,
2964 1354 3020 1401 et
3048 1355 3254 1412 tutum;
3286 1349 3515 1417 quoniam
3537 1357 3569 1408 si
3585 1362 3648 1423 quis

2163 1434 2217 1491 in
2244 1435 2384 1490 caelo
2401 1433 2541 1489 Deus
2567 1445 2671 1505 est,
2698 1449 2804 1492 neu
2833 1435 3086 1493 irascitur
3105 1438 3379 1509 cuiquam.
3403 1440 3548 1512 Eque
3567 1454 3649 1508 stulti

2165 1536 2248 1585 est
2276 1537 2330 1583 et
2354 1526 2707 1596 benefacere;
2732 1529 2857 1600 quia
2878 1529 3017 1586 sicut
3038 1531 3117 1586 ira
3139 1546 3249 1589 non
3274 1546 3649 1605 commoventem

2167 1633 2267 1675 nec
2287 1624 2457 1690 gratia
2472 1620 3116 1694 tangitur.Voluptatibus
3139 1624 3329 1694 igitur,
3351 1642 3538 1699 quoquo
3559 1638 3651 1691 modo

2166 1728 2475 1785 possumus,
2503 1713 2825 1771 serviamus.
2860 1714 3021 1772 Brevi
3045 1715 3195 1771 enim
3224 1727 3456 1787 tempore
3480 1723 3574 1778 nulli
3595 1731 3650 1783 ert
3682 1702 3683 1709 γ

2167 1823 2289 1865 mus
2331 1806 2573 1863 omnino.
2609 1808 2753 1878 Ergo
2800 1807 3006 1867 nullum
3044 1807 3190 1864 diem
3216 1850 3235 1876 ,
3284 1811 3471 1867 nullum
3509 1815 3651 1887 denique

530 1896 641 1952 Nec
660 1897 859 1952 frustra
880 1896 1083 1951 dictutn
1107 1904 1190 1949 est
1223 1912 1239 1951 :
1269 1894 1413 1950 Mors
1433 1896 1631 1950 misera
1659 1912 1767 1950 non
1795 1905 1901 1953 est.
1927 1896 2060 1953 Adi-
2091 1908 2141 1971 B
2170 1901 2433 1971 temporis
2477 1911 2733 1972 punctum
2759 1898 2932 1958 fluere
2958 1900 3116 1957 nobis
3153 1900 3275 1958 sine
3303 1902 3539 1975 voluptate
3560 1913 3649 1977 patia-

461 2000 549 2046 tus
570 1990 638 2046 ad
666 1998 902 2046 mortem
927 1998 1013 2044 est
1035 1988 1238 2043 miser:
1267 1988 1371 2043 hoc
1392 1998 1496 2055 est,
1531 1988 1724 2044 morbo
1756 1989 2057 2060 tabescere,

464 2085 630 2139 ictum
661 2082 891 2153 perpeti,
924 2081 1129 2137 ferrum
1155 2096 1388 2151 corpore
1407 2082 1682 2152 excipere,
1714 2082 1907 2139 ardere
1926 2084 2058 2155 igni,

461 2175 717 2230 dentibus
747 2173 1041 2230 bestiarum
1072 2173 1285 2228 laniari.
1312 2172 1440 2229 Haec
1468 2183 1596 2228 sunt
1623 2189 1744 2245 qua:
1776 2175 2058 2244 timentur,

461 2284 572 2325 non
614 2272 737 2340 quia
782 2279 1012 2325 mortem
1044 2268 1303 2334 aﬂ'erunt,
1351 2267 1448 2323 sed
1478 2268 1603 2338 quia
1641 2268 1889 2324 dolorem
1943 2286 2061 2325 ma-

459 2379 645 2437 gnum.
700 2363 839 2429 Quin
908 2363 1089 2432 potius
1139 2360 1297 2417 efﬁce
1358 2376 1429 2417 ne
1482 2360 1643 2416 dolor
1698 2363 1899 2417 malum
1968 2364 2058 2418 sit.

458 2459 738 2526 Omnium,
783 2460 974 2529 inquit,
1018 2458 1286 2513 malorum
1318 2458 1612 2511 maximum
1658 2465 1763 2511 est.
1794 2456 1896 2523 Qui
1933 2472 2064 2530 ergo

462 2569 570 2609 non
600 2567 822 2624 possum
853 2569 961 2608 non
982 2554 1193 2620 timere,
1221 2555 1265 2607 si
1292 2551 1367 2615 id,
1399 2550 1544 2622 quod
1576 2560 1810 2606 mortem
1844 2561 2062 2608 anteco.

462 2644 562 2710 dit,
586 2655 679 2699 aut
707 2643 899 2712 efficit,
948 2644 1151 2699 malum
1180 2643 1304 2699 est?
1326 2642 1489 2711 Quid,
1537 2643 1680 2713 quod
1714 2650 1883 2697 totum
1929 2643 2063 2700 illud

462 2748 843 2808 argumentum
875 2736 1071 2791 falsum
1096 2735 1217 2791 est?
1240 2735 1368 2805 quia
1400 2748 1506 2789 non
1539 2736 1816 2791 Intereunt
1843 2736 2061 2794 animai.

465 2832 671 2887 Anima:
695 2846 845 2897 vero,
862 2831 1056 2901 inquit,
1076 2830 1364 2885 intereunt.
1390 2828 1523 2884 Nam
1539 2830 1681 2899 quod
1695 2845 1819 2886 cum
1834 2846 2067 2902 corpore

462 2928 726 2990 nascitur,
748 2940 871 2981 cum
903 2938 1135 2992 corpore
1165 2923 1396 2978 Intereat
1426 2936 1652 2978 necesse
1681 2931 1789 2980 est.
1809 2922 1931 2979 Jam
1969 2938 2066 2979 su-

2169 2009 2322 2055 mur;
2365 2008 2470 2062 ne,
2517 1992 2644 2065 quia
2675 1992 2777 2064 ipsi
2806 1993 3130 2066 quandoque
3170 1995 3391 2073 perituri
3425 2012 3596 2065 sumus,
3624 2004 3650 2057 id

2169 2086 2345 2158 ipsum
2372 2084 2515 2156 quod
2539 2084 2776 2143 viximus
2809 2095 3018 2155 pereat.

2242 2178 2355 2235 Hoc
2397 2178 2489 2235 ille
2519 2178 2729 2235 tametsi
2760 2194 2871 2234 non
2912 2178 3044 2235 dicit
3071 2179 3243 2237 verbo
3264 2221 3278 2245 ,
3326 2196 3381 2236 re
3420 2189 3559 2238 tamen
3588 2186 3649 2254 ipsa

2170 2272 2349 2329 docet.
2372 2272 2506 2328 Nam
2528 2287 2650 2328 cum
2676 2272 2933 2343 disputat,
2956 2274 3140 2329 omnia
3162 2275 3450 2345 sapientem
3474 2293 3546 2334 sua
3559 2294 3675 2335 eam,

2171 2363 2368 2430 facere,
2398 2365 2467 2421 ad
2499 2364 2784 2420 utilitatem
2813 2379 2964 2420 suam
2994 2364 3166 2421 refert
3188 2366 3366 2423 omnia
3386 2383 3489 2438 qua:
3511 2372 3648 2438 igitur

2170 2458 2260 2529 qui
2289 2458 2436 2513 audit
2467 2456 2583 2513 haec
2606 2454 2825 2527 ﬂagitia.
2860 2473 2961 2515 nec
2985 2458 3114 2516 boni
3144 2460 3426 2530 quidquam
3451 2460 3647 2518 faciendum
3684 2490 3685 2531 ;

2172 2551 2416 2620 putabit,
2465 2552 2717 2620 quoniam
2756 2550 3077 2609 benefacere
3122 2552 3192 2607 ad
3244 2552 3505 2610 utilitatem
3528 2566 3648 2625 spewt

2171 2644 2423 2707 alienam,
2458 2656 2560 2699 nec
2586 2657 2617 2697 a
2644 2643 2853 2701 scelere
2879 2643 3266 2699 abstinendum
3285 2685 3301 2711 ,
3344 2645 3456 2715 quia
3481 2646 3646 2704 maleﬁcii

2172 2734 2351 2807 prada
2379 2735 2662 2805 conjuncta
2692 2744 2795 2790 est.
2831 2734 3190 2807 Archipyrata
3222 2737 3503 2807 quisquam,
3528 2736 3583 2792 vel
3609 2738 3648 2789 Ia.

2173 2837 2387 2885 tronum
2419 2828 2629 2896 ductor,
2676 2828 2721 2884 si
2752 2843 2878 2886 suos
2919 2829 2987 2885 ad
3027 2830 3381 2901 grassandum
3407 2833 3645 2895 cohortem;

2171 2937 2278 2993 quo
2308 2922 2414 2977 alio
2444 2936 2695 2979 sermone
2726 2922 2799 2979 uti
2830 2932 3028 2993 potest,
3074 2939 3241 2994 quam
3289 2934 3345 2983 ut
3379 2925 3533 2980 eadem
3551 2925 3643 2979 diui.

462 3020 645 3087 perius
689 3018 822 3079 dixi,
843 3015 1062 3071 differre
1093 3030 1181 3070 me
1211 3018 1355 3069 hunc
1375 3014 1556 3069 locum
1598 3015 1813 3083 melius,
1839 3016 2067 3086 etoperi
2167 3031 2290 3087 qua:
2314 3015 2446 3071 dicit
2476 3014 2781 3085 Epicurus?
2807 3014 2950 3073 Deos
2978 3016 3105 3071 nihil
3135 3033 3358 3083 curare;
3391 3033 3480 3074 nou
3502 3019 3571 3085 ira,
3590 3034 3645 3072 tun

465 3111 655 3166 ultimo
681 3125 984 3166 reservare.
1006 3118 1066 3163 ut
1089 3106 1228 3161 hanc
1258 3106 1474 3175 Epicuri
1500 3106 1932 3177 persuasionem,
1951 3108 2067 3164 sive
2168 3111 2341 3180 gratia
2372 3109 2553 3178 tangi;
2590 3106 2886 3164 inferorum
2914 3124 3102 3177 ptBﬂaS
3143 3126 3250 3166 non
3281 3126 3396 3166 esse
3423 3109 3644 3169 metuendis.
3686 3114 3687 3141 ξ

462 3207 552 3263 illa
588 3204 899 3270 Democriti,
935 3204 1049 3257 sive
1073 3201 1366 3257 Dicaearchi
1398 3199 1516 3268 fuit,
1548 3210 1605 3256 et
1627 3203 1980 3273 argumentis,
2012 3212 2066 3257 et
2095 3187 2140 3251 C
2172 3204 2315 3275 quod
2344 3204 2539 3259 animm
2578 3211 2698 3272 post
2725 3209 2956 3259 mortem
2985 3204 3255 3271 occidant,
3289 3218 3386 3259 nec
3408 3203 3486 3259 ttlli
3515 3203 3645 3257 omnim

463 3303 663 3358 divinis
682 3299 1009 3357 testimoniis
1031 3297 1690 3368 redurguam.Verutnille
1710 3295 1942 3353 fortasse
1965 3300 2069 3352 im-
2172 3300 2282 3355 sint
2311 3296 2503 3365 inferi;
2534 3293 2865 3365 voluptatem
2894 3310 3016 3353 esse
3045 3299 3339 3357 maximum
3366 3298 3552 3360 bonum;
3581 3296 3645 3349 nul-

1790 3393 2146 3452 VARIORUM
2177 3391 2410 3451 NOTAE.

466 3495 695 3564 tinguere
721 3490 786 3545 tle
816 3489 1010 3564 ardore
1035 3498 1125 3543 aut
1153 3490 1337 3543 calore
1361 3487 1579 3550 dicitur,
1616 3504 1720 3543 non
1753 3488 1819 3543 de
1847 3488 2051 3544 lumine
2157 3485 2733 3564 cautioribusexcqsis
2757 3492 2841 3541 est
2857 3484 3111 3564 aferant.

468 3556 563 3619 aui
581 3563 810 3631 fulgore.
838 3560 925 3615 Ea:
954 3561 1214 3615 LAIBINO.
1552 3628 1586 3631 Α
2174 3557 2566 3631 __Qtt_i_tt_pott'us
2592 3557 2726 3628 eﬁice
2747 3573 2808 3631 ne
2834 3556 2981 3631 dolor
3000 3560 3203 3631 malunt
3229 3559 3312 3631 sit.
3342 3557 3424 3617 Sic
3447 3556 3641 3631 l‘QSllllllil

541 3628 762 3699 Quando
785 3648 919 3686 mors
948 3641 1040 3691 est,
1072 3648 1163 3685 nos
1183 3646 1284 3685 non
1313 3646 1508 3684 sumus.
1544 3628 1695 3684 Hunc
1717 3644 1837 3683 esse
1859 3630 2049 3697 genui-

468 3722 590 3761 nam
638 3705 922 3759 lectioncm
971 3711 1185 3758 constat
1216 3718 1285 3758 ex
1336 3702 1565 3767 Bonon.,
1616 3701 1775 3763 Tax.,
1829 3700 1988 3764 Pen.,
2018 3701 2054 3756 2

467 3779 658 3841 Brun.,
689 3776 722 3830 6
748 3776 924 3840 Colb.,
956 3775 991 3827 2
1017 3771 1252 3828 Claram.
1284 3782 1337 3826 ct
1382 3772 1633 3826 omnibus
1683 3771 1852 3828 Vatic.
1886 3782 1940 3826 et
1986 3788 2055 3827 ex

469 3848 707 3915 Epicuro
753 3848 871 3916 ipso
922 3846 973 3900 in
1006 3844 1165 3911 epist.
1214 3844 1281 3898 ad
1323 3843 1656 3898 aneceum
1687 3843 1826 3908 apud
1872 3843 2053 3897 Laert.

475 3936 582 3975 non
616 3936 733 3983 qum
757 3917 919 3985 vulgo
949 3916 1195 3983 habetur,
1224 3918 1430 3985 quando
1449 3930 1541 3969 nos
1570 3928 1671 3967 non
1701 3929 1899 3980 sumus,
1926 3930 2063 3969 mors

471 3959 787 4045 astismos.
825 3959 948 4042 Ifmc
985 3985 1102 4040 lsaei
1142 3959 1406 4041 cor'rcctio
1456 3985 1809 4039 confirmatur
1852 3959 1899 4037 θ’
1925 4000 2060 4041 mss.

467 4060 644 4129 Lips.,
680 4059 817 4133 PaL,
850 4056 985 4133 l_llt.,
1018 4056 1650 4133 Jun.,_editis_Pl:tntin._,
1682 4053 1907 4133 Gymn:
1933 4055 2063 4133 _Ge:

471 4123 640 4194 nev,
677 4123 823 4196 ωας
852 4123 1132 4193 Cratand.,
1170 4127 1241 4199 le.
1276 4140 1331 4185 et
1362 4128 1567 4199 Tliysii.
1621 4123 1796 4199 Locus
1850 4123 2065 4199 Epicuri

472 4204 539 4257 ad
569 4192 791 4255 Mimnec.
810 4192 897 4254 'sic
927 4199 1087 4272 habet
1122 4192 1137 4253 ξ
1175 4198 1333 4256 Ὀταν
1364 4198 1418 4255 δέ
1446 4192 1473 4253 ὅ
1499 4200 1714 4272 θάνᾳτος
1760 4192 1925 4272 cippo,
1968 4198 2069 4272 169’

476 4282 627 4347 ᾗμείς
654 4275 745 4347 οὐκ
769 4273 942 4347 ἐσμέν.
964 4271 1258 4347 Caratacus;
1288 4273 1360 4324 De
1388 4268 1921 4347 [ingratiocinutitiuc
1940 4269 2066 4347 vulg

473 4338 805 4407 Lucretium,
834 4338 929 4396 lll).
960 4358 1038 4407 In;
1071 4340 1367 4407 Luértimn,
1388 4339 1441 4393 in
1471 4338 1705 4409 Epicuro
1731 4354 1745 4403 ;
1779 4339 1901 4391 Aul.
1934 4338 2063 4394 Gelo

474 4417 638 4483 lium,
694 4416 787 4468 lib.
822 4428 882 4480 il,
916 4429 1032 4483 cap.
1086 4413 1169 4477 8;
1221 4410 1497 4483 Plutarch.
1542 4409 1611 4464 de
1656 4409 2065 4480 Tranquillitate

474 4478 634 4549 Vitae,
663 4499 715 4541 et
740 4478 1009 4540 Stabiarum
1041 4484 1302 4537 Sermone
1336 4478 1422 4534 15.

2164 3626 2232 3684 10
2267 3629 2426 3683 editis
2449 3671 2463 3692 ,
2495 3643 2557 3682 ac
2589 3626 2968 3683 vétustissimis
3017 3644 3147 3683 mss.
3180 3629 3215 3683 2
3249 3630 3373 3699 Reg.
3400 3636 3447 3683 et
3483 3628 3531 3681 2|
3564 3628 3639 3681 aliis.

2163 3701 2266 3771 nisi
2316 3698 2460 3770 quod
2494 3700 2544 3771 in
2575 3700 2785 3753 duobus
2813 3709 2898 3754 est
2919 3701 3061 3770 efﬁci,
3100 3702 3151 3755 in
3183 3718 3275 3756 sex
3304 3702 3439 3771 e/ﬁcit
3460 3717 3475 3762 ;
3500 3702 3541 3771 in
3568 3698 3639 3771 ltl.
3686 3698 3689 3759 ἱ

2164 3766 2297 3840 Reg.
2334 3766 2390 3824 ut
2420 3770 2567 3824 dolor
2598 3770 2790 3823 malum
2830 3766 3040 3825 nonI-sit.
3079 3771 3188 3827 Sed
3222 3784 3273 3826 et
3301 3766 3509 3824 nostram
3534 3769 3642 3821 lectio-
3688 3798 3689 3807 η

2167 3859 2290 3899 nem
2318 3855 2536 3896 secutus
2571 3852 2653 3896 est
2691 3841 2914 3911 gallicus
2957 3845 3265 3911 interpres:
3298 3843 3341 3897 0
3373 3843 3564 3911 Epicure.
3591 3839 3643 3911 {iis

2167 3915 2331 3984 plutdt
2362 3929 2458 3981 que
2489 3909 2714 3966 douleur'
2733 3928 2793 3964 ne
2819 3913 2916 3965 soit
2951 3909 3248 3983 point—mal.
3279 3912 3331 3968 lu
3358 3931 3441 3968 sex
3467 3909 3579 3967 editis
3605 3910 3643 3959 ie-

2169 3983 2336 4055 gitur,
2370 3984 2499 4049 Qua:
2526 4001 2604 4037 res
2633 3984 2803 4052 patius
2829 3984 2996 4053 efﬁcit,
3026 3996 3079 4039 ut
3104 3986 3254 4039 dolor
3279 3987 3451 4039 nmium
3473 3983 3535 4034 ιίι.
3688 4042 3689 4055 χ

2246 4055 2383 4121 Quia
2412 4070 2511 4108 non
2557 4056 2812 4108 intereunt
2841 4056 3043 4110 anima.
3084 4057 3283 4111 Anima:
3323 4072 3427 4110 vero
3468 4055 3640 4105 intereunt.

2171 4126 2248 4180 Ita
2280 4126 2564 4197 emendavi
2587 4141 2658 4197 ett
2679 4141 2779 4179 ms.
2815 4126 2946 4196 Reg.
2976 4127 3083 4182 400
3127 4144 3316 4183 annor.
3347 4128 3528 4197 optimae
3550 4128 3639 4177 uutt‘.

2176 4194 2667 4271 succprr;entibus_2
2688 4194 2989 4271 veterrimis
3019 4199 3223 4269 Regiis,
3256 4194 3451 4267 alioque
3470 4194 3640 4271 liceret;
3688 4220 3689 4227 η

2173 4277 2229 4321 et
2257 4266 2344 4321 od.
2379 4266 2555 4321 Betui.
2603 4267 2656 4321 in
2690 4268 2890 4336 quibus
2940 4260 3222 4324 setttol'est
3247 4260 3452 4332 animle;
3475 4260 3579 4321 ct‘in
3608 4260 3641 4312 l5

2173 4339 2389 4412 scriptis
2420 4350 2472 4392 et
2501 4339 2561 4393 li
2595 4338 2848 4412 vulgatis,
2881 4355 3012 4412 rere,
3046 4342 3241 4412 inquit;
3270 4344 3317 4395 in
3351 4341 3510 4412 tribus,
3532 4345 3639 4409 virtti-

2172 4479 2229 4535 Η
2249 4406 2469 4464 Necesse
2512 4419 2607 4464 est.
2643 4406 2707 4464 ιιι
2730 4421 2852 4481 post
2882 4406 3173 4482 Epicurum
3207 4406 3426 4469 somniat
3462 4406 3641 4463 Lucretius

2196 4498 2267 4535 ι).
2301 4497 2375 4535 lll.

2196 4497 2267 4537 ll).
2301 4497 2375 4535 111.

551 4546 669 4625 Qua
688 4559 802 4644 jani
826 4571 1005 4610 sensus
1026 4564 1226 4623 ereptus
1241 4561 1341 4644 ist.
1361 4551 1434 4605 ita
1453 4551 1665 4644 rep'ostti
1692 4566 1756 4607 ex
1785 4561 1894 4607 vet.
1928 4552 2059 4637 edit.
2091 4584 2145 4644 Β
2247 4550 2647 4644 ρρςνὶητεεξίηιο.
2695 4550 3145 4644 Rochesequitur
3184 4551 3471 4644 Lact‘mnius
3495 4546 3561 4602 lib.
3591 4557 3637 4604 lli.

478 4622 634 4683 Rom.
665 4622 729 4681 a'c
765 4627 951 4681 Venet.
981 4640 1080 4679 nec
1105 4622 1209 4679 non
1241 4623 1494 4690 Tornes.,
1538 4622 1733 4677 Cellar.
1768 4633 1823 4680 et
1849 4627 2060 4680 cunctis

474 4716 607 4753 mss.
642 4708 836 4768 praeter
870 4700 890 4750 l
928 4697 1062 4764 Reg.
1093 4706 1146 4749 et
1174 4695 1240 4748 l'l
1278 4692 1408 4749 edit.
1450 4695 1502 4749 in
1548 4695 1741 4766 quibus
1787 4707 1870 4751 est
1916 4697 2059 4765 quia.

477 4771 612 4831 Vide
644 4767 802 4833 infra,
826 4784 925 4839 quo
951 4782 1129 4819 sensus
1157 4767 1391 4839 eripitur.

552 4838 665 4908 Quo
698 4856 787 4893 nos
813 4834 1091 4892 etiamnum
1124 4834 1317 4892 sumus.
1357 4836 1535 4892 Placet
1562 4834 1679 4892 lsmi
1711 4835 1776 4892 ad
1807 4836 1948 4892 hunc
1980 4837 2062 4892 lo-

476 4928 600 4967 cum
628 4909 956 4973 observatio,
980 4909 1068 4979 qui
1097 4923 1193 4978 pro
1235 4923 1301 4963 eo
1325 4908 1466 4979 quod
1500 4911 1550 4963 in
1590 4910 1869 4978 impressis
1898 4908 2063 4964 habe-

477 4995 603 5061 tur._
633 4998 731 5050 quo
761 4989 808 5033 et
837 4996 927 5032 nos
956 4981 1069 5061 jam
1119 4997 1221 5034 non
1265 4998 1459 5061 sumus,
1500 4980 1969 5061 .lcgondurtuptttat
1997 4996 2063 5037 eo

478 5049 779 5121 modoquo
806 5051 996 5105 excudi
1027 5055 1350 5107 curavimus.
1394 5049 1706 5119 Ratio’oius
1736 5049 2061 5106 solidissima

476 5134 580 5187 est;
598 5125 641 5175 si
657 5125 799 5177 enim
820 5131 1029 5192 tempus
1046 5133 1127 5177 est
1148 5122 1386 5194 aliquod,
1408 5138 1514 5193 quo
1533 5133 1584 5194 et
1602 5137 1700 5175 nos
1719 5121 1827 5189 jam
1849 5136 1954 5194 non
1974 5137 2064 5179 su-

477 5208 619 5262 mus,
653 5204 705 5248 et
746 5207 891 5265 mors
917 5197 1153 5248 nondum
1186 5192 1289 5261 est,
1323 5192 1700 5265 rt‘cteidirtum
1733 5200 1816 5265 est
1849 5194 1917 5247 ab
1938 5192 2063 5265 Epi-

479 5280 630 5331 curo,
664 5264 806 5339 quod
836 5279 900 5339 eo
929 5274 1170 5336 tempore
1202 5282 1348 5320 mars
1365 5264 1497 5317 nihil
1518 5262 1582 5316 ad
1608 5278 1726 5317 nos.
1753 5262 2062 5339 Lactantius

479 5352 608 5391 vero
632 5338 959 5391 contrarium
989 5338 1239 5404 intenuit,
1264 5346 1321 5388 ut
1346 5343 1575 5406 patetex
1603 5349 1787 5406 scopo,
1807 5338 1850 5390 si
1878 5344 2062 5392 textus

479 5416 685 5462 attente
727 5407 1083 5477 expendatur.
1118 5408 1207 5477 Et
1233 5404 1604 5477 sauéLIapsus
1625 5404 1795 5461 facilis
1827 5408 1924 5461 fuit
1960 5423 2063 5462 non

479 5495 577 5550 pro
619 5496 741 5532 num
788 5475 1171 5535 substitueudi.
1204 5477 1345 5531 Edit.
1375 5475 1610 5550 Grapltei
1640 5486 1696 5533 et
1739 5477 1983 5548 Gymnici
2008 5488 2064 5535 et

477 5547 580 5605 ius.
622 5550 746 5606 Jun.
779 5561 1019 5605 nostram
1053 5552 1189 5601 hanc
1219 5547 1652 5603 emendationem
1697 5547 2053 5618 confirmant;

476 5632 661 5678 carent
686 5624 827 5677 enim
858 5622 946 5675 illa
971 5620 1255 5692 negatione
1285 5634 1405 5687 qua:
1435 5619 1488 5674 in
1513 5619 1755 5692 reliquis,
1782 5631 1893 5675 tum
1927 5636 2056 5677 tnss.

475 5707 595 5748 cum
624 5693 785 5749 editis
816 5692 1105 5745 invenitur.
1136 5688 1427 5744 GALLmus.

548 5765 674 5820 Cum
704 5776 750 5818 et
777 5779 912 5816 mors
941 5777 1047 5814 esse
1074 5760 1270 5831 incipit.
1306 5762 1427 5817 Mss.
1456 5762 1523 5818 17
1544 5771 1597 5817 et
1618 5762 1751 5818 edit.
1781 5762 1836 5831 5,
1861 5764 1996 5833 quod
2015 5773 2063 5820 et

477 5851 641 5905 mors:
668 5835 689 5886 l
725 5835 929 5905 Borion.
959 5832 1124 5903 antiq.
1172 5843 1227 5888 et
1253 5832 1440 5899 Brun.,
1463 5850 1561 5905 quo
1591 5844 1638 5905 et
1663 5850 1820 5889 mors.

547 5902 801 5970 Alferunt.
831 5903 906 5959 Ex
938 5916 1065 5957 mss.
1094 5902 1151 5960 et
1187 5904 1221 5963 9
1244 5902 1515 5962 veteribus
1542 5904 1701 5961 editis
1728 5914 1845 5972 est;
1892 5907 1946 5965 in
1974 5922 2062 5965 re-

2168 4625 2385 4696 capitib.
2415 4624 2468 4691 'l,
2489 4623 2544 4690 8,
2569 4634 2698 4696 etc.;
2728 4621 3079 4696 etAEpitome,
3109 4641 3230 4695 cap.
3256 4625 3338 4682 10.

2240 4692 2651 4769 Democriti,etc.
2680 4692 2885 4769 llleiul—t
2909 4692 3217 4763 Abderites,
3247 4699 3330 4769 qui
3358 4702 3531 4750 atomos
3550 4696 3638 4741 esto-

2166 4767 2418 4837 gitaverit
2451 4783 2462 4819 :
2493 4767 2683 4836 quinto
2711 4767 2909 4837 szeculo
2938 4770 3069 4822 vixit
3094 4780 3219 4825 ante
3261 4767 3637 4837 vulgaretttatnmi

2167 4832 2404 4915 obiitque
2429 4832 2600 4915 annos
2646 4832 3465 4915 natusdiltl,_0|ymp3ad.t.it.tv.
3496 4832 3637 4915 ilicei:

2167 4910 2300 4963 chus
2341 4924 2470 4983 vero
2510 4908 2767 4965 Misenius
2810 4908 2906 4963 fttit
2934 4908 3312 4983 philosophus,
3354 4910 3435 4981 qui
3468 4908 3635 4983 ,ονέηθέιξί

2166 4994 2336 5056 genus
2364 4980 2903 5056 humamunsemper
2922 4969 3091 5038 fuisse
3111 5025 3127 5052 ,
3158 4969 3327 5056 atque
3354 4969 3563 5037 omniain
3587 4969 3636 5020 ίιο·

2168 5054 2312 5108 mine
2342 5054 2502 5108 simul
2527 5053 2773 5107 interire.

2240 5143 2574 5212 Turpissima:
2621 5145 2917 5215 voluptatis.
2953 5144 3052 5203 Hic
3094 5149 3177 5204 sui
3211 5148 3304 5203 fuit
3330 5138 3637 5215 oblitusnauﬂf‘f

2167 5207 2387 5281 noster;
2434 5230 2598 5290 supra
2644 5207 2789 5290 enim
2833 5216 3078 5290 dixerat,
3132 5219 3405 5290 Epicurum
3444 5207 3636 5265 ωιιοωεεε

2166 5301 2436 5358 Summum
2466 5286 2663 5343 bonum
2686 5286 2738 5342 in
2760 5286 3032 5358 voluptate
3053 5286 3237 5346 animi.
3421 5355 3434 5358 _
3563 5344 3581 5358 ,,
3603 5337 3622 5358 ,τ

2238 5356 2593 5427 Impunitatis.
2618 5358 2709 5413 Sic
2735 5350 2926 5413 Cicero
2956 5375 3052 5429 pro
3078 5361 3274 5417 Milone
3303 5350 3633 5422 aitzlutpwtilii“

2164 5446 2278 5501 spes
2299 5431 2526 5485 tutissima
2553 5439 2625 5484 est
2654 5429 2892 5487 illecebra
2918 5433 3182 5501 peccandi.

2241 5520 2570 5598 Matefacere.
2607 5522 2676 5575 At
2701 5538 2732 5577 e
2758 5532 2944 5577 contra
2967 5521 3184 5594 Cicero,
3215 5527 3279 5582 de
3299 5510 3631 5598 Οζϐθὶἱξηωςξξι

2164 5589 2554 5649 bonumvirum
2582 5608 2874 5660 numquam
2903 5589 3265 5665 peccaturum,
3293 5589 3632 5665 etlamsiirupifii'

2165 5646 2355 5720 utsi
2375 5646 2671 5734 proposita.
2680 5646 2852 5720 Nion
2862 5646 2871 5647 “
2893 5646 3379 5739 ἑσὶίῖἶίιῖἰὼᾜῷόδ
3404 5674 3489 5717 non
3512 5653 3560 5708 sit
3579 5646 3630 5699 to.

2165 5746 2398 5793 nesutm.

2235 5825 2323 5905 ita
2348 5828 2434 5905 qui
2458 5828 2606 5905 audit
2647 5828 2753 5883 hac
2794 5829 3011 5905 ﬂagitia.
3050 5829 3148 5905 ‘Sic
3188 5826 3384 5905 reposui
3411 5837 3463 5883 ex
3496 5803 3629 5874 msslﬂ

2165 5896 2393 5971 vulgatis
2416 5908 2519 5961 est,
2549 5896 2732 5971 Itaque
2752 5896 2837 5973 qui
2867 5896 3148 5971 (indigeto.
3188 5900 3193 5906 ’
