3770 6264
117 421 215 479 415

952 419 1159 478 LIBER
1195 420 1283 477 ΠΙ.
1326 419 1416 478 DE
1444 418 1667 479 FALSA
1704 414 2066 480 SAPIENTiA
2106 420 2509 483 PHILOSOPH.

3286 423 3395 483 414

118 549 225 593 mas
250 532 442 604 potius,
472 547 630 603 quam
652 531 912 602 flemina;
940 535 1084 604 quod
1115 520 1357 604 Graecus,
1385 550 1546 607 quam
1567 536 1698 591 Bar-
1722 538 1774 601 Α
1801 538 1944 593 ιιιίιῖ
1984 541 2065 593 Αιι
2093 550 2198 594 non
2249 540 2465 610 plurimi
2495 540 2789 597 extiterunt
2816 541 2869 596 in
2913 540 3034 596 aliis
3078 541 3390 598 civitatibus

117 632 297 692 barus;
324 636 597 697 postremo
616 669 631 691 ,
658 628 803 699 quod
830 630 1208 698 Atheniensis,
1241 641 1298 687 et
1323 631 1466 702 quod
1488 640 1698 703 tempo-

117 723 255 777 ribus
278 718 534 776 Socratis.
580 720 693 776 Dici
730 736 841 777 non
873 732 1072 792 potest,
1129 732 1388 793 quantam
1422 726 1696 782 mentibus

112 816 419 879 caecitatem,
445 821 790 884 quantosque
817 816 989 883 pariat
1013 830 1231 871 errores
1258 817 1526 887 ignoratio
1546 817 1695 873 veri-

112 908 247 963 tatis.
276 905 386 976 Ego
416 906 573 977 plane
604 908 1002 975 contenderim,
1059 923 1348 979 numquam
1394 909 1691 979 quidquam

107 1003 297 1058 dictum
310 1015 429 1055 esse
446 1001 500 1054 in
513 1001 675 1056 rebus
696 1001 948 1056 humanis
968 1001 1377 1071 deiirius.Qnasi
1398 1018 1527 1059 vero
1542 1003 1587 1058 si
1602 1010 1697 1059 aut

106 1092 389 1158 Barbarus,
409 1103 501 1147 aut
524 1093 741 1160 mulier,
763 1102 856 1149 aut
873 1094 1057 1149 asinus
1080 1095 1314 1166 denique
1344 1105 1502 1150 natus
1523 1104 1691 1164 esset,

103 1185 239 1240 idem
273 1183 387 1253 ipse
412 1183 568 1239 Plato
595 1194 762 1247 esset,
796 1199 859 1239 ac
883 1199 990 1241 non
1023 1186 1198 1255 ipsum
1227 1186 1358 1241 illud
1379 1227 1394 1251 ,
1423 1187 1567 1257 quod
1598 1198 1695 1243 na-

102 1285 212 1331 tum
240 1274 453 1349 luisset.
478 1275 585 1331 Sed
617 1276 872 1331 videlicet
910 1276 1209 1348 Pyhagora:
1231 1277 1484 1344 credidit,
1515 1279 1608 1348 qui
1636 1287 1695 1334 ut

100 1378 302 1427 vetaret
339 1370 590 1427 homines
632 1371 959 1427 animalibus
1001 1372 1170 1438 vesci,
1200 1372 1360 1438 dixit,
1388 1372 1595 1427 animas
1623 1373 1695 1429 de

98 1460 418 1532 corporibus
442 1463 495 1516 in
524 1463 757 1518 aliorum
773 1463 1085 1518 animalium
1100 1477 1329 1533 corpora
1351 1477 1690 1519 commeare:

96 1556 236 1626 quod
265 1566 320 1610 et
346 1570 548 1610 vanum
580 1566 635 1611 et
682 1556 1018 1627 impossibile
1044 1566 1147 1612 est.
1180 1556 1410 1625 Vanum,
1437 1559 1563 1627 quia
1600 1572 1697 1614 ne-

93 1659 249 1701 cesse
282 1660 394 1700 non
421 1645 519 1701 fuit
549 1656 763 1702 veteres
790 1648 1000 1703 animus
1029 1648 1081 1703 in
1109 1663 1243 1703 nova
1274 1663 1502 1717 corpora
1535 1649 1694 1704 indu-

93 1753 240 1805 cere,
270 1753 392 1794 cum
425 1740 567 1794 idem
616 1740 834 1805 artifex,
881 1742 971 1812 qui
1002 1743 1201 1811 primas
1231 1742 1526 1813 aliquando
1552 1742 1695 1800 fece-

94 1838 194 1894 rat,
224 1817 467 1898 potuerit
496 1845 716 1899 semper
744 1847 914 1887 novas
956 1832 1155 1888 lacere.
1182 1833 1542 1904 lmpossibile,
1569 1836 1692 1905 quia

94 1930 253 1977 recta
290 1921 521 1979 rationis
549 1924 728 1978 anima
773 1935 881 1979 tam
913 1926 1201 1981 immutare
1228 1936 1474 1982 naturam
1516 1935 1691 1985 status
1720 1932 1769 1992 B

94 2016 170 2069 sui
196 2030 306 2069 non
335 2023 513 2085 potest
539 2058 555 2083 ,
583 2032 743 2086 quam
774 2017 915 2089 ignis
938 2028 1034 2074 aut
1061 2016 1318 2075 deorsum
1346 2020 1442 2076 niti
1476 2061 1489 2086 ,
1518 2030 1609 2077 aut
1636 2023 1691 2077 in

96 2118 456 2163 transversum
484 2150 498 2175 ,
541 2108 777 2165 ﬂuminis
817 2111 1019 2178 modo,
1048 2111 1322 2169 ﬂammam
1364 2126 1516 2169 suam
1560 2114 1688 2171 fun-

96 2198 597 2256 dere.Esistimavit
625 2202 786 2273 igitur
812 2203 976 2259 homo
1002 2205 1243 2274 sapiens,
1272 2207 1512 2277 potuisse
1537 2207 1653 2263 fieri
1672 2251 1686 2276 ,

97 2303 150 2349 ιιι
184 2294 390 2361 anima,
419 2310 540 2366 qua:
569 2305 694 2351 tunc
725 2305 841 2351 erat
866 2297 921 2352 in
952 2297 1215 2364 Platone,
1247 2299 1302 2353 in
1328 2298 1546 2369 aliquod
1569 2316 1687 2356 mu-

98 2395 198 2442 tum
244 2386 451 2442 animal
502 2387 910 2455 includeretur,
940 2402 1199 2461 essetque
1243 2390 1482 2445 humano
1518 2407 1685 2449 sensu

96 2480 334 2551 praedita,
385 2489 445 2535 ut
468 2480 800 2553 intelligeret
827 2497 892 2538 ae
932 2483 1148 2539 doleret
1191 2485 1574 2555 incongruenti
1621 2502 1685 2544 se

96 2580 318 2643 corpore
336 2575 889 2641 oneratam..Quanto
915 2576 1100 2629 s‘anius
1139 2575 1369 2644 faceret,
1396 2578 1441 2632 si
1482 2580 1683 2647 gratias

94 2679 324 2735 agerest:
348 2664 580 2733 diceret,
618 2667 765 2737 quod
808 2668 1142 2738 ingeniosus,
1168 2670 1312 2739 quod
1346 2669 1538 2725 docilis
1589 2686 1682 2725 na.

99 2769 173 2813 tus
194 2769 366 2826 esset,
389 2759 531 2830 quod
551 2760 606 2814 in
630 2759 695 2814 iis
714 2760 932 2830 opibus,
954 2770 1011 2815 ut
1032 2761 1329 2817 liberaliter
1350 2762 1678 2819 erudiretur.

101 2850 216 2909 Nam
258 2853 410 2925 quod
467 2853 693 2909 Athenis
739 2862 896 2909 natus
940 2862 1044 2922 est,
1082 2854 1211 2924 quid
1255 2854 1308 2909 in
1336 2869 1403 2910 eo
1432 2855 1683 2912 beneficii

1799 630 2087 687 excellenti
2118 632 2334 702 ingenio
2362 638 2523 702 atque
2572 631 2816 687 doctrina
2845 632 2985 699 viri,
3017 632 3108 703 qui
3139 632 3395 689 meliores

1796 722 2025 795 singuli,
2055 738 2214 794 quam
2259 738 2451 779 omnes
2492 724 2857 781 Athenienses
2905 723 3157 779 fuerunt?
3184 725 3395 793 Quanta

1797 817 2073 874 hominum
2094 819 2263 874 millia
2283 820 2447 875 luisse
2468 804 2773 884 credamus,
2805 820 2973 891 quiet
2996 818 3229 875 Athenis
3254 820 3388 889 nati,

1797 920 1852 967 et
1883 912 2214 981 temporibus
2241 911 2512 980 Socratis,
2550 912 2754 967 indocti
2778 922 2978 978 tamen,
3006 924 3070 966 ac
3094 911 3246 965 stulti
3278 910 3397 967 l'ue-

1796 1005 1964 1059 runt?
1993 1004 2110 1059 Non
2132 1007 2277 1060 enim
2308 1011 2401 1059 aut
2434 1005 2690 1074 parietes,
2718 1016 2808 1059 aut
2833 1004 2986 1059 locus
3023 1004 3077 1058 in
3107 1018 3214 1073 quo
3243 1005 3394 1073 quis-

1795 1112 1903 1167 que
1929 1108 2015 1153 est
2031 1097 2236 1155 effusus
2264 1110 2331 1153 ex
2361 1107 2517 1152 utero
2537 1097 2793 1153 conciliat
2814 1098 3019 1152 homini
3049 1096 3391 1166 sapientiam.

1795 1190 1934 1258 Quid
1964 1205 2091 1247 vero
2116 1186 2332 1245 attinuit
2357 1189 2599 1247 Socratis
2625 1202 2684 1247 se
2707 1190 3043 1260 temporibus
3066 1195 3252 1243 natum
3274 1202 3396 1257 gra-

1796 1284 1995 1338 tulari?
2024 1282 2159 1338 Num
2180 1278 2434 1339 Socrates
2458 1281 2672 1352 ingenia
2692 1279 3027 1336 discentibus
3056 1278 3226 1349 potuit
3248 1292 3397 1341 com-

1796 1375 2053 1430 modare?
2100 1374 2216 1430 Non
2255 1376 2405 1429 venit
2448 1374 2516 1443 in;
2548 1382 2787 1429 mentem
2820 1370 3030 1428 Platoni
3060 1371 3393 1427 Alcibiadem

1796 1482 2012 1545 quoque
2039 1477 2095 1524 et
2115 1464 2341 1524 Critian:
2377 1467 2621 1537 ejusdem
2674 1466 2915 1522 Socratis
2956 1464 3205 1521 assiduos
3246 1465 3396 1519 audi-

1797 1568 1943 1615 tores
1971 1556 2162 1627 fuisse;
2193 1572 2423 1630 quorum
2465 1554 2603 1615 alter
2646 1558 2820 1615 hostis
2864 1559 3395 1631 patrite'acerrimus

1799 1652 1921 1724 fuit,
1950 1655 2089 1711 alter
2116 1654 2521 1711 crudelissimus
2550 1654 2790 1710 omnium
2824 1664 3206 1726 tyrannorum.

2388 1762 2616 1826 CAPUT
2665 1766 2785 1824 XX.

1799 1881 2042 1939 Socrates
2068 1878 2186 1943 aliis
2231 1882 2531 1953 prudentior
2560 1881 2657 1954 fuit
2686 1882 2740 1935 in
2766 1880 3096 1953 philosophia
3114 1921 3130 1949 ,
3160 1878 3389 1951 quamvis

2314 1978 2370 2032 in
2394 1975 2566 2037 multis
2586 1974 2877 2049 desipuerit.

1867 2108 2157 2165 Videamus
2186 2125 2352 2176 nunc,
2380 2109 2512 2181 quid
2535 2110 2591 2164 in
2615 2108 2841 2165 Socrate
2863 2110 2981 2180 ipso
3009 2117 3115 2165 tam
3138 2124 3392 2181 magnum

1790 2202 1975 2270 fuerit,
2008 2213 2066 2259 ut
2090 2203 2256 2260 homo
2294 2205 2512 2275 sapiens
2540 2204 2738 2259 merito
2762 2205 2968 2276 gratias
2990 2215 3211 2276 ageret,
3245 2205 3392 2262 illius

1788 2312 1850 2351 se
1876 2297 2213 2368 temporibus
2257 2312 2381 2354 esse
2408 2305 2615 2353 natum.
2644 2296 2763 2353 Non
2799 2297 3012 2353 inlicl0r
3040 2298 3208 2354 fuisse
3238 2297 3387 2354 illum

1794 2391 1953 2461 paulo
1985 2392 2349 2448 cordatlorem
2377 2433 2392 2458 ,
2416 2406 2577 2461 quam
2620 2400 2850 2447 caeteros
2868 2431 2883 2455 ,
2914 2391 3004 2460 qui
3028 2401 3274 2446 naturam
3301 2404 3388 2448 re-

1790 2500 1908 2537 rum
1959 2493 2281 2554 putaverunt
2319 2484 2535 2553 ingenio
2558 2497 2723 2553 posse
2756 2482 3164 2551 comprehendi.
3191 2481 3250 2536 ln
3279 2496 3390 2554 quo

1788 2574 1908 2628 illos
1935 2589 2046 2629 non
2075 2575 2339 2629 excordes
2371 2583 2574 2627 tantum
2605 2571 2770 2627 fuisse
2798 2574 3056 2639 arbitror,
3088 2573 3182 2627 sed
3213 2574 3378 2629 etiam

1787 2666 2016 2736 impios;
2056 2666 2201 2736 quod
2250 2667 2302 2721 in
2351 2675 2558 2721 secreta
2588 2666 2828 2721 calcatis
2864 2664 3005 2721 illius
3035 2665 3389 2735 providentiae

1783 2761 2031 2816 curiosos
2077 2759 2266 2815 oculos
2313 2759 2584 2814 voluerint
2630 2758 2944 2812 immittere.
2990 2753 3198 2825 Romae,
3249 2759 3389 2815 etin

1787 2855 2060 2926 plerisque
2102 2853 2326 2910 urbibus
2364 2854 2567 2909 scimus
2604 2864 2729 2910 esse
2756 2851 3005 2925 quaedam
3038 2862 3195 2907 sacra
3220 2891 3234 2919 ,
3265 2864 3389 2923 quae

3415 2660 3459 2686 κ

1408 2966 1498 3024 VA
1509 2969 1769 3030 RIORUM
1805 2966 2037 3026 NOTAE.

164 3083 301 3153 Quod
331 3099 461 3138 ntus.
490 3081 579 3139 Sic
608 3082 824 3152 reposui
860 3096 928 3138 ex
957 3089 1063 3136 vet.
1095 3081 1305 3137 editis?»
1341 3080 1521 3138 Rom..
1555 3082 1663 3140 Ve-

103 3167 195 3210 net.
248 3154 390 3211 M90
411 3195 426 3217 ,
456 3163 511 3208 et
560 3155 678 3209 aliis
707 3164 865 3218 octo,
899 3167 1110 3208 necnon
1140 3168 1209 3208 ex
1246 3155 1498 3207 omnibus
1536 3168 1669 3212 mss.

103 3236 271 3296 przeter
297 3225 560 3297 quinque,
591 3226 786 3295 quibus
814 3232 917 3291 est,
943 3234 997 3279 ut
1029 3226 1060 3278 7
1086 3225 1316 3294 vulgatis
1341 3265 1355 3290 ,
1378 3226 1515 3295 quod
1541 3243 1677 3282 mas-

105 3302 245 3353 cuius.

164 3368 313 3433 Ouum
344 3369 579 3440 (trutina.
603 3367 689 3440 ita
716 3367 1024 3422 ludmornm
1054 3366 1289 3440 magistri
1317 3366 1368 3420 in
1392 3367 1675 3423 Pcsachim

106 3439 134 3493 l'.
163 3439 252 3505 65,
283 3438 358 3496 et'
382 3441 508 3494 alibi
540 3454 553 3492 :
590 3438 725 3493 Bene
762 3440 878 3505 illi,
906 3440 1053 3509 cujus
1085 3438 1227 3491 liberi
1273 3448 1390 3492 sunt
1429 3440 1674 3507 masculi;

104 3527 164 3565 ra:
183 3513 253 3565 illi
276 3553 289 3575 ,
318 3513 475 3577 cujus
502 3511 646 3564 liberi
673 3519 790 3581 sunt
819 3512 1059 3581 fthlnw.
1092 3509 1223 3564 BUN.

166 3583 298 3649 Quod
324 3582 675 3636 Atheniensis.
706 3580 802 3636 Ms.
820 3579 1137 3650 Cantabrig.
1160 3589 1211 3634 et
1237 3579 1369 3633 editi
1392 3581 1423 3633 7
1449 3580 1674 3649 addunt,

103 3670 189 3707 non
210 3652 497 3719 Thebanus,
523 3652 667 3721 quod
714 3653 981 3719 glossema
1011 3652 1241 3707 videtur.
1276 3650 1420 3704 idem
1452 3669 1480 3704 a
1516 3654 1677 3706 Laer-

105 3726 186 3786 tio,
213 3726 294 3781 lib.
319 3741 367 3792 ι,
411 3723 663 3779 tribuitur
692 3724 927 3779 Socrati.
957 3722 1177 3777 Sublac.
1204 3721 1375 3776 addit.
1407 3738 1511 3776 non
1538 3722 1675 3777 Tlte-

102 3796 253 3850 bonus.

164 3865 452 3939 Numquam
482 3866 759 3939 quidquam
786 3868 992 3939 dictum
1021 3879 1126 3918 esse
1145 3862 1377 3939 delirius.
1403 3863 1518 3939 Non
1545 3863 1675 3919 reti-

100 3934 674 4007 cendnm'quod'ludzci
714 3936 918 3991 habent
944 3938 996 3989 in
1026 3934 1259 4007 prconiis
1295 3936 1408 4007 suis
1436 3938 1673 3991 virorum

101 4003 441 4076 peculiat‘il'uts
472 4027 485 4061 :
541 4008 844 4062 Benedictus
874 4003 1071 4072 esto,'o
1101 4005 1318 4076 Domine
1348 4003 1506 4069 Deus,
1537 4007 1677 4075 quod

99 4075 164 4133 ine
189 4083 336 4134 virum
374 4082 589 4143 creasti,
620 4094 720 4132 non
754 4080 1051 4141 mulierem;
1073 4077 1207 4148 quod
1232 4075 1546 4143 lsraelitam,
1572 4094 1671 4132 non

99 4151 431 4221 alienigenam.
459 4151 737 4208 Garum.
762 4220 773 4221 ί
868 4220 874 4221 ί
1082 4172 1085 4173 ⁷

157 4219 291 4287 Quod
312 4236 499 4277 natum
526 4223 723 4290 fuisset.
752 4220 970 4289 Legitur
996 4228 1147 4274 natus
1188 4220 1364 4289 fuisse!
1389 4220 1527 4289 apud
1568 4219 1674 4275 Bu-

101 4295 429 4365 neman.,qui
458 4292 955 4365 hnjnsnmtationis
986 4291 1358 4365 sicrationein
1376 4290 1553 4365 reddit
1581 4320 1673 4343 .--

101 4363 319 4421 Restittto
342 4360 501 4420 natus
526 4360 593 4419 ex
626 4363 776 4428 Lips.
806 4370 957 4424 tert.,
992 4361 1249 4425 Reimm.,
1290 4361 1444 4427 Rost,
1479 4360 1669 4417 Venet.

102 4434 338 4502 {571.72,
357 4446 589 4506 utraque
606 4436 696 4499 '78,
712 4436 807 4499 95,
830 4433 1041 4498 Parrh.,
1062 4433 1258 4499 Paris.,
1280 4432 1430 4500 Junt,
1446 4431 1669 4505 Gymn.,

102 4507 228 4572 ΛΜ..
262 4509 411 4570 Isaac.
444 4507 595 4563 Grai.
629 4507 759 4560 Buu.

278 4580 505 4634 uidelicet
537 4576 870 4671 Pythagorae,
900 4583 1007 4671 etc.
1033 4574 1322 4671 Pluinnam
1352 4574 1670 4671 Pythagora:
1694 4610 1751 4671 Β

97 4645 369 4723 doctrinam
407 4645 651 4723 secutmn
701 4645 1174 4723 fuisse,_t_cstatur
1222 4645 1407 4701 etiam
1436 4645 1665 4723 August.

100 4717 156 4771 de
179 4720 312 4775 duci.
345 4721 670 4778 Christiana.
716 4719 892 4786 Atque
920 4718 1062 4772 idem
1091 4721 1316 4785 August.
1360 4717 1548 4772 ωηιιῇ
1575 4718 1671 4773 Ju-

101 4788 299 4857 lianum,
327 4794 420 4847 lib.
453 4808 510 4857 tt,
555 4807 621 4845 ex
667 4790 935 4845 Ambrosii
980 4789 1118 4843 libro
1147 4799 1335 4842 contra
1377 4788 1515 4843 Plat.
1553 4789 1668 4844 hinc

105 4865 269 4917 recitat
298 4865 460 4920 verba
491 4881 503 4916 :
547 4862 712 4916 Miror
759 4870 954 4916 tantum
998 4860 1377 4930 pliilosOpltum,
1411 4860 1667 4928 quomodo

101 4934 321 5002 animam,
348 4936 428 4990 cui
470 4944 768 5001 potestatem
802 4932 1126 5001 conferendae
1165 4933 1486 4985 mortalitatis
1515 4933 1664 4985 attri-

101 5001 213 5068 buit,
241 5005 290 5058 in
316 5007 510 5062 noctuis
536 5004 789 5063 includat.
814 5014 858 5056 et
884 5002 1119 5063 ramulis.
1144 5002 1343 5069 feritate
1372 5019 1568 5072 quoque
1593 5004 1669 5057 in-

101 5074 205 5127 duat
226 5077 487 5132 bestiarunt
519 5094 535 5133 :
560 5093 675 5130 cum
702 5078 755 5131 in
784 5074 977 5129 Timaeo
1008 5091 1118 5127 eam
1143 5072 1237 5126 Det
1278 5091 1409 5143 opus
1429 5089 1536 5127 esse
1561 5090 1665 5127 me-

102 5150 340 5202 moraverit
368 5191 382 5213 ,
412 5151 543 5204 inter
572 5148 928 5202 immortaliaa
958 5144 1068 5200 Deo
1093 5148 1260 5217 facta;
1280 5162 1468 5213 corpus
1497 5156 1666 5200 autem

103 5232 187 5289 non
210 5220 359 5274 videri
384 5238 510 5289 opus
534 5222 717 5274 summi
745 5218 842 5272 Dei
868 5219 1081 5289 asseruit
1102 5232 1119 5279 ,'
1140 5219 1258 5289 quia
1287 5227 1472 5289 natura
1493 5219 1665 5289 carnis

104 5286 315 5344 humana!
340 5286 464 5347 nihil
491 5308 523 5345 a
552 5301 737 5344 natura
764 5290 991 5359 corporis
1019 5287 1243 5359 bestiolis
1272 5287 1494 5355 differat.
1525 5287 1667 5359 Emit

103 5364 258 5414 autem
285 5361 430 5417 Plato
473 5362 698 5417 Philolai
728 5357 1062 5430 Pythagorici
1088 5358 1255 5414 libros
1284 5376 1312 5411 a
1334 5357 1664 5414 mulierculis

105 5433 436 5504 pauperibus:
472 5435 611 5489 unde
638 5433 894 5504 quidquid
926 5431 993 5504 de
1033 5431 1441 5504 immortalitate
1465 5432 1661 5504 animm

105 5502 314 5570 scripsit,
343 5504 543 5561 iuratus
568 5499 671 5561 est;
715 5499 896 5567 Tzetz.
924 5499 1065 5559 Chii.
1103 5512 1162 5568 tt,
1189 5501 1368 5557 Variae
1392 5500 1519 5557 bist.
1560 5501 1665 5556 Bs-

106 5582 321 5630 τῠιειυθ.

114 5710 121 5719 ,
170 5639 461 5719 Commetare.
483 5647 956 5717 Exprimitlllinuc.
977 5644 1091 5700 Fel.
1114 5660 1232 5719 cap.
1257 5645 1352 5699 57:
1378 5643 1657 5702 Animas...

107 5715 151 5765 in
166 5715 259 5789 alia
276 5732 396 5773 nova
415 5715 625 5787 corpora
645 5720 833 5789 sepius
852 5732 1154 5771 commeare.
1170 5716 1325 5789 post.

132 5851 140 5860 .
172 5783 307 5860 Quod
333 5800 381 5842 et
407 5783 606 5856 vanum,
633 5802 683 5847 et
709 5783 1135 5860 impossibile’est.
1169 5786 1393 5843 Videtur
1438 5787 1662 5843 Lactan-

111 5858 203 5906 ltus
227 5858 372 5915 aliter
397 5865 626 5920 sensisse
652 5862 724 5919 de
763 5858 962 5916 animis
1005 5858 1321 5927 impiorum;
1356 5867 1414 5912 ut
1445 5860 1497 5913 in
1526 5873 1664 5929 quos

115 5933 404 5994 Potest-atem
434 5931 621 5993 habent
669 5933 893 6006 spiritus
940 5929 1241 6004 malignas,
1274 5929 1414 5990 unde
1460 5932 1517 5989 in
1545 5938 1664 5992 arto

1702 3188 1748 3254 Ο

1776 3085 1980 3155 magica
2010 3083 2142 3159 verti
2174 3084 2381 3153 possint
2408 3083 2459 3137 in
2491 3083 2667 3159 inpos.
2701 3082 3022 3159 C_ujt_tsmodi
3053 3082 3375 3159 conversio.

1778 3148 1904 3213 nem
1928 3172 2033 3210 non
2058 3148 2232 3210 solum
2256 3148 2721 3225 sgnoscuntMuro
2738 3148 2924 3224 Eglog.
2952 3166 3002 3225 ut
3027 3148 3082 3208 ei
3108 3163 3386 3225 poetarum

1782 3228 1871 3282 alii
1899 3245 1913 3290 ;
1947 3227 2040 3281 sed
2077 3222 2519 3296 Plinius'quoque
2548 3224 2622 3280 lib
2643 3240 2763 3296 vttt,
2786 3222 2913 3295 cup.
2940 3224 3030 3279 12.
3062 3222 3170 3280 sed
3200 3236 3387 3291 parum

1786 3298 1852 3351 ad
1887 3313 2002 3354 rem
2031 3297 2178 3361 facit,
2211 3295 2379 3367 piine,
2412 3295 2481 3351 an
2514 3295 2665 3367 impii
2686 3300 2816 3363 sint,
2844 3310 3073 3367 quorum
3109 3296 3301 3350 animos
3331 3298 3384 3352 in

1782 3369 1988 3425 bestias
2016 3376 2311 3424 transeant.
2345 3367 2578 3423 Omnino
2602 3371 2748 3424 enim
2768 3412 2783 3435 ,
2817 3379 2875 3423 ut
2903 3382 2971 3423 ex
3002 3369 3243 3438 perfecto
3270 3369 3388 3422 ani-

1782 3440 1908 3495 mali
1953 3441 2098 3494 aliud
2142 3442 2236 3494 ilat
2280 3441 2476 3494 animal
2511 3440 2833 3507 perlectum,
2886 3439 3046 3510 longe
3095 3448 3390 3507 exsuperat

1782 3512 1887 3582 vim
1906 3521 2164 3575 creatam;
2182 3511 2435 3582 quodque
2449 3512 2589 3564 Deus
2604 3514 2869 3567 creaturis
2884 3510 3133 3565 omnibus
3150 3512 3383 3578 negavit,

1781 3580 1832 3636 id
1865 3596 1970 3637 non
1988 3584 2194 3651 absque
2206 3580 2484 3651 impietate
2511 3582 2618 3636 illis
2645 3583 2988 3647 adscribitur,
3013 3592 3117 3636 etc.
3142 3582 3382 3636 Vossius.

1855 3653 2114 3706 Fluminis
2144 3654 2317 3706 modo.
2350 3653 2538 3705 mss.-8
2568 3666 2706 3716 rec.,
2733 3652 2980 3722 fulminis.

1852 3723 2231 3777 Includeretur.
2262 3736 2395 3781 mss.
2424 3725 2457 3775 ti
2488 3737 2627 3789 rec.,
2654 3723 2998 3775 induceretur.

1852 3791 2137 3849 Gratulari.
2169 3793 2247 3847 Ex
2288 3792 2541 3846 omnibus
2580 3806 2715 3847 mss.
2749 3794 2817 3845 ita
2850 3792 3088 3859 reposui,
3122 3800 3321 3859 prreter
3349 3792 3385 3845 2

1779 3864 1911 3935 Reg.
1943 3880 2054 3919 rec.
2086 3865 2138 3918 in
2166 3864 2390 3935 quibus,
2420 3872 2478 3916 ιιι
2497 3873 2553 3916 et
2582 3863 2631 3916 in
2658 3863 2891 3926 excusis,
2922 3871 3007 3935 est
3035 3862 3267 3932 gloriari.
3294 3861 3385 3917 Sic

1776 3933 1938 3996 infra.
1969 3941 2118 4005 cujus
2157 3933 2469 4004 temporibus
2499 3945 2671 3988 natum
2728 3949 2838 3988 esse
2878 3948 2933 3987 se
2978 3934 3128 3986 homo
3166 3935 3384 4005 sapiens

1774 4002 2102 4078 gratulatur;
2129 4017 2182 4061 et
2213 4002 2383 4075 prius,
2412 4007 2607 4077 gratias
2635 4021 2788 4076 agere
2818 4015 3052 4060 natura:
3086 4002 3275 4059 nuliibi
3304 4012 3385 4058 ta-

1774 4095 1900 4149 men
1934 4080 2130 4147 legitur
2155 4079 2390 4149 gloriari.

1846 4147 2209 4204 Commodare.
2243 4147 2439 4216 Scripti
2465 4150 2551 4211 ii,
2586 4149 2733 4202 dare.

1849 4220 2162 4275 Alcibiadem
2185 4234 2381 4290 quoque
2401 4228 2447 4272 et
2477 4219 2712 4275 Critiam.
2745 4218 3012 4290 isocrates
3043 4217 3379 4290 Alcibiadem

1775 4291 2021 4348 Socratis
2058 4289 2379 4363 discipulum
2414 4290 2578 4363 fuisse
2610 4302 2766 4361 negat
2794 4289 3130 4363 itLBttsir-jde
3156 4330 3171 4356 ,
3223 4289 3384 4363 Polyo

1775 4376 1980 4419 cratem
2009 4363 2060 4417 id
2085 4359 2417 4418 asserentem
2451 4359 2803 4431 redargnens.
2836 4360 2903 4413 Et
2933 4362 2983 4413 in
3011 4361 3241 4431 GurgiaA
3263 4361 3381 4414 Pla-

1777 4435 1918 4490 tonis
1945 4437 2060 4506 ipse
2087 4434 2341 4506 Socrates
2379 4434 2551 4506 ipsum
2581 4428 2977 4506 eratpovsnnm
3021 4428 3380 4506 diciLCa‘te-

1775 4522 1894 4561 rum
1926 4500 1994 4561 de
2021 4507 2183 4560 rebus
2210 4500 2505 4558 Alcibiadis
2528 4504 2646 4573 iege
2674 4500 2999 4573 ΙιιςιιιιηΙίιι.
3034 4517 3064 4554 v
3084 4500 3375 4573 ;7Thncyd.

1778 4578 1874 4633 lib.
1905 4593 1999 4640 vr;
2033 4576 2380 4632 Plutarchum
2414 4575 2465 4627 in
2498 4571 2666 4637 Nicia,
2687 4583 2741 4627 et
2774 4572 2919 4633 alibi,
2953 4571 3021 4625 de
3043 4572 3267 4642 triginta
3294 4581 3376 4642 ty-

1774 4649 1988 4715 rannis;
2020 4649 2137 4717 lege
2161 4643 2598 4717 Xenophontem,
2625 4644 2715 4717 lib.
2751 4660 2786 4717 tt
2821 4657 2996 4717 rerum
3022 4641 3329 4717 Gtzccarum
3355 4683 3373 4709 ,

1771 4712 2097 4775 Justin.‘lib.'
2120 4735 2171 4771 v.
2206 4712 2409 4772 Βετὺιι.
2439 4745 2510 4756 ——
2534 4714 2924 4769 Alcibiadem...
2957 4712 3188 4767 Socratis
3218 4714 3374 4766 audi-

1773 4802 1927 4846 tores.
1962 4790 2137 4859 Nepos
2156 4791 2207 4843 in
2242 4789 2441 4851 Alcib.,
2465 4786 2676 4859 cap.2;
2705 4802 2784 4855 pr.
2818 4785 3046 4859 eruditus
3074 4782 3375 4859 ngcrate;

1770 4878 1870 4918 nec
1895 4855 2052 4917 aliter
2077 4859 2402 4929 Xenophon.
2438 4859 2527 4912 lib.
2556 4857 2889 4912 tillentorab.
2926 4855 2962 4910 l‘.
2988 4872 3061 4929 ιιι.
3091 4856 3218 4921 715,
3250 4873 3372 4929 suq.

1768 4950 1929 5003 quem
1976 4948 2084 5003 pra:
2114 4927 2325 5003 caeteris
2357 4929 2444 4984 hic
2489 4930 2756 5003 sequitur,
2803 4927 3376 5003 Alcibiadetn_patrim

1769 4999 2224 5059 liostent'vocans.
2257 5002 2432 5070 Nepos
2462 5001 2677 5069 quidem
2716 5000 3044 5055 contrarium
3090 4999 3325 5053 aiiirmat
3359 5017 3372 5052 :

1766 5087 1824 5131 ιιι
1846 5075 2069 5141 (licere,
2100 5074 2193 5127 lib.
2225 5089 2242 5127 ι
2280 5073 2348 5127 de
2390 5071 2541 5126 Orat.
2576 5087 2625 5126 ς.
2658 5072 2727 5126 54
2764 5089 2776 5126 :
2810 5072 2946 5140 Quid
2976 5071 3205 5125 Critias?
3237 5070 3375 5138 Quid

1766 5146 2101 5202 Alcibiades?
2125 5143 2423 5199 Civitatibus
2439 5144 2646 5205 quidem
2673 5144 2777 5197 suis
2820 5160 2921 5197 non
2951 5143 3093 5208 boni,
3125 5142 3213 5195 sed
3239 5151 3375 5194 certe

1764 5219 1903 5273 docti
1929 5229 2077 5286 atque
2105 5216 2410 5283 eloquentes,
2436 5231 2605 5269 nonne
2625 5216 2907 5269 Socraticis
2933 5213 3370 5286 disputatioigbtts

1768 5300 1910 5344 erant
1929 5280 2150 5342 eruditi?
2172 5280 2324 5341 Coni.
2354 5286 2567 5341 Maxim.
2591 5286 2718 5357 Tyr.
2748 5287 2889 5340 Diss.
2920 5280 3036 5349 vttt,
3066 5280 3371 5357 p._9_(_).Buu.

1837 5360 1994 5414 Illius
2024 5376 2075 5414 se
2098 5358 2407 5427 temporibus
2439 5374 2545 5411 esse
2572 5353 2767 5411 nulum.
2806 5357 3036 5427 licitum.
3074 5372 3085 5405 :
3120 5353 3225 5406 illis
3248 5361 3375 5403 lem-

1766 5432 1974 5502 poribus
2004 5447 2111 5485 esse
2134 5425 2420 5502 senatum.
2441 5426 2547 5483 Sed
2581 5444 2687 5483 non
2722 5429 2901 5482 minus
2926 5425 3208 5495 eleganter
3241 5438 3371 5492 pro-

1750 5501 2007 5569 nomina,
2036 5502 2178 5556 illius
2199 5518 2273 5566 se,
2303 5501 2615 5567 conjuncta.

1834 5564 2078 5629 Curiosos
2100 5564 2293 5626 oculos.
2326 5571 2382 5629 Si
2406 5564 2499 5626 hic
2520 5570 2685 5625 simul
2709 5571 2855 5641 legas
2881 5583 3001 5641 qua:
3023 5565 3149 5641 int,
3173 5564 3378 5641 intelli-

1765 5661 1860 5709 ges
1894 5656 2142 5699 nostrum
2188 5643 2277 5699 hic
2313 5643 2512 5697 imitari
2545 5635 2868 5698 Ciceronem
2899 5635 2990 5693 'de
3025 5635 3377 5709 iiarnsricum

1768 5707 2081 5786 llesponsis,
2098 5730 2147 5769 c.
2170 5715 2255 5780 l7,
2275 5716 2363 5768 ubi
2378 5715 2445 5768 de
2460 5716 2633 5768 sacris
2653 5713 2812 5767 Bonas
2833 5711 2957 5786 Deae
2986 5707 3171 5786 :__Quod
3192 5708 3384 5786 (sacri-

1765 5777 1968 5858 ﬁcium)
2002 5777 2101 5841 non
2132 5777 2572 5858 solum‘curiosos
2605 5786 2794 5858 oculos
2826 5780 3074 5858 erclttdit,
3108 5777 3378 5858 claritati.

1836 5848 2135 5913 Imminere.
2176 5858 2253 5913 De
2308 5854 2392 5911 his
2441 5857 2572 5913 vide
2612 5852 2669 5910 S.
2714 5853 3069 5927 Augustinum
3123 5849 3189 5906 dc
3218 5848 3380 5915 Civit.

1768 5931 1885 6003 Dei,
1918 5931 2011 5990 lib.
2040 5944 2157 6001 vttt,
2183 5940 2305 6003 cap.
2333 5928 2388 5986 3.
