  <div class='ocr_page' id='page_1' title='image "/cluster/home/n/w/nwhite01/storage/ocr_20150623/6/uva.x000669814/217.png"; bbox 0 0 3770 6264; ppageno 0'>
   <div class='ocr_carea' id='block_1_1' title="bbox 456 386 568 444">
    <p class='ocr_par' dir='ltr' id='par_1_1' title="bbox 456 386 568 444">
     <span class='ocr_line' id='line_1_1' title="bbox 456 386 568 444; baseline -0.009 0"><span class='ocrx_word' id='word_1_1' title='bbox 456 386 568 444; x_wconf 70' lang='grc'><strong>415</strong></span> 
     </span>
    </p>
   </div>
   <div class='ocr_carea' id='block_1_2' title="bbox 1530 383 2066 466">
    <p class='ocr_par' dir='ltr' id='par_1_2' title="bbox 1530 383 2066 442">
     <span class='ocr_line' id='line_1_2' title="bbox 1530 383 2066 442; baseline 0.002 -2"><span class='ocrx_word' id='word_1_2' title='bbox 1530 385 1718 440; x_wconf 81' lang='lat' dir='ltr'><strong>FIRM.</strong></span> <span class='ocrx_word' id='word_1_3' title='bbox 1759 383 2066 442; x_wconf 75' lang='lat' dir='ltr'><strong>LACTAN&#39;I</strong></span> 
     </span>
    </p>
   </div>
   <div class='ocr_carea' id='block_1_3' title="bbox 2170 383 3637 466">
    <p class='ocr_par' dir='ltr' id='par_1_3' title="bbox 2170 386 3637 466">
     <span class='ocr_line' id='line_1_3' title="bbox 2170 386 3637 466; baseline 0.016 -24"><span class='ocrx_word' id='word_1_4' title='bbox 2170 386 2371 444; x_wconf 70' lang='lat' dir='ltr'><strong>DIVIN.</strong></span> <span class='ocrx_word' id='word_1_5' title='bbox 2408 387 2649 448; x_wconf 79' lang='lat' dir='ltr'><strong>INSTIT.</strong></span> <span class='ocrx_word' id='word_1_6' title='bbox 3580 412 3637 466; x_wconf 68' lang='lat' dir='ltr'><strong>illi</strong></span> 
     </span>
    </p>
   </div>
   <div class='ocr_carea' id='block_1_4' title="bbox 458 499 3637 583">
    <p class='ocr_par' dir='ltr' id='par_1_4' title="bbox 458 499 3637 583">
     <span class='ocr_line' id='line_1_4' title="bbox 458 499 3637 583; baseline 0.001 -17"><span class='ocrx_word' id='word_1_7' title='bbox 458 511 630 581; x_wconf 81' lang='lat' dir='ltr'><strong>aspici</strong></span> <span class='ocrx_word' id='word_1_8' title='bbox 659 525 690 566; x_wconf 89' lang='lat' dir='ltr'><strong>a</strong></span> <span class='ocrx_word' id='word_1_9' title='bbox 720 508 847 563; x_wconf 89' lang='lat' dir='ltr'><strong>viris</strong></span> <span class='ocrx_word' id='word_1_10' title='bbox 877 504 1026 562; x_wconf 82' lang='lat' dir='ltr'><strong>nefas</strong></span> <span class='ocrx_word' id='word_1_11' title='bbox 1053 507 1330 561; x_wconf 75' lang='lat' dir='ltr'><strong>habeatur.</strong></span> <span class='ocrx_word' id='word_1_12' title='bbox 1355 507 1639 562; x_wconf 84' lang='lat' dir='ltr'><strong>Abstinent</strong></span> <span class='ocrx_word' id='word_1_13' title='bbox 1667 506 1830 577; x_wconf 92' lang='lat' dir='ltr'><strong>igitur</strong></span> <span class='ocrx_word' id='word_1_14' title='bbox 1855 521 2051 576; x_wconf 87' lang='lat' dir='ltr'><strong>aspec-</strong></span> <span class='ocrx_word' id='word_1_15' title='bbox 2081 522 2134 582; x_wconf 74' lang='grc' dir='ltr'><strong>Α</strong></span> <span class='ocrx_word' id='word_1_16' title='bbox 2159 521 2276 562; x_wconf 91' lang='lat' dir='ltr'><strong>rum</strong></span> <span class='ocrx_word' id='word_1_17' title='bbox 2306 499 2631 564; x_wconf 69' lang='lat' dir='ltr'><strong>simillimus&#39;.</strong></span> <span class='ocrx_word' id='word_1_18' title='bbox 2663 509 2742 564; x_wconf 80' lang='lat' dir='ltr'><strong>Ex</strong></span> <span class='ocrx_word' id='word_1_19' title='bbox 2771 509 2856 566; x_wconf 90' lang='lat' dir='ltr'><strong>his</strong></span> <span class='ocrx_word' id='word_1_20' title='bbox 2883 526 3044 565; x_wconf 92' lang='lat' dir='ltr'><strong>unum</strong></span> <span class='ocrx_word' id='word_1_21' title='bbox 3073 509 3288 581; x_wconf 79' lang='lat' dir='ltr'><strong>eligam,</strong></span> <span class='ocrx_word' id='word_1_22' title='bbox 3307 515 3434 583; x_wconf 90' lang='lat' dir='ltr'><strong>quod</strong></span> <span class='ocrx_word' id='word_1_23' title='bbox 3453 517 3506 574; x_wconf 81' lang='lat' dir='ltr'><strong>ab</strong></span> <span class='ocrx_word' id='word_1_24' title='bbox 3529 534 3637 582; x_wconf 65' lang='lat' dir='ltr'><strong>omni.</strong></span> 
     </span>
    </p>
   </div>
   <div class='ocr_carea' id='block_1_5' title="bbox 461 599 2055 672">
    <p class='ocr_par' dir='ltr' id='par_1_5' title="bbox 461 599 2055 672">
     <span class='ocr_line' id='line_1_5' title="bbox 461 599 2055 672; baseline 0.001 -17"><span class='ocrx_word' id='word_1_25' title='bbox 461 611 542 663; x_wconf 84' lang='lat' dir='ltr'><strong>tu,</strong></span> <span class='ocrx_word' id='word_1_26' title='bbox 575 601 768 672; x_wconf 84' lang='lat' dir='ltr'><strong>quibus</strong></span> <span class='ocrx_word' id='word_1_27' title='bbox 808 599 1180 656; x_wconf 89' lang='lat' dir='ltr'><strong>contaminare</strong></span> <span class='ocrx_word' id='word_1_28' title='bbox 1227 599 1314 653; x_wconf 89' lang='lat' dir='ltr'><strong>illa</strong></span> <span class='ocrx_word' id='word_1_29' title='bbox 1350 615 1455 654; x_wconf 92' lang='lat' dir='ltr'><strong>non</strong></span> <span class='ocrx_word' id='word_1_30' title='bbox 1503 599 1661 656; x_wconf 88' lang='lat' dir='ltr'><strong>licet:</strong></span> <span class='ocrx_word' id='word_1_31' title='bbox 1707 601 1832 656; x_wconf 93' lang='lat' dir='ltr'><strong>etsi</strong></span> <span class='ocrx_word' id='word_1_32' title='bbox 1879 599 2055 666; x_wconf 88' lang='lat' dir='ltr'><strong>forte,</strong></span> 
     </span>
    </p>
   </div>
   <div class='ocr_carea' id='block_1_6' title="bbox 462 693 2059 764">
    <p class='ocr_par' dir='ltr' id='par_1_6' title="bbox 462 693 2059 764">
     <span class='ocr_line' id='line_1_6' title="bbox 462 693 2059 764; baseline 0 -15"><span class='ocrx_word' id='word_1_33' title='bbox 462 694 550 749; x_wconf 85' lang='lat' dir='ltr'><strong>vel</strong></span> <span class='ocrx_word' id='word_1_34' title='bbox 577 707 786 760; x_wconf 91' lang='lat' dir='ltr'><strong>errore,</strong></span> <span class='ocrx_word' id='word_1_35' title='bbox 828 693 912 748; x_wconf 89' lang='lat' dir='ltr'><strong>vel</strong></span> <span class='ocrx_word' id='word_1_36' title='bbox 953 707 1079 748; x_wconf 89' lang='lat' dir='ltr'><strong>casu</strong></span> <span class='ocrx_word' id='word_1_37' title='bbox 1125 693 1379 764; x_wconf 90' lang='lat' dir='ltr'><strong>quopiam</strong></span> <span class='ocrx_word' id='word_1_38' title='bbox 1421 693 1503 748; x_wconf 90' lang='lat' dir='ltr'><strong>vir</strong></span> <span class='ocrx_word' id='word_1_39' title='bbox 1533 694 1849 764; x_wconf 77' lang='lat' dir='ltr'><strong>aspexerit,</strong></span> <span class='ocrx_word' id='word_1_40' title='bbox 1881 694 2059 764; x_wconf 86' lang='lat' dir='ltr'><strong>primo</strong></span> 
     </span>
    </p>
   </div>
   <div class='ocr_carea' id='block_1_7' title="bbox 458 786 2058 861">
    <p class='ocr_par' dir='ltr' id='par_1_7' title="bbox 458 786 2058 861">
     <span class='ocr_line' id='line_1_7' title="bbox 458 786 2058 861; baseline -0.001 -17"><span class='ocrx_word' id='word_1_41' title='bbox 458 802 622 861; x_wconf 69' lang='lat' dir='ltr'><strong>poena</strong></span> <span class='ocrx_word' id='word_1_42' title='bbox 645 786 784 856; x_wconf 89' lang='lat' dir='ltr'><strong>ejus,</strong></span> <span class='ocrx_word' id='word_1_43' title='bbox 816 787 1012 845; x_wconf 90' lang='lat' dir='ltr'><strong>deinde</strong></span> <span class='ocrx_word' id='word_1_44' title='bbox 1044 789 1432 844; x_wconf 87' lang='lat' dir='ltr'><strong>instauratione</strong></span> <span class='ocrx_word' id='word_1_45' title='bbox 1455 789 1702 843; x_wconf 86' lang='lat' dir='ltr'><strong>sacrificii</strong></span> <span class='ocrx_word' id='word_1_46' title='bbox 1722 830 1737 853; x_wconf 90' lang='lat'><strong>,</strong></span> <span class='ocrx_word' id='word_1_47' title='bbox 1767 788 1943 846; x_wconf 86' lang='lat' dir='ltr'><strong>scelus</strong></span> <span class='ocrx_word' id='word_1_48' title='bbox 1965 805 2058 843; x_wconf 52' lang='lat' dir='ltr'><strong>ex-</strong></span> 
     </span>
    </p>
   </div>
   <div class='ocr_carea' id='block_1_8' title="bbox 456 880 2059 952">
    <p class='ocr_par' dir='ltr' id='par_1_8' title="bbox 456 880 2059 952">
     <span class='ocr_line' id='line_1_8' title="bbox 456 880 2059 952; baseline 0.002 -18"><span class='ocrx_word' id='word_1_49' title='bbox 456 880 657 951; x_wconf 84' lang='lat' dir='ltr'><strong>piatur.</strong></span> <span class='ocrx_word' id='word_1_50' title='bbox 689 880 827 948; x_wconf 88' lang='lat' dir='ltr'><strong>Quid</strong></span> <span class='ocrx_word' id='word_1_51' title='bbox 857 880 940 936; x_wconf 91' lang='lat' dir='ltr'><strong>bis</strong></span> <span class='ocrx_word' id='word_1_52' title='bbox 989 882 1173 947; x_wconf 86' lang='lat' dir='ltr'><strong>facias,</strong></span> <span class='ocrx_word' id='word_1_53' title='bbox 1219 883 1309 952; x_wconf 86' lang='lat' dir='ltr'><strong>qui</strong></span> <span class='ocrx_word' id='word_1_54' title='bbox 1341 883 1653 938; x_wconf 88' lang='lat' dir='ltr'><strong>inconcessa</strong></span> <span class='ocrx_word' id='word_1_55' title='bbox 1692 882 1920 938; x_wconf 89' lang='lat' dir='ltr'><strong>scrutari</strong></span> <span class='ocrx_word' id='word_1_56' title='bbox 1961 897 2059 938; x_wconf 90' lang='lat' dir='ltr'><strong>vo-</strong></span> 
     </span>
    </p>
   </div>
   <div class='ocr_carea' id='block_1_9' title="bbox 457 971 2060 1045">
    <p class='ocr_par' dir='ltr' id='par_1_9' title="bbox 457 971 2060 1045">
     <span class='ocr_line' id='line_1_9' title="bbox 457 971 2060 1045; baseline 0.001 -17"><span class='ocrx_word' id='word_1_57' title='bbox 457 971 616 1029; x_wconf 83' lang='lat' dir='ltr'><strong>lunt?</strong></span> <span class='ocrx_word' id='word_1_58' title='bbox 643 972 907 1029; x_wconf 86' lang='lat' dir='ltr'><strong>Nimirum</strong></span> <span class='ocrx_word' id='word_1_59' title='bbox 939 973 1108 1029; x_wconf 91' lang='lat' dir='ltr'><strong>multo</strong></span> <span class='ocrx_word' id='word_1_60' title='bbox 1136 974 1531 1038; x_wconf 86' lang='lat' dir='ltr'><strong>sceleratiores,</strong></span> <span class='ocrx_word' id='word_1_61' title='bbox 1561 975 1655 1045; x_wconf 88' lang='lat' dir='ltr'><strong>qui</strong></span> <span class='ocrx_word' id='word_1_62' title='bbox 1683 990 1878 1030; x_wconf 88' lang='lat' dir='ltr'><strong>arcana</strong></span> <span class='ocrx_word' id='word_1_63' title='bbox 1902 991 2060 1030; x_wconf 84' lang='lat' dir='ltr'><strong>mun-</strong></span> 
     </span>
    </p>
   </div>
   <div class='ocr_carea' id='block_1_10' title="bbox 372 1067 2060 1142">
    <p class='ocr_par' dir='ltr' id='par_1_10' title="bbox 372 1067 2060 1142">
     <span class='ocr_line' id='line_1_10' title="bbox 372 1067 2060 1142; baseline 0.005 -24"><span class='ocrx_word' id='word_1_64' title='bbox 372 1099 402 1118; x_wconf 72' lang='grc' dir='ltr'><em>ι</em></span> <span class='ocrx_word' id='word_1_65' title='bbox 455 1067 533 1135; x_wconf 91' lang='lat' dir='ltr'><strong>di,</strong></span> <span class='ocrx_word' id='word_1_66' title='bbox 564 1067 752 1124; x_wconf 90' lang='lat' dir='ltr'><strong>ethoc</strong></span> <span class='ocrx_word' id='word_1_67' title='bbox 793 1069 1017 1125; x_wconf 67' lang='lat' dir='ltr'><strong>caeleste</strong></span> <span class='ocrx_word' id='word_1_68' title='bbox 1052 1069 1308 1139; x_wconf 88' lang='lat' dir='ltr'><strong>templum</strong></span> <span class='ocrx_word' id='word_1_69' title='bbox 1357 1069 1644 1139; x_wconf 80' lang='lat' dir='ltr'><strong>profanare</strong></span> <span class='ocrx_word' id='word_1_70' title='bbox 1670 1071 1847 1142; x_wconf 86' lang='lat' dir='ltr'><strong>impiis</strong></span> <span class='ocrx_word' id='word_1_71' title='bbox 1874 1069 2060 1140; x_wconf 91' lang='lat' dir='ltr'><strong>dispu-</strong></span> 
     </span>
    </p>
   </div>
   <div class='ocr_carea' id='block_1_11' title="bbox 463 1162 2062 1234">
    <p class='ocr_par' dir='ltr' id='par_1_11' title="bbox 463 1162 2062 1234">
     <span class='ocr_line' id='line_1_11' title="bbox 463 1162 2062 1234; baseline 0 -16"><span class='ocrx_word' id='word_1_72' title='bbox 463 1162 761 1218; x_wconf 89' lang='lat' dir='ltr'><strong>tationibus</strong></span> <span class='ocrx_word' id='word_1_73' title='bbox 787 1173 1060 1232; x_wconf 73' lang='lat' dir='ltr'><strong>qumrunt,</strong></span> <span class='ocrx_word' id='word_1_74' title='bbox 1081 1178 1243 1234; x_wconf 89' lang='lat' dir='ltr'><strong>quam</strong></span> <span class='ocrx_word' id='word_1_75' title='bbox 1274 1163 1362 1232; x_wconf 92' lang='lat' dir='ltr'><strong>qui</strong></span> <span class='ocrx_word' id='word_1_76' title='bbox 1390 1163 1560 1218; x_wconf 63' lang='lat' dir='ltr'><strong>aedem</strong></span> <span class='ocrx_word' id='word_1_77' title='bbox 1589 1163 1803 1231; x_wconf 83' lang='lat' dir='ltr'><strong>Vestae,</strong></span> <span class='ocrx_word' id='word_1_78' title='bbox 1837 1173 1930 1218; x_wconf 89' lang='lat' dir='ltr'><strong>aut</strong></span> <span class='ocrx_word' id='word_1_79' title='bbox 1959 1164 2062 1218; x_wconf 89' lang='lat' dir='ltr'><strong>Bo-</strong></span> 
     </span>
    </p>
   </div>
   <div class='ocr_carea' id='block_1_12' title="bbox 461 1253 2060 1327">
    <p class='ocr_par' dir='ltr' id='par_1_12' title="bbox 461 1253 2060 1327">
     <span class='ocr_line' id='line_1_12' title="bbox 461 1253 2060 1327; baseline -0.001 -15"><span class='ocrx_word' id='word_1_80' title='bbox 461 1272 548 1312; x_wconf 85' lang='lat' dir='ltr'><strong>nae</strong></span> <span class='ocrx_word' id='word_1_81' title='bbox 603 1257 748 1320; x_wconf 65' lang='lat' dir='ltr'><strong>Dem,</strong></span> <span class='ocrx_word' id='word_1_82' title='bbox 795 1265 885 1310; x_wconf 90' lang='lat' dir='ltr'><strong>aut</strong></span> <span class='ocrx_word' id='word_1_83' title='bbox 924 1253 1142 1312; x_wconf 88' lang='lat' dir='ltr'><strong>Cereris</strong></span> <span class='ocrx_word' id='word_1_84' title='bbox 1191 1257 1532 1312; x_wconf 91' lang='lat' dir='ltr'><strong>intraverint.</strong></span> <span class='ocrx_word' id='word_1_85' title='bbox 1585 1256 1715 1325; x_wconf 78' lang='lat' dir='ltr'><strong>Quze</strong></span> <span class='ocrx_word' id='word_1_86' title='bbox 1761 1257 2060 1327; x_wconf 83' lang='lat' dir='ltr'><strong>penetralia</strong></span> 
     </span>
    </p>
   </div>
   <div class='ocr_carea' id='block_1_13' title="bbox 457 1347 2062 1417">
    <p class='ocr_par' dir='ltr' id='par_1_13' title="bbox 457 1347 2062 1417">
     <span class='ocr_line' id='line_1_13' title="bbox 457 1347 2062 1417; baseline 0 -15"><span class='ocrx_word' id='word_1_87' title='bbox 457 1348 704 1417; x_wconf 85' lang='lat' dir='ltr'><strong>quamvis</strong></span> <span class='ocrx_word' id='word_1_88' title='bbox 732 1347 881 1403; x_wconf 91' lang='lat' dir='ltr'><strong>adire</strong></span> <span class='ocrx_word' id='word_1_89' title='bbox 909 1348 1040 1402; x_wconf 91' lang='lat' dir='ltr'><strong>viris</strong></span> <span class='ocrx_word' id='word_1_90' title='bbox 1081 1363 1189 1403; x_wconf 92' lang='lat' dir='ltr'><strong>non</strong></span> <span class='ocrx_word' id='word_1_91' title='bbox 1219 1348 1409 1414; x_wconf 88' lang='lat' dir='ltr'><strong>liceat,</strong></span> <span class='ocrx_word' id='word_1_92' title='bbox 1441 1359 1618 1404; x_wconf 89' lang='lat' dir='ltr'><strong>tamen</strong></span> <span class='ocrx_word' id='word_1_93' title='bbox 1667 1364 1696 1402; x_wconf 88' lang='lat' dir='ltr'><strong>a</strong></span> <span class='ocrx_word' id='word_1_94' title='bbox 1739 1350 1870 1404; x_wconf 91' lang='lat' dir='ltr'><strong>viris</strong></span> <span class='ocrx_word' id='word_1_95' title='bbox 1897 1348 2062 1404; x_wconf 84' lang='lat' dir='ltr'><strong>fabri-</strong></span> 
     </span>
    </p>
   </div>
   <div class='ocr_carea' id='block_1_14' title="bbox 459 1439 2060 1510">
    <p class='ocr_par' dir='ltr' id='par_1_14' title="bbox 459 1439 2060 1510">
     <span class='ocr_line' id='line_1_14' title="bbox 459 1439 2060 1510; baseline -0.001 -16"><span class='ocrx_word' id='word_1_96' title='bbox 459 1449 583 1495; x_wconf 89' lang='lat' dir='ltr'><strong>cata</strong></span> <span class='ocrx_word' id='word_1_97' title='bbox 611 1448 756 1495; x_wconf 92' lang='lat' dir='ltr'><strong>sunt.</strong></span> <span class='ocrx_word' id='word_1_98' title='bbox 793 1439 858 1494; x_wconf 86' lang='lat' dir='ltr'><strong>Hi</strong></span> <span class='ocrx_word' id='word_1_99' title='bbox 889 1454 1022 1495; x_wconf 90' lang='lat' dir='ltr'><strong>vero</strong></span> <span class='ocrx_word' id='word_1_100' title='bbox 1054 1455 1158 1493; x_wconf 94' lang='lat' dir='ltr'><strong>non</strong></span> <span class='ocrx_word' id='word_1_101' title='bbox 1192 1448 1400 1495; x_wconf 88' lang='lat' dir='ltr'><strong>tantum</strong></span> <span class='ocrx_word' id='word_1_102' title='bbox 1429 1441 1721 1510; x_wconf 74' lang='lat' dir='ltr'><strong>impietatis</strong></span> <span class='ocrx_word' id='word_1_103' title='bbox 1747 1442 1954 1495; x_wconf 91' lang='lat' dir='ltr'><strong>crimen</strong></span> <span class='ocrx_word' id='word_1_104' title='bbox 1983 1440 2060 1495; x_wconf 86' lang='lat' dir='ltr'><strong>ef—</strong></span> 
     </span>
    </p>
   </div>
   <div class='ocr_carea' id='block_1_15' title="bbox 459 1531 2063 1604">
    <p class='ocr_par' dir='ltr' id='par_1_15' title="bbox 459 1531 2063 1604">
     <span class='ocr_line' id='line_1_15' title="bbox 459 1531 2063 1604; baseline -0.001 -16"><span class='ocrx_word' id='word_1_105' title='bbox 459 1532 675 1603; x_wconf 83' lang='lat' dir='ltr'><strong>fugiunt</strong></span> <span class='ocrx_word' id='word_1_106' title='bbox 706 1549 718 1585; x_wconf 89' lang='lat'><strong>:</strong></span> <span class='ocrx_word' id='word_1_107' title='bbox 750 1531 846 1588; x_wconf 91' lang='lat' dir='ltr'><strong>sed</strong></span> <span class='ocrx_word' id='word_1_108' title='bbox 873 1573 888 1598; x_wconf 91' lang='lat'><strong>,</strong></span> <span class='ocrx_word' id='word_1_109' title='bbox 926 1532 1069 1598; x_wconf 90' lang='lat' dir='ltr'><strong>quod</strong></span> <span class='ocrx_word' id='word_1_110' title='bbox 1093 1541 1175 1587; x_wconf 92' lang='lat' dir='ltr'><strong>est</strong></span> <span class='ocrx_word' id='word_1_111' title='bbox 1205 1534 1376 1588; x_wconf 87' lang='lat' dir='ltr'><strong>multo</strong></span> <span class='ocrx_word' id='word_1_112' title='bbox 1405 1532 1697 1604; x_wconf 77' lang='lat' dir='ltr'><strong>indignius,</strong></span> <span class='ocrx_word' id='word_1_113' title='bbox 1739 1533 2063 1602; x_wconf 59' lang='lat' dir='ltr'><strong>eloquentiae</strong></span> 
     </span>
    </p>
   </div>
   <div class='ocr_carea' id='block_1_16' title="bbox 461 1625 2064 1697">
    <p class='ocr_par' dir='ltr' id='par_1_16' title="bbox 461 1625 2064 1697">
     <span class='ocr_line' id='line_1_16' title="bbox 461 1625 2064 1697; baseline -0.001 -17"><span class='ocrx_word' id='word_1_114' title='bbox 461 1625 685 1690; x_wconf 87' lang='lat' dir='ltr'><strong>famam,</strong></span> <span class='ocrx_word' id='word_1_115' title='bbox 707 1635 762 1681; x_wconf 89' lang='lat' dir='ltr'><strong>et</strong></span> <span class='ocrx_word' id='word_1_116' title='bbox 787 1625 985 1696; x_wconf 82' lang='lat' dir='ltr'><strong>ingenii</strong></span> <span class='ocrx_word' id='word_1_117' title='bbox 1014 1625 1238 1695; x_wconf 78' lang='lat' dir='ltr'><strong>gloriam</strong></span> <span class='ocrx_word' id='word_1_118' title='bbox 1257 1636 1684 1697; x_wconf 90' lang='lat' dir='ltr'><strong>consequuntur.</strong></span> <span class='ocrx_word' id='word_1_119' title='bbox 1716 1625 1940 1693; x_wconf 84' lang='lat' dir='ltr'><strong>Quid,si</strong></span> <span class='ocrx_word' id='word_1_120' title='bbox 1963 1625 2064 1680; x_wconf 88' lang='lat' dir='ltr'><strong>ali-</strong></span> 
     </span>
    </p>
   </div>
   <div class='ocr_carea' id='block_1_17' title="bbox 459 1719 2068 1791">
    <p class='ocr_par' dir='ltr' id='par_1_17' title="bbox 459 1719 2068 1791">
     <span class='ocr_line' id='line_1_17' title="bbox 459 1719 2068 1791; baseline 0 -17"><span class='ocrx_word' id='word_1_121' title='bbox 459 1720 589 1790; x_wconf 90' lang='lat' dir='ltr'><strong>quid</strong></span> <span class='ocrx_word' id='word_1_122' title='bbox 623 1720 946 1791; x_wconf 88' lang='lat' dir='ltr'><strong>investigare</strong></span> <span class='ocrx_word' id='word_1_123' title='bbox 969 1719 1229 1790; x_wconf 86' lang='lat' dir='ltr'><strong>possent?</strong></span> <span class='ocrx_word' id='word_1_124' title='bbox 1257 1719 1395 1776; x_wconf 87' lang='lat' dir='ltr'><strong>Sunt</strong></span> <span class='ocrx_word' id='word_1_125' title='bbox 1423 1720 1568 1776; x_wconf 92' lang='lat' dir='ltr'><strong>enim</strong></span> <span class='ocrx_word' id='word_1_126' title='bbox 1599 1730 1706 1774; x_wconf 89' lang='lat' dir='ltr'><strong>tam</strong></span> <span class='ocrx_word' id='word_1_127' title='bbox 1733 1720 1880 1774; x_wconf 83' lang='lat' dir='ltr'><strong>stulti</strong></span> <span class='ocrx_word' id='word_1_128' title='bbox 1911 1719 1962 1773; x_wconf 90' lang='lat' dir='ltr'><strong>in</strong></span> <span class='ocrx_word' id='word_1_129' title='bbox 1986 1733 2068 1774; x_wconf 81' lang='lat' dir='ltr'><strong>as-</strong></span> 
     </span>
    </p>
   </div>
   <div class='ocr_carea' id='block_1_18' title="bbox 452 1810 2065 1890">
    <p class='ocr_par' dir='ltr' id='par_1_18' title="bbox 452 1810 2065 1890">
     <span class='ocr_line' id='line_1_18' title="bbox 452 1810 2065 1890; baseline 0.002 -24"><span class='ocrx_word' id='word_1_130' title='bbox 452 1810 788 1890; x_wconf 22' lang='lat' dir='ltr'><strong>lseverando.</strong></span> <span class='ocrx_word' id='word_1_131' title='bbox 833 1826 992 1882; x_wconf 88' lang='lat' dir='ltr'><strong>quam</strong></span> <span class='ocrx_word' id='word_1_132' title='bbox 1026 1812 1255 1884; x_wconf 90' lang='lat' dir='ltr'><strong>improbi</strong></span> <span class='ocrx_word' id='word_1_133' title='bbox 1286 1812 1340 1868; x_wconf 87' lang='lat' dir='ltr'><strong>in</strong></span> <span class='ocrx_word' id='word_1_134' title='bbox 1369 1812 1706 1883; x_wconf 61' lang='lat' dir='ltr'><strong>quaerendo;</strong></span> <span class='ocrx_word' id='word_1_135' title='bbox 1737 1828 1860 1869; x_wconf 90' lang='lat' dir='ltr'><strong>cum</strong></span> <span class='ocrx_word' id='word_1_136' title='bbox 1888 1827 2065 1884; x_wconf 89' lang='lat' dir='ltr'><strong>neque</strong></span> 
     </span>
    </p>
   </div>
   <div class='ocr_carea' id='block_1_19' title="bbox 463 1903 2139 2001">
    <p class='ocr_par' dir='ltr' id='par_1_19' title="bbox 463 1903 2139 2001">
     <span class='ocr_line' id='line_1_19' title="bbox 463 1903 2139 2001; baseline 0.002 -43"><span class='ocrx_word' id='word_1_137' title='bbox 463 1903 709 1959; x_wconf 90' lang='lat' dir='ltr'><strong>invenire</strong></span> <span class='ocrx_word' id='word_1_138' title='bbox 764 1905 1054 1976; x_wconf 90' lang='lat' dir='ltr'><strong>quidquam</strong></span> <span class='ocrx_word' id='word_1_139' title='bbox 1089 1905 1318 1976; x_wconf 88' lang='lat' dir='ltr'><strong>possint,</strong></span> <span class='ocrx_word' id='word_1_140' title='bbox 1360 1920 1460 1961; x_wconf 87' lang='lat' dir='ltr'><strong>nec</strong></span> <span class='ocrx_word' id='word_1_141' title='bbox 1497 1905 1817 1972; x_wconf 81' lang='lat' dir='ltr'><strong>defendere,</strong></span> <span class='ocrx_word' id='word_1_142' title='bbox 1849 1907 2060 1962; x_wconf 87' lang='lat' dir='ltr'><strong>etiamsi</strong></span> <span class='ocrx_word' id='word_1_143' title='bbox 2091 1941 2139 2001; x_wconf 81' lang='grc' dir='ltr'><strong>Β</strong></span> 
     </span>
    </p>
   </div>
   <div class='ocr_carea' id='block_1_20' title="bbox 463 1995 2058 2071">
    <p class='ocr_par' dir='ltr' id='par_1_20' title="bbox 463 1995 2058 2071">
     <span class='ocr_line' id='line_1_20' title="bbox 463 1995 2058 2071; baseline 0.004 -19"><span class='ocrx_word' id='word_1_144' title='bbox 463 1995 788 2053; x_wconf 87' lang='lat' dir='ltr'><strong>invenerint.</strong></span> <span class='ocrx_word' id='word_1_145' title='bbox 816 1997 949 2054; x_wconf 87' lang='lat' dir='ltr'><strong>Nam</strong></span> <span class='ocrx_word' id='word_1_146' title='bbox 979 2000 1023 2054; x_wconf 92' lang='lat' dir='ltr'><strong>si</strong></span> <span class='ocrx_word' id='word_1_147' title='bbox 1043 2015 1230 2056; x_wconf 88' lang='lat' dir='ltr'><strong>verum</strong></span> <span class='ocrx_word' id='word_1_148' title='bbox 1260 2001 1342 2056; x_wconf 86' lang='lat' dir='ltr'><strong>vel</strong></span> <span class='ocrx_word' id='word_1_149' title='bbox 1371 1999 1594 2056; x_wconf 90' lang='lat' dir='ltr'><strong>fortuito</strong></span> <span class='ocrx_word' id='word_1_150' title='bbox 1621 2001 1889 2070; x_wconf 91' lang='lat' dir='ltr'><strong>viderint,</strong></span> <span class='ocrx_word' id='word_1_151' title='bbox 1913 2003 2058 2071; x_wconf 92' lang='lat' dir='ltr'><strong>quod</strong></span> 
     </span>
    </p>
   </div>
   <div class='ocr_carea' id='block_1_21' title="bbox 463 2088 2060 2164">
    <p class='ocr_par' dir='ltr' id='par_1_21' title="bbox 463 2088 2060 2164">
     <span class='ocr_line' id='line_1_21' title="bbox 463 2088 2060 2164; baseline 0.006 -23"><span class='ocrx_word' id='word_1_152' title='bbox 463 2088 665 2156; x_wconf 64' lang='lat' dir='ltr'><strong>saepius</strong></span> <span class='ocrx_word' id='word_1_153' title='bbox 693 2090 973 2161; x_wconf 90' lang='lat' dir='ltr'><strong>contingit,</strong></span> <span class='ocrx_word' id='word_1_154' title='bbox 1005 2095 1373 2157; x_wconf 91' lang='lat' dir='ltr'><strong>committunt,</strong></span> <span class='ocrx_word' id='word_1_155' title='bbox 1403 2102 1461 2148; x_wconf 92' lang='lat' dir='ltr'><strong>ut</strong></span> <span class='ocrx_word' id='word_1_156' title='bbox 1489 2093 1556 2147; x_wconf 90' lang='lat' dir='ltr'><strong>ab</strong></span> <span class='ocrx_word' id='word_1_157' title='bbox 1587 2093 1707 2148; x_wconf 90' lang='lat' dir='ltr'><strong>aliis</strong></span> <span class='ocrx_word' id='word_1_158' title='bbox 1735 2093 1787 2148; x_wconf 88' lang='lat' dir='ltr'><strong>id</strong></span> <span class='ocrx_word' id='word_1_159' title='bbox 1809 2109 1905 2164; x_wconf 90' lang='lat' dir='ltr'><strong>pro</strong></span> <span class='ocrx_word' id='word_1_160' title='bbox 1923 2094 2060 2150; x_wconf 89' lang='lat' dir='ltr'><strong>falso</strong></span> 
     </span>
    </p>
   </div>
   <div class='ocr_carea' id='block_1_22' title="bbox 462 2176 2061 2258">
    <p class='ocr_par' dir='ltr' id='par_1_22' title="bbox 462 2176 2061 2258">
     <span class='ocr_line' id='line_1_22' title="bbox 462 2176 2061 2258; baseline 0.005 -24"><span class='ocrx_word' id='word_1_161' title='bbox 462 2176 763 2234; x_wconf 81' lang='lat' dir='ltr'><strong>refellatur.</strong></span> <span class='ocrx_word' id='word_1_162' title='bbox 795 2180 911 2236; x_wconf 84' lang='lat' dir='ltr'><strong>Non</strong></span> <span class='ocrx_word' id='word_1_163' title='bbox 962 2183 1105 2237; x_wconf 90' lang='lat' dir='ltr'><strong>enim</strong></span> <span class='ocrx_word' id='word_1_164' title='bbox 1152 2183 1436 2240; x_wconf 90' lang='lat' dir='ltr'><strong>descendit</strong></span> <span class='ocrx_word' id='word_1_165' title='bbox 1463 2185 1658 2255; x_wconf 88' lang='lat' dir='ltr'><strong>aliquis</strong></span> <span class='ocrx_word' id='word_1_166' title='bbox 1684 2185 1752 2241; x_wconf 91' lang='lat' dir='ltr'><strong>de</strong></span> <span class='ocrx_word' id='word_1_167' title='bbox 1780 2187 1941 2255; x_wconf 72' lang='lat' dir='ltr'><strong>cmlo,</strong></span> <span class='ocrx_word' id='word_1_168' title='bbox 1972 2189 2061 2258; x_wconf 92' lang='lat' dir='ltr'><strong>qni</strong></span> 
     </span>
    </p>
   </div>
   <div class='ocr_carea' id='block_1_23' title="bbox 466 2274 2063 2351">
    <p class='ocr_par' dir='ltr' id='par_1_23' title="bbox 466 2274 2063 2351">
     <span class='ocr_line' id='line_1_23' title="bbox 466 2274 2063 2351; baseline 0.006 -25"><span class='ocrx_word' id='word_1_169' title='bbox 466 2274 787 2329; x_wconf 87' lang='lat' dir='ltr'><strong>sententiam</strong></span> <span class='ocrx_word' id='word_1_170' title='bbox 831 2276 898 2332; x_wconf 91' lang='lat' dir='ltr'><strong>de</strong></span> <span class='ocrx_word' id='word_1_171' title='bbox 949 2278 1285 2348; x_wconf 90' lang='lat' dir='ltr'><strong>singulorum</strong></span> <span class='ocrx_word' id='word_1_172' title='bbox 1331 2279 1676 2350; x_wconf 82' lang='lat' dir='ltr'><strong>Opinionibus</strong></span> <span class='ocrx_word' id='word_1_173' title='bbox 1720 2278 1898 2334; x_wconf 79' lang='lat' dir='ltr'><strong>ferat:</strong></span> <span class='ocrx_word' id='word_1_174' title='bbox 1931 2296 2063 2351; x_wconf 89' lang='lat' dir='ltr'><strong>qua-</strong></span> 
     </span>
    </p>
   </div>
   <div class='ocr_carea' id='block_1_24' title="bbox 465 2371 2062 2446">
    <p class='ocr_par' dir='ltr' id='par_1_24' title="bbox 465 2371 2062 2446">
     <span class='ocr_line' id='line_1_24' title="bbox 465 2371 2062 2446; baseline 0.003 -20"><span class='ocrx_word' id='word_1_175' title='bbox 465 2380 689 2442; x_wconf 86' lang='lat' dir='ltr'><strong>propter</strong></span> <span class='ocrx_word' id='word_1_176' title='bbox 719 2385 877 2426; x_wconf 90' lang='lat' dir='ltr'><strong>nemo</strong></span> <span class='ocrx_word' id='word_1_177' title='bbox 908 2371 1257 2439; x_wconf 85' lang='lat' dir='ltr'><strong>dubitaverit,</strong></span> <span class='ocrx_word' id='word_1_178' title='bbox 1287 2389 1404 2438; x_wconf 91' lang='lat' dir='ltr'><strong>eos,</strong></span> <span class='ocrx_word' id='word_1_179' title='bbox 1436 2373 1528 2445; x_wconf 91' lang='lat' dir='ltr'><strong>qui</strong></span> <span class='ocrx_word' id='word_1_180' title='bbox 1575 2376 1675 2431; x_wconf 89' lang='lat' dir='ltr'><strong>ista</strong></span> <span class='ocrx_word' id='word_1_181' title='bbox 1702 2377 2062 2446; x_wconf 87' lang='lat' dir='ltr'><strong>conquirant,</strong></span> 
     </span>
    </p>
   </div>
   <div class='ocr_carea' id='block_1_25' title="bbox 463 2462 1365 2532">
    <p class='ocr_par' dir='ltr' id='par_1_25' title="bbox 463 2462 1365 2532">
     <span class='ocr_line' id='line_1_25' title="bbox 463 2462 1365 2532; baseline 0.002 -15"><span class='ocrx_word' id='word_1_182' title='bbox 463 2462 684 2529; x_wconf 85' lang='lat' dir='ltr'><strong>stultos,</strong></span> <span class='ocrx_word' id='word_1_183' title='bbox 715 2462 950 2532; x_wconf 91' lang='lat' dir='ltr'><strong>ineptos,</strong></span> <span class='ocrx_word' id='word_1_184' title='bbox 976 2465 1198 2519; x_wconf 90' lang='lat' dir='ltr'><strong>insanos</strong></span> <span class='ocrx_word' id='word_1_185' title='bbox 1223 2479 1365 2521; x_wconf 84' lang='lat' dir='ltr'><strong>esse.</strong></span> 
     </span>
    </p>
   </div>
   <div class='ocr_carea' id='block_1_26' title="bbox 463 2556 2069 2631">
    <p class='ocr_par' dir='ltr' id='par_1_26' title="bbox 463 2556 2069 2631">
     <span class='ocr_line' id='line_1_26' title="bbox 463 2556 2069 2631; baseline 0.004 -22"><span class='ocrx_word' id='word_1_186' title='bbox 463 2557 478 2620; x_wconf 66' lang='grc' dir='ltr'><strong><em>ι</em></strong></span> <span class='ocrx_word' id='word_1_187' title='bbox 536 2556 753 2624; x_wconf 83' lang='lat' dir='ltr'><strong>Aliquid</strong></span> <span class='ocrx_word' id='word_1_188' title='bbox 792 2571 924 2628; x_wconf 88' lang='lat' dir='ltr'><strong>ergo</strong></span> <span class='ocrx_word' id='word_1_189' title='bbox 963 2557 1233 2626; x_wconf 66' lang='lat' dir='ltr'><strong>Socrates}</strong></span> <span class='ocrx_word' id='word_1_190' title='bbox 1254 2557 1442 2613; x_wconf 89' lang='lat' dir='ltr'><strong>habuit</strong></span> <span class='ocrx_word' id='word_1_191' title='bbox 1475 2559 1655 2615; x_wconf 89' lang='lat' dir='ltr'><strong>cordis</strong></span> <span class='ocrx_word' id='word_1_192' title='bbox 1689 2559 1946 2626; x_wconf 91' lang='lat' dir='ltr'><strong>humani,</strong></span> <span class='ocrx_word' id='word_1_193' title='bbox 1977 2561 2069 2631; x_wconf 92' lang='lat' dir='ltr'><strong>qui</strong></span> 
     </span>
    </p>
   </div>
   <div class='ocr_carea' id='block_1_27' title="bbox 463 2649 2068 2722">
    <p class='ocr_par' dir='ltr' id='par_1_27' title="bbox 463 2649 2068 2722">
     <span class='ocr_line' id='line_1_27' title="bbox 463 2649 2068 2722; baseline 0.001 -17"><span class='ocrx_word' id='word_1_194' title='bbox 463 2662 589 2705; x_wconf 90' lang='lat' dir='ltr'><strong>cum</strong></span> <span class='ocrx_word' id='word_1_195' title='bbox 623 2649 955 2720; x_wconf 87' lang='lat' dir='ltr'><strong>intelligeret</strong></span> <span class='ocrx_word' id='word_1_196' title='bbox 979 2651 1096 2706; x_wconf 79' lang='lat' dir='ltr'><strong>hzec</strong></span> <span class='ocrx_word' id='word_1_197' title='bbox 1121 2665 1230 2705; x_wconf 93' lang='lat' dir='ltr'><strong>non</strong></span> <span class='ocrx_word' id='word_1_198' title='bbox 1259 2665 1418 2720; x_wconf 88' lang='lat' dir='ltr'><strong>posse</strong></span> <span class='ocrx_word' id='word_1_199' title='bbox 1450 2651 1704 2714; x_wconf 86' lang='lat' dir='ltr'><strong>inveniri,</strong></span> <span class='ocrx_word' id='word_1_200' title='bbox 1735 2651 1804 2706; x_wconf 88' lang='lat' dir='ltr'><strong>ab</strong></span> <span class='ocrx_word' id='word_1_201' title='bbox 1833 2653 2068 2722; x_wconf 91' lang='lat' dir='ltr'><strong>ejusmo-</strong></span> 
     </span>
    </p>
   </div>
   <div class='ocr_carea' id='block_1_28' title="bbox 463 2740 2068 2813">
    <p class='ocr_par' dir='ltr' id='par_1_28' title="bbox 463 2740 2068 2813">
     <span class='ocr_line' id='line_1_28' title="bbox 463 2740 2068 2813; baseline 0.002 -18"><span class='ocrx_word' id='word_1_202' title='bbox 463 2740 520 2796; x_wconf 91' lang='lat' dir='ltr'><strong>di</strong></span> <span class='ocrx_word' id='word_1_203' title='bbox 543 2742 933 2812; x_wconf 74' lang='lat' dir='ltr'><strong>qutestionibus</strong></span> <span class='ocrx_word' id='word_1_204' title='bbox 954 2755 1016 2798; x_wconf 87' lang='lat' dir='ltr'><strong>se</strong></span> <span class='ocrx_word' id='word_1_205' title='bbox 1044 2743 1305 2809; x_wconf 89' lang='lat' dir='ltr'><strong>removit;</strong></span> <span class='ocrx_word' id='word_1_206' title='bbox 1333 2758 1633 2813; x_wconf 85' lang='lat' dir='ltr'><strong>vereorque</strong></span> <span class='ocrx_word' id='word_1_207' title='bbox 1662 2759 1729 2799; x_wconf 90' lang='lat' dir='ltr'><strong>ne</strong></span> <span class='ocrx_word' id='word_1_208' title='bbox 1752 2745 1802 2798; x_wconf 91' lang='lat' dir='ltr'><strong>in</strong></span> <span class='ocrx_word' id='word_1_209' title='bbox 1828 2758 1895 2800; x_wconf 92' lang='lat' dir='ltr'><strong>eo</strong></span> <span class='ocrx_word' id='word_1_210' title='bbox 1925 2745 2068 2799; x_wconf 89' lang='lat' dir='ltr'><strong>solo.</strong></span> 
     </span>
    </p>
   </div>
   <div class='ocr_carea' id='block_1_29' title="bbox 467 2833 2068 2908">
    <p class='ocr_par' dir='ltr' id='par_1_29' title="bbox 467 2833 2068 2908">
     <span class='ocr_line' id='line_1_29' title="bbox 467 2833 2068 2908; baseline 0.002 -19"><span class='ocrx_word' id='word_1_211' title='bbox 467 2833 637 2889; x_wconf 79' lang='lat' dir='ltr'><strong>Multa</strong></span> <span class='ocrx_word' id='word_1_212' title='bbox 665 2834 810 2890; x_wconf 87' lang='lat' dir='ltr'><strong>enim</strong></span> <span class='ocrx_word' id='word_1_213' title='bbox 841 2843 968 2889; x_wconf 90' lang='lat' dir='ltr'><strong>sunt</strong></span> <span class='ocrx_word' id='word_1_214' title='bbox 1006 2835 1124 2906; x_wconf 88' lang='lat' dir='ltr'><strong>ejus</strong></span> <span class='ocrx_word' id='word_1_215' title='bbox 1154 2851 1261 2892; x_wconf 92' lang='lat' dir='ltr'><strong>non</strong></span> <span class='ocrx_word' id='word_1_216' title='bbox 1300 2836 1462 2891; x_wconf 91' lang='lat' dir='ltr'><strong>modo</strong></span> <span class='ocrx_word' id='word_1_217' title='bbox 1491 2836 1649 2892; x_wconf 88' lang='lat' dir='ltr'><strong>laude</strong></span> <span class='ocrx_word' id='word_1_218' title='bbox 1687 2837 1902 2908; x_wconf 91' lang='lat' dir='ltr'><strong>indigna</strong></span> <span class='ocrx_word' id='word_1_219' title='bbox 1929 2880 1944 2903; x_wconf 93' lang='lat'><strong>,</strong></span> <span class='ocrx_word' id='word_1_220' title='bbox 1972 2837 2068 2894; x_wconf 91' lang='lat' dir='ltr'><strong>sed</strong></span> 
     </span>
    </p>
   </div>
   <div class='ocr_carea' id='block_1_30' title="bbox 464 2924 2066 3002">
    <p class='ocr_par' dir='ltr' id='par_1_30' title="bbox 464 2924 2066 3002">
     <span class='ocr_line' id='line_1_30' title="bbox 464 2924 2066 3002; baseline 0.002 -19"><span class='ocrx_word' id='word_1_221' title='bbox 464 2927 631 2983; x_wconf 89' lang='lat' dir='ltr'><strong>etiam</strong></span> <span class='ocrx_word' id='word_1_222' title='bbox 661 2927 1088 2999; x_wconf 87' lang='lat' dir='ltr'><strong>reprehensione</strong></span> <span class='ocrx_word' id='word_1_223' title='bbox 1131 2924 1468 3002; x_wconf 78' lang='lat' dir='ltr'><strong>dignissima,</strong></span> <span class='ocrx_word' id='word_1_224' title='bbox 1502 2931 1554 2985; x_wconf 91' lang='lat' dir='ltr'><strong>in</strong></span> <span class='ocrx_word' id='word_1_225' title='bbox 1585 2931 1779 3001; x_wconf 87' lang='lat' dir='ltr'><strong>quibus</strong></span> <span class='ocrx_word' id='word_1_226' title='bbox 1808 2931 1907 2986; x_wconf 91' lang='lat' dir='ltr'><strong>fuit</strong></span> <span class='ocrx_word' id='word_1_227' title='bbox 1937 2947 2066 2986; x_wconf 89' lang='lat' dir='ltr'><strong>suo-</strong></span> 
     </span>
    </p>
   </div>
   <div class='ocr_carea' id='block_1_31' title="bbox 2162 601 3638 676">
    <p class='ocr_par' dir='ltr' id='par_1_31' title="bbox 2162 601 3638 676">
     <span class='ocr_line' id='line_1_31' title="bbox 2162 601 3638 676; baseline 0.011 -20"><span class='ocrx_word' id='word_1_228' title='bbox 2162 601 2262 656; x_wconf 92' lang='lat' dir='ltr'><strong>bns</strong></span> <span class='ocrx_word' id='word_1_229' title='bbox 2289 604 2358 655; x_wconf 89' lang='lat' dir='ltr'><strong>sit</strong></span> <span class='ocrx_word' id='word_1_230' title='bbox 2397 601 2700 672; x_wconf 87' lang='lat' dir='ltr'><strong>probatum.</strong></span> <span class='ocrx_word' id='word_1_231' title='bbox 2741 602 2966 658; x_wconf 85' lang='lat' dir='ltr'><strong>Celebre</strong></span> <span class='ocrx_word' id='word_1_232' title='bbox 2994 603 3097 659; x_wconf 87' lang='lat' dir='ltr'><strong>hoc</strong></span> <span class='ocrx_word' id='word_1_233' title='bbox 3129 606 3452 673; x_wconf 89' lang='lat' dir='ltr'><strong>proverbium</strong></span> <span class='ocrx_word' id='word_1_234' title='bbox 3478 611 3638 676; x_wconf 72' lang='lat' dir='ltr'><strong>Socrates</strong></span> 
     </span>
    </p>
   </div>
   <div class='ocr_carea' id='block_1_32' title="bbox 2161 693 3641 768">
    <p class='ocr_par' dir='ltr' id='par_1_32' title="bbox 2161 693 3641 768">
     <span class='ocr_line' id='line_1_32' title="bbox 2161 693 3641 768; baseline 0.01 -19"><span class='ocrx_word' id='word_1_235' title='bbox 2161 693 2350 749; x_wconf 88' lang='lat' dir='ltr'><strong>habuit</strong></span> <span class='ocrx_word' id='word_1_236' title='bbox 2377 712 2392 750; x_wconf 87' lang='lat'><strong>:</strong></span> <span class='ocrx_word' id='word_1_237' title='bbox 2431 713 2450 746; x_wconf 83' lang='grc'><em>‹</em></span> <span class='ocrx_word' id='word_1_238' title='bbox 2484 695 2636 768; x_wconf 64' lang='lat' dir='ltr'><strong>Quod</strong></span> <span class='ocrx_word' id='word_1_239' title='bbox 2677 710 2840 767; x_wconf 77' lang='lat' dir='ltr'><strong>supra</strong></span> <span class='ocrx_word' id='word_1_240' title='bbox 2872 696 3170 766; x_wconf 63' lang='lat' dir='ltr'><strong>n9§_,_g_ihil</strong></span> <span class='ocrx_word' id='word_1_241' title='bbox 3201 696 3265 750; x_wconf 88' lang='lat' dir='ltr'><strong>ad</strong></span> <span class='ocrx_word' id='word_1_242' title='bbox 3292 711 3402 753; x_wconf 93' lang='lat' dir='ltr'><strong>nos.</strong></span> <span class='ocrx_word' id='word_1_243' title='bbox 3431 718 3448 752; x_wconf 64' lang='grc' dir='ltr'><strong><em>ν</em></strong></span> <span class='ocrx_word' id='word_1_244' title='bbox 3473 702 3641 764; x_wconf 83' lang='lat' dir='ltr'><strong>Procum-</strong></span> 
     </span>
    </p>
   </div>
   <div class='ocr_carea' id='block_1_33' title="bbox 2161 786 3640 861">
    <p class='ocr_par' dir='ltr' id='par_1_33' title="bbox 2161 786 3640 861">
     <span class='ocr_line' id='line_1_33' title="bbox 2161 786 3640 861; baseline 0.005 -19"><span class='ocrx_word' id='word_1_245' title='bbox 2161 786 2355 842; x_wconf 88' lang='lat' dir='ltr'><strong>bamus</strong></span> <span class='ocrx_word' id='word_1_246' title='bbox 2385 787 2544 858; x_wconf 88' lang='lat' dir='ltr'><strong>igitur</strong></span> <span class='ocrx_word' id='word_1_247' title='bbox 2572 788 2623 841; x_wconf 92' lang='lat' dir='ltr'><strong>in</strong></span> <span class='ocrx_word' id='word_1_248' title='bbox 2657 796 2881 852; x_wconf 89' lang='lat' dir='ltr'><strong>terram,</strong></span> <span class='ocrx_word' id='word_1_249' title='bbox 2912 799 2966 842; x_wconf 93' lang='lat' dir='ltr'><strong>et</strong></span> <span class='ocrx_word' id='word_1_250' title='bbox 2995 802 3188 842; x_wconf 92' lang='lat' dir='ltr'><strong>manus</strong></span> <span class='ocrx_word' id='word_1_251' title='bbox 3215 788 3362 843; x_wconf 87' lang='lat' dir='ltr'><strong>nobis</strong></span> <span class='ocrx_word' id='word_1_252' title='bbox 3389 791 3446 845; x_wconf 90' lang='lat' dir='ltr'><strong>ad</strong></span> <span class='ocrx_word' id='word_1_253' title='bbox 3476 799 3640 861; x_wconf 71' lang='lat' dir='ltr'><strong>praebia</strong></span> 
     </span>
    </p>
   </div>
   <div class='ocr_carea' id='block_1_34' title="bbox 2161 878 3642 950">
    <p class='ocr_par' dir='ltr' id='par_1_34' title="bbox 2161 878 3642 950">
     <span class='ocr_line' id='line_1_34' title="bbox 2161 878 3642 950; baseline 0.007 -16"><span class='ocrx_word' id='word_1_254' title='bbox 2161 893 2327 948; x_wconf 82' lang='lat' dir='ltr'><strong>Opera</strong></span> <span class='ocrx_word' id='word_1_255' title='bbox 2355 878 2508 933; x_wconf 87' lang='lat' dir='ltr'><strong>datas</strong></span> <span class='ocrx_word' id='word_1_256' title='bbox 2538 887 2924 934; x_wconf 90' lang='lat' dir='ltr'><strong>convertamus</strong></span> <span class='ocrx_word' id='word_1_257' title='bbox 2955 879 3005 933; x_wconf 92' lang='lat' dir='ltr'><strong>in</strong></span> <span class='ocrx_word' id='word_1_258' title='bbox 3035 878 3222 950; x_wconf 89' lang='lat' dir='ltr'><strong>pedes.</strong></span> <span class='ocrx_word' id='word_1_259' title='bbox 3251 878 3387 935; x_wconf 81' lang='lat' dir='ltr'><strong>Nihil</strong></span> <span class='ocrx_word' id='word_1_260' title='bbox 3421 883 3476 936; x_wconf 89' lang='lat' dir='ltr'><strong>ad</strong></span> <span class='ocrx_word' id='word_1_261' title='bbox 3500 901 3642 947; x_wconf 73' lang='lat' dir='ltr'><strong>noscu-</strong></span> 
     </span>
    </p>
   </div>
   <div class='ocr_carea' id='block_1_35' title="bbox 2162 969 3644 1042">
    <p class='ocr_par' dir='ltr' id='par_1_35' title="bbox 2162 969 3644 1042">
     <span class='ocr_line' id='line_1_35' title="bbox 2162 969 3644 1042; baseline 0.002 -18"><span class='ocrx_word' id='word_1_262' title='bbox 2162 969 2295 1035; x_wconf 91' lang='lat' dir='ltr'><strong>lum,</strong></span> <span class='ocrx_word' id='word_1_263' title='bbox 2339 969 2406 1024; x_wconf 91' lang='lat' dir='ltr'><strong>ad</strong></span> <span class='ocrx_word' id='word_1_264' title='bbox 2434 971 2590 1039; x_wconf 90' lang='lat' dir='ltr'><strong>cujus</strong></span> <span class='ocrx_word' id='word_1_265' title='bbox 2628 971 3144 1042; x_wconf 84' lang='lat' dir='ltr'><strong>contemplationem</strong></span> <span class='ocrx_word' id='word_1_266' title='bbox 3189 987 3368 1027; x_wconf 88' lang='lat' dir='ltr'><strong>sumus</strong></span> <span class='ocrx_word' id='word_1_267' title='bbox 3392 976 3644 1040; x_wconf 52' lang='lat' dir='ltr'><strong>excitatum.</strong></span> 
     </span>
    </p>
   </div>
   <div class='ocr_carea' id='block_1_36' title="bbox 2165 1063 3640 1133">
    <p class='ocr_par' dir='ltr' id='par_1_36' title="bbox 2165 1063 3640 1133">
     <span class='ocr_line' id='line_1_36' title="bbox 2165 1063 3640 1133; baseline 0.008 -16"><span class='ocrx_word' id='word_1_268' title='bbox 2165 1063 2238 1117; x_wconf 92' lang='lat' dir='ltr'><strong>hil</strong></span> <span class='ocrx_word' id='word_1_269' title='bbox 2289 1063 2524 1133; x_wconf 92' lang='lat' dir='ltr'><strong>denique</strong></span> <span class='ocrx_word' id='word_1_270' title='bbox 2576 1063 2666 1117; x_wconf 81' lang='lat' dir='ltr'><strong>lux</strong></span> <span class='ocrx_word' id='word_1_271' title='bbox 2709 1063 2821 1133; x_wconf 90' lang='lat' dir='ltr'><strong>ipsa</strong></span> <span class='ocrx_word' id='word_1_272' title='bbox 2864 1063 3135 1132; x_wconf 86' lang='lat' dir='ltr'><strong>pertineat</strong></span> <span class='ocrx_word' id='word_1_273' title='bbox 3165 1081 3180 1118; x_wconf 89' lang='lat'><strong>:</strong></span> <span class='ocrx_word' id='word_1_274' title='bbox 3211 1074 3353 1120; x_wconf 82' lang='lat' dir='ltr'><strong>certe</strong></span> <span class='ocrx_word' id='word_1_275' title='bbox 3380 1065 3527 1124; x_wconf 89' lang='lat' dir='ltr'><strong>victus</strong></span> <span class='ocrx_word' id='word_1_276' title='bbox 3546 1081 3640 1129; x_wconf 81' lang='lat' dir='ltr'><strong>nostri</strong></span> 
     </span>
    </p>
   </div>
   <div class='ocr_carea' id='block_1_37' title="bbox 2161 1155 3641 1224">
    <p class='ocr_par' dir='ltr' id='par_1_37' title="bbox 2161 1155 3641 1224">
     <span class='ocr_line' id='line_1_37' title="bbox 2161 1155 3641 1224; baseline 0.002 -13"><span class='ocrx_word' id='word_1_277' title='bbox 2161 1171 2320 1211; x_wconf 89' lang='lat' dir='ltr'><strong>causa</strong></span> <span class='ocrx_word' id='word_1_278' title='bbox 2368 1156 2435 1212; x_wconf 92' lang='lat' dir='ltr'><strong>de</strong></span> <span class='ocrx_word' id='word_1_279' title='bbox 2479 1156 2618 1212; x_wconf 88' lang='lat' dir='ltr'><strong>coelo</strong></span> <span class='ocrx_word' id='word_1_280' title='bbox 2655 1165 2757 1212; x_wconf 90' lang='lat' dir='ltr'><strong>est.</strong></span> <span class='ocrx_word' id='word_1_281' title='bbox 2782 1156 2933 1222; x_wconf 88' lang='lat' dir='ltr'><strong>Quod</strong></span> <span class='ocrx_word' id='word_1_282' title='bbox 2965 1157 3008 1211; x_wconf 93' lang='lat' dir='ltr'><strong>si</strong></span> <span class='ocrx_word' id='word_1_283' title='bbox 3039 1155 3144 1211; x_wconf 90' lang='lat' dir='ltr'><strong>hoc</strong></span> <span class='ocrx_word' id='word_1_284' title='bbox 3173 1157 3378 1224; x_wconf 93' lang='lat' dir='ltr'><strong>sensit,</strong></span> <span class='ocrx_word' id='word_1_285' title='bbox 3401 1174 3490 1214; x_wconf 92' lang='lat' dir='ltr'><strong>non</strong></span> <span class='ocrx_word' id='word_1_286' title='bbox 3511 1169 3641 1224; x_wconf 59' lang='lat' dir='ltr'><strong>esseda</strong></span> 
     </span>
    </p>
   </div>
   <div class='ocr_carea' id='block_1_38' title="bbox 2165 1250 3643 1324">
    <p class='ocr_par' dir='ltr' id='par_1_38' title="bbox 2165 1250 3643 1324">
     <span class='ocr_line' id='line_1_38' title="bbox 2165 1250 3643 1324; baseline 0.007 -20"><span class='ocrx_word' id='word_1_287' title='bbox 2165 1250 2326 1305; x_wconf 88' lang='lat' dir='ltr'><strong>rebus</strong></span> <span class='ocrx_word' id='word_1_288' title='bbox 2350 1250 2672 1305; x_wconf 72' lang='lat' dir='ltr'><strong>coelestibus</strong></span> <span class='ocrx_word' id='word_1_289' title='bbox 2692 1250 3097 1320; x_wconf 79' lang='lat' dir='ltr'><strong>disputandum,</strong></span> <span class='ocrx_word' id='word_1_290' title='bbox 3122 1265 3191 1305; x_wconf 88' lang='lat' dir='ltr'><strong>ne</strong></span> <span class='ocrx_word' id='word_1_291' title='bbox 3214 1251 3414 1306; x_wconf 90' lang='lat' dir='ltr'><strong>illorum</strong></span> <span class='ocrx_word' id='word_1_292' title='bbox 3435 1257 3590 1324; x_wconf 89' lang='lat' dir='ltr'><strong>quidem</strong></span> <span class='ocrx_word' id='word_1_293' title='bbox 3604 1278 3643 1315; x_wconf 65' lang='lat' dir='ltr'><strong>ri</strong></span> 
     </span>
    </p>
   </div>
   <div class='ocr_carea' id='block_1_39' title="bbox 2164 1342 3642 1414">
    <p class='ocr_par' dir='ltr' id='par_1_39' title="bbox 2164 1342 3642 1414">
     <span class='ocr_line' id='line_1_39' title="bbox 2164 1342 3642 1414; baseline 0.007 -18"><span class='ocrx_word' id='word_1_294' title='bbox 2164 1343 2366 1398; x_wconf 89' lang='lat' dir='ltr'><strong>tionem</strong></span> <span class='ocrx_word' id='word_1_295' title='bbox 2401 1351 2610 1412; x_wconf 88' lang='lat' dir='ltr'><strong>poterat</strong></span> <span class='ocrx_word' id='word_1_296' title='bbox 2637 1342 3124 1414; x_wconf 87' lang='lat' dir='ltr'><strong>comprehendere,</strong></span> <span class='ocrx_word' id='word_1_297' title='bbox 3153 1358 3272 1413; x_wconf 75' lang='lat' dir='ltr'><strong>qute</strong></span> <span class='ocrx_word' id='word_1_298' title='bbox 3299 1345 3393 1400; x_wconf 93' lang='lat' dir='ltr'><strong>sub</strong></span> <span class='ocrx_word' id='word_1_299' title='bbox 3419 1349 3642 1414; x_wconf 71' lang='lat' dir='ltr'><strong>pedibusba-</strong></span> 
     </span>
    </p>
   </div>
   <div class='ocr_carea' id='block_1_40' title="bbox 2165 1429 3662 1511">
    <p class='ocr_par' dir='ltr' id='par_1_40' title="bbox 2165 1429 3662 1511">
     <span class='ocr_line' id='line_1_40' title="bbox 2165 1429 3662 1511; baseline 0.006 -21"><span class='ocrx_word' id='word_1_300' title='bbox 2165 1435 2348 1492; x_wconf 91' lang='lat' dir='ltr'><strong>bebat.</strong></span> <span class='ocrx_word' id='word_1_301' title='bbox 2381 1435 2520 1502; x_wconf 85' lang='lat' dir='ltr'><strong>Quid</strong></span> <span class='ocrx_word' id='word_1_302' title='bbox 2549 1437 2718 1511; x_wconf 71' lang='lat' dir='ltr'><strong>ergo?</strong></span> <span class='ocrx_word' id='word_1_303' title='bbox 2747 1453 2872 1491; x_wconf 91' lang='lat' dir='ltr'><strong>num</strong></span> <span class='ocrx_word' id='word_1_304' title='bbox 2899 1436 3106 1492; x_wconf 91' lang='lat' dir='ltr'><strong>erravit</strong></span> <span class='ocrx_word' id='word_1_305' title='bbox 3132 1436 3188 1490; x_wconf 92' lang='lat' dir='ltr'><strong>in</strong></span> <span class='ocrx_word' id='word_1_306' title='bbox 3213 1437 3384 1492; x_wconf 87' lang='lat' dir='ltr'><strong>verbis</strong></span> <span class='ocrx_word' id='word_1_307' title='bbox 3403 1439 3424 1490; x_wconf 85' lang='lat'><strong>?</strong></span> <span class='ocrx_word' id='word_1_308' title='bbox 3445 1439 3642 1501; x_wconf 76' lang='lat' dir='ltr'><strong>Verisimile</strong></span> <span class='ocrx_word' id='word_1_309' title='bbox 3656 1429 3662 1463; x_wconf 53' lang='grc'><em>’·</em></span> 
     </span>
    </p>
   </div>
   <div class='ocr_carea' id='block_1_41' title="bbox 2165 1527 3639 1598">
    <p class='ocr_par' dir='ltr' id='par_1_41' title="bbox 2165 1527 3639 1598">
     <span class='ocr_line' id='line_1_41' title="bbox 2165 1527 3639 1598; baseline 0.006 -16"><span class='ocrx_word' id='word_1_310' title='bbox 2165 1543 2272 1583; x_wconf 92' lang='lat' dir='ltr'><strong>non</strong></span> <span class='ocrx_word' id='word_1_311' title='bbox 2301 1536 2385 1583; x_wconf 92' lang='lat' dir='ltr'><strong>est</strong></span> <span class='ocrx_word' id='word_1_312' title='bbox 2415 1545 2427 1581; x_wconf 87' lang='lat'><strong>:</strong></span> <span class='ocrx_word' id='word_1_313' title='bbox 2462 1527 2555 1583; x_wconf 91' lang='lat' dir='ltr'><strong>sed</strong></span> <span class='ocrx_word' id='word_1_314' title='bbox 2594 1530 2848 1584; x_wconf 92' lang='lat' dir='ltr'><strong>nimirum</strong></span> <span class='ocrx_word' id='word_1_315' title='bbox 2898 1529 2950 1583; x_wconf 93' lang='lat' dir='ltr'><strong>id</strong></span> <span class='ocrx_word' id='word_1_316' title='bbox 2983 1528 3196 1594; x_wconf 92' lang='lat' dir='ltr'><strong>sensit,</strong></span> <span class='ocrx_word' id='word_1_317' title='bbox 3227 1528 3365 1598; x_wconf 91' lang='lat' dir='ltr'><strong>quod</strong></span> <span class='ocrx_word' id='word_1_318' title='bbox 3389 1529 3639 1596; x_wconf 81' lang='lat' dir='ltr'><strong>locutusest.</strong></span> 
     </span>
    </p>
   </div>
   <div class='ocr_carea' id='block_1_42' title="bbox 2167 1620 3639 1693">
    <p class='ocr_par' dir='ltr' id='par_1_42' title="bbox 2167 1620 3639 1693">
     <span class='ocr_line' id='line_1_42' title="bbox 2167 1620 3639 1693; baseline 0.003 -16"><span class='ocrx_word' id='word_1_319' title='bbox 2167 1621 2414 1692; x_wconf 81' lang='lat' dir='ltr'><strong>religioni</strong></span> <span class='ocrx_word' id='word_1_320' title='bbox 2463 1621 2683 1676; x_wconf 89' lang='lat' dir='ltr'><strong>minime</strong></span> <span class='ocrx_word' id='word_1_321' title='bbox 2721 1621 3068 1678; x_wconf 91' lang='lat' dir='ltr'><strong>serviendum</strong></span> <span class='ocrx_word' id='word_1_322' title='bbox 3113 1637 3127 1675; x_wconf 89' lang='lat'><strong>:</strong></span> <span class='ocrx_word' id='word_1_323' title='bbox 3159 1621 3300 1691; x_wconf 89' lang='lat' dir='ltr'><strong>quod</strong></span> <span class='ocrx_word' id='word_1_324' title='bbox 3329 1620 3370 1676; x_wconf 92' lang='lat' dir='ltr'><strong>si</strong></span> <span class='ocrx_word' id='word_1_325' title='bbox 3397 1627 3639 1693; x_wconf 82' lang='lat' dir='ltr'><strong>apertedice-</strong></span> 
     </span>
    </p>
   </div>
   <div class='ocr_carea' id='block_1_43' title="bbox 2165 1721 2781 1782">
    <p class='ocr_par' dir='ltr' id='par_1_43' title="bbox 2165 1721 2781 1782">
     <span class='ocr_line' id='line_1_43' title="bbox 2165 1721 2781 1782; baseline -0.002 -14"><span class='ocrx_word' id='word_1_326' title='bbox 2165 1722 2269 1777; x_wconf 89' lang='lat' dir='ltr'><strong>ret,</strong></span> <span class='ocrx_word' id='word_1_327' title='bbox 2298 1728 2458 1768; x_wconf 89' lang='lat' dir='ltr'><strong>nemo</strong></span> <span class='ocrx_word' id='word_1_328' title='bbox 2488 1721 2781 1782; x_wconf 89' lang='lat' dir='ltr'><strong>pateretur.</strong></span> 
     </span>
    </p>
   </div>
   <div class='ocr_carea' id='block_1_44' title="bbox 2238 1805 3641 1876">
    <p class='ocr_par' dir='ltr' id='par_1_44' title="bbox 2238 1805 3641 1876">
     <span class='ocr_line' id='line_1_44' title="bbox 2238 1805 3641 1876; baseline 0.006 -18"><span class='ocrx_word' id='word_1_329' title='bbox 2238 1806 2367 1876; x_wconf 87' lang='lat' dir='ltr'><strong>Quis</strong></span> <span class='ocrx_word' id='word_1_330' title='bbox 2387 1807 2529 1862; x_wconf 90' lang='lat' dir='ltr'><strong>enim</strong></span> <span class='ocrx_word' id='word_1_331' title='bbox 2555 1822 2661 1860; x_wconf 92' lang='lat' dir='ltr'><strong>non</strong></span> <span class='ocrx_word' id='word_1_332' title='bbox 2685 1806 2903 1872; x_wconf 88' lang='lat' dir='ltr'><strong>sentiat,</strong></span> <span class='ocrx_word' id='word_1_333' title='bbox 2931 1805 3078 1862; x_wconf 90' lang='lat' dir='ltr'><strong>hunc</strong></span> <span class='ocrx_word' id='word_1_334' title='bbox 3102 1805 3359 1861; x_wconf 89' lang='lat' dir='ltr'><strong>mundum</strong></span> <span class='ocrx_word' id='word_1_335' title='bbox 3386 1815 3475 1861; x_wconf 83' lang='lat' dir='ltr'><strong>tant</strong></span> <span class='ocrx_word' id='word_1_336' title='bbox 3497 1808 3641 1866; x_wconf 77' lang='lat' dir='ltr'><strong>mirabili</strong></span> 
     </span>
    </p>
   </div>
   <div class='ocr_carea' id='block_1_45' title="bbox 2167 1899 3640 1972">
    <p class='ocr_par' dir='ltr' id='par_1_45' title="bbox 2167 1899 3640 1972">
     <span class='ocr_line' id='line_1_45' title="bbox 2167 1899 3640 1972; baseline 0.002 -17"><span class='ocrx_word' id='word_1_337' title='bbox 2167 1901 2377 1956; x_wconf 88' lang='lat' dir='ltr'><strong>ratione</strong></span> <span class='ocrx_word' id='word_1_338' title='bbox 2417 1900 2736 1970; x_wconf 87' lang='lat' dir='ltr'><strong>perfectum,</strong></span> <span class='ocrx_word' id='word_1_339' title='bbox 2803 1899 2980 1970; x_wconf 88' lang='lat' dir='ltr'><strong>aliqua</strong></span> <span class='ocrx_word' id='word_1_340' title='bbox 3032 1899 3370 1969; x_wconf 87' lang='lat' dir='ltr'><strong>providentia</strong></span> <span class='ocrx_word' id='word_1_341' title='bbox 3419 1902 3640 1972; x_wconf 73' lang='lat' dir='ltr'><strong>gubernari?</strong></span> 
     </span>
    </p>
   </div>
   <div class='ocr_carea' id='block_1_46' title="bbox 2166 1993 3638 2067">
    <p class='ocr_par' dir='ltr' id='par_1_46' title="bbox 2166 1993 3638 2067">
     <span class='ocr_line' id='line_1_46' title="bbox 2166 1993 3638 2067; baseline 0.005 -19"><span class='ocrx_word' id='word_1_342' title='bbox 2166 1993 2596 2065; x_wconf 90' lang='lat' dir='ltr'><strong>quandoquidem</strong></span> <span class='ocrx_word' id='word_1_343' title='bbox 2627 1995 2752 2050; x_wconf 90' lang='lat' dir='ltr'><strong>nihil</strong></span> <span class='ocrx_word' id='word_1_344' title='bbox 2781 2005 2884 2061; x_wconf 90' lang='lat' dir='ltr'><strong>est,</strong></span> <span class='ocrx_word' id='word_1_345' title='bbox 2912 1996 3058 2067; x_wconf 88' lang='lat' dir='ltr'><strong>quod</strong></span> <span class='ocrx_word' id='word_1_346' title='bbox 3095 1997 3262 2064; x_wconf 87' lang='lat' dir='ltr'><strong>possit</strong></span> <span class='ocrx_word' id='word_1_347' title='bbox 3290 1997 3399 2052; x_wconf 92' lang='lat' dir='ltr'><strong>sine</strong></span> <span class='ocrx_word' id='word_1_348' title='bbox 3423 1998 3511 2054; x_wconf 86' lang='lat' dir='ltr'><strong>ullo</strong></span> <span class='ocrx_word' id='word_1_349' title='bbox 3531 2004 3638 2054; x_wconf 55' lang='lat' dir='ltr'><strong>mode.</strong></span> 
     </span>
    </p>
   </div>
   <div class='ocr_carea' id='block_1_47' title="bbox 2169 2088 3642 2149">
    <p class='ocr_par' dir='ltr' id='par_1_47' title="bbox 2169 2088 3642 2149">
     <span class='ocr_line' id='line_1_47' title="bbox 2169 2088 3642 2149; baseline 0.005 -8"><span class='ocrx_word' id='word_1_350' title='bbox 2169 2098 2349 2142; x_wconf 90' lang='lat' dir='ltr'><strong>ratore</strong></span> <span class='ocrx_word' id='word_1_351' title='bbox 2371 2088 2685 2144; x_wconf 81' lang='lat' dir='ltr'><strong>consistere.</strong></span> <span class='ocrx_word' id='word_1_352' title='bbox 2708 2090 2797 2145; x_wconf 90' lang='lat' dir='ltr'><strong>Sic</strong></span> <span class='ocrx_word' id='word_1_353' title='bbox 2821 2090 3012 2145; x_wconf 90' lang='lat' dir='ltr'><strong>domus</strong></span> <span class='ocrx_word' id='word_1_354' title='bbox 3035 2091 3106 2146; x_wconf 90' lang='lat' dir='ltr'><strong>ab</strong></span> <span class='ocrx_word' id='word_1_355' title='bbox 3131 2091 3418 2148; x_wconf 87' lang='lat' dir='ltr'><strong>habitatore</strong></span> <span class='ocrx_word' id='word_1_356' title='bbox 3435 2091 3589 2148; x_wconf 82' lang='lat' dir='ltr'><strong>deserta</strong></span> <span class='ocrx_word' id='word_1_357' title='bbox 3603 2097 3642 2149; x_wconf 71' lang='lat' dir='ltr'><strong>di-</strong></span> 
     </span>
    </p>
   </div>
   <div class='ocr_carea' id='block_1_48' title="bbox 2172 2182 3639 2254">
    <p class='ocr_par' dir='ltr' id='par_1_48' title="bbox 2172 2182 3639 2254">
     <span class='ocr_line' id='line_1_48' title="bbox 2172 2182 3639 2254; baseline 0.003 -18"><span class='ocrx_word' id='word_1_358' title='bbox 2172 2182 2400 2247; x_wconf 88' lang='lat' dir='ltr'><strong>labitur;</strong></span> <span class='ocrx_word' id='word_1_359' title='bbox 2431 2184 2585 2238; x_wconf 86' lang='lat' dir='ltr'><strong>navis</strong></span> <span class='ocrx_word' id='word_1_360' title='bbox 2611 2183 2728 2239; x_wconf 90' lang='lat' dir='ltr'><strong>sine</strong></span> <span class='ocrx_word' id='word_1_361' title='bbox 2756 2184 3122 2254; x_wconf 89' lang='lat' dir='ltr'><strong>gubernatore</strong></span> <span class='ocrx_word' id='word_1_362' title='bbox 3147 2184 3259 2239; x_wconf 88' lang='lat' dir='ltr'><strong>abit</strong></span> <span class='ocrx_word' id='word_1_363' title='bbox 3288 2197 3639 2254; x_wconf 75' lang='lat' dir='ltr'><strong>pessum;etcor~</strong></span> 
     </span>
    </p>
   </div>
   <div class='ocr_carea' id='block_1_49' title="bbox 2171 2277 3641 2349">
    <p class='ocr_par' dir='ltr' id='par_1_49' title="bbox 2171 2277 3641 2349">
     <span class='ocr_line' id='line_1_49' title="bbox 2171 2277 3641 2349; baseline 0 -15"><span class='ocrx_word' id='word_1_364' title='bbox 2171 2293 2273 2349; x_wconf 88' lang='lat' dir='ltr'><strong>pus</strong></span> <span class='ocrx_word' id='word_1_365' title='bbox 2292 2321 2306 2344; x_wconf 96' lang='lat'><strong>,</strong></span> <span class='ocrx_word' id='word_1_366' title='bbox 2335 2278 2580 2334; x_wconf 90' lang='lat' dir='ltr'><strong>relictum</strong></span> <span class='ocrx_word' id='word_1_367' title='bbox 2608 2279 2676 2332; x_wconf 91' lang='lat' dir='ltr'><strong>ab</strong></span> <span class='ocrx_word' id='word_1_368' title='bbox 2721 2279 2900 2333; x_wconf 88' lang='lat' dir='ltr'><strong>anima</strong></span> <span class='ocrx_word' id='word_1_369' title='bbox 2923 2321 2938 2344; x_wconf 94' lang='lat'><strong>,</strong></span> <span class='ocrx_word' id='word_1_370' title='bbox 2978 2277 3180 2333; x_wconf 85' lang='lat' dir='ltr'><strong>diffluit</strong></span> <span class='ocrx_word' id='word_1_371' title='bbox 3210 2297 3223 2331; x_wconf 93' lang='lat'>:</span> <span class='ocrx_word' id='word_1_372' title='bbox 3257 2277 3436 2333; x_wconf 89' lang='lat' dir='ltr'><strong>nedum</strong></span> <span class='ocrx_word' id='word_1_373' title='bbox 3463 2289 3641 2348; x_wconf 75' lang='lat' dir='ltr'><strong>putemus.</strong></span> 
     </span>
    </p>
   </div>
   <div class='ocr_carea' id='block_1_50' title="bbox 2172 2371 3640 2436">
    <p class='ocr_par' dir='ltr' id='par_1_50' title="bbox 2172 2371 3640 2436">
     <span class='ocr_line' id='line_1_50' title="bbox 2172 2371 3640 2436; baseline -0.001 -10"><span class='ocrx_word' id='word_1_374' title='bbox 2172 2380 2373 2426; x_wconf 86' lang='lat' dir='ltr'><strong>tantam</strong></span> <span class='ocrx_word' id='word_1_375' title='bbox 2401 2371 2544 2426; x_wconf 91' lang='lat' dir='ltr'><strong>illam</strong></span> <span class='ocrx_word' id='word_1_376' title='bbox 2572 2371 2770 2426; x_wconf 86' lang='lat' dir='ltr'><strong>molem</strong></span> <span class='ocrx_word' id='word_1_377' title='bbox 2818 2381 2911 2425; x_wconf 90' lang='lat' dir='ltr'><strong>aut</strong></span> <span class='ocrx_word' id='word_1_378' title='bbox 2951 2371 3195 2425; x_wconf 89' lang='lat' dir='ltr'><strong>construi</strong></span> <span class='ocrx_word' id='word_1_379' title='bbox 3243 2372 3355 2426; x_wconf 91' lang='lat' dir='ltr'><strong>sine</strong></span> <span class='ocrx_word' id='word_1_380' title='bbox 3382 2371 3640 2436; x_wconf 77' lang='lat' dir='ltr'><strong>artiﬁce,int</strong></span> 
     </span>
    </p>
   </div>
   <div class='ocr_carea' id='block_1_51' title="bbox 2174 2463 3640 2536">
    <p class='ocr_par' dir='ltr' id='par_1_51' title="bbox 2174 2463 3640 2536">
     <span class='ocr_line' id='line_1_51' title="bbox 2174 2463 3640 2536; baseline -0.001 -16"><span class='ocrx_word' id='word_1_381' title='bbox 2174 2476 2319 2520; x_wconf 91' lang='lat' dir='ltr'><strong>stare</strong></span> <span class='ocrx_word' id='word_1_382' title='bbox 2357 2464 2560 2520; x_wconf 91' lang='lat' dir='ltr'><strong>tamdiu</strong></span> <span class='ocrx_word' id='word_1_383' title='bbox 2592 2465 2709 2519; x_wconf 84' lang='lat' dir='ltr'><strong>sine</strong></span> <span class='ocrx_word' id='word_1_384' title='bbox 2737 2473 2949 2519; x_wconf 86' lang='lat' dir='ltr'><strong>rectore</strong></span> <span class='ocrx_word' id='word_1_385' title='bbox 2977 2464 3246 2536; x_wconf 87' lang='lat' dir='ltr'><strong>potuisse.</strong></span> <span class='ocrx_word' id='word_1_386' title='bbox 3276 2463 3415 2532; x_wconf 90' lang='lat' dir='ltr'><strong>Quod</strong></span> <span class='ocrx_word' id='word_1_387' title='bbox 3436 2465 3472 2518; x_wconf 90' lang='lat' dir='ltr'><strong>si</strong></span> <span class='ocrx_word' id='word_1_388' title='bbox 3493 2465 3640 2534; x_wconf 68' lang='lat' dir='ltr'><strong>publica</strong></span> 
     </span>
    </p>
   </div>
   <div class='ocr_carea' id='block_1_52' title="bbox 2174 2556 3640 2628">
    <p class='ocr_par' dir='ltr' id='par_1_52' title="bbox 2174 2556 3640 2628">
     <span class='ocr_line' id='line_1_52' title="bbox 2174 2556 3640 2628; baseline -0.002 -16"><span class='ocrx_word' id='word_1_389' title='bbox 2174 2557 2296 2612; x_wconf 87' lang='lat' dir='ltr'><strong>illas</strong></span> <span class='ocrx_word' id='word_1_390' title='bbox 2340 2557 2630 2628; x_wconf 89' lang='lat' dir='ltr'><strong>religiones</strong></span> <span class='ocrx_word' id='word_1_391' title='bbox 2674 2556 2843 2611; x_wconf 93' lang='lat' dir='ltr'><strong>voluit</strong></span> <span class='ocrx_word' id='word_1_392' title='bbox 2889 2565 3172 2621; x_wconf 81' lang='lat' dir='ltr'><strong>evertere,</strong></span> <span class='ocrx_word' id='word_1_393' title='bbox 3201 2571 3304 2610; x_wconf 90' lang='lat' dir='ltr'><strong>non</strong></span> <span class='ocrx_word' id='word_1_394' title='bbox 3335 2557 3553 2626; x_wconf 91' lang='lat' dir='ltr'><strong>improbo,</strong></span> <span class='ocrx_word' id='word_1_395' title='bbox 3574 2561 3640 2625; x_wconf 83' lang='lat' dir='ltr'><strong>quin</strong></span> 
     </span>
    </p>
   </div>
   <div class='ocr_carea' id='block_1_53' title="bbox 2174 2647 3687 2718">
    <p class='ocr_par' dir='ltr' id='par_1_53' title="bbox 2174 2647 3687 2718">
     <span class='ocr_line' id='line_1_53' title="bbox 2174 2647 3687 2718; baseline -0.001 -14"><span class='ocrx_word' id='word_1_396' title='bbox 2174 2650 2334 2704; x_wconf 90' lang='lat' dir='ltr'><strong>etiam</strong></span> <span class='ocrx_word' id='word_1_397' title='bbox 2366 2649 2619 2713; x_wconf 83' lang='lat' dir='ltr'><strong>laudabo,</strong></span> <span class='ocrx_word' id='word_1_398' title='bbox 2645 2648 2688 2703; x_wconf 88' lang='lat' dir='ltr'><strong>si</strong></span> <span class='ocrx_word' id='word_1_399' title='bbox 2712 2648 2828 2717; x_wconf 90' lang='lat' dir='ltr'><strong>ipse</strong></span> <span class='ocrx_word' id='word_1_400' title='bbox 2853 2647 2996 2718; x_wconf 88' lang='lat' dir='ltr'><strong>quod</strong></span> <span class='ocrx_word' id='word_1_401' title='bbox 3026 2657 3115 2703; x_wconf 89' lang='lat' dir='ltr'><strong>est</strong></span> <span class='ocrx_word' id='word_1_402' title='bbox 3141 2647 3329 2702; x_wconf 90' lang='lat' dir='ltr'><strong>melius</strong></span> <span class='ocrx_word' id='word_1_403' title='bbox 3352 2648 3572 2703; x_wconf 83' lang='lat' dir='ltr'><strong>invenerit.</strong></span> <span class='ocrx_word' id='word_1_404' title='bbox 3590 2649 3642 2703; x_wconf 70' lang='grc' dir='ltr'><strong>γε.</strong></span> <span class='ocrx_word' id='word_1_405' title='bbox 3686 2687 3687 2690; x_wconf 60' lang='grc' dir='ltr'><strong>η</strong></span> 
     </span>
    </p>
   </div>
   <div class='ocr_carea' id='block_1_54' title="bbox 2175 2738 3644 2812">
    <p class='ocr_par' dir='ltr' id='par_1_54' title="bbox 2175 2738 3644 2812">
     <span class='ocr_line' id='line_1_54' title="bbox 2175 2738 3644 2812; baseline -0.004 -14"><span class='ocrx_word' id='word_1_406' title='bbox 2175 2759 2294 2798; x_wconf 90' lang='lat' dir='ltr'><strong>rum</strong></span> <span class='ocrx_word' id='word_1_407' title='bbox 2324 2743 2465 2798; x_wconf 87' lang='lat' dir='ltr'><strong>idem</strong></span> <span class='ocrx_word' id='word_1_408' title='bbox 2496 2757 2594 2812; x_wconf 87' lang='lat' dir='ltr'><strong>per</strong></span> <span class='ocrx_word' id='word_1_409' title='bbox 2623 2756 2813 2797; x_wconf 91' lang='lat' dir='ltr'><strong>canem</strong></span> <span class='ocrx_word' id='word_1_410' title='bbox 2847 2751 2901 2796; x_wconf 88' lang='lat' dir='ltr'><strong>et</strong></span> <span class='ocrx_word' id='word_1_411' title='bbox 2935 2755 3189 2796; x_wconf 82' lang='lat' dir='ltr'><strong>anserem</strong></span> <span class='ocrx_word' id='word_1_412' title='bbox 3210 2738 3478 2810; x_wconf 86' lang='lat' dir='ltr'><strong>dejerabat.</strong></span> <span class='ocrx_word' id='word_1_413' title='bbox 3498 2739 3644 2794; x_wconf 64' lang='grc' dir='ltr'><strong>011οηιὶ-</strong></span> 
     </span>
    </p>
   </div>
   <div class='ocr_carea' id='block_1_55' title="bbox 2177 2831 3642 2904">
    <p class='ocr_par' dir='ltr' id='par_1_55' title="bbox 2177 2831 3642 2904">
     <span class='ocr_line' id='line_1_55' title="bbox 2177 2831 3642 2904; baseline -0.004 -14"><span class='ocrx_word' id='word_1_414' title='bbox 2177 2852 2299 2890; x_wconf 92' lang='lat' dir='ltr'><strong>nem</strong></span> <span class='ocrx_word' id='word_1_415' title='bbox 2342 2850 2583 2891; x_wconf 90' lang='lat' dir='ltr'><strong>scurram</strong></span> <span class='ocrx_word' id='word_1_416' title='bbox 2613 2835 2696 2904; x_wconf 88' lang='lat' dir='ltr'><strong>(ut</strong></span> <span class='ocrx_word' id='word_1_417' title='bbox 2721 2835 2798 2888; x_wconf 88' lang='lat' dir='ltr'><strong>ait</strong></span> <span class='ocrx_word' id='word_1_418' title='bbox 2827 2834 2972 2887; x_wconf 87' lang='lat' dir='ltr'><strong>Zeno</strong></span> <span class='ocrx_word' id='word_1_419' title='bbox 3000 2831 3307 2902; x_wconf 91' lang='lat' dir='ltr'><strong>epicureus)</strong></span> <span class='ocrx_word' id='word_1_420' title='bbox 3333 2832 3642 2901; x_wconf 76' lang='lat' dir='ltr'><strong>iueptem,per-</strong></span> 
     </span>
    </p>
   </div>
   <div class='ocr_carea' id='block_1_56' title="bbox 2173 2925 3644 3002">
    <p class='ocr_par' dir='ltr' id='par_1_56' title="bbox 2173 2925 3644 3002">
     <span class='ocr_line' id='line_1_56' title="bbox 2173 2925 3644 3002; baseline -0.005 -17"><span class='ocrx_word' id='word_1_421' title='bbox 2173 2930 2370 2996; x_wconf 92' lang='lat' dir='ltr'><strong>ditum,</strong></span> <span class='ocrx_word' id='word_1_422' title='bbox 2397 2930 2767 3002; x_wconf 89' lang='lat' dir='ltr'><strong>desperatum,</strong></span> <span class='ocrx_word' id='word_1_423' title='bbox 2792 2929 2836 2983; x_wconf 91' lang='lat' dir='ltr'><strong>si</strong></span> <span class='ocrx_word' id='word_1_424' title='bbox 2859 2927 3104 2984; x_wconf 86' lang='lat' dir='ltr'><strong>cavillari</strong></span> <span class='ocrx_word' id='word_1_425' title='bbox 3126 2925 3294 2982; x_wconf 88' lang='lat' dir='ltr'><strong>voluit</strong></span> <span class='ocrx_word' id='word_1_426' title='bbox 3323 2926 3644 2998; x_wconf 83' lang='lat' dir='ltr'><strong>religionem;dc-</strong></span> 
     </span>
    </p>
   </div>
   <div class='ocr_carea' id='block_1_57' title="bbox 1813 3023 2432 3080">
    <p class='ocr_par' dir='ltr' id='par_1_57' title="bbox 1813 3023 2432 3080">
     <span class='ocr_line' id='line_1_57' title="bbox 1813 3023 2432 3080; baseline -0.002 -2"><span class='ocrx_word' id='word_1_427' title='bbox 1813 3023 2173 3080; x_wconf 81' lang='lat' dir='ltr'><strong>VARIORUM</strong></span> <span class='ocrx_word' id='word_1_428' title='bbox 2202 3023 2432 3079; x_wconf 69' lang='lat' dir='ltr'><strong>NOTAE.</strong></span> 
     </span>
    </p>
   </div>
   <div class='ocr_carea' id='block_1_58' title="bbox 540 3135 3641 3211">
    <p class='ocr_par' dir='ltr' id='par_1_58' title="bbox 540 3135 3641 3211">
     <span class='ocr_line' id='line_1_58' title="bbox 540 3135 3641 3211; baseline -0.001 -20"><span class='ocrx_word' id='word_1_429' title='bbox 540 3136 706 3211; x_wconf 70' lang='lat' dir='ltr'><strong>Nefas</strong></span> <span class='ocrx_word' id='word_1_430' title='bbox 735 3137 998 3211; x_wconf 83' lang='lat' dir='ltr'><strong>habeatur.</strong></span> <span class='ocrx_word' id='word_1_431' title='bbox 1023 3135 1367 3211; x_wconf 89' lang='lat' dir='ltr'><strong>Comparatio</strong></span> <span class='ocrx_word' id='word_1_432' title='bbox 1386 3149 1471 3194; x_wconf 90' lang='lat' dir='ltr'><strong>est</strong></span> <span class='ocrx_word' id='word_1_433' title='bbox 1495 3153 1524 3194; x_wconf 87' lang='lat' dir='ltr'><strong>a</strong></span> <span class='ocrx_word' id='word_1_434' title='bbox 1548 3141 1741 3196; x_wconf 91' lang='lat' dir='ltr'><strong>minori</strong></span> <span class='ocrx_word' id='word_1_435' title='bbox 1775 3140 1842 3195; x_wconf 89' lang='lat' dir='ltr'><strong>ad</strong></span> <span class='ocrx_word' id='word_1_436' title='bbox 1873 3141 2066 3211; x_wconf 86' lang='lat' dir='ltr'><strong>majus,</strong></span> <span class='ocrx_word' id='word_1_437' title='bbox 2099 3141 2144 3203; x_wconf 86' lang='lat' dir='ltr'><strong>C</strong></span> <span class='ocrx_word' id='word_1_438' title='bbox 2177 3137 2491 3193; x_wconf 87' lang='lat' dir='ltr'><strong>Lactantius</strong></span> <span class='ocrx_word' id='word_1_439' title='bbox 2534 3139 2742 3193; x_wconf 89' lang='lat' dir='ltr'><strong>Socrati</strong></span> <span class='ocrx_word' id='word_1_440' title='bbox 2785 3139 2947 3207; x_wconf 89' lang='lat' dir='ltr'><strong>paulo</strong></span> <span class='ocrx_word' id='word_1_441' title='bbox 2990 3139 3258 3209; x_wconf 91' lang='lat' dir='ltr'><strong>iniquior,</strong></span> <span class='ocrx_word' id='word_1_442' title='bbox 3290 3149 3341 3194; x_wconf 90' lang='lat' dir='ltr'><strong>et</strong></span> <span class='ocrx_word' id='word_1_443' title='bbox 3366 3137 3453 3211; x_wconf 86' lang='lat' dir='ltr'><strong>sibi</strong></span> <span class='ocrx_word' id='word_1_444' title='bbox 3475 3140 3641 3192; x_wconf 76' lang='lat' dir='ltr'><strong>contraria</strong></span> 
     </span>
    </p>
   </div>
   <div class='ocr_carea' id='block_1_59' title="bbox 461 3206 1498 3279">
    <p class='ocr_par' dir='ltr' id='par_1_59' title="bbox 461 3206 1498 3279">
     <span class='ocr_line' id='line_1_59' title="bbox 461 3206 1498 3279; baseline 0.003 -17"><span class='ocrx_word' id='word_1_445' title='bbox 461 3207 612 3279; x_wconf 67' lang='lat' dir='ltr'><strong>juxta</strong></span> <span class='ocrx_word' id='word_1_446' title='bbox 647 3206 935 3262; x_wconf 89' lang='lat' dir='ltr'><strong>Gentilium</strong></span> <span class='ocrx_word' id='word_1_447' title='bbox 961 3217 1140 3264; x_wconf 88' lang='lat' dir='ltr'><strong>tamen</strong></span> <span class='ocrx_word' id='word_1_448' title='bbox 1165 3210 1498 3279; x_wconf 89' lang='lat' dir='ltr'><strong>opinionem.</strong></span> 
     </span>
    </p>
   </div>
   <div class='ocr_carea' id='block_1_60' title="bbox 548 3277 2063 3349">
    <p class='ocr_par' dir='ltr' id='par_1_60' title="bbox 548 3277 2063 3349">
     <span class='ocr_line' id='line_1_60' title="bbox 548 3277 2063 3349; baseline 0.003 -17"><span class='ocrx_word' id='word_1_449' title='bbox 548 3277 644 3332; x_wconf 84' lang='lat' dir='ltr'><strong>Vel</strong></span> <span class='ocrx_word' id='word_1_450' title='bbox 672 3295 794 3332; x_wconf 88' lang='lat' dir='ltr'><strong>casu</strong></span> <span class='ocrx_word' id='word_1_451' title='bbox 824 3280 1088 3349; x_wconf 87' lang='lat' dir='ltr'><strong>quopiam.</strong></span> <span class='ocrx_word' id='word_1_452' title='bbox 1121 3277 1216 3336; x_wconf 80' lang='lat' dir='ltr'><strong>Sic</strong></span> <span class='ocrx_word' id='word_1_453' title='bbox 1257 3281 1468 3336; x_wconf 88' lang='lat' dir='ltr'><strong>restitui</strong></span> <span class='ocrx_word' id='word_1_454' title='bbox 1499 3299 1566 3337; x_wconf 76' lang='lat' dir='ltr'><strong>ex</strong></span> <span class='ocrx_word' id='word_1_455' title='bbox 1596 3284 1872 3339; x_wconf 87' lang='lat' dir='ltr'><strong>veteribus</strong></span> <span class='ocrx_word' id='word_1_456' title='bbox 1903 3282 2063 3338; x_wconf 88' lang='lat' dir='ltr'><strong>editis</strong></span> 
     </span>
    </p>
   </div>
   <div class='ocr_carea' id='block_1_61' title="bbox 467 3349 2064 3425">
    <p class='ocr_par' dir='ltr' id='par_1_61' title="bbox 467 3349 2064 3425">
     <span class='ocr_line' id='line_1_61' title="bbox 467 3349 2064 3425; baseline 0.003 -20"><span class='ocrx_word' id='word_1_457' title='bbox 467 3358 626 3425; x_wconf 78' lang='lat' dir='ltr'><strong>octo,</strong></span> <span class='ocrx_word' id='word_1_458' title='bbox 653 3358 708 3404; x_wconf 89' lang='lat' dir='ltr'><strong>et</strong></span> <span class='ocrx_word' id='word_1_459' title='bbox 755 3349 1007 3425; x_wconf 67' lang='lat' dir='ltr'><strong>munibus</strong></span> <span class='ocrx_word' id='word_1_460' title='bbox 1055 3367 1184 3425; x_wconf 90' lang='lat' dir='ltr'><strong>mss.</strong></span> <span class='ocrx_word' id='word_1_461' title='bbox 1218 3363 1412 3425; x_wconf 69' lang='lat' dir='ltr'><strong>praeter</strong></span> <span class='ocrx_word' id='word_1_462' title='bbox 1441 3354 1475 3408; x_wconf 79' lang='lat'><strong>3</strong></span> <span class='ocrx_word' id='word_1_463' title='bbox 1509 3355 1638 3423; x_wconf 79' lang='lat' dir='ltr'><strong>Reg.</strong></span> <span class='ocrx_word' id='word_1_464' title='bbox 1667 3364 1723 3409; x_wconf 91' lang='lat' dir='ltr'><strong>et</strong></span> <span class='ocrx_word' id='word_1_465' title='bbox 1747 3355 1784 3408; x_wconf 57' lang='grc' dir='ltr'><strong>εἰ</strong></span> <span class='ocrx_word' id='word_1_466' title='bbox 1828 3355 1976 3425; x_wconf 88' lang='lat' dir='ltr'><strong>Lips.</strong></span> <span class='ocrx_word' id='word_1_467' title='bbox 2007 3355 2064 3409; x_wconf 89' lang='lat' dir='ltr'><strong>in</strong></span> 
     </span>
    </p>
   </div>
   <div class='ocr_carea' id='block_1_62' title="bbox 467 3419 2058 3496">
    <p class='ocr_par' dir='ltr' id='par_1_62' title="bbox 467 3419 2058 3496">
     <span class='ocr_line' id='line_1_62' title="bbox 467 3419 2058 3496; baseline 0.004 -22"><span class='ocrx_word' id='word_1_468' title='bbox 467 3420 684 3491; x_wconf 90' lang='lat' dir='ltr'><strong>quibus,</strong></span> <span class='ocrx_word' id='word_1_469' title='bbox 711 3419 868 3496; x_wconf 89' lang='lat' dir='ltr'><strong>ut__in</strong></span> <span class='ocrx_word' id='word_1_470' title='bbox 895 3421 925 3474; x_wconf 88' lang='lat'><strong>7</strong></span> <span class='ocrx_word' id='word_1_471' title='bbox 973 3419 1434 3496; x_wconf 22' lang='lat' dir='ltr'><strong>excusis,vlegitur</strong></span> <span class='ocrx_word' id='word_1_472' title='bbox 1454 3419 1736 3496; x_wconf 79' lang='lat' dir='ltr'><strong>quispiam,</strong></span> <span class='ocrx_word' id='word_1_473' title='bbox 1765 3427 1817 3480; x_wconf 92' lang='lat' dir='ltr'><strong>in</strong></span> <span class='ocrx_word' id='word_1_474' title='bbox 1850 3419 2058 3481; x_wconf 56' lang='lat' dir='ltr'><strong>t&#39;Colb.</strong></span> 
     </span>
    </p>
   </div>
   <div class='ocr_carea' id='block_1_63' title="bbox 468 3490 2062 3566">
    <p class='ocr_par' dir='ltr' id='par_1_63' title="bbox 468 3490 2062 3566">
     <span class='ocr_line' id='line_1_63' title="bbox 468 3490 2062 3566; baseline 0.005 -23"><span class='ocrx_word' id='word_1_475' title='bbox 468 3490 742 3566; x_wconf 80' lang='lat' dir='ltr'><strong>quoquam.</strong></span> <span class='ocrx_word' id='word_1_476' title='bbox 775 3490 909 3566; x_wconf 84' lang='lat' dir='ltr'><strong>Nota</strong></span> <span class='ocrx_word' id='word_1_477' title='bbox 937 3493 1112 3549; x_wconf 91' lang='lat' dir='ltr'><strong>obiter</strong></span> <span class='ocrx_word' id='word_1_478' title='bbox 1141 3490 1380 3564; x_wconf 80' lang='lat' dir='ltr'><strong>quopiam</strong></span> <span class='ocrx_word' id='word_1_479' title='bbox 1412 3490 1648 3552; x_wconf 68' lang='lat' dir='ltr'><strong>inserito</strong></span> <span class='ocrx_word' id='word_1_480' title='bbox 1667 3512 1817 3559; x_wconf 88' lang='lat' dir='ltr'><strong>casu,</strong></span> <span class='ocrx_word' id='word_1_481' title='bbox 1842 3509 1900 3551; x_wconf 93' lang='lat' dir='ltr'><strong>ut</strong></span> <span class='ocrx_word' id='word_1_482' title='bbox 1924 3499 2062 3566; x_wconf 90' lang='lat' dir='ltr'><strong>apud</strong></span> 
     </span>
    </p>
   </div>
   <div class='ocr_carea' id='block_1_64' title="bbox 470 3563 2061 3637">
    <p class='ocr_par' dir='ltr' id='par_1_64' title="bbox 470 3563 2061 3637">
     <span class='ocr_line' id='line_1_64' title="bbox 470 3563 2061 3637; baseline 0.004 -20"><span class='ocrx_word' id='word_1_483' title='bbox 470 3563 790 3637; x_wconf 73' lang='lat' dir='ltr'><strong>Arupbium,</strong></span> <span class='ocrx_word' id='word_1_484' title='bbox 822 3563 914 3616; x_wconf 91' lang='lat' dir='ltr'><strong>lib.</strong></span> <span class='ocrx_word' id='word_1_485' title='bbox 941 3579 1014 3625; x_wconf 78' lang='lat' dir='ltr'><strong>vr,</strong></span> <span class='ocrx_word' id='word_1_486' title='bbox 1038 3563 1162 3637; x_wconf 86' lang='lat' dir='ltr'><strong>ante</strong></span> <span class='ocrx_word' id='word_1_487' title='bbox 1188 3567 1372 3632; x_wconf 89' lang='lat' dir='ltr'><strong>linem,</strong></span> <span class='ocrx_word' id='word_1_488' title='bbox 1396 3566 1560 3621; x_wconf 90' lang='lat' dir='ltr'><strong>etlib.</strong></span> <span class='ocrx_word' id='word_1_489' title='bbox 1583 3583 1678 3631; x_wconf 85' lang='lat' dir='ltr'><strong>vn.</strong></span> <span class='ocrx_word' id='word_1_490' title='bbox 1697 3563 2061 3637; x_wconf 86' lang='lat' dir='ltr'><strong>postinitium.</strong></span> 
     </span>
    </p>
   </div>
   <div class='ocr_carea' id='block_1_65' title="bbox 549 3631 2066 3707">
    <p class='ocr_par' dir='ltr' id='par_1_65' title="bbox 549 3631 2066 3707">
     <span class='ocr_line' id='line_1_65' title="bbox 549 3631 2066 3707; baseline 0.007 -22"><span class='ocrx_word' id='word_1_491' title='bbox 549 3631 882 3707; x_wconf 58' lang='lat' dir='ltr'><strong>H_ocfmleste</strong></span> <span class='ocrx_word' id='word_1_492' title='bbox 911 3636 1156 3704; x_wconf 87' lang='lat' dir='ltr'><strong>templum</strong></span> <span class='ocrx_word' id='word_1_493' title='bbox 1181 3677 1195 3699; x_wconf 93' lang='lat'><strong>,</strong></span> <span class='ocrx_word' id='word_1_494' title='bbox 1229 3646 1335 3691; x_wconf 91' lang='lat' dir='ltr'><strong>etc.</strong></span> <span class='ocrx_word' id='word_1_495' title='bbox 1361 3631 1458 3692; x_wconf 88' lang='lat' dir='ltr'><strong>Sic</strong></span> <span class='ocrx_word' id='word_1_496' title='bbox 1504 3631 1711 3707; x_wconf 50' lang='lat' dir='ltr'><strong>Scipio&#39;</strong></span> <span class='ocrx_word' id='word_1_497' title='bbox 1736 3642 1787 3693; x_wconf 92' lang='lat' dir='ltr'><strong>in</strong></span> <span class='ocrx_word' id='word_1_498' title='bbox 1843 3639 2066 3696; x_wconf 91' lang='lat' dir='ltr'><strong>Somnio</strong></span> 
     </span>
    </p>
   </div>
   <div class='ocr_carea' id='block_1_66' title="bbox 470 3702 2059 3776">
    <p class='ocr_par' dir='ltr' id='par_1_66' title="bbox 470 3702 2059 3776">
     <span class='ocr_line' id='line_1_66' title="bbox 470 3702 2059 3776; baseline 0.004 -18"><span class='ocrx_word' id='word_1_499' title='bbox 470 3705 610 3776; x_wconf 82' lang='lat' dir='ltr'><strong>apud</strong></span> <span class='ocrx_word' id='word_1_500' title='bbox 659 3702 774 3760; x_wconf 87' lang='lat' dir='ltr'><strong>Cic.</strong></span> <span class='ocrx_word' id='word_1_501' title='bbox 817 3702 1109 3774; x_wconf 79' lang='lat' dir='ltr'><strong>appellavit</strong></span> <span class='ocrx_word' id='word_1_502' title='bbox 1156 3708 1435 3763; x_wconf 91' lang='lat' dir='ltr'><strong>mundum.</strong></span> <span class='ocrx_word' id='word_1_503' title='bbox 1487 3702 1611 3776; x_wconf 84' lang='lat' dir='ltr'><strong>Quo</strong></span> <span class='ocrx_word' id='word_1_504' title='bbox 1653 3711 1774 3765; x_wconf 89' lang='lat' dir='ltr'><strong>loco</strong></span> <span class='ocrx_word' id='word_1_505' title='bbox 1826 3711 2059 3766; x_wconf 82' lang='lat' dir='ltr'><strong>Macrob.</strong></span> 
     </span>
    </p>
   </div>
   <div class='ocr_carea' id='block_1_67' title="bbox 469 3775 2066 3848">
    <p class='ocr_par' dir='ltr' id='par_1_67' title="bbox 469 3775 2066 3848">
     <span class='ocr_line' id='line_1_67' title="bbox 469 3775 2066 3848; baseline 0.004 -19"><span class='ocrx_word' id='word_1_506' title='bbox 469 3775 609 3829; x_wconf 85' lang='lat' dir='ltr'><strong>Bene</strong></span> <span class='ocrx_word' id='word_1_507' title='bbox 645 3787 814 3830; x_wconf 85' lang='lat' dir='ltr'><strong>autem</strong></span> <span class='ocrx_word' id='word_1_508' title='bbox 845 3818 861 3843; x_wconf 91' lang='lat'><strong>,</strong></span> <span class='ocrx_word' id='word_1_509' title='bbox 894 3777 1096 3846; x_wconf 87' lang='lat' dir='ltr'><strong>inquit,</strong></span> <span class='ocrx_word' id='word_1_510' title='bbox 1138 3780 1405 3834; x_wconf 86' lang='lat' dir='ltr'><strong>universus</strong></span> <span class='ocrx_word' id='word_1_511' title='bbox 1435 3775 1654 3835; x_wconf 73' lang='lat' dir='ltr'><strong>mundus</strong></span> <span class='ocrx_word' id='word_1_512' title='bbox 1693 3781 1789 3835; x_wconf 91' lang='lat' dir='ltr'><strong>Dei</strong></span> <span class='ocrx_word' id='word_1_513' title='bbox 1818 3783 2066 3848; x_wconf 79' lang='lat' dir='ltr'><strong>templum</strong></span> 
     </span>
    </p>
   </div>
   <div class='ocr_carea' id='block_1_68' title="bbox 469 3850 2068 3916">
    <p class='ocr_par' dir='ltr' id='par_1_68' title="bbox 469 3850 2068 3916">
     <span class='ocr_line' id='line_1_68' title="bbox 469 3850 2068 3916; baseline 0.004 -15"><span class='ocrx_word' id='word_1_514' title='bbox 469 3858 698 3914; x_wconf 82' lang='lat' dir='ltr'><strong>uocatur,</strong></span> <span class='ocrx_word' id='word_1_515' title='bbox 747 3857 952 3915; x_wconf 80' lang='lat' dir='ltr'><strong>propter</strong></span> <span class='ocrx_word' id='word_1_516' title='bbox 980 3850 1099 3904; x_wconf 88' lang='lat' dir='ltr'><strong>illos</strong></span> <span class='ocrx_word' id='word_1_517' title='bbox 1140 3851 1227 3916; x_wconf 85' lang='lat' dir='ltr'><strong>qui</strong></span> <span class='ocrx_word' id='word_1_518' title='bbox 1271 3852 1562 3906; x_wconf 73' lang='lat' dir='ltr'><strong>existimant</strong></span> <span class='ocrx_word' id='word_1_519' title='bbox 1606 3853 1737 3906; x_wconf 80' lang='lat' dir='ltr'><strong>nihil</strong></span> <span class='ocrx_word' id='word_1_520' title='bbox 1781 3854 1926 3906; x_wconf 85' lang='lat' dir='ltr'><strong>aliud</strong></span> <span class='ocrx_word' id='word_1_521' title='bbox 1959 3870 2068 3908; x_wconf 87' lang='lat' dir='ltr'><strong>esse</strong></span> 
     </span>
    </p>
   </div>
   <div class='ocr_carea' id='block_1_69' title="bbox 471 3917 2068 3992">
    <p class='ocr_par' dir='ltr' id='par_1_69' title="bbox 471 3917 2068 3992">
     <span class='ocr_line' id='line_1_69' title="bbox 471 3917 2068 3992; baseline 0.003 -20"><span class='ocrx_word' id='word_1_522' title='bbox 471 3917 662 3992; x_wconf 62' lang='lat' dir='ltr'><strong>Deum,</strong></span> <span class='ocrx_word' id='word_1_523' title='bbox 691 3919 794 3992; x_wconf 74' lang='lat' dir='ltr'><strong>nisi</strong></span> <span class='ocrx_word' id='word_1_524' title='bbox 822 3919 1002 3972; x_wconf 73' lang='lat' dir='ltr'><strong>cazlum</strong></span> <span class='ocrx_word' id='word_1_525' title='bbox 1044 3921 1234 3990; x_wconf 90' lang='lat' dir='ltr'><strong>ipsum,</strong></span> <span class='ocrx_word' id='word_1_526' title='bbox 1269 3931 1314 3975; x_wconf 86' lang='lat' dir='ltr'><strong>et</strong></span> <span class='ocrx_word' id='word_1_527' title='bbox 1344 3923 1564 3978; x_wconf 71' lang='lat' dir='ltr'><strong>caelestia</strong></span> <span class='ocrx_word' id='word_1_528' title='bbox 1606 3925 1707 3976; x_wconf 87' lang='lat' dir='ltr'><strong>ista</strong></span> <span class='ocrx_word' id='word_1_529' title='bbox 1749 3941 1864 3992; x_wconf 78' lang='lat' dir='ltr'><strong>qua:</strong></span> <span class='ocrx_word' id='word_1_530' title='bbox 1902 3926 2068 3978; x_wconf 86' lang='lat' dir='ltr'><strong>cerni-</strong></span> 
     </span>
    </p>
   </div>
   <div class='ocr_carea' id='block_1_70' title="bbox 471 3988 2067 4063">
    <p class='ocr_par' dir='ltr' id='par_1_70' title="bbox 471 3988 2067 4063">
     <span class='ocr_line' id='line_1_70' title="bbox 471 3988 2067 4063; baseline 0.004 -21"><span class='ocrx_word' id='word_1_531' title='bbox 471 3988 760 4063; x_wconf 27' lang='lat' dir='ltr'><strong>musaldeo</strong></span> <span class='ocrx_word' id='word_1_532' title='bbox 783 3999 835 4041; x_wconf 90' lang='lat' dir='ltr'><strong>ut</strong></span> <span class='ocrx_word' id='word_1_533' title='bbox 861 3993 1045 4044; x_wconf 90' lang='lat' dir='ltr'><strong>summi</strong></span> <span class='ocrx_word' id='word_1_534' title='bbox 1065 3988 1341 4063; x_wconf 80' lang='lat' dir='ltr'><strong>potentiam</strong></span> <span class='ocrx_word' id='word_1_535' title='bbox 1369 3992 1466 4048; x_wconf 84' lang='lat' dir='ltr'><strong>Dei</strong></span> <span class='ocrx_word' id='word_1_536' title='bbox 1491 3988 1775 4048; x_wconf 83' lang='lat' dir='ltr'><strong>ostenderet</strong></span> <span class='ocrx_word' id='word_1_537' title='bbox 1806 4011 1955 4061; x_wconf 89' lang='lat' dir='ltr'><strong>posse</strong></span> <span class='ocrx_word' id='word_1_538' title='bbox 1980 3999 2067 4050; x_wconf 81' lang='lat' dir='ltr'><strong>uia:</strong></span> 
     </span>
    </p>
   </div>
   <div class='ocr_carea' id='block_1_71' title="bbox 472 4061 2068 4134">
    <p class='ocr_par' dir='ltr' id='par_1_71' title="bbox 472 4061 2068 4134">
     <span class='ocr_line' id='line_1_71' title="bbox 472 4061 2068 4134; baseline 0.004 -21"><span class='ocrx_word' id='word_1_539' title='bbox 472 4061 713 4134; x_wconf 80' lang='lat' dir='ltr'><strong>intelligi,</strong></span> <span class='ocrx_word' id='word_1_540' title='bbox 748 4077 1005 4134; x_wconf 82' lang='lat' dir='ltr'><strong>nunquam</strong></span> <span class='ocrx_word' id='word_1_541' title='bbox 1036 4061 1232 4128; x_wconf 84' lang='lat' dir='ltr'><strong>videri;</strong></span> <span class='ocrx_word' id='word_1_542' title='bbox 1260 4065 1510 4134; x_wconf 83' lang='lat' dir='ltr'><strong>quidquid</strong></span> <span class='ocrx_word' id='word_1_543' title='bbox 1534 4066 1760 4119; x_wconf 84' lang='lat' dir='ltr'><strong>humano</strong></span> <span class='ocrx_word' id='word_1_544' title='bbox 1797 4067 2068 4134; x_wconf 82' lang='lat' dir='ltr'><strong>subjicitur</strong></span> 
     </span>
    </p>
   </div>
   <div class='ocr_carea' id='block_1_72' title="bbox 472 4132 2067 4206">
    <p class='ocr_par' dir='ltr' id='par_1_72' title="bbox 472 4132 2067 4206">
     <span class='ocr_line' id='line_1_72' title="bbox 472 4132 2067 4206; baseline 0.004 -22"><span class='ocrx_word' id='word_1_545' title='bbox 472 4132 722 4202; x_wconf 78' lang='lat' dir='ltr'><strong>aspectui,</strong></span> <span class='ocrx_word' id='word_1_546' title='bbox 747 4132 995 4206; x_wconf 82' lang='lat' dir='ltr'><strong>templum</strong></span> <span class='ocrx_word' id='word_1_547' title='bbox 1023 4136 1133 4203; x_wconf 85' lang='lat' dir='ltr'><strong>ejus</strong></span> <span class='ocrx_word' id='word_1_548' title='bbox 1156 4132 1366 4198; x_wconf 79' lang='lat' dir='ltr'><strong>vocavit,</strong></span> <span class='ocrx_word' id='word_1_549' title='bbox 1391 4138 1477 4204; x_wconf 85' lang='lat' dir='ltr'><strong>qui</strong></span> <span class='ocrx_word' id='word_1_550' title='bbox 1505 4138 1617 4189; x_wconf 81' lang='lat' dir='ltr'><strong>sola</strong></span> <span class='ocrx_word' id='word_1_551' title='bbox 1648 4147 1814 4190; x_wconf 88' lang='lat' dir='ltr'><strong>mente</strong></span> <span class='ocrx_word' id='word_1_552' title='bbox 1840 4132 2067 4206; x_wconf 85' lang='lat' dir='ltr'><strong>concipi-</strong></span> 
     </span>
    </p>
   </div>
   <div class='ocr_carea' id='block_1_73' title="bbox 475 4203 2068 4276">
    <p class='ocr_par' dir='ltr' id='par_1_73' title="bbox 475 4203 2068 4276">
     <span class='ocr_line' id='line_1_73' title="bbox 475 4203 2068 4276; baseline 0.004 -21"><span class='ocrx_word' id='word_1_553' title='bbox 475 4211 580 4266; x_wconf 84' lang='lat' dir='ltr'><strong>tur;</strong></span> <span class='ocrx_word' id='word_1_554' title='bbox 598 4212 647 4255; x_wconf 87' lang='lat' dir='ltr'><strong>ut</strong></span> <span class='ocrx_word' id='word_1_555' title='bbox 668 4205 755 4276; x_wconf 83' lang='lat' dir='ltr'><strong>qui</strong></span> <span class='ocrx_word' id='word_1_556' title='bbox 776 4203 883 4256; x_wconf 77' lang='lat' dir='ltr'><strong>Irwc</strong></span> <span class='ocrx_word' id='word_1_557' title='bbox 905 4215 1170 4260; x_wconf 86' lang='lat' dir='ltr'><strong>ueneratur</strong></span> <span class='ocrx_word' id='word_1_558' title='bbox 1189 4217 1242 4260; x_wconf 88' lang='lat' dir='ltr'><strong>ut</strong></span> <span class='ocrx_word' id='word_1_559' title='bbox 1263 4203 1474 4276; x_wconf 85' lang='lat' dir='ltr'><strong>templa,</strong></span> <span class='ocrx_word' id='word_1_560' title='bbox 1497 4208 1691 4261; x_wconf 85' lang='lat' dir='ltr'><strong>cultum</strong></span> <span class='ocrx_word' id='word_1_561' title='bbox 1710 4217 1878 4262; x_wconf 86' lang='lat' dir='ltr'><strong>tamen</strong></span> <span class='ocrx_word' id='word_1_562' title='bbox 1899 4203 2039 4261; x_wconf 61' lang='grc' dir='ltr'><strong>ἠαξτί</strong></span> <span class='ocrx_word' id='word_1_563' title='bbox 2053 4237 2068 4246; x_wconf 76' lang='grc' dir='ltr'><strong><em>ο</em></strong></span> 
     </span>
    </p>
   </div>
   <div class='ocr_carea' id='block_1_74' title="bbox 475 4273 2064 4348">
    <p class='ocr_par' dir='ltr' id='par_1_74' title="bbox 475 4273 2064 4348">
     <span class='ocr_line' id='line_1_74' title="bbox 475 4273 2064 4348; baseline 0.004 -23"><span class='ocrx_word' id='word_1_564' title='bbox 475 4289 615 4348; x_wconf 80' lang='lat' dir='ltr'><strong>mum</strong></span> <span class='ocrx_word' id='word_1_565' title='bbox 645 4273 819 4348; x_wconf 82' lang='lat' dir='ltr'><strong>debeat</strong></span> <span class='ocrx_word' id='word_1_566' title='bbox 843 4277 1100 4348; x_wconf 81' lang='lat' dir='ltr'><strong>conditori</strong></span> <span class='ocrx_word' id='word_1_567' title='bbox 1123 4319 1138 4342; x_wconf 93' lang='lat'><strong>,</strong></span> <span class='ocrx_word' id='word_1_568' title='bbox 1173 4273 1398 4348; x_wconf 76' lang='lat' dir='ltr'><strong>sciatque</strong></span> <span class='ocrx_word' id='word_1_569' title='bbox 1427 4278 1654 4348; x_wconf 79' lang='lat' dir='ltr'><strong>quisquis</strong></span> <span class='ocrx_word' id='word_1_570' title='bbox 1682 4279 1735 4331; x_wconf 89' lang='lat' dir='ltr'><strong>in</strong></span> <span class='ocrx_word' id='word_1_571' title='bbox 1766 4295 1911 4332; x_wconf 87' lang='lat' dir='ltr'><strong>usum</strong></span> <span class='ocrx_word' id='word_1_572' title='bbox 1934 4288 2064 4332; x_wconf 86' lang='lat' dir='ltr'><strong>tem-</strong></span> 
     </span>
    </p>
   </div>
   <div class='ocr_carea' id='block_1_75' title="bbox 477 4345 2064 4473">
    <p class='ocr_par' dir='ltr' id='par_1_75' title="bbox 477 4345 2064 4473">
     <span class='ocr_line' id='line_1_75' title="bbox 477 4345 2064 4473; baseline 0.006 -76"><span class='ocrx_word' id='word_1_573' title='bbox 477 4345 552 4414; x_wconf 86' lang='lat' dir='ltr'><strong>pli</strong></span> <span class='ocrx_word' id='word_1_574' title='bbox 573 4345 728 4416; x_wconf 85' lang='lat' dir='ltr'><strong>hujus</strong></span> <span class='ocrx_word' id='word_1_575' title='bbox 761 4346 1042 4416; x_wconf 86' lang='lat' dir='ltr'><strong>inducitur,</strong></span> <span class='ocrx_word' id='word_1_576' title='bbox 1071 4351 1176 4404; x_wconf 86' lang='lat' dir='ltr'><strong>ritu</strong></span> <span class='ocrx_word' id='word_1_577' title='bbox 1197 4349 1292 4404; x_wconf 83' lang='lat' dir='ltr'><strong>sibi</strong></span> <span class='ocrx_word' id='word_1_578' title='bbox 1315 4345 1589 4404; x_wconf 68' lang='lat' dir='ltr'><strong>uiuendum</strong></span> <span class='ocrx_word' id='word_1_579' title='bbox 1613 4351 1896 4473; x_wconf 55' lang='lat' dir='ltr'><strong>sacérdotis</strong></span> <span class='ocrx_word' id='word_1_580' title='bbox 1921 4392 1934 4415; x_wconf 95' lang='lat'><strong>,</strong></span> <span class='ocrx_word' id='word_1_581' title='bbox 1959 4359 2064 4406; x_wconf 86' lang='lat' dir='ltr'><strong>etc.</strong></span> 
     </span>
     <span class='ocr_line' id='line_1_76' title="bbox 1727 4437 1885 4473; baseline -0.006 0"><span class='ocrx_word' id='word_1_582' title='bbox 1727 4437 1885 4473; x_wconf 83' lang='lat' dir='ltr'><strong>ETUL.</strong></span> 
     </span>
    </p>
   </div>
   <div class='ocr_carea' id='block_1_76' title="bbox 1727 4437 1885 4476">
    <p class='ocr_par' dir='ltr' id='par_1_76' title="bbox 1727 4437 1885 4476">
     <span class='ocr_line' id='line_1_77' title="bbox 1727 4437 1885 4476; baseline -0.013 -2"><span class='ocrx_word' id='word_1_583' title='bbox 1727 4437 1885 4476; x_wconf 85' lang='lat' dir='ltr'><strong>ETUL.</strong></span> 
     </span>
    </p>
   </div>
   <div class='ocr_carea' id='block_1_77' title="bbox 475 4485 2059 4561">
    <p class='ocr_par' dir='ltr' id='par_1_77' title="bbox 475 4485 2059 4561">
     <span class='ocr_line' id='line_1_78' title="bbox 475 4485 2059 4561; baseline 0.004 -20"><span class='ocrx_word' id='word_1_584' title='bbox 475 4487 521 4541; x_wconf 64' lang='grc' dir='ltr'><strong>β·</strong></span> <span class='ocrx_word' id='word_1_585' title='bbox 547 4485 848 4561; x_wconf 68' lang='lat' dir='ltr'><strong>Battiadae,</strong></span> <span class='ocrx_word' id='word_1_586' title='bbox 869 4499 975 4545; x_wconf 86' lang='lat' dir='ltr'><strong>etc.</strong></span> <span class='ocrx_word' id='word_1_587' title='bbox 995 4491 1068 4546; x_wconf 92' lang='lat' dir='ltr'><strong>De</strong></span> <span class='ocrx_word' id='word_1_588' title='bbox 1083 4506 1183 4558; x_wconf 87' lang='lat' dir='ltr'><strong>qua</strong></span> <span class='ocrx_word' id='word_1_589' title='bbox 1210 4507 1333 4544; x_wconf 82' lang='lat' dir='ltr'><strong>mox</strong></span> <span class='ocrx_word' id='word_1_590' title='bbox 1355 4491 1694 4556; x_wconf 78' lang='lat' dir='ltr'><strong>Lactantius,</strong></span> <span class='ocrx_word' id='word_1_591' title='bbox 1713 4501 1766 4544; x_wconf 79' lang='lat' dir='ltr'><strong>et</strong></span> <span class='ocrx_word' id='word_1_592' title='bbox 1783 4507 1943 4560; x_wconf 89' lang='lat' dir='ltr'><strong>supra</strong></span> <span class='ocrx_word' id='word_1_593' title='bbox 1963 4493 1999 4547; x_wconf 91' lang='lat' dir='ltr'><strong>l.</strong></span> <span class='ocrx_word' id='word_1_594' title='bbox 2023 4510 2059 4561; x_wconf 78' lang='grc' dir='ltr'><strong>ι,</strong></span> 
     </span>
    </p>
   </div>
   <div class='ocr_carea' id='block_1_78' title="bbox 474 4558 2150 4658">
    <p class='ocr_par' dir='ltr' id='par_1_78' title="bbox 474 4558 2150 4658">
     <span class='ocr_line' id='line_1_79' title="bbox 474 4558 2150 4658; baseline 0.006 -47"><span class='ocrx_word' id='word_1_595' title='bbox 474 4572 522 4612; x_wconf 91' lang='lat' dir='ltr'><strong>c.</strong></span> <span class='ocrx_word' id='word_1_596' title='bbox 558 4558 659 4624; x_wconf 72' lang='lat'><strong>22;</strong></span> <span class='ocrx_word' id='word_1_597' title='bbox 696 4560 939 4631; x_wconf 82' lang='lat' dir='ltr'><strong>Propert.</strong></span> <span class='ocrx_word' id='word_1_598' title='bbox 975 4562 1012 4616; x_wconf 94' lang='lat' dir='ltr'><strong>I.</strong></span> <span class='ocrx_word' id='word_1_599' title='bbox 1068 4578 1142 4628; x_wconf 84' lang='grc' dir='ltr'><strong>ιν,</strong></span> <span class='ocrx_word' id='word_1_600' title='bbox 1173 4561 1323 4630; x_wconf 86' lang='lat' dir='ltr'><strong>Eleg.</strong></span> <span class='ocrx_word' id='word_1_601' title='bbox 1357 4562 1413 4626; x_wconf 92' lang='lat'><strong>9,</strong></span> <span class='ocrx_word' id='word_1_602' title='bbox 1441 4562 1508 4616; x_wconf 91' lang='lat' dir='ltr'><strong>de</strong></span> <span class='ocrx_word' id='word_1_603' title='bbox 1538 4565 1708 4617; x_wconf 87' lang='lat' dir='ltr'><strong>sacris</strong></span> <span class='ocrx_word' id='word_1_604' title='bbox 1735 4558 1896 4618; x_wconf 68' lang='lat' dir='ltr'><strong>Bonae</strong></span> <span class='ocrx_word' id='word_1_605' title='bbox 1925 4558 2063 4620; x_wconf 72' lang='lat' dir='ltr'><strong>deae.</strong></span> <span class='ocrx_word' id='word_1_606' title='bbox 2096 4597 2150 4658; x_wconf 70' lang='grc' dir='ltr'>υ</span> 
     </span>
    </p>
   </div>
   <div class='ocr_carea' id='block_1_79' title="bbox 599 4673 1868 4737">
    <p class='ocr_par' dir='ltr' id='par_1_79' title="bbox 599 4673 1868 4737">
     <span class='ocr_line' id='line_1_80' title="bbox 599 4673 1868 4737; baseline 0 -13"><span class='ocrx_word' id='word_1_607' title='bbox 599 4673 871 4724; x_wconf 72' lang='lat' dir='ltr'><strong>Fceminere</strong></span> <span class='ocrx_word' id='word_1_608' title='bbox 896 4675 1000 4724; x_wconf 89' lang='lat' dir='ltr'><strong>loca</strong></span> <span class='ocrx_word' id='word_1_609' title='bbox 1021 4675 1183 4724; x_wconf 83' lang='lat' dir='ltr'><strong>clausa</strong></span> <span class='ocrx_word' id='word_1_610' title='bbox 1204 4674 1333 4735; x_wconf 69' lang='lat' dir='ltr'><strong>dere,</strong></span> <span class='ocrx_word' id='word_1_611' title='bbox 1359 4673 1622 4736; x_wconf 84' lang='lat' dir='ltr'><strong>fontesque</strong></span> <span class='ocrx_word' id='word_1_612' title='bbox 1647 4676 1868 4737; x_wconf 89' lang='lat' dir='ltr'><strong>piandos,</strong></span> 
     </span>
    </p>
   </div>
   <div class='ocr_carea' id='block_1_80' title="bbox 663 4737 1636 4801">
    <p class='ocr_par' dir='ltr' id='par_1_80' title="bbox 663 4737 1636 4801">
     <span class='ocr_line' id='line_1_81' title="bbox 663 4737 1636 4801; baseline 0 -15"><span class='ocrx_word' id='word_1_613' title='bbox 663 4737 868 4801; x_wconf 89' lang='lat' dir='ltr'><strong>Impune</strong></span> <span class='ocrx_word' id='word_1_614' title='bbox 895 4745 948 4786; x_wconf 90' lang='lat' dir='ltr'><strong>et</strong></span> <span class='ocrx_word' id='word_1_615' title='bbox 965 4737 1108 4785; x_wconf 89' lang='lat' dir='ltr'><strong>nullis</strong></span> <span class='ocrx_word' id='word_1_616' title='bbox 1123 4750 1258 4786; x_wconf 86' lang='lat' dir='ltr'><strong>sacra</strong></span> <span class='ocrx_word' id='word_1_617' title='bbox 1285 4744 1477 4787; x_wconf 72' lang='lat' dir='ltr'><strong>retecta</strong></span> <span class='ocrx_word' id='word_1_618' title='bbox 1502 4739 1636 4786; x_wconf 85' lang='lat' dir='ltr'><strong>viris.</strong></span> 
     </span>
    </p>
   </div>
   <div class='ocr_carea' id='block_1_81' title="bbox 476 4842 2074 4916">
    <p class='ocr_par' dir='ltr' id='par_1_81' title="bbox 476 4842 2074 4916">
     <span class='ocr_line' id='line_1_82' title="bbox 476 4842 2074 4916; baseline 0.004 -18"><span class='ocrx_word' id='word_1_619' title='bbox 476 4843 541 4898; x_wconf 87' lang='lat' dir='ltr'><strong>Et</strong></span> <span class='ocrx_word' id='word_1_620' title='bbox 569 4859 674 4897; x_wconf 91' lang='lat' dir='ltr'><strong>non</strong></span> <span class='ocrx_word' id='word_1_621' title='bbox 707 4844 879 4916; x_wconf 85' lang='lat' dir='ltr'><strong>solum</strong></span> <span class='ocrx_word' id='word_1_622' title='bbox 904 4842 1032 4898; x_wconf 89' lang='lat' dir='ltr'><strong>viris</strong></span> <span class='ocrx_word' id='word_1_623' title='bbox 1061 4844 1510 4916; x_wconf 15' lang='lat' dir='ltr'><strong>templumiBome</strong></span> <span class='ocrx_word' id='word_1_624' title='bbox 1539 4845 1653 4899; x_wconf 63' lang='lat' dir='ltr'><strong>deae</strong></span> <span class='ocrx_word' id='word_1_625' title='bbox 1687 4847 1893 4916; x_wconf 85' lang='lat' dir='ltr'><strong>ingredi</strong></span> <span class='ocrx_word' id='word_1_626' title='bbox 1922 4847 2074 4904; x_wconf 87' lang='lat' dir='ltr'><strong>nefas</strong></span> 
     </span>
    </p>
   </div>
   <div class='ocr_carea' id='block_1_82' title="bbox 477 4915 2073 4986">
    <p class='ocr_par' dir='ltr' id='par_1_82' title="bbox 477 4915 2073 4986">
     <span class='ocr_line' id='line_1_83' title="bbox 477 4915 2073 4986; baseline 0.004 -17"><span class='ocrx_word' id='word_1_627' title='bbox 477 4927 623 4978; x_wconf 89' lang='lat' dir='ltr'><strong>erat;</strong></span> <span class='ocrx_word' id='word_1_628' title='bbox 653 4915 748 4970; x_wconf 91' lang='lat' dir='ltr'><strong>sed</strong></span> <span class='ocrx_word' id='word_1_629' title='bbox 778 4924 845 4986; x_wconf 22' lang='lat' dir='ltr'><strong>Aet</strong></span> <span class='ocrx_word' id='word_1_630' title='bbox 874 4916 1092 4986; x_wconf 81' lang='lat' dir='ltr'><strong>pictura:</strong></span> <span class='ocrx_word' id='word_1_631' title='bbox 1141 4915 1390 4968; x_wconf 66' lang='lat' dir='ltr'><strong>mascula:</strong></span> <span class='ocrx_word' id='word_1_632' title='bbox 1438 4917 1488 4969; x_wconf 92' lang='lat' dir='ltr'><strong>in</strong></span> <span class='ocrx_word' id='word_1_633' title='bbox 1531 4918 1731 4986; x_wconf 86' lang='lat' dir='ltr'><strong>templo</strong></span> <span class='ocrx_word' id='word_1_634' title='bbox 1753 4915 1982 4984; x_wconf 56' lang='lat' dir='ltr'><strong>velata),</strong></span> <span class='ocrx_word' id='word_1_635' title='bbox 2016 4931 2073 4976; x_wconf 92' lang='lat' dir='ltr'><strong>ut</strong></span> 
     </span>
    </p>
   </div>
   <div class='ocr_carea' id='block_1_83' title="bbox 476 4984 2072 5054">
    <p class='ocr_par' dir='ltr' id='par_1_83' title="bbox 476 4984 2072 5054">
     <span class='ocr_line' id='line_1_84' title="bbox 476 4984 2072 5054; baseline 0.004 -15"><span class='ocrx_word' id='word_1_636' title='bbox 476 4995 742 5040; x_wconf 90' lang='lat' dir='ltr'><strong>testantur</strong></span> <span class='ocrx_word' id='word_1_637' title='bbox 767 4984 1009 5040; x_wconf 83' lang='lat' dir='ltr'><strong>Juvenal.</strong></span> <span class='ocrx_word' id='word_1_638' title='bbox 1048 4985 1228 5051; x_wconf 75' lang='lat' dir='ltr'><strong>Satyr.</strong></span> <span class='ocrx_word' id='word_1_639' title='bbox 1259 4986 1291 5038; x_wconf 88' lang='lat'><strong>6</strong></span> <span class='ocrx_word' id='word_1_640' title='bbox 1311 5027 1325 5049; x_wconf 91' lang='lat'><strong>,</strong></span> <span class='ocrx_word' id='word_1_641' title='bbox 1360 4998 1412 5041; x_wconf 92' lang='lat' dir='ltr'><strong>et</strong></span> <span class='ocrx_word' id='word_1_642' title='bbox 1439 4984 1834 5054; x_wconf 30' lang='lat' dir='ltr'><strong>Senem—epist.</strong></span> <span class='ocrx_word' id='word_1_643' title='bbox 1867 4991 1958 5045; x_wconf 87' lang='lat'><strong>97.</strong></span> <span class='ocrx_word' id='word_1_644' title='bbox 1996 4991 2072 5046; x_wconf 88' lang='lat' dir='ltr'><strong>De</strong></span> 
     </span>
    </p>
   </div>
   <div class='ocr_carea' id='block_1_84' title="bbox 478 5055 2070 5130">
    <p class='ocr_par' dir='ltr' id='par_1_84' title="bbox 478 5055 2070 5130">
     <span class='ocr_line' id='line_1_85' title="bbox 478 5055 2070 5130; baseline 0.005 -21"><span class='ocrx_word' id='word_1_645' title='bbox 478 5056 562 5130; x_wconf 85' lang='lat' dir='ltr'><strong>his</strong></span> <span class='ocrx_word' id='word_1_646' title='bbox 589 5057 896 5130; x_wconf 66' lang='lat' dir='ltr'><strong>Bonaedece</strong></span> <span class='ocrx_word' id='word_1_647' title='bbox 923 5065 1014 5130; x_wconf 74' lang='lat' dir='ltr'><strong>aut</strong></span> <span class='ocrx_word' id='word_1_648' title='bbox 1039 5055 1217 5111; x_wconf 73' lang='lat' dir='ltr'><strong>Vesta:</strong></span> <span class='ocrx_word' id='word_1_649' title='bbox 1255 5057 1520 5130; x_wconf 87' lang='lat' dir='ltr'><strong>Mysteriis</strong></span> <span class='ocrx_word' id='word_1_650' title='bbox 1561 5058 1680 5112; x_wconf 87' lang='lat' dir='ltr'><strong>vide</strong></span> <span class='ocrx_word' id='word_1_651' title='bbox 1715 5060 1931 5130; x_wconf 88' lang='lat' dir='ltr'><strong>Dionys.</strong></span> <span class='ocrx_word' id='word_1_652' title='bbox 1965 5062 2070 5117; x_wconf 88' lang='lat' dir='ltr'><strong>Ha—</strong></span> 
     </span>
    </p>
   </div>
   <div class='ocr_carea' id='block_1_85' title="bbox 479 5124 2065 5200">
    <p class='ocr_par' dir='ltr' id='par_1_85' title="bbox 479 5124 2065 5200">
     <span class='ocr_line' id='line_1_86' title="bbox 479 5124 2065 5200; baseline 0.003 -19"><span class='ocrx_word' id='word_1_653' title='bbox 479 5127 681 5200; x_wconf 85' lang='lat' dir='ltr'><strong>lycarn.</strong></span> <span class='ocrx_word' id='word_1_654' title='bbox 713 5127 805 5200; x_wconf 88' lang='lat' dir='ltr'><strong>lib.</strong></span> <span class='ocrx_word' id='word_1_655' title='bbox 836 5143 912 5200; x_wconf 76' lang='lat' dir='ltr'><strong>ir;</strong></span> <span class='ocrx_word' id='word_1_656' title='bbox 953 5124 1579 5200; x_wconf 41' lang='lat' dir='ltr'><strong>Ciceronum—oratione</strong></span> <span class='ocrx_word' id='word_1_657' title='bbox 1611 5143 1708 5198; x_wconf 91' lang='lat' dir='ltr'><strong>pro</strong></span> <span class='ocrx_word' id='word_1_658' title='bbox 1745 5124 1914 5186; x_wconf 82' lang='lat' dir='ltr'><strong>Domo</strong></span> <span class='ocrx_word' id='word_1_659' title='bbox 1945 5148 2065 5200; x_wconf 85' lang='lat' dir='ltr'><strong>sua,</strong></span> 
     </span>
    </p>
   </div>
   <div class='ocr_carea' id='block_1_86' title="bbox 477 5199 2073 5273">
    <p class='ocr_par' dir='ltr' id='par_1_86' title="bbox 477 5199 2073 5273">
     <span class='ocr_line' id='line_1_87' title="bbox 477 5199 2073 5273; baseline 0.005 -21"><span class='ocrx_word' id='word_1_660' title='bbox 477 5211 532 5273; x_wconf 85' lang='lat' dir='ltr'><strong>et</strong></span> <span class='ocrx_word' id='word_1_661' title='bbox 560 5199 817 5273; x_wconf 56' lang='lat' dir='ltr'><strong>Macrob,</strong></span> <span class='ocrx_word' id='word_1_662' title='bbox 839 5199 1008 5273; x_wconf 24' lang='lat' dir='ltr'><strong>dibu:</strong></span> <span class='ocrx_word' id='word_1_663' title='bbox 1035 5199 1330 5273; x_wconf 81' lang='lat' dir='ltr'><strong>sat_tn-nal.,</strong></span> <span class='ocrx_word' id='word_1_664' title='bbox 1376 5216 1425 5255; x_wconf 90' lang='lat' dir='ltr'><strong>c.</strong></span> <span class='ocrx_word' id='word_1_665' title='bbox 1458 5202 1517 5256; x_wconf 82' lang='grc' dir='ltr'>Η</span> <span class='ocrx_word' id='word_1_666' title='bbox 1551 5211 1607 5257; x_wconf 91' lang='lat' dir='ltr'><strong>et</strong></span> <span class='ocrx_word' id='word_1_667' title='bbox 1633 5202 1720 5264; x_wconf 70' lang='grc'><strong>12,</strong></span> <span class='ocrx_word' id='word_1_668' title='bbox 1748 5214 1908 5273; x_wconf 89' lang='lat' dir='ltr'><strong>atque</strong></span> <span class='ocrx_word' id='word_1_669' title='bbox 1945 5203 2073 5260; x_wconf 87' lang='lat' dir='ltr'><strong>Ser-</strong></span> 
     </span>
    </p>
   </div>
   <div class='ocr_carea' id='block_1_87' title="bbox 477 5269 1220 5326">
    <p class='ocr_par' dir='ltr' id='par_1_87' title="bbox 477 5269 1220 5326">
     <span class='ocr_line' id='line_1_88' title="bbox 477 5269 1220 5326; baseline 0.008 -7"><span class='ocrx_word' id='word_1_670' title='bbox 477 5270 622 5322; x_wconf 91' lang='lat' dir='ltr'><strong>vium</strong></span> <span class='ocrx_word' id='word_1_671' title='bbox 656 5269 706 5322; x_wconf 90' lang='lat' dir='ltr'><strong>in</strong></span> <span class='ocrx_word' id='word_1_672' title='bbox 735 5285 787 5324; x_wconf 84' lang='lat' dir='ltr'><strong>1v</strong></span> <span class='ocrx_word' id='word_1_673' title='bbox 820 5271 908 5326; x_wconf 89' lang='lat' dir='ltr'><strong>lib.</strong></span> <span class='ocrx_word' id='word_1_674' title='bbox 943 5269 1220 5326; x_wconf 67' lang='lat' dir='ltr'><strong>Eneidos.</strong></span> 
     </span>
    </p>
   </div>
   <div class='ocr_carea' id='block_1_88' title="bbox 553 5339 2069 5413">
    <p class='ocr_par' dir='ltr' id='par_1_88' title="bbox 553 5339 2069 5413">
     <span class='ocr_line' id='line_1_89' title="bbox 553 5339 2069 5413; baseline 0.006 -21"><span class='ocrx_word' id='word_1_675' title='bbox 553 5339 753 5413; x_wconf 72' lang='lat' dir='ltr'><strong>Coi-dis.</strong></span> <span class='ocrx_word' id='word_1_676' title='bbox 789 5343 883 5398; x_wconf 82' lang='lat' dir='ltr'><strong>llic</strong></span> <span class='ocrx_word' id='word_1_677' title='bbox 911 5360 998 5396; x_wconf 90' lang='lat' dir='ltr'><strong>cor</strong></span> <span class='ocrx_word' id='word_1_678' title='bbox 1024 5343 1236 5413; x_wconf 89' lang='lat' dir='ltr'><strong>ponitur</strong></span> <span class='ocrx_word' id='word_1_679' title='bbox 1270 5357 1365 5408; x_wconf 87' lang='lat' dir='ltr'><strong>pro</strong></span> <span class='ocrx_word' id='word_1_680' title='bbox 1390 5343 1568 5396; x_wconf 90' lang='lat' dir='ltr'><strong>animo</strong></span> <span class='ocrx_word' id='word_1_681' title='bbox 1590 5386 1604 5406; x_wconf 94' lang='lat'><strong>,</strong></span> <span class='ocrx_word' id='word_1_682' title='bbox 1631 5345 1913 5410; x_wconf 87' lang='lat' dir='ltr'><strong>prudentia</strong></span> <span class='ocrx_word' id='word_1_683' title='bbox 1935 5388 1950 5413; x_wconf 94' lang='lat'><strong>,</strong></span> <span class='ocrx_word' id='word_1_684' title='bbox 1983 5362 2069 5401; x_wconf 81' lang='lat' dir='ltr'><strong>sa-</strong></span> 
     </span>
    </p>
   </div>
   <div class='ocr_carea' id='block_1_89' title="bbox 479 5411 2061 5486">
    <p class='ocr_par' dir='ltr' id='par_1_89' title="bbox 479 5411 2061 5486">
     <span class='ocr_line' id='line_1_90' title="bbox 479 5411 2061 5486; baseline 0.003 -23"><span class='ocrx_word' id='word_1_685' title='bbox 479 5411 1138 5486; x_wconf 80' lang='lat' dir='ltr'><strong>pientia.—Aliquid...._.</strong></span> <span class='ocrx_word' id='word_1_686' title='bbox 1173 5412 1347 5486; x_wconf 83' lang='lat' dir='ltr'><strong>habuit</strong></span> <span class='ocrx_word' id='word_1_687' title='bbox 1383 5414 1563 5468; x_wconf 81' lang='lat' dir='ltr'><strong>cordis.</strong></span> <span class='ocrx_word' id='word_1_688' title='bbox 1600 5416 1653 5469; x_wconf 86' lang='lat' dir='ltr'><strong>Id</strong></span> <span class='ocrx_word' id='word_1_689' title='bbox 1685 5425 1796 5478; x_wconf 85' lang='lat' dir='ltr'><strong>est,</strong></span> <span class='ocrx_word' id='word_1_690' title='bbox 1836 5427 1892 5470; x_wconf 89' lang='lat' dir='ltr'><strong>ut</strong></span> <span class='ocrx_word' id='word_1_691' title='bbox 1918 5411 2061 5486; x_wconf 80' lang='lat' dir='ltr'><strong>sup.,</strong></span> 
     </span>
    </p>
   </div>
   <div class='ocr_carea' id='block_1_90' title="bbox 483 5483 2063 5556">
    <p class='ocr_par' dir='ltr' id='par_1_90' title="bbox 483 5483 2063 5556">
     <span class='ocr_line' id='line_1_91' title="bbox 483 5483 2063 5556; baseline 0.006 -21"><span class='ocrx_word' id='word_1_692' title='bbox 483 5485 580 5543; x_wconf 67' lang='lat' dir='ltr'><strong>fuit</strong></span> <span class='ocrx_word' id='word_1_693' title='bbox 612 5486 766 5553; x_wconf 86' lang='lat' dir='ltr'><strong>paulo</strong></span> <span class='ocrx_word' id='word_1_694' title='bbox 793 5485 1070 5556; x_wconf 72' lang='lat' dir='ltr'><strong>cordutior.</strong></span> <span class='ocrx_word' id='word_1_695' title='bbox 1093 5483 1415 5556; x_wconf 78' lang='lat' dir='ltr'><strong>Lactantius</strong></span> <span class='ocrx_word' id='word_1_696' title='bbox 1441 5501 1560 5537; x_wconf 87' lang='lat' dir='ltr'><strong>cum</strong></span> <span class='ocrx_word' id='word_1_697' title='bbox 1591 5487 1711 5540; x_wconf 82' lang='lat' dir='ltr'><strong>aliis</strong></span> <span class='ocrx_word' id='word_1_698' title='bbox 1747 5483 2063 5556; x_wconf 83' lang='lat' dir='ltr'><strong>sapientiam</strong></span> 
     </span>
    </p>
   </div>
   <div class='ocr_carea' id='block_1_91' title="bbox 480 5554 2060 5625">
    <p class='ocr_par' dir='ltr' id='par_1_91' title="bbox 480 5554 2060 5625">
     <span class='ocr_line' id='line_1_92' title="bbox 480 5554 2060 5625; baseline 0.004 -17"><span class='ocrx_word' id='word_1_699' title='bbox 480 5556 532 5608; x_wconf 86' lang='lat' dir='ltr'><strong>in</strong></span> <span class='ocrx_word' id='word_1_700' title='bbox 559 5557 712 5609; x_wconf 88' lang='lat' dir='ltr'><strong>corde</strong></span> <span class='ocrx_word' id='word_1_701' title='bbox 739 5557 969 5625; x_wconf 86' lang='lat' dir='ltr'><strong>ponebat</strong></span> <span class='ocrx_word' id='word_1_702' title='bbox 1005 5571 1017 5607; x_wconf 88' lang='lat'><strong>:</strong></span> <span class='ocrx_word' id='word_1_703' title='bbox 1051 5554 1197 5625; x_wconf 82' lang='lat' dir='ltr'><strong>hinc,</strong></span> <span class='ocrx_word' id='word_1_704' title='bbox 1229 5556 1262 5608; x_wconf 92' lang='grc' dir='ltr'><strong>Ι.</strong></span> <span class='ocrx_word' id='word_1_705' title='bbox 1294 5571 1372 5618; x_wconf 85' lang='lat' dir='ltr'><strong>In,</strong></span> <span class='ocrx_word' id='word_1_706' title='bbox 1406 5570 1526 5624; x_wconf 84' lang='lat' dir='ltr'><strong>cap.</strong></span> <span class='ocrx_word' id='word_1_707' title='bbox 1559 5557 1656 5611; x_wconf 73' lang='lat' dir='ltr'><strong>l5:</strong></span> <span class='ocrx_word' id='word_1_708' title='bbox 1689 5556 1754 5610; x_wconf 82' lang='lat' dir='ltr'><strong>In</strong></span> <span class='ocrx_word' id='word_1_709' title='bbox 1795 5554 1947 5613; x_wconf 76' lang='lat' dir='ltr'><strong>corde</strong></span> <span class='ocrx_word' id='word_1_710' title='bbox 1976 5577 2060 5614; x_wconf 83' lang='lat' dir='ltr'><strong>sa-</strong></span> 
     </span>
    </p>
   </div>
   <div class='ocr_carea' id='block_1_92' title="bbox 481 5624 2060 5697">
    <p class='ocr_par' dir='ltr' id='par_1_92' title="bbox 481 5624 2060 5697">
     <span class='ocr_line' id='line_1_93' title="bbox 481 5624 2060 5697; baseline 0.004 -18"><span class='ocrx_word' id='word_1_711' title='bbox 481 5627 670 5694; x_wconf 84' lang='lat' dir='ltr'><strong>pientia</strong></span> <span class='ocrx_word' id='word_1_712' title='bbox 703 5624 797 5680; x_wconf 83' lang='lat' dir='ltr'><strong>est.</strong></span> <span class='ocrx_word' id='word_1_713' title='bbox 832 5626 906 5697; x_wconf 74' lang='lat' dir='ltr'><strong>De</strong></span> <span class='ocrx_word' id='word_1_714' title='bbox 934 5624 1100 5697; x_wconf 66' lang='lat' dir='ltr'><strong>Opiﬁ,</strong></span> <span class='ocrx_word' id='word_1_715' title='bbox 1134 5639 1252 5694; x_wconf 85' lang='lat' dir='ltr'><strong>cap.</strong></span> <span class='ocrx_word' id='word_1_716' title='bbox 1286 5627 1353 5681; x_wconf 81' lang='grc'><strong>10</strong></span> <span class='ocrx_word' id='word_1_717' title='bbox 1385 5645 1396 5679; x_wconf 93' lang='lat'><strong>:</strong></span> <span class='ocrx_word' id='word_1_718' title='bbox 1429 5626 1529 5680; x_wconf 79' lang='lat' dir='ltr'><strong>Cor</strong></span> <span class='ocrx_word' id='word_1_719' title='bbox 1550 5629 1816 5697; x_wconf 71' lang='lat' dir='ltr'><strong>sapientiw</strong></span> <span class='ocrx_word' id='word_1_720' title='bbox 1845 5631 2060 5684; x_wconf 85' lang='lat' dir='ltr'><strong>domici-</strong></span> 
     </span>
    </p>
   </div>
   <div class='ocr_carea' id='block_1_93' title="bbox 481 5695 2061 5770">
    <p class='ocr_par' dir='ltr' id='par_1_93' title="bbox 481 5695 2061 5770">
     <span class='ocr_line' id='line_1_94' title="bbox 481 5695 2061 5770; baseline 0.003 -19"><span class='ocrx_word' id='word_1_721' title='bbox 481 5699 626 5751; x_wconf 87' lang='lat' dir='ltr'><strong>lium.</strong></span> <span class='ocrx_word' id='word_1_722' title='bbox 657 5697 786 5766; x_wconf 80' lang='lat' dir='ltr'><strong>Cap.</strong></span> <span class='ocrx_word' id='word_1_723' title='bbox 825 5695 890 5749; x_wconf 71' lang='lat'><strong>1&#39;2</strong></span> <span class='ocrx_word' id='word_1_724' title='bbox 923 5715 934 5748; x_wconf 89' lang='lat'>:</span> <span class='ocrx_word' id='word_1_725' title='bbox 967 5695 1202 5770; x_wconf 79' lang='lat' dir='ltr'><strong>Primum</strong></span> <span class='ocrx_word' id='word_1_726' title='bbox 1249 5714 1336 5770; x_wconf 85' lang='lat' dir='ltr'><strong>cur</strong></span> <span class='ocrx_word' id='word_1_727' title='bbox 1360 5699 1584 5770; x_wconf 77' lang='lat' dir='ltr'><strong>hominis</strong></span> <span class='ocrx_word' id='word_1_728' title='bbox 1612 5695 1810 5770; x_wconf 73' lang='lat' dir='ltr'><strong>efﬁngi,</strong></span> <span class='ocrx_word' id='word_1_729' title='bbox 1843 5701 1979 5770; x_wconf 87' lang='lat' dir='ltr'><strong>quod</strong></span> <span class='ocrx_word' id='word_1_730' title='bbox 2007 5703 2061 5756; x_wconf 82' lang='lat' dir='ltr'><strong>in</strong></span> 
     </span>
    </p>
   </div>
   <div class='ocr_carea' id='block_1_94' title="bbox 480 5768 1484 5837">
    <p class='ocr_par' dir='ltr' id='par_1_94' title="bbox 480 5768 1484 5837">
     <span class='ocr_line' id='line_1_95' title="bbox 480 5768 1484 5837; baseline 0.001 -17"><span class='ocrx_word' id='word_1_731' title='bbox 480 5785 538 5822; x_wconf 88' lang='lat' dir='ltr'><strong>eo</strong></span> <span class='ocrx_word' id='word_1_732' title='bbox 563 5770 627 5820; x_wconf 83' lang='lat' dir='ltr'><strong>sit</strong></span> <span class='ocrx_word' id='word_1_733' title='bbox 657 5769 757 5837; x_wconf 85' lang='lat' dir='ltr'><strong>vita</strong></span> <span class='ocrx_word' id='word_1_734' title='bbox 787 5773 949 5820; x_wconf 89' lang='lat' dir='ltr'><strong>omnis</strong></span> <span class='ocrx_word' id='word_1_735' title='bbox 980 5768 1034 5820; x_wconf 81' lang='lat' dir='ltr'><strong>et</strong></span> <span class='ocrx_word' id='word_1_736' title='bbox 1053 5768 1322 5837; x_wconf 83' lang='lat' dir='ltr'><strong>sapientia.</strong></span> <span class='ocrx_word' id='word_1_737' title='bbox 1355 5769 1484 5823; x_wconf 72' lang='lat' dir='ltr'><strong>BUN.</strong></span> 
     </span>
    </p>
   </div>
   <div class='ocr_carea' id='block_1_95' title="bbox 490 5835 2057 5905">
    <p class='ocr_par' dir='ltr' id='par_1_95' title="bbox 490 5835 2057 5905">
     <span class='ocr_line' id='line_1_96' title="bbox 490 5835 2057 5905; baseline 0.006 -18"><span class='ocrx_word' id='word_1_738' title='bbox 490 5896 496 5902; x_wconf 89' lang='lat'><strong>_</strong></span> <span class='ocrx_word' id='word_1_739' title='bbox 557 5836 706 5901; x_wconf 85' lang='lat' dir='ltr'><strong>Quod</strong></span> <span class='ocrx_word' id='word_1_740' title='bbox 734 5851 892 5905; x_wconf 85' lang='lat' dir='ltr'><strong>supra</strong></span> <span class='ocrx_word' id='word_1_741' title='bbox 923 5853 1046 5903; x_wconf 82' lang='lat' dir='ltr'><strong>nos,</strong></span> <span class='ocrx_word' id='word_1_742' title='bbox 1079 5835 1298 5892; x_wconf 77' lang='lat' dir='ltr'><strong>nihilad</strong></span> <span class='ocrx_word' id='word_1_743' title='bbox 1329 5835 1710 5905; x_wconf 31' lang='lat' dir='ltr'><strong>noqueminit</strong></span> <span class='ocrx_word' id='word_1_744' title='bbox 1743 5837 1904 5895; x_wconf 82' lang='lat' dir='ltr'><strong>etiam</strong></span> <span class='ocrx_word' id='word_1_745' title='bbox 1930 5838 2057 5897; x_wconf 79' lang='lat' dir='ltr'><strong>Hie-</strong></span> 
     </span>
    </p>
   </div>
   <div class='ocr_carea' id='block_1_96' title="bbox 486 5897 2059 5980">
    <p class='ocr_par' dir='ltr' id='par_1_96' title="bbox 486 5897 2059 5980">
     <span class='ocr_line' id='line_1_97' title="bbox 486 5897 2059 5980; baseline 0.005 -20"><span class='ocrx_word' id='word_1_746' title='bbox 486 5897 742 5977; x_wconf 65' lang='lat' dir='ltr'><strong>ronymus</strong></span> <span class='ocrx_word' id='word_1_747' title='bbox 772 5897 823 5962; x_wconf 78' lang='lat' dir='ltr'><strong>in</strong></span> <span class='ocrx_word' id='word_1_748' title='bbox 854 5897 1113 5980; x_wconf 59' lang='lat' dir='ltr'><strong>Apologia</strong></span> <span class='ocrx_word' id='word_1_749' title='bbox 1149 5909 1407 5968; x_wconf 75' lang='lat' dir='ltr'><strong>adversus</strong></span> <span class='ocrx_word' id='word_1_750' title='bbox 1435 5897 1712 5968; x_wconf 56' lang='lat' dir='ltr'><strong>animum:</strong></span> <span class='ocrx_word' id='word_1_751' title='bbox 1747 5908 1818 5969; x_wconf 79' lang='grc' dir='ltr'><strong>Λι</strong></span> <span class='ocrx_word' id='word_1_752' title='bbox 1847 5908 2059 5970; x_wconf 74' lang='lat' dir='ltr'><strong>videtur</strong></span> 
     </span>
    </p>
   </div>
   <div class='ocr_carea' id='block_1_97' title="bbox 2174 3209 3640 3272">
    <p class='ocr_par' dir='ltr' id='par_1_97' title="bbox 2174 3209 3640 3272">
     <span class='ocr_line' id='line_1_98' title="bbox 2174 3209 3640 3272; baseline -0.005 -7"><span class='ocrx_word' id='word_1_753' title='bbox 2174 3211 2326 3272; x_wconf 84' lang='lat' dir='ltr'><strong>dicit,</strong></span> <span class='ocrx_word' id='word_1_754' title='bbox 2359 3227 2478 3263; x_wconf 90' lang='lat' dir='ltr'><strong>cum</strong></span> <span class='ocrx_word' id='word_1_755' title='bbox 2509 3211 2630 3264; x_wconf 89' lang='lat' dir='ltr'><strong>aliis</strong></span> <span class='ocrx_word' id='word_1_756' title='bbox 2657 3211 2708 3264; x_wconf 91' lang='lat' dir='ltr'><strong>in</strong></span> <span class='ocrx_word' id='word_1_757' title='bbox 2734 3211 2866 3264; x_wconf 90' lang='lat' dir='ltr'><strong>locis</strong></span> <span class='ocrx_word' id='word_1_758' title='bbox 2889 3211 3120 3264; x_wconf 88' lang='lat' dir='ltr'><strong>multmn</strong></span> <span class='ocrx_word' id='word_1_759' title='bbox 3149 3213 3414 3266; x_wconf 85' lang='lat' dir='ltr'><strong>Socratem</strong></span> <span class='ocrx_word' id='word_1_760' title='bbox 3435 3209 3640 3263; x_wconf 75' lang='lat' dir='ltr'><strong>laudaverit.</strong></span> 
     </span>
    </p>
   </div>
   <div class='ocr_carea' id='block_1_98' title="bbox 2170 3280 3642 3346">
    <p class='ocr_par' dir='ltr' id='par_1_98' title="bbox 2170 3280 3642 3346">
     <span class='ocr_line' id='line_1_99' title="bbox 2170 3280 3642 3346; baseline -0.005 -10"><span class='ocrx_word' id='word_1_761' title='bbox 2170 3280 2559 3336; x_wconf 83' lang='lat' dir='ltr'><strong>Verumtamen</strong></span> <span class='ocrx_word' id='word_1_762' title='bbox 2589 3297 2695 3334; x_wconf 90' lang='lat' dir='ltr'><strong>non</strong></span> <span class='ocrx_word' id='word_1_763' title='bbox 2730 3297 2795 3336; x_wconf 91' lang='lat' dir='ltr'><strong>eo</strong></span> <span class='ocrx_word' id='word_1_764' title='bbox 2827 3281 3152 3336; x_wconf 90' lang='lat' dir='ltr'><strong>veniendum</strong></span> <span class='ocrx_word' id='word_1_765' title='bbox 3176 3291 3278 3346; x_wconf 88' lang='lat' dir='ltr'><strong>est,</strong></span> <span class='ocrx_word' id='word_1_766' title='bbox 3312 3281 3642 3341; x_wconf 72' lang='lat' dir='ltr'><strong>utdicamus,ro-</strong></span> 
     </span>
    </p>
   </div>
   <div class='ocr_carea' id='block_1_99' title="bbox 2169 3351 3642 3422">
    <p class='ocr_par' dir='ltr' id='par_1_99' title="bbox 2169 3351 3642 3422">
     <span class='ocr_line' id='line_1_100' title="bbox 2169 3351 3642 3422; baseline -0.003 -17"><span class='ocrx_word' id='word_1_767' title='bbox 2169 3351 2249 3405; x_wconf 92' lang='lat' dir='ltr'><strong>lut</strong></span> <span class='ocrx_word' id='word_1_768' title='bbox 2278 3351 2538 3407; x_wconf 87' lang='lat' dir='ltr'><strong>Erasmus</strong></span> <span class='ocrx_word' id='word_1_769' title='bbox 2570 3353 2883 3419; x_wconf 81' lang='lat' dir='ltr'><strong>Rotterod.,</strong></span> <span class='ocrx_word' id='word_1_770' title='bbox 2934 3352 3025 3422; x_wconf 91' lang='lat' dir='ltr'><strong>qui</strong></span> <span class='ocrx_word' id='word_1_771' title='bbox 3083 3367 3232 3422; x_wconf 62' lang='lat' dir='ltr'><strong>saepe</strong></span> <span class='ocrx_word' id='word_1_772' title='bbox 3266 3353 3350 3407; x_wconf 75' lang='lat' dir='ltr'><strong>vix</strong></span> <span class='ocrx_word' id='word_1_773' title='bbox 3396 3351 3642 3405; x_wconf 64' lang='lat' dir='ltr'><strong>abstineres:</strong></span> 
     </span>
    </p>
   </div>
   <div class='ocr_carea' id='block_1_100' title="bbox 2170 3422 3640 3547">
    <p class='ocr_par' dir='ltr' id='par_1_100' title="bbox 2170 3422 3640 3547">
     <span class='ocr_line' id='line_1_101' title="bbox 2170 3422 3640 3547; baseline -0.005 -70"><span class='ocrx_word' id='word_1_774' title='bbox 2170 3437 2334 3547; x_wconf 49' lang='lat' dir='ltr'><strong>potsse</strong></span> <span class='ocrx_word' id='word_1_775' title='bbox 2364 3423 2577 3489; x_wconf 85' lang='lat' dir='ltr'><strong>aiebat,</strong></span> <span class='ocrx_word' id='word_1_776' title='bbox 2604 3425 2730 3494; x_wconf 91' lang='lat' dir='ltr'><strong>quin</strong></span> <span class='ocrx_word' id='word_1_777' title='bbox 2776 3422 2985 3480; x_wconf 89' lang='lat' dir='ltr'><strong>diceret</strong></span> <span class='ocrx_word' id='word_1_778' title='bbox 3009 3440 3022 3476; x_wconf 90' lang='lat'><strong>:</strong></span> <span class='ocrx_word' id='word_1_779' title='bbox 3048 3423 3244 3478; x_wconf 87' lang='lat' dir='ltr'><strong>Sancte</strong></span> <span class='ocrx_word' id='word_1_780' title='bbox 3268 3424 3497 3488; x_wconf 79' lang='lat' dir='ltr'><strong>Socrates,</strong></span> <span class='ocrx_word' id='word_1_781' title='bbox 3515 3438 3576 3474; x_wconf 84' lang='lat' dir='ltr'><strong>ora</strong></span> <span class='ocrx_word' id='word_1_782' title='bbox 3595 3439 3640 3486; x_wconf 53' lang='lat' dir='ltr'><strong>pri</strong></span> 
     </span>
     <span class='ocr_line' id='line_1_102' title="bbox 2170 3510 2332 3547; baseline -0.006 0"><span class='ocrx_word' id='word_1_783' title='bbox 2170 3510 2234 3547; x_wconf 88' lang='lat' dir='ltr'><strong>no</strong></span> <span class='ocrx_word' id='word_1_784' title='bbox 2272 3511 2332 3547; x_wconf 83' lang='lat' dir='ltr'><strong>ts.</strong></span> 
     </span>
    </p>
   </div>
   <div class='ocr_carea' id='block_1_101' title="bbox 2169 3510 2332 3547">
    <p class='ocr_par' dir='ltr' id='par_1_101' title="bbox 2169 3510 2332 3547">
     <span class='ocr_line' id='line_1_103' title="bbox 2169 3510 2332 3547; baseline -0.006 0"><span class='ocrx_word' id='word_1_785' title='bbox 2169 3510 2332 3547; x_wconf 67' lang='grc'><strong>210018.</strong></span> 
     </span>
    </p>
   </div>
   <div class='ocr_carea' id='block_1_102' title="bbox 2248 3564 3639 3638">
    <p class='ocr_par' dir='ltr' id='par_1_102' title="bbox 2248 3564 3639 3638">
     <span class='ocr_line' id='line_1_104' title="bbox 2248 3564 3639 3638; baseline -0.001 -22"><span class='ocrx_word' id='word_1_786' title='bbox 2248 3564 2850 3638; x_wconf 50' lang='lat' dir='ltr'><strong>Procrtntbamus.....in</strong></span> <span class='ocrx_word' id='word_1_787' title='bbox 2877 3576 3088 3622; x_wconf 84' lang='lat' dir='ltr'><strong>terram.</strong></span> <span class='ocrx_word' id='word_1_788' title='bbox 3115 3566 3338 3638; x_wconf 49' lang='lat' dir='ltr'><strong>[Equins</strong></span> <span class='ocrx_word' id='word_1_789' title='bbox 3372 3566 3639 3638; x_wconf 77' lang='lat' dir='ltr'><strong>interpretatur</strong></span> 
     </span>
    </p>
   </div>
   <div class='ocr_carea' id='block_1_103' title="bbox 2169 3635 3637 3706">
    <p class='ocr_par' dir='ltr' id='par_1_103' title="bbox 2169 3635 3637 3706">
     <span class='ocr_line' id='line_1_105' title="bbox 2169 3635 3637 3706; baseline 0 -16"><span class='ocrx_word' id='word_1_790' title='bbox 2169 3635 2371 3693; x_wconf 86' lang='lat' dir='ltr'><strong>Minue.</strong></span> <span class='ocrx_word' id='word_1_791' title='bbox 2397 3636 2542 3690; x_wconf 79' lang='lat' dir='ltr'><strong>Felix</strong></span> <span class='ocrx_word' id='word_1_792' title='bbox 2565 3679 2580 3704; x_wconf 94' lang='lat'><strong>,</strong></span> <span class='ocrx_word' id='word_1_793' title='bbox 2610 3653 2662 3691; x_wconf 92' lang='lat' dir='ltr'><strong>c.</strong></span> <span class='ocrx_word' id='word_1_794' title='bbox 2687 3637 2741 3692; x_wconf 91' lang='lat'><strong>8.</strong></span> <span class='ocrx_word' id='word_1_795' title='bbox 2767 3637 3140 3693; x_wconf 88' lang='lat' dir='ltr'><strong>Tertullianus</strong></span> <span class='ocrx_word' id='word_1_796' title='bbox 3163 3681 3180 3706; x_wconf 86' lang='lat'><strong>,</strong></span> <span class='ocrx_word' id='word_1_797' title='bbox 3203 3635 3251 3692; x_wconf 51' lang='lat' dir='ltr'><strong>&#39;l.</strong></span> <span class='ocrx_word' id='word_1_798' title='bbox 3281 3655 3315 3691; x_wconf 90' lang='grc' dir='ltr'><strong>ιι</strong></span> <span class='ocrx_word' id='word_1_799' title='bbox 3353 3637 3414 3691; x_wconf 88' lang='lat' dir='ltr'><strong>ad</strong></span> <span class='ocrx_word' id='word_1_800' title='bbox 3451 3635 3637 3706; x_wconf 52' lang='lat' dir='ltr'><strong>Nationes.</strong></span> 
     </span>
    </p>
   </div>
   <div class='ocr_carea' id='block_1_104' title="bbox 2170 3704 3689 3787">
    <p class='ocr_par' dir='ltr' id='par_1_104' title="bbox 2170 3704 3689 3787">
     <span class='ocr_line' id='line_1_106' title="bbox 2170 3704 3689 3787; baseline -0.004 -27"><span class='ocrx_word' id='word_1_801' title='bbox 2252 3713 2318 3772; x_wconf 75' lang='grc'><strong>4,</strong></span> <span class='ocrx_word' id='word_1_802' title='bbox 2354 3709 2556 3787; x_wconf 83' lang='lat' dir='ltr'><strong>dictum</strong></span> <span class='ocrx_word' id='word_1_803' title='bbox 2587 3709 2690 3762; x_wconf 90' lang='lat' dir='ltr'><strong>hoc</strong></span> <span class='ocrx_word' id='word_1_804' title='bbox 2720 3709 2954 3787; x_wconf 70' lang='lat' dir='ltr'><strong>Epicuro</strong></span> <span class='ocrx_word' id='word_1_805' title='bbox 2990 3704 3199 3787; x_wconf 80' lang='lat' dir='ltr'><strong>tribuit.</strong></span> <span class='ocrx_word' id='word_1_806' title='bbox 3227 3709 3348 3787; x_wconf 70' lang='lat' dir='ltr'><strong>lure</strong></span> <span class='ocrx_word' id='word_1_807' title='bbox 3375 3722 3508 3787; x_wconf 72' lang='lat' dir='ltr'><strong>vero,</strong></span> <span class='ocrx_word' id='word_1_808' title='bbox 3531 3704 3638 3787; x_wconf 65' lang='lat' dir='ltr'><strong>quide</strong></span> <span class='ocrx_word' id='word_1_809' title='bbox 3688 3704 3689 3750; x_wconf 75' lang='lat' dir='ltr'><strong>t</strong></span> 
     </span>
    </p>
   </div>
   <div class='ocr_carea' id='block_1_105' title="bbox 2173 3779 3637 3847">
    <p class='ocr_par' dir='ltr' id='par_1_105' title="bbox 2173 3779 3637 3847">
     <span class='ocr_line' id='line_1_107' title="bbox 2173 3779 3637 3847; baseline -0.004 -14"><span class='ocrx_word' id='word_1_810' title='bbox 2173 3779 2399 3834; x_wconf 87' lang='lat' dir='ltr'><strong>Socrate</strong></span> <span class='ocrx_word' id='word_1_811' title='bbox 2440 3781 2800 3847; x_wconf 90' lang='lat' dir='ltr'><strong>scripserunt,</strong></span> <span class='ocrx_word' id='word_1_812' title='bbox 2835 3781 3173 3836; x_wconf 90' lang='lat' dir='ltr'><strong>Lactantium</strong></span> <span class='ocrx_word' id='word_1_813' title='bbox 3218 3781 3286 3835; x_wconf 91' lang='lat' dir='ltr'><strong>ob</strong></span> <span class='ocrx_word' id='word_1_814' title='bbox 3315 3779 3438 3834; x_wconf 91' lang='lat' dir='ltr'><strong>hanc</strong></span> <span class='ocrx_word' id='word_1_815' title='bbox 3465 3779 3637 3832; x_wconf 73' lang='lat' dir='ltr'><strong>sinistram</strong></span> 
     </span>
    </p>
   </div>
   <div class='ocr_carea' id='block_1_106' title="bbox 2174 3849 3608 3924">
    <p class='ocr_par' dir='ltr' id='par_1_106' title="bbox 2174 3849 3608 3924">
     <span class='ocr_line' id='line_1_108' title="bbox 2174 3849 3608 3924; baseline 0.003 -21"><span class='ocrx_word' id='word_1_816' title='bbox 2174 3849 2679 3924; x_wconf 70' lang='lat' dir='ltr'><strong>interpretationem</strong></span> <span class='ocrx_word' id='word_1_817' title='bbox 2705 3853 3053 3922; x_wconf 80' lang='lat' dir='ltr'><strong>castigarunt.</strong></span> <span class='ocrx_word' id='word_1_818' title='bbox 3087 3853 3221 3908; x_wconf 78' lang='lat' dir='ltr'><strong>BUN.</strong></span> <span class='ocrx_word' id='word_1_819' title='bbox 3551 3918 3559 3924; x_wconf 92' lang='lat'><em>_</em></span> <span class='ocrx_word' id='word_1_820' title='bbox 3603 3917 3608 3924; x_wconf 48' lang='lat'><strong>,</strong></span> 
     </span>
    </p>
   </div>
   <div class='ocr_carea' id='block_1_107' title="bbox 2246 3918 3636 3994">
    <p class='ocr_par' dir='ltr' id='par_1_107' title="bbox 2246 3918 3636 3994">
     <span class='ocr_line' id='line_1_109' title="bbox 2246 3918 3636 3994; baseline -0.004 -21"><span class='ocrx_word' id='word_1_821' title='bbox 2246 3921 2476 3994; x_wconf 77' lang='lat' dir='ltr'><strong>Difﬂuit.</strong></span> <span class='ocrx_word' id='word_1_822' title='bbox 2508 3921 2585 3976; x_wconf 85' lang='lat' dir='ltr'><strong>Ita</strong></span> <span class='ocrx_word' id='word_1_823' title='bbox 2613 3918 2947 3994; x_wconf 66' lang='lat' dir='ltr'><strong>antiquiores</strong></span> <span class='ocrx_word' id='word_1_824' title='bbox 2980 3939 3041 3978; x_wconf 87' lang='lat' dir='ltr'><strong>ac</strong></span> <span class='ocrx_word' id='word_1_825' title='bbox 3067 3929 3304 3988; x_wconf 88' lang='lat' dir='ltr'><strong>potiores</strong></span> <span class='ocrx_word' id='word_1_826' title='bbox 3331 3918 3636 3994; x_wconf 13' lang='lat' dir='ltr'><strong>rmss._undetim</strong></span> 
     </span>
    </p>
   </div>
   <div class='ocr_carea' id='block_1_108' title="bbox 2171 3992 3572 4066">
    <p class='ocr_par' dir='ltr' id='par_1_108' title="bbox 2171 3992 3572 4066">
     <span class='ocr_line' id='line_1_110' title="bbox 2171 3992 3572 4066; baseline -0.002 -20"><span class='ocrx_word' id='word_1_827' title='bbox 2171 4000 2228 4046; x_wconf 88' lang='lat' dir='ltr'><strong>et</strong></span> <span class='ocrx_word' id='word_1_828' title='bbox 2254 3993 2494 4066; x_wconf 64' lang='lat' dir='ltr'><strong>nonnulli</strong></span> <span class='ocrx_word' id='word_1_829' title='bbox 2527 3994 2692 4066; x_wconf 86' lang='lat' dir='ltr'><strong>editi;</strong></span> <span class='ocrx_word' id='word_1_830' title='bbox 2725 3992 2775 4048; x_wconf 82' lang='lat' dir='ltr'><strong>in</strong></span> <span class='ocrx_word' id='word_1_831' title='bbox 2803 3996 3016 4049; x_wconf 66' lang='lat' dir='ltr'><strong>cmteris</strong></span> <span class='ocrx_word' id='word_1_832' title='bbox 3044 3996 3242 4066; x_wconf 85' lang='lat' dir='ltr'><strong>deﬂuit,</strong></span> <span class='ocrx_word' id='word_1_833' title='bbox 3275 3993 3435 4048; x_wconf 87' lang='lat' dir='ltr'><strong>minus</strong></span> <span class='ocrx_word' id='word_1_834' title='bbox 3458 3992 3572 4066; x_wconf 61' lang='lat' dir='ltr'><strong>bene.</strong></span> 
     </span>
    </p>
   </div>
   <div class='ocr_carea' id='block_1_109' title="bbox 2254 4060 3639 4134">
    <p class='ocr_par' dir='ltr' id='par_1_109' title="bbox 2254 4060 3639 4134">
     <span class='ocr_line' id='line_1_111' title="bbox 2254 4060 3639 4134; baseline -0.004 -18"><span class='ocrx_word' id='word_1_835' title='bbox 2254 4060 2440 4116; x_wconf 84' lang='lat' dir='ltr'><strong>Verum</strong></span> <span class='ocrx_word' id='word_1_836' title='bbox 2479 4065 2616 4119; x_wconf 84' lang='lat' dir='ltr'><strong>idem</strong></span> <span class='ocrx_word' id='word_1_837' title='bbox 2648 4083 2736 4134; x_wconf 86' lang='lat' dir='ltr'><strong>per</strong></span> <span class='ocrx_word' id='word_1_838' title='bbox 2759 4082 2957 4131; x_wconf 87' lang='lat' dir='ltr'><strong>canem,</strong></span> <span class='ocrx_word' id='word_1_839' title='bbox 2991 4060 3363 4122; x_wconf 42' lang='lat' dir='ltr'><strong>etcheminit</strong></span> <span class='ocrx_word' id='word_1_840' title='bbox 3403 4063 3530 4132; x_wconf 90' lang='lat' dir='ltr'><strong>hujus</strong></span> <span class='ocrx_word' id='word_1_841' title='bbox 3557 4061 3639 4134; x_wconf 71' lang='lat' dir='ltr'><strong>juri-</strong></span> 
     </span>
    </p>
   </div>
   <div class='ocr_carea' id='block_1_110' title="bbox 2172 4130 3637 4209">
    <p class='ocr_par' dir='ltr' id='par_1_110' title="bbox 2172 4130 3637 4209">
     <span class='ocr_line' id='line_1_112' title="bbox 2172 4130 3637 4209; baseline -0.002 -22"><span class='ocrx_word' id='word_1_842' title='bbox 2172 4135 2361 4209; x_wconf 67' lang='lat' dir='ltr'><strong>menti</strong></span> <span class='ocrx_word' id='word_1_843' title='bbox 2394 4130 2727 4209; x_wconf 74' lang='lat' dir='ltr'><strong>Athenzeus,</strong></span> <span class='ocrx_word' id='word_1_844' title='bbox 2765 4138 2855 4209; x_wconf 87' lang='lat' dir='ltr'><strong>lih.</strong></span> <span class='ocrx_word' id='word_1_845' title='bbox 2901 4130 2981 4191; x_wconf 76' lang='lat' dir='ltr'><strong>ut.</strong></span> <span class='ocrx_word' id='word_1_846' title='bbox 3034 4139 3290 4209; x_wconf 89' lang='lat' dir='ltr'><strong>Deipnos.</strong></span> <span class='ocrx_word' id='word_1_847' title='bbox 3332 4130 3529 4209; x_wconf 75' lang='lat' dir='ltr'><strong>Escusat</strong></span> <span class='ocrx_word' id='word_1_848' title='bbox 3559 4130 3637 4209; x_wconf 77' lang='lat' dir='ltr'><strong>bunt</strong></span> 
     </span>
    </p>
   </div>
   <div class='ocr_carea' id='block_1_111' title="bbox 2173 4205 3640 4280">
    <p class='ocr_par' dir='ltr' id='par_1_111' title="bbox 2173 4205 3640 4280">
     <span class='ocr_line' id='line_1_113' title="bbox 2173 4205 3640 4280; baseline 0.003 -22"><span class='ocrx_word' id='word_1_849' title='bbox 2173 4205 2528 4273; x_wconf 87' lang='lat' dir='ltr'><strong>Appollouius</strong></span> <span class='ocrx_word' id='word_1_850' title='bbox 2551 4209 2690 4276; x_wconf 92' lang='lat' dir='ltr'><strong>apud</strong></span> <span class='ocrx_word' id='word_1_851' title='bbox 2720 4208 2966 4280; x_wconf 87' lang='lat' dir='ltr'><strong>Philost.,</strong></span> <span class='ocrx_word' id='word_1_852' title='bbox 2998 4209 3092 4263; x_wconf 91' lang='lat' dir='ltr'><strong>lib.</strong></span> <span class='ocrx_word' id='word_1_853' title='bbox 3120 4205 3194 4276; x_wconf 76' lang='lat' dir='ltr'><strong>vi,</strong></span> <span class='ocrx_word' id='word_1_854' title='bbox 3223 4210 3359 4280; x_wconf 90' lang='lat' dir='ltr'><strong>quod</strong></span> <span class='ocrx_word' id='word_1_855' title='bbox 3379 4205 3640 4280; x_wconf 58' lang='lat' dir='ltr'><strong>juratjeriltlér</strong></span> 
     </span>
    </p>
   </div>
   <div class='ocr_carea' id='block_1_112' title="bbox 2171 4275 3635 4350">
    <p class='ocr_par' dir='ltr' id='par_1_112' title="bbox 2171 4275 3635 4350">
     <span class='ocr_line' id='line_1_114' title="bbox 2171 4275 3635 4350; baseline 0.003 -22"><span class='ocrx_word' id='word_1_856' title='bbox 2171 4291 2271 4350; x_wconf 73' lang='lat' dir='ltr'><strong>ea,</strong></span> <span class='ocrx_word' id='word_1_857' title='bbox 2295 4292 2400 4350; x_wconf 83' lang='lat' dir='ltr'><strong>non</strong></span> <span class='ocrx_word' id='word_1_858' title='bbox 2435 4275 2706 4350; x_wconf 85' lang='lat' dir='ltr'><strong>tamquam</strong></span> <span class='ocrx_word' id='word_1_859' title='bbox 2735 4295 2828 4346; x_wconf 89' lang='lat' dir='ltr'><strong>per</strong></span> <span class='ocrx_word' id='word_1_860' title='bbox 2853 4279 3004 4342; x_wconf 81' lang='lat' dir='ltr'><strong>deos,</strong></span> <span class='ocrx_word' id='word_1_861' title='bbox 3038 4283 3132 4334; x_wconf 88' lang='lat' dir='ltr'><strong>sed</strong></span> <span class='ocrx_word' id='word_1_862' title='bbox 3164 4275 3352 4350; x_wconf 58' lang='lat' dir='ltr'><strong>ne&#39;per</strong></span> <span class='ocrx_word' id='word_1_863' title='bbox 3365 4275 3479 4350; x_wconf 79' lang='lat' dir='ltr'><strong>deos</strong></span> <span class='ocrx_word' id='word_1_864' title='bbox 3495 4275 3635 4350; x_wconf 25' lang='lat' dir='ltr'><strong>jtlra‘rt‘l.</strong></span> 
     </span>
    </p>
   </div>
   <div class='ocr_carea' id='block_1_113' title="bbox 2173 4343 3636 4470">
    <p class='ocr_par' dir='ltr' id='par_1_113' title="bbox 2173 4343 3636 4470">
     <span class='ocr_line' id='line_1_115' title="bbox 2173 4343 3636 4470; baseline 0.005 -70"><span class='ocrx_word' id='word_1_865' title='bbox 2173 4345 2313 4470; x_wconf 46' lang='lat' dir='ltr'><strong>Quid</strong></span> <span class='ocrx_word' id='word_1_866' title='bbox 2344 4349 2516 4403; x_wconf 91' lang='lat' dir='ltr'><strong>dicam</strong></span> <span class='ocrx_word' id='word_1_867' title='bbox 2552 4343 2620 4405; x_wconf 88' lang='lat' dir='ltr'><strong>de</strong></span> <span class='ocrx_word' id='word_1_868' title='bbox 2659 4343 2987 4419; x_wconf 42' lang='lat' dir='ltr'><strong>Tli&#39;eologis?</strong></span> <span class='ocrx_word' id='word_1_869' title='bbox 3015 4343 3385 4420; x_wconf 59' lang='lat' dir='ltr'><strong>Tertul.,&#39;cap.</strong></span> <span class='ocrx_word' id='word_1_870' title='bbox 3420 4348 3473 4402; x_wconf 70' lang='lat' dir='ltr'><strong>il</strong></span> <span class='ocrx_word' id='word_1_871' title='bbox 3497 4343 3636 4412; x_wconf 72' lang='grc' dir='ltr'><strong>Αροιοὲ-</strong></span> 
     </span>
     <span class='ocr_line' id='line_1_116' title="bbox 2221 4420 3636 4470; baseline 0 0"><span class='ocrx_word' id='word_1_872' title='bbox 2221 4435 2372 4470; x_wconf 87' lang='lat' dir='ltr'><strong>aceo.</strong></span> <span class='ocrx_word' id='word_1_873' title='bbox 2404 4420 2611 4470; x_wconf 81' lang='lat' dir='ltr'><strong>inquit-</strong></span> <span class='ocrx_word' id='word_1_874' title='bbox 2643 4421 2706 4470; x_wconf 82' lang='lat' dir='ltr'><strong>de</strong></span> <span class='ocrx_word' id='word_1_875' title='bbox 2727 4423 3075 4470; x_wconf 77' lang='lat' dir='ltr'><strong>nhilosonhis-</strong></span> <span class='ocrx_word' id='word_1_876' title='bbox 3106 4424 3318 4470; x_wconf 74' lang='lat' dir='ltr'><strong>Sacrate</strong></span> <span class='ocrx_word' id='word_1_877' title='bbox 3343 4427 3636 4470; x_wconf 66' lang='lat' dir='ltr'><strong>contentumw</strong></span> 
     </span>
    </p>
   </div>
   <div class='ocr_carea' id='block_1_114' title="bbox 2221 4420 3637 4492">
    <p class='ocr_par' dir='ltr' id='par_1_114' title="bbox 2221 4420 3637 4492">
     <span class='ocr_line' id='line_1_117' title="bbox 2221 4420 3637 4492; baseline -0.002 -21"><span class='ocrx_word' id='word_1_878' title='bbox 2221 4435 2372 4484; x_wconf 86' lang='lat' dir='ltr'><strong>acea,</strong></span> <span class='ocrx_word' id='word_1_879' title='bbox 2404 4420 2611 4490; x_wconf 90' lang='lat' dir='ltr'><strong>inquit,</strong></span> <span class='ocrx_word' id='word_1_880' title='bbox 2643 4421 2706 4474; x_wconf 89' lang='lat' dir='ltr'><strong>de</strong></span> <span class='ocrx_word' id='word_1_881' title='bbox 2727 4423 3076 4492; x_wconf 86' lang='lat' dir='ltr'><strong>philosophis,</strong></span> <span class='ocrx_word' id='word_1_882' title='bbox 3105 4424 3637 4492; x_wconf 15' lang='lat' dir='ltr'><strong>Socratercomeutusutw</strong></span> 
     </span>
    </p>
   </div>
   <div class='ocr_carea' id='block_1_115' title="bbox 2173 4488 3636 4559">
    <p class='ocr_par' dir='ltr' id='par_1_115' title="bbox 2173 4488 3636 4559">
     <span class='ocr_line' id='line_1_118' title="bbox 2173 4488 3636 4559; baseline -0.003 -20"><span class='ocrx_word' id='word_1_883' title='bbox 2173 4488 2229 4541; x_wconf 85' lang='lat' dir='ltr'><strong>in</strong></span> <span class='ocrx_word' id='word_1_884' title='bbox 2255 4488 2618 4545; x_wconf 77' lang='lat' dir='ltr'><strong>contumeliam</strong></span> <span class='ocrx_word' id='word_1_885' title='bbox 2642 4488 2851 4546; x_wconf 81' lang='lat' dir='ltr'><strong>deorum</strong></span> <span class='ocrx_word' id='word_1_886' title='bbox 2868 4536 2882 4559; x_wconf 87' lang='lat'><strong>,</strong></span> <span class='ocrx_word' id='word_1_887' title='bbox 2919 4488 3170 4559; x_wconf 82' lang='lat' dir='ltr'><strong>Quercum</strong></span> <span class='ocrx_word' id='word_1_888' title='bbox 3197 4537 3211 4558; x_wconf 90' lang='lat'><strong>,</strong></span> <span class='ocrx_word' id='word_1_889' title='bbox 3239 4504 3286 4548; x_wconf 88' lang='lat' dir='ltr'><strong>et</strong></span> <span class='ocrx_word' id='word_1_890' title='bbox 3317 4491 3519 4548; x_wconf 78' lang='lat' dir='ltr'><strong>Hircum.</strong></span> <span class='ocrx_word' id='word_1_891' title='bbox 3536 4495 3567 4538; x_wconf 81' lang='lat' dir='ltr'><strong>et</strong></span> <span class='ocrx_word' id='word_1_892' title='bbox 3587 4489 3636 4535; x_wconf 77' lang='lat' dir='ltr'><strong>tt-</strong></span> 
     </span>
    </p>
   </div>
   <div class='ocr_carea' id='block_1_116' title="bbox 2174 4559 3636 4634">
    <p class='ocr_par' dir='ltr' id='par_1_116' title="bbox 2174 4559 3636 4634">
     <span class='ocr_line' id='line_1_119' title="bbox 2174 4559 3636 4634; baseline 0.001 -21"><span class='ocrx_word' id='word_1_893' title='bbox 2174 4576 2289 4634; x_wconf 84' lang='lat' dir='ltr'><strong>neut</strong></span> <span class='ocrx_word' id='word_1_894' title='bbox 2319 4562 2597 4634; x_wconf 84' lang='lat' dir='ltr'><strong>dejerabat.</strong></span> <span class='ocrx_word' id='word_1_895' title='bbox 2643 4562 2752 4618; x_wconf 88' lang='lat' dir='ltr'><strong>Sed</strong></span> <span class='ocrx_word' id='word_1_896' title='bbox 2790 4576 3058 4634; x_wconf 87' lang='lat' dir='ltr'><strong>prapterea</strong></span> <span class='ocrx_word' id='word_1_897' title='bbox 3086 4568 3351 4620; x_wconf 87' lang='lat' dir='ltr'><strong>damnatus</strong></span> <span class='ocrx_word' id='word_1_898' title='bbox 3377 4571 3438 4616; x_wconf 86' lang='lat' dir='ltr'><strong>est</strong></span> <span class='ocrx_word' id='word_1_899' title='bbox 3461 4559 3636 4634; x_wconf 48' lang='lat' dir='ltr'><strong>Socrate.</strong></span> 
     </span>
    </p>
   </div>
   <div class='ocr_carea' id='block_1_117' title="bbox 2176 4626 3636 4706">
    <p class='ocr_par' dir='ltr' id='par_1_117' title="bbox 2176 4626 3636 4706">
     <span class='ocr_line' id='line_1_120' title="bbox 2176 4626 3636 4706; baseline -0.006 -21"><span class='ocrx_word' id='word_1_900' title='bbox 2176 4626 2443 4706; x_wconf 36' lang='lat' dir='ltr'><strong>quia‘de&#39;os</strong></span> <span class='ocrx_word' id='word_1_901' title='bbox 2479 4626 2799 4688; x_wconf 39' lang='lat' dir='ltr'><strong>destruebat:</strong></span> <span class='ocrx_word' id='word_1_902' title='bbox 2821 4626 3150 4706; x_wconf 80' lang='lat' dir='ltr'><strong>Augustinus</strong></span> <span class='ocrx_word' id='word_1_903' title='bbox 3183 4679 3197 4702; x_wconf 94' lang='lat'><strong>,</strong></span> <span class='ocrx_word' id='word_1_904' title='bbox 3251 4638 3368 4690; x_wconf 91' lang='lat' dir='ltr'><strong>item</strong></span> <span class='ocrx_word' id='word_1_905' title='bbox 3396 4648 3495 4700; x_wconf 88' lang='lat' dir='ltr'><strong>cap.</strong></span> <span class='ocrx_word' id='word_1_906' title='bbox 3530 4626 3636 4706; x_wconf 71' lang='lat' dir='ltr'><strong>2|in</strong></span> 
     </span>
    </p>
   </div>
   <div class='ocr_carea' id='block_1_118' title="bbox 2176 4693 3636 4775">
    <p class='ocr_par' dir='ltr' id='par_1_118' title="bbox 2176 4693 3636 4775">
     <span class='ocr_line' id='line_1_121' title="bbox 2176 4693 3636 4775; baseline -0.008 -19"><span class='ocrx_word' id='word_1_907' title='bbox 2176 4693 2246 4756; x_wconf 84' lang='lat' dir='ltr'><strong>de</strong></span> <span class='ocrx_word' id='word_1_908' title='bbox 2275 4701 2414 4758; x_wconf 84' lang='lat' dir='ltr'><strong>Vera</strong></span> <span class='ocrx_word' id='word_1_909' title='bbox 2443 4706 2724 4772; x_wconf 84' lang='lat' dir='ltr'><strong>religione,</strong></span> <span class='ocrx_word' id='word_1_910' title='bbox 2757 4693 3076 4764; x_wconf 47' lang='lat' dir='ltr'><strong>clementius</strong></span> <span class='ocrx_word' id='word_1_911' title='bbox 3105 4693 3206 4762; x_wconf 82' lang='lat' dir='ltr'><strong>hoc</strong></span> <span class='ocrx_word' id='word_1_912' title='bbox 3235 4693 3573 4775; x_wconf 67' lang='lat' dir='ltr'><strong>interpretatur.</strong></span> <span class='ocrx_word' id='word_1_913' title='bbox 3594 4693 3636 4746; x_wconf 89' lang='lat' dir='ltr'><strong>ln-</strong></span> 
     </span>
    </p>
   </div>
   <div class='ocr_carea' id='block_1_119' title="bbox 2177 4770 3635 4849">
    <p class='ocr_par' dir='ltr' id='par_1_119' title="bbox 2177 4770 3635 4849">
     <span class='ocr_line' id='line_1_122' title="bbox 2177 4770 3635 4849; baseline -0.002 -21"><span class='ocrx_word' id='word_1_914' title='bbox 2177 4782 2322 4849; x_wconf 72' lang='lat' dir='ltr'><strong>terea</strong></span> <span class='ocrx_word' id='word_1_915' title='bbox 2357 4791 2462 4830; x_wconf 91' lang='lat' dir='ltr'><strong>non</strong></span> <span class='ocrx_word' id='word_1_916' title='bbox 2492 4770 2840 4847; x_wconf 81' lang='lat' dir='ltr'><strong>negabimus,</strong></span> <span class='ocrx_word' id='word_1_917' title='bbox 2879 4794 3067 4833; x_wconf 89' lang='lat' dir='ltr'><strong>canem</strong></span> <span class='ocrx_word' id='word_1_918' title='bbox 3101 4780 3240 4849; x_wconf 90' lang='lat' dir='ltr'><strong>apud</strong></span> <span class='ocrx_word' id='word_1_919' title='bbox 3278 4770 3635 4849; x_wconf 54' lang='lat' dir='ltr'><strong>IEg&#39;yptitisdetlm</strong></span> 
     </span>
    </p>
   </div>
   <div class='ocr_carea' id='block_1_120' title="bbox 2175 4839 3636 4917">
    <p class='ocr_par' dir='ltr' id='par_1_120' title="bbox 2175 4839 3636 4917">
     <span class='ocr_line' id='line_1_123' title="bbox 2175 4839 3636 4917; baseline -0.002 -20"><span class='ocrx_word' id='word_1_920' title='bbox 2175 4844 2380 4910; x_wconf 87' lang='lat' dir='ltr'><strong>fuisse;</strong></span> <span class='ocrx_word' id='word_1_921' title='bbox 2409 4839 2689 4917; x_wconf 55' lang='lat' dir='ltr'><strong>quod&#39;non</strong></span> <span class='ocrx_word' id='word_1_922' title='bbox 2735 4839 2894 4904; x_wconf 86' lang='lat' dir='ltr'><strong>modo</strong></span> <span class='ocrx_word' id='word_1_923' title='bbox 2926 4839 3150 4904; x_wconf 32' lang='lat' dir='ltr'><strong>Euseb:</strong></span> <span class='ocrx_word' id='word_1_924' title='bbox 3172 4853 3222 4904; x_wconf 93' lang='lat' dir='ltr'><strong>in</strong></span> <span class='ocrx_word' id='word_1_925' title='bbox 3249 4839 3636 4917; x_wconf 24' lang='lat' dir='ltr'><strong>Praeparatuﬂvan&#39;</strong></span> 
     </span>
    </p>
   </div>
   <div class='ocr_carea' id='block_1_121' title="bbox 2175 4913 3634 4993">
    <p class='ocr_par' dir='ltr' id='par_1_121' title="bbox 2175 4913 3634 4993">
     <span class='ocr_line' id='line_1_124' title="bbox 2175 4913 3634 4993; baseline 0.002 -23"><span class='ocrx_word' id='word_1_926' title='bbox 2175 4917 2345 4993; x_wconf 85' lang='lat' dir='ltr'><strong>geli_ea</strong></span> <span class='ocrx_word' id='word_1_927' title='bbox 2362 4913 2606 4982; x_wconf 81' lang='lat' dir='ltr'><strong>testatur,</strong></span> <span class='ocrx_word' id='word_1_928' title='bbox 2636 4920 2730 4974; x_wconf 89' lang='lat' dir='ltr'><strong>sed</strong></span> <span class='ocrx_word' id='word_1_929' title='bbox 2757 4923 2868 4990; x_wconf 85' lang='lat' dir='ltr'><strong>ipse</strong></span> <span class='ocrx_word' id='word_1_930' title='bbox 2888 4921 3050 4993; x_wconf 82' lang='lat' dir='ltr'><strong>etiam</strong></span> <span class='ocrx_word' id='word_1_931' title='bbox 3071 4922 3222 4976; x_wconf 88' lang='lat' dir='ltr'><strong>Plato</strong></span> <span class='ocrx_word' id='word_1_932' title='bbox 3239 4922 3287 4975; x_wconf 92' lang='lat' dir='ltr'><strong>in</strong></span> <span class='ocrx_word' id='word_1_933' title='bbox 3311 4913 3634 4993; x_wconf 37' lang='grc' dir='ltr'><strong>ϐιῖνεξη-...Βετςις</strong></span> 
     </span>
    </p>
   </div>
   <div class='ocr_carea' id='block_1_122' title="bbox 2173 4982 3636 5062">
    <p class='ocr_par' dir='ltr' id='par_1_122' title="bbox 2173 4982 3636 5062">
     <span class='ocr_line' id='line_1_125' title="bbox 2173 4982 3636 5062; baseline -0.003 -19"><span class='ocrx_word' id='word_1_934' title='bbox 2173 4982 2246 5062; x_wconf 51' lang='grc' dir='ltr'><strong>λέ</strong></span> <span class='ocrx_word' id='word_1_935' title='bbox 2269 4988 2521 5045; x_wconf 86' lang='lat' dir='ltr'><strong>Socrates</strong></span> <span class='ocrx_word' id='word_1_936' title='bbox 2564 4993 2742 5045; x_wconf 90' lang='lat' dir='ltr'><strong>dictus</strong></span> <span class='ocrx_word' id='word_1_937' title='bbox 2778 4982 2970 5046; x_wconf 67' lang='lat' dir='ltr'><strong>scurra</strong></span> <span class='ocrx_word' id='word_1_938' title='bbox 3020 4992 3216 5047; x_wconf 81' lang='lat' dir='ltr'><strong>Atticus</strong></span> <span class='ocrx_word' id='word_1_939' title='bbox 3242 5034 3255 5049; x_wconf 93' lang='lat'><strong>.</strong></span> <span class='ocrx_word' id='word_1_940' title='bbox 3281 4993 3397 5062; x_wconf 87' lang='lat' dir='ltr'><strong>quia</strong></span> <span class='ocrx_word' id='word_1_941' title='bbox 3415 4982 3636 5062; x_wconf 67' lang='lat' dir='ltr'><strong>ridibunle</strong></span> 
     </span>
    </p>
   </div>
   <div class='ocr_carea' id='block_1_123' title="bbox 2174 5046 3636 5130">
    <p class='ocr_par' dir='ltr' id='par_1_123' title="bbox 2174 5046 3636 5130">
     <span class='ocr_line' id='line_1_126' title="bbox 2174 5046 3636 5130; baseline -0.003 -18"><span class='ocrx_word' id='word_1_942' title='bbox 2174 5059 2435 5130; x_wconf 75' lang='lat' dir='ltr'><strong>pleraque</strong></span> <span class='ocrx_word' id='word_1_943' title='bbox 2487 5062 2735 5116; x_wconf 86' lang='lat' dir='ltr'><strong>docebat.</strong></span> <span class='ocrx_word' id='word_1_944' title='bbox 2795 5064 2996 5119; x_wconf 73' lang='lat' dir='ltr'><strong>Prmler</strong></span> <span class='ocrx_word' id='word_1_945' title='bbox 3051 5046 3378 5123; x_wconf 69' lang='lat' dir='ltr'><strong>Ciceronem,</strong></span> <span class='ocrx_word' id='word_1_946' title='bbox 3431 5057 3539 5110; x_wconf 86' lang='lat' dir='ltr'><strong>libro</strong></span> <span class='ocrx_word' id='word_1_947' title='bbox 3572 5046 3636 5130; x_wconf 62' lang='lat' dir='ltr'><strong>tdf</strong></span> 
     </span>
    </p>
   </div>
   <div class='ocr_carea' id='block_1_124' title="bbox 2173 5117 3636 5203">
    <p class='ocr_par' dir='ltr' id='par_1_124' title="bbox 2173 5117 3636 5203">
     <span class='ocr_line' id='line_1_127' title="bbox 2173 5117 3636 5203; baseline -0.001 -23"><span class='ocrx_word' id='word_1_948' title='bbox 2173 5117 2374 5203; x_wconf 46' lang='lat' dir='ltr'><strong>ﬂatura</strong></span> <span class='ocrx_word' id='word_1_949' title='bbox 2403 5132 2648 5196; x_wconf 89' lang='lat' dir='ltr'><strong>deorum,</strong></span> <span class='ocrx_word' id='word_1_950' title='bbox 2685 5151 2805 5203; x_wconf 76' lang='lat' dir='ltr'><strong>cap.</strong></span> <span class='ocrx_word' id='word_1_951' title='bbox 2855 5117 2958 5196; x_wconf 71' lang='lat'><strong>54.</strong></span> <span class='ocrx_word' id='word_1_952' title='bbox 2993 5117 3325 5192; x_wconf 15' lang='lat' dir='ltr'><strong>etililnivde</strong></span> <span class='ocrx_word' id='word_1_953' title='bbox 3352 5117 3636 5188; x_wconf 65' lang='lat' dir='ltr'><strong>Finibus,tidf</strong></span> 
     </span>
    </p>
   </div>
   <div class='ocr_carea' id='block_1_125' title="bbox 2174 5200 3588 5275">
    <p class='ocr_par' dir='ltr' id='par_1_125' title="bbox 2174 5200 3588 5275">
     <span class='ocr_line' id='line_1_128' title="bbox 2174 5200 3588 5275; baseline 0.003 -21"><span class='ocrx_word' id='word_1_954' title='bbox 2174 5200 2464 5275; x_wconf 68' lang='lat' dir='ltr'><strong>Minucium</strong></span> <span class='ocrx_word' id='word_1_955' title='bbox 2496 5206 2546 5260; x_wconf 92' lang='lat' dir='ltr'><strong>in</strong></span> <span class='ocrx_word' id='word_1_956' title='bbox 2566 5200 2813 5267; x_wconf 83' lang='lat' dir='ltr'><strong>Octavio,</strong></span> <span class='ocrx_word' id='word_1_957' title='bbox 2847 5209 3006 5275; x_wconf 86' lang='lat' dir='ltr'><strong>paulo</strong></span> <span class='ocrx_word' id='word_1_958' title='bbox 3035 5218 3157 5262; x_wconf 86' lang='lat' dir='ltr'><strong>ante</strong></span> <span class='ocrx_word' id='word_1_959' title='bbox 3187 5209 3363 5260; x_wconf 84' lang='lat' dir='ltr'><strong>tinem.</strong></span> <span class='ocrx_word' id='word_1_960' title='bbox 3478 5269 3501 5275; x_wconf 85' lang='lat'>_</span> <span class='ocrx_word' id='word_1_961' title='bbox 3581 5264 3588 5273; x_wconf 45' lang='lat'><strong>,</strong></span> 
     </span>
    </p>
   </div>
   <div class='ocr_carea' id='block_1_126' title="bbox 2249 5269 3635 5348">
    <p class='ocr_par' dir='ltr' id='par_1_126' title="bbox 2249 5269 3635 5348">
     <span class='ocr_line' id='line_1_129' title="bbox 2249 5269 3635 5348; baseline 0.006 -22"><span class='ocrx_word' id='word_1_962' title='bbox 2249 5271 2294 5326; x_wconf 88' lang='lat'><em>0</em></span> <span class='ocrx_word' id='word_1_963' title='bbox 2322 5277 2574 5330; x_wconf 88' lang='lat' dir='ltr'><strong>hominem</strong></span> <span class='ocrx_word' id='word_1_964' title='bbox 2617 5269 2963 5331; x_wconf 45' lang='lat' dir='ltr'><strong>scurram-ﬂ...</strong></span> <span class='ocrx_word' id='word_1_965' title='bbox 2999 5278 3136 5332; x_wconf 87' lang='lat' dir='ltr'><strong>Zeno</strong></span> <span class='ocrx_word' id='word_1_966' title='bbox 3167 5269 3635 5348; x_wconf 42' lang='grc' dir='ltr'><strong>Ερὶειινειιεκξθίῐυηβῗ</strong></span> 
     </span>
    </p>
   </div>
   <div class='ocr_carea' id='block_1_127' title="bbox 2171 5340 3634 5418">
    <p class='ocr_par' dir='ltr' id='par_1_127' title="bbox 2171 5340 3634 5418">
     <span class='ocr_line' id='line_1_130' title="bbox 2171 5340 3634 5418; baseline 0.005 -21"><span class='ocrx_word' id='word_1_967' title='bbox 2171 5343 2514 5412; x_wconf 86' lang='lat' dir='ltr'><strong>Ciceronem,</strong></span> <span class='ocrx_word' id='word_1_968' title='bbox 2545 5349 2635 5402; x_wconf 85' lang='lat' dir='ltr'><strong>lib.</strong></span> <span class='ocrx_word' id='word_1_969' title='bbox 2672 5364 2686 5401; x_wconf 80' lang='grc' dir='ltr'>ι</span> <span class='ocrx_word' id='word_1_970' title='bbox 2725 5348 2792 5402; x_wconf 89' lang='lat' dir='ltr'><strong>de</strong></span> <span class='ocrx_word' id='word_1_971' title='bbox 2823 5349 2942 5402; x_wconf 86' lang='lat' dir='ltr'><strong>Nat.</strong></span> <span class='ocrx_word' id='word_1_972' title='bbox 2977 5350 3153 5415; x_wconf 88' lang='lat' dir='ltr'><strong>deor.,</strong></span> <span class='ocrx_word' id='word_1_973' title='bbox 3199 5340 3314 5418; x_wconf 81' lang='lat' dir='ltr'><strong>cap.</strong></span> <span class='ocrx_word' id='word_1_974' title='bbox 3336 5348 3431 5418; x_wconf 66' lang='lat' dir='ltr'><strong>5t}</strong></span> <span class='ocrx_word' id='word_1_975' title='bbox 3454 5340 3558 5418; x_wconf 67' lang='grc' dir='ltr'><strong>Ζεπο</strong></span> <span class='ocrx_word' id='word_1_976' title='bbox 3582 5346 3634 5418; x_wconf 65' lang='grc' dir='ltr'><strong>π⁰ῗ¹</strong></span> 
     </span>
    </p>
   </div>
   <div class='ocr_carea' id='block_1_128' title="bbox 2170 5415 3634 5508">
    <p class='ocr_par' dir='ltr' id='par_1_128' title="bbox 2170 5415 3634 5508">
     <span class='ocr_line' id='line_1_131' title="bbox 2170 5415 3634 5508; baseline 0 0"><span class='ocrx_word' id='word_1_977' title='bbox 2170 5419 2467 5508; x_wconf 50' lang='grc' dir='ltr'><strong>ῗῩῘΒΕίΨΡ</strong></span> <span class='ocrx_word' id='word_1_978' title='bbox 2495 5422 2722 5508; x_wconf 48' lang='lat' dir='ltr'><strong>autem}.</strong></span> <span class='ocrx_word' id='word_1_979' title='bbox 2742 5431 2908 5508; x_wconf 61' lang='grc' dir='ltr'><strong>ςταηι·</strong></span> <span class='ocrx_word' id='word_1_980' title='bbox 2940 5415 3365 5508; x_wconf 52' lang='grc' dir='ltr'><strong>θηροίίοιξονάεης</strong></span> <span class='ocrx_word' id='word_1_981' title='bbox 3389 5415 3634 5508; x_wconf 62' lang='grc' dir='ltr'><strong>ἕυίίίέῗὶιξὶῗ</strong></span> 
     </span>
    </p>
   </div>
   <div class='ocr_carea' id='block_1_129' title="bbox 2171 5486 3634 5558">
    <p class='ocr_par' dir='ltr' id='par_1_129' title="bbox 2171 5486 3634 5558">
     <span class='ocr_line' id='line_1_132' title="bbox 2171 5486 3634 5558; baseline -0.01 -18"><span class='ocrx_word' id='word_1_982' title='bbox 2171 5495 2301 5542; x_wconf 88' lang='lat' dir='ltr'><strong>teras</strong></span> <span class='ocrx_word' id='word_1_983' title='bbox 2325 5486 2517 5558; x_wconf 78' lang='lat' dir='ltr'><strong>ﬁgebat</strong></span> <span class='ocrx_word' id='word_1_984' title='bbox 2536 5491 2818 5544; x_wconf 80' lang='lat' dir='ltr'><strong>maledictis</strong></span> <span class='ocrx_word' id='word_1_985' title='bbox 2843 5507 2856 5555; x_wconf 90' lang='lat'><strong>;</strong></span> <span class='ocrx_word' id='word_1_986' title='bbox 2887 5486 3261 5547; x_wconf 43' lang='lat' dir='ltr'><strong>sed&#39;Socratem</strong></span> <span class='ocrx_word' id='word_1_987' title='bbox 3281 5493 3444 5558; x_wconf 87' lang='lat' dir='ltr'><strong>ipsum,</strong></span> <span class='ocrx_word' id='word_1_988' title='bbox 3467 5486 3634 5558; x_wconf 62' lang='lat' dir='ltr'><strong>parent!!!</strong></span> 
     </span>
    </p>
   </div>
   <div class='ocr_carea' id='block_1_130' title="bbox 2167 5549 3632 5683">
    <p class='ocr_par' dir='ltr' id='par_1_130' title="bbox 2167 5549 3632 5683">
     <span class='ocr_line' id='line_1_133' title="bbox 2167 5549 3632 5683; baseline -0.005 -72"><span class='ocrx_word' id='word_1_989' title='bbox 2167 5549 2529 5683; x_wconf 52' lang='lat' dir='ltr'><strong>zhilzso&#39;phiw,</strong></span> <span class='ocrx_word' id='word_1_990' title='bbox 2559 5562 2717 5616; x_wconf 87' lang='lat' dir='ltr'><strong>latino</strong></span> <span class='ocrx_word' id='word_1_991' title='bbox 2743 5549 2891 5616; x_wconf 78' lang='lat' dir='ltr'><strong>verbo</strong></span> <span class='ocrx_word' id='word_1_992' title='bbox 2913 5574 3079 5632; x_wconf 82' lang='lat' dir='ltr'><strong>utens,</strong></span> <span class='ocrx_word' id='word_1_993' title='bbox 3109 5549 3328 5617; x_wconf 79' lang='lat' dir='ltr'><strong>scurram</strong></span> <span class='ocrx_word' id='word_1_994' title='bbox 3349 5549 3632 5680; x_wconf 50' lang='lat' dir='ltr'><strong>Attiﬁmifuim</strong></span> 
     </span>
     <span class='ocr_line' id='line_1_134' title="bbox 2204 5639 3549 5683; baseline 0.004 -1"><span class='ocrx_word' id='word_1_995' title='bbox 2204 5646 2277 5682; x_wconf 84' lang='lat' dir='ltr'><strong>rce</strong></span> <span class='ocrx_word' id='word_1_996' title='bbox 2311 5642 2382 5683; x_wconf 91' lang='lat' dir='ltr'><strong>at.</strong></span> <span class='ocrx_word' id='word_1_997' title='bbox 3485 5639 3549 5678; x_wconf 69' lang='lat' dir='ltr'><strong>UN-</strong></span> 
     </span>
    </p>
   </div>
   <div class='ocr_carea' id='block_1_131' title="bbox 2204 5631 3549 5684">
    <p class='ocr_par' dir='ltr' id='par_1_131' title="bbox 2204 5631 3549 5684">
     <span class='ocr_line' id='line_1_135' title="bbox 2204 5631 3549 5684; baseline -0.004 -2"><span class='ocrx_word' id='word_1_998' title='bbox 2204 5631 2382 5684; x_wconf 85' lang='lat' dir='ltr'><strong>icebat.</strong></span> <span class='ocrx_word' id='word_1_999' title='bbox 3067 5631 3072 5632; x_wconf 59' lang='grc'><strong><em>⁷</em></strong></span> <span class='ocrx_word' id='word_1_1000' title='bbox 3448 5631 3549 5680; x_wconf 63' lang='grc' dir='ltr'><strong>Βυκ.</strong></span> 
     </span>
    </p>
   </div>
   <div class='ocr_carea' id='block_1_132' title="bbox 2241 5693 3630 5774">
    <p class='ocr_par' dir='ltr' id='par_1_132' title="bbox 2241 5693 3630 5774">
     <span class='ocr_line' id='line_1_136' title="bbox 2241 5693 3630 5774; baseline -0.005 -20"><span class='ocrx_word' id='word_1_1001' title='bbox 2241 5701 2308 5774; x_wconf 73' lang='lat' dir='ltr'><strong>Ut</strong></span> <span class='ocrx_word' id='word_1_1002' title='bbox 2325 5703 2396 5755; x_wconf 88' lang='lat' dir='ltr'><strong>ait</strong></span> <span class='ocrx_word' id='word_1_1003' title='bbox 2413 5701 2562 5774; x_wconf 88' lang='lat' dir='ltr'><strong>Zeno</strong></span> <span class='ocrx_word' id='word_1_1004' title='bbox 2589 5701 2890 5772; x_wconf 83' lang='lat' dir='ltr'><strong>Epicureus.</strong></span> <span class='ocrx_word' id='word_1_1005' title='bbox 2916 5705 3040 5762; x_wconf 88' lang='lat' dir='ltr'><strong>Ideo</strong></span> <span class='ocrx_word' id='word_1_1006' title='bbox 3060 5702 3442 5774; x_wconf 81' lang='lat' dir='ltr'><strong>dislinguendus</strong></span> <span class='ocrx_word' id='word_1_1007' title='bbox 3456 5715 3476 5749; x_wconf 89' lang='lat' dir='ltr'><strong>a</strong></span> <span class='ocrx_word' id='word_1_1008' title='bbox 3497 5693 3630 5774; x_wconf 56' lang='lat' dir='ltr'><strong>Zgnﬂte</strong></span> 
     </span>
    </p>
   </div>
   <div class='ocr_carea' id='block_1_133' title="bbox 2162 5761 3630 5844">
    <p class='ocr_par' dir='ltr' id='par_1_133' title="bbox 2162 5761 3630 5844">
     <span class='ocr_line' id='line_1_137' title="bbox 2162 5761 3630 5844; baseline 0.005 -20"><span class='ocrx_word' id='word_1_1009' title='bbox 2162 5770 2346 5844; x_wconf 83' lang='lat' dir='ltr'><strong>Cittio,</strong></span> <span class='ocrx_word' id='word_1_1010' title='bbox 2380 5773 2493 5828; x_wconf 87' lang='lat' dir='ltr'><strong>sive</strong></span> <span class='ocrx_word' id='word_1_1011' title='bbox 2515 5761 2706 5841; x_wconf 72' lang='lat' dir='ltr'><strong>stoiéo,</strong></span> <span class='ocrx_word' id='word_1_1012' title='bbox 2736 5779 2897 5831; x_wconf 89' lang='lat' dir='ltr'><strong>etiam</strong></span> <span class='ocrx_word' id='word_1_1013' title='bbox 2928 5761 2994 5833; x_wconf 85' lang='lat' dir='ltr'><strong>ab</strong></span> <span class='ocrx_word' id='word_1_1014' title='bbox 3022 5761 3381 5833; x_wconf 35' lang='lat' dir='ltr'><strong>Eleateflnter</strong></span> <span class='ocrx_word' id='word_1_1015' title='bbox 3405 5778 3505 5844; x_wconf 71' lang='grc' dir='ltr'>οοφ</span> <span class='ocrx_word' id='word_1_1016' title='bbox 3528 5761 3630 5844; x_wconf 55' lang='grc' dir='ltr'><strong>ξίῖῗίῗ</strong></span> 
     </span>
    </p>
   </div>
   <div class='ocr_carea' id='block_1_134' title="bbox 2163 5825 3630 5914">
    <p class='ocr_par' dir='ltr' id='par_1_134' title="bbox 2163 5825 3630 5914">
     <span class='ocr_line' id='line_1_138' title="bbox 2163 5825 3630 5914; baseline 0.004 -19"><span class='ocrx_word' id='word_1_1017' title='bbox 2163 5856 2260 5914; x_wconf 65' lang='grc' dir='ltr'><strong>προ</strong></span> <span class='ocrx_word' id='word_1_1018' title='bbox 2291 5825 2897 5914; x_wconf 43' lang='lat' dir='ltr'><strong>damnassent;</strong></span> <span class='ocrx_word' id='word_1_1019' title='bbox 2927 5825 3514 5912; x_wconf 55' lang='lat' dir='ltr'><strong>na..‘c&#39;35av1e&quot;.mna</strong></span> <span class='ocrx_word' id='word_1_1020' title='bbox 3539 5825 3630 5884; x_wconf 66' lang='grc' dir='ltr'><strong>δίδοι</strong></span> 
     </span>
    </p>
   </div>
   <div class='ocr_carea' id='block_1_135' title="bbox 2163 5905 2714 5982">
    <p class='ocr_par' dir='ltr' id='par_1_135' title="bbox 2163 5905 2714 5982">
     <span class='ocr_line' id='line_1_139' title="bbox 2163 5905 2714 5982; baseline 0.005 -13"><span class='ocrx_word' id='word_1_1021' title='bbox 2163 5905 2308 5969; x_wconf 81' lang='lat' dir='ltr'><strong>nium</strong></span> <span class='ocrx_word' id='word_1_1022' title='bbox 2332 5922 2550 5982; x_wconf 67' lang='lat' dir='ltr'><strong>genere.</strong></span> <span class='ocrx_word' id='word_1_1023' title='bbox 2583 5905 2714 5972; x_wconf 68' lang='lat' dir='ltr'><strong>B&#39;ttm</strong></span> 
     </span>
    </p>
   </div>
  </div>
