  <div class='ocr_page' id='page_1' title='image "/cluster/home/n/w/nwhite01/storage/ocr_20150623/6/uva.x000669814/218.png"; bbox 0 0 3770 6264; ppageno 0'>
   <div class='ocr_carea' id='block_1_1' title="bbox 71 178 176 242">
    <p class='ocr_par' dir='ltr' id='par_1_1' title="bbox 71 178 176 242">
     <span class='ocr_line' id='line_1_1' title="bbox 71 178 176 242; baseline -0.067 0"><span class='ocrx_word' id='word_1_1' title='bbox 71 178 176 242; x_wconf 73' lang='grc'><strong>417</strong></span> 
     </span>
    </p>
   </div>
   <div class='ocr_carea' id='block_1_2' title="bbox 71 389 1666 463">
    <p class='ocr_par' dir='ltr' id='par_1_2' title="bbox 71 389 1666 463">
     <span class='ocr_line' id='line_1_2' title="bbox 71 389 1666 463; baseline 0.001 -16"><span class='ocrx_word' id='word_1_2' title='bbox 71 410 168 463; x_wconf 90' lang='lat' dir='ltr'><strong>pro</strong></span> <span class='ocrx_word' id='word_1_3' title='bbox 199 394 311 449; x_wconf 92' lang='lat' dir='ltr'><strong>Deo</strong></span> <span class='ocrx_word' id='word_1_4' title='bbox 343 392 602 447; x_wconf 81' lang='lat' dir='ltr'><strong>haberet!</strong></span> <span class='ocrx_word' id='word_1_5' title='bbox 636 391 764 458; x_wconf 82' lang='lat' dir='ltr'><strong>Quis</strong></span> <span class='ocrx_word' id='word_1_6' title='bbox 790 389 901 460; x_wconf 89' lang='lat' dir='ltr'><strong>jam</strong></span> <span class='ocrx_word' id='word_1_7' title='bbox 946 393 1359 462; x_wconf 88' lang='lat' dir='ltr'><strong>superstitiones</strong></span> <span class='ocrx_word' id='word_1_8' title='bbox 1385 391 1666 463; x_wconf 62' lang='lat' dir='ltr'><strong>[Egyptio-</strong></span> 
     </span>
    </p>
   </div>
   <div class='ocr_carea' id='block_1_3' title="bbox 72 482 1666 555">
    <p class='ocr_par' dir='ltr' id='par_1_3' title="bbox 72 482 1666 555">
     <span class='ocr_line' id='line_1_3' title="bbox 72 482 1666 555; baseline 0 -15"><span class='ocrx_word' id='word_1_9' title='bbox 72 501 190 541; x_wconf 89' lang='lat' dir='ltr'><strong>rum</strong></span> <span class='ocrx_word' id='word_1_10' title='bbox 231 484 430 540; x_wconf 79' lang='lat' dir='ltr'><strong>audeat</strong></span> <span class='ocrx_word' id='word_1_11' title='bbox 473 482 876 554; x_wconf 85' lang='lat' dir='ltr'><strong>reprehendere</strong></span> <span class='ocrx_word' id='word_1_12' title='bbox 903 525 917 549; x_wconf 93' lang='lat'><strong>,</strong></span> <span class='ocrx_word' id='word_1_13' title='bbox 956 499 1090 555; x_wconf 90' lang='lat' dir='ltr'><strong>quas</strong></span> <span class='ocrx_word' id='word_1_14' title='bbox 1137 485 1389 541; x_wconf 80' lang='lat' dir='ltr'><strong>Socrates</strong></span> <span class='ocrx_word' id='word_1_15' title='bbox 1443 486 1666 540; x_wconf 75' lang='lat' dir='ltr'><strong>Athenis</strong></span> 
     </span>
    </p>
   </div>
   <div class='ocr_carea' id='block_1_4' title="bbox 69 575 1670 645">
    <p class='ocr_par' dir='ltr' id='par_1_4' title="bbox 69 575 1670 645">
     <span class='ocr_line' id='line_1_4' title="bbox 69 575 1670 645; baseline 0.001 -14"><span class='ocrx_word' id='word_1_16' title='bbox 69 578 398 633; x_wconf 88' lang='lat' dir='ltr'><strong>auctoritate</strong></span> <span class='ocrx_word' id='word_1_17' title='bbox 425 575 768 632; x_wconf 90' lang='lat' dir='ltr'><strong>conﬁrmavit</strong></span> <span class='ocrx_word' id='word_1_18' title='bbox 809 592 904 630; x_wconf 89' lang='lat' dir='ltr'><strong>sua</strong></span> <span class='ocrx_word' id='word_1_19' title='bbox 926 577 950 630; x_wconf 86' lang='lat'><strong>?</strong></span> <span class='ocrx_word' id='word_1_20' title='bbox 976 577 1112 632; x_wconf 85' lang='lat' dir='ltr'><strong>illud</strong></span> <span class='ocrx_word' id='word_1_21' title='bbox 1160 593 1288 633; x_wconf 91' lang='lat' dir='ltr'><strong>vero</strong></span> <span class='ocrx_word' id='word_1_22' title='bbox 1315 592 1493 634; x_wconf 85' lang='lat' dir='ltr'><strong>nonne</strong></span> <span class='ocrx_word' id='word_1_23' title='bbox 1518 593 1670 645; x_wconf 88' lang='lat' dir='ltr'><strong>sum-</strong></span> 
     </span>
    </p>
   </div>
   <div class='ocr_carea' id='block_1_5' title="bbox 70 667 1671 738">
    <p class='ocr_par' dir='ltr' id='par_1_5' title="bbox 70 667 1671 738">
     <span class='ocr_line' id='line_1_5' title="bbox 70 667 1671 738; baseline 0 -14"><span class='ocrx_word' id='word_1_24' title='bbox 70 685 178 726; x_wconf 77' lang='lat' dir='ltr'><strong>mae</strong></span> <span class='ocrx_word' id='word_1_25' title='bbox 207 668 474 734; x_wconf 91' lang='lat' dir='ltr'><strong>vanitatis,</strong></span> <span class='ocrx_word' id='word_1_26' title='bbox 501 667 646 738; x_wconf 91' lang='lat' dir='ltr'><strong>quod</strong></span> <span class='ocrx_word' id='word_1_27' title='bbox 673 667 1060 738; x_wconf 56' lang='lat' dir='ltr'><strong>antejmortem</strong></span> <span class='ocrx_word' id='word_1_28' title='bbox 1089 668 1382 724; x_wconf 79' lang='lat' dir='ltr'><strong>familiares</strong></span> <span class='ocrx_word' id='word_1_29' title='bbox 1428 684 1554 724; x_wconf 93' lang='lat' dir='ltr'><strong>suos</strong></span> <span class='ocrx_word' id='word_1_30' title='bbox 1584 685 1671 724; x_wconf 89' lang='lat' dir='ltr'><strong>ro-</strong></span> 
     </span>
    </p>
   </div>
   <div class='ocr_carea' id='block_1_6' title="bbox 67 763 1672 838">
    <p class='ocr_par' dir='ltr' id='par_1_6' title="bbox 67 763 1672 838">
     <span class='ocr_line' id='line_1_6' title="bbox 67 763 1672 838; baseline -0.002 -17"><span class='ocrx_word' id='word_1_31' title='bbox 67 765 241 838; x_wconf 86' lang='lat' dir='ltr'><strong>gavit,</strong></span> <span class='ocrx_word' id='word_1_32' title='bbox 272 775 328 820; x_wconf 93' lang='lat' dir='ltr'><strong>ut</strong></span> <span class='ocrx_word' id='word_1_33' title='bbox 365 763 680 833; x_wconf 63' lang='lat' dir='ltr'><strong>IEsculapio</strong></span> <span class='ocrx_word' id='word_1_34' title='bbox 727 763 925 834; x_wconf 81' lang='lat' dir='ltr'><strong>gallum</strong></span> <span class='ocrx_word' id='word_1_35' title='bbox 954 805 969 830; x_wconf 92' lang='lat'><strong>,</strong></span> <span class='ocrx_word' id='word_1_36' title='bbox 1003 779 1162 834; x_wconf 90' lang='lat' dir='ltr'><strong>quem</strong></span> <span class='ocrx_word' id='word_1_37' title='bbox 1210 772 1454 829; x_wconf 83' lang='lat' dir='ltr'><strong>voverat,</strong></span> <span class='ocrx_word' id='word_1_38' title='bbox 1488 780 1584 834; x_wconf 91' lang='lat' dir='ltr'><strong>pro</strong></span> <span class='ocrx_word' id='word_1_39' title='bbox 1613 778 1672 818; x_wconf 86' lang='lat' dir='ltr'><strong>se</strong></span> 
     </span>
    </p>
   </div>
   <div class='ocr_carea' id='block_1_7' title="bbox 68 854 1671 926">
    <p class='ocr_par' dir='ltr' id='par_1_7' title="bbox 68 854 1671 926">
     <span class='ocr_line' id='line_1_7' title="bbox 68 854 1671 926; baseline -0.003 -11"><span class='ocrx_word' id='word_1_40' title='bbox 68 858 392 915; x_wconf 87' lang='lat' dir='ltr'><strong>sacrarent?</strong></span> <span class='ocrx_word' id='word_1_41' title='bbox 414 856 616 912; x_wconf 89' lang='lat' dir='ltr'><strong>Timuit</strong></span> <span class='ocrx_word' id='word_1_42' title='bbox 641 854 915 921; x_wconf 83' lang='lat' dir='ltr'><strong>videlicet,</strong></span> <span class='ocrx_word' id='word_1_43' title='bbox 941 871 1008 910; x_wconf 91' lang='lat' dir='ltr'><strong>ne</strong></span> <span class='ocrx_word' id='word_1_44' title='bbox 1035 855 1176 926; x_wconf 92' lang='lat' dir='ltr'><strong>apud</strong></span> <span class='ocrx_word' id='word_1_45' title='bbox 1203 855 1671 910; x_wconf 80' lang='lat' dir='ltr'><strong>Rhadamanthum</strong></span> 
     </span>
    </p>
   </div>
   <div class='ocr_carea' id='block_1_8' title="bbox 65 949 1674 1022">
    <p class='ocr_par' dir='ltr' id='par_1_8' title="bbox 65 949 1674 1022">
     <span class='ocr_line' id='line_1_8' title="bbox 65 949 1674 1022; baseline -0.002 -15"><span class='ocrx_word' id='word_1_46' title='bbox 65 953 491 1022; x_wconf 87' lang='lat' dir='ltr'><strong>reciperatorem</strong></span> <span class='ocrx_word' id='word_1_47' title='bbox 514 950 623 1004; x_wconf 90' lang='lat' dir='ltr'><strong>voti</strong></span> <span class='ocrx_word' id='word_1_48' title='bbox 647 963 771 1004; x_wconf 88' lang='lat' dir='ltr'><strong>reus</strong></span> <span class='ocrx_word' id='word_1_49' title='bbox 803 951 958 1004; x_wconf 90' lang='lat' dir='ltr'><strong>lieret</strong></span> <span class='ocrx_word' id='word_1_50' title='bbox 983 949 1051 1003; x_wconf 90' lang='lat' dir='ltr'><strong>ab</strong></span> <span class='ocrx_word' id='word_1_51' title='bbox 1077 949 1408 1018; x_wconf 66' lang='lat' dir='ltr'><strong>Eseulapio.</strong></span> <span class='ocrx_word' id='word_1_52' title='bbox 1445 949 1674 1005; x_wconf 88' lang='lat' dir='ltr'><strong>Demen—</strong></span> 
     </span>
    </p>
   </div>
   <div class='ocr_carea' id='block_1_9' title="bbox 67 1041 1676 1114">
    <p class='ocr_par' dir='ltr' id='par_1_9' title="bbox 67 1041 1676 1114">
     <span class='ocr_line' id='line_1_9' title="bbox 67 1041 1676 1114; baseline 0.001 -17"><span class='ocrx_word' id='word_1_53' title='bbox 67 1045 342 1099; x_wconf 87' lang='lat' dir='ltr'><strong>tissimum</strong></span> <span class='ocrx_word' id='word_1_54' title='bbox 391 1041 664 1098; x_wconf 87' lang='lat' dir='ltr'><strong>hominem</strong></span> <span class='ocrx_word' id='word_1_55' title='bbox 707 1051 950 1112; x_wconf 88' lang='lat' dir='ltr'><strong>putarem</strong></span> <span class='ocrx_word' id='word_1_56' title='bbox 972 1084 987 1109; x_wconf 94' lang='lat'><strong>,</strong></span> <span class='ocrx_word' id='word_1_57' title='bbox 1015 1043 1062 1097; x_wconf 90' lang='lat' dir='ltr'><strong>si</strong></span> <span class='ocrx_word' id='word_1_58' title='bbox 1109 1042 1302 1098; x_wconf 87' lang='lat' dir='ltr'><strong>morbo</strong></span> <span class='ocrx_word' id='word_1_59' title='bbox 1330 1042 1554 1099; x_wconf 74' lang='lat' dir='ltr'><strong>allectus</strong></span> <span class='ocrx_word' id='word_1_60' title='bbox 1582 1058 1676 1114; x_wconf 80' lang='lat' dir='ltr'><strong>pe-</strong></span> 
     </span>
    </p>
   </div>
   <div class='ocr_carea' id='block_1_10' title="bbox 65 1135 1672 1207">
    <p class='ocr_par' dir='ltr' id='par_1_10' title="bbox 65 1135 1672 1207">
     <span class='ocr_line' id='line_1_10' title="bbox 65 1135 1672 1207; baseline 0.001 -14"><span class='ocrx_word' id='word_1_61' title='bbox 65 1139 278 1193; x_wconf 86' lang='lat' dir='ltr'><strong>riisset.</strong></span> <span class='ocrx_word' id='word_1_62' title='bbox 302 1135 436 1193; x_wconf 88' lang='lat' dir='ltr'><strong>Cum</strong></span> <span class='ocrx_word' id='word_1_63' title='bbox 475 1152 606 1193; x_wconf 90' lang='lat' dir='ltr'><strong>vero</strong></span> <span class='ocrx_word' id='word_1_64' title='bbox 635 1137 739 1192; x_wconf 89' lang='lat' dir='ltr'><strong>hoc</strong></span> <span class='ocrx_word' id='word_1_65' title='bbox 763 1151 930 1192; x_wconf 91' lang='lat' dir='ltr'><strong>sanus</strong></span> <span class='ocrx_word' id='word_1_66' title='bbox 943 1136 1151 1203; x_wconf 87' lang='lat' dir='ltr'><strong>fecerit,</strong></span> <span class='ocrx_word' id='word_1_67' title='bbox 1179 1146 1265 1193; x_wconf 92' lang='lat' dir='ltr'><strong>est</strong></span> <span class='ocrx_word' id='word_1_68' title='bbox 1285 1137 1399 1207; x_wconf 90' lang='lat' dir='ltr'><strong>ipse</strong></span> <span class='ocrx_word' id='word_1_69' title='bbox 1426 1138 1672 1203; x_wconf 90' lang='lat' dir='ltr'><strong>insanus,</strong></span> 
     </span>
    </p>
   </div>
   <div class='ocr_carea' id='block_1_11' title="bbox 65 1228 1678 1302">
    <p class='ocr_par' dir='ltr' id='par_1_11' title="bbox 65 1228 1678 1302">
     <span class='ocr_line' id='line_1_11' title="bbox 65 1228 1678 1302; baseline 0 -18"><span class='ocrx_word' id='word_1_70' title='bbox 65 1231 164 1301; x_wconf 85' lang='lat' dir='ltr'><strong>qui</strong></span> <span class='ocrx_word' id='word_1_71' title='bbox 198 1247 323 1288; x_wconf 88' lang='lat' dir='ltr'><strong>eum</strong></span> <span class='ocrx_word' id='word_1_72' title='bbox 352 1239 503 1302; x_wconf 86' lang='lat' dir='ltr'><strong>putat</strong></span> <span class='ocrx_word' id='word_1_73' title='bbox 531 1229 695 1285; x_wconf 87' lang='lat' dir='ltr'><strong>fuisse</strong></span> <span class='ocrx_word' id='word_1_74' title='bbox 733 1230 1058 1300; x_wconf 90' lang='lat' dir='ltr'><strong>sapientem.</strong></span> <span class='ocrx_word' id='word_1_75' title='bbox 1088 1228 1171 1284; x_wconf 91' lang='lat' dir='ltr'><strong>En</strong></span> <span class='ocrx_word' id='word_1_76' title='bbox 1199 1271 1214 1294; x_wconf 88' lang='lat'><strong>,</strong></span> <span class='ocrx_word' id='word_1_77' title='bbox 1243 1229 1396 1300; x_wconf 86' lang='lat' dir='ltr'><strong>cujus</strong></span> <span class='ocrx_word' id='word_1_78' title='bbox 1423 1229 1678 1300; x_wconf 82' lang='lat' dir='ltr'><strong>tempori-</strong></span> 
     </span>
    </p>
   </div>
   <div class='ocr_carea' id='block_1_12' title="bbox 64 1321 1402 1392">
    <p class='ocr_par' dir='ltr' id='par_1_12' title="bbox 64 1321 1402 1392">
     <span class='ocr_line' id='line_1_12' title="bbox 64 1321 1402 1392; baseline -0.002 -14"><span class='ocrx_word' id='word_1_79' title='bbox 64 1323 176 1378; x_wconf 85' lang='lat' dir='ltr'><strong>bus</strong></span> <span class='ocrx_word' id='word_1_80' title='bbox 205 1332 395 1379; x_wconf 86' lang='lat' dir='ltr'><strong>natum</strong></span> <span class='ocrx_word' id='word_1_81' title='bbox 415 1337 536 1380; x_wconf 89' lang='lat' dir='ltr'><strong>esse</strong></span> <span class='ocrx_word' id='word_1_82' title='bbox 557 1337 618 1379; x_wconf 90' lang='lat' dir='ltr'><strong>se</strong></span> <span class='ocrx_word' id='word_1_83' title='bbox 647 1322 812 1378; x_wconf 90' lang='lat' dir='ltr'><strong>homo</strong></span> <span class='ocrx_word' id='word_1_84' title='bbox 845 1321 1061 1391; x_wconf 89' lang='lat' dir='ltr'><strong>sapiens</strong></span> <span class='ocrx_word' id='word_1_85' title='bbox 1083 1322 1402 1392; x_wconf 89' lang='lat' dir='ltr'><strong>gratulatur.</strong></span> 
     </span>
    </p>
   </div>
   <div class='ocr_carea' id='block_1_13' title="bbox 684 1434 1083 1492">
    <p class='ocr_par' dir='ltr' id='par_1_13' title="bbox 684 1434 1083 1492">
     <span class='ocr_line' id='line_1_13' title="bbox 684 1434 1083 1492; baseline -0.005 -1"><span class='ocrx_word' id='word_1_86' title='bbox 684 1434 913 1492; x_wconf 78' lang='lat' dir='ltr'><strong>CAPUT</strong></span> <span class='ocrx_word' id='word_1_87' title='bbox 939 1434 1083 1490; x_wconf 77' lang='lat' dir='ltr'><strong>XXI.</strong></span> 
     </span>
    </p>
   </div>
   <div class='ocr_carea' id='block_1_14' title="bbox 167 1549 1594 1621">
    <p class='ocr_par' dir='ltr' id='par_1_14' title="bbox 167 1549 1594 1621">
     <span class='ocr_line' id='line_1_14' title="bbox 167 1549 1594 1621; baseline -0.001 -15"><span class='ocrx_word' id='word_1_88' title='bbox 167 1551 254 1608; x_wconf 87' lang='lat' dir='ltr'><strong>De</strong></span> <span class='ocrx_word' id='word_1_89' title='bbox 273 1552 511 1608; x_wconf 77' lang='lat' dir='ltr'><strong>Platonis</strong></span> <span class='ocrx_word' id='word_1_90' title='bbox 540 1551 794 1616; x_wconf 81' lang='lat' dir='ltr'><strong>doctrina,</strong></span> <span class='ocrx_word' id='word_1_91' title='bbox 827 1565 940 1621; x_wconf 72' lang='lat' dir='ltr'><strong>qua:</strong></span> <span class='ocrx_word' id='word_1_92' title='bbox 959 1549 1274 1621; x_wconf 83' lang='lat' dir='ltr'><strong>respublicas</strong></span> <span class='ocrx_word' id='word_1_93' title='bbox 1295 1549 1594 1606; x_wconf 79' lang='lat' dir='ltr'><strong>destrueret.</strong></span> 
     </span>
    </p>
   </div>
   <div class='ocr_carea' id='block_1_15' title="bbox 930 175 2492 243">
    <p class='ocr_par' dir='ltr' id='par_1_15' title="bbox 930 175 2492 243">
     <span class='ocr_line' id='line_1_15' title="bbox 930 175 2492 243; baseline -0.003 -1"><span class='ocrx_word' id='word_1_94' title='bbox 930 177 1135 242; x_wconf 83' lang='lat' dir='ltr'><strong>LIBER</strong></span> <span class='ocrx_word' id='word_1_95' title='bbox 1173 181 1263 243; x_wconf 86' lang='lat' dir='ltr'><strong>lli.</strong></span> <span class='ocrx_word' id='word_1_96' title='bbox 1307 178 1395 243; x_wconf 85' lang='lat' dir='ltr'><strong>DE</strong></span> <span class='ocrx_word' id='word_1_97' title='bbox 1435 176 1655 242; x_wconf 72' lang='lat' dir='ltr'><strong>FALSA</strong></span> <span class='ocrx_word' id='word_1_98' title='bbox 1691 175 2052 243; x_wconf 78' lang='lat' dir='ltr'><strong>SAPIENTIA</strong></span> <span class='ocrx_word' id='word_1_99' title='bbox 2091 177 2492 243; x_wconf 81' lang='lat' dir='ltr'><strong>PHILOSOPH.</strong></span> 
     </span>
    </p>
   </div>
   <div class='ocr_carea' id='block_1_16' title="bbox 73 295 3373 372">
    <p class='ocr_par' dir='ltr' id='par_1_16' title="bbox 73 295 3373 372">
     <span class='ocr_line' id='line_1_16' title="bbox 73 295 3373 372; baseline -0.002 -16"><span class='ocrx_word' id='word_1_100' title='bbox 73 310 307 356; x_wconf 85' lang='lat' dir='ltr'><strong>mentem</strong></span> <span class='ocrx_word' id='word_1_101' title='bbox 332 343 346 367; x_wconf 91' lang='lat'><strong>,</strong></span> <span class='ocrx_word' id='word_1_102' title='bbox 376 301 421 356; x_wconf 88' lang='lat' dir='ltr'><strong>si</strong></span> <span class='ocrx_word' id='word_1_103' title='bbox 454 300 554 355; x_wconf 91' lang='lat' dir='ltr'><strong>boc</strong></span> <span class='ocrx_word' id='word_1_104' title='bbox 583 299 725 355; x_wconf 87' lang='lat' dir='ltr'><strong>serio</strong></span> <span class='ocrx_word' id='word_1_105' title='bbox 769 299 896 354; x_wconf 86' lang='lat' dir='ltr'><strong>fecit</strong></span> <span class='ocrx_word' id='word_1_106' title='bbox 922 341 936 366; x_wconf 92' lang='lat'><strong>,</strong></span> <span class='ocrx_word' id='word_1_107' title='bbox 964 309 1020 354; x_wconf 92' lang='lat' dir='ltr'><strong>ut</strong></span> <span class='ocrx_word' id='word_1_108' title='bbox 1051 300 1253 355; x_wconf 85' lang='lat' dir='ltr'><strong>animal</strong></span> <span class='ocrx_word' id='word_1_109' title='bbox 1289 301 1658 371; x_wconf 82' lang='lat' dir='ltr'><strong>turpissimum</strong></span> <span class='ocrx_word' id='word_1_110' title='bbox 1690 312 1744 371; x_wconf 75' lang='grc' dir='ltr'><strong>Α</strong></span> <span class='ocrx_word' id='word_1_111' title='bbox 1766 302 1988 372; x_wconf 69' lang='lat' dir='ltr'><strong>justitizc</strong></span> <span class='ocrx_word' id='word_1_112' title='bbox 2034 301 2173 356; x_wconf 87' lang='lat' dir='ltr'><strong>ratio</strong></span> <span class='ocrx_word' id='word_1_113' title='bbox 2226 300 2515 366; x_wconf 84' lang='lat' dir='ltr'><strong>desiderat,</strong></span> <span class='ocrx_word' id='word_1_114' title='bbox 2547 297 2725 354; x_wconf 86' lang='lat' dir='ltr'><strong>omnia</strong></span> <span class='ocrx_word' id='word_1_115' title='bbox 2754 297 2806 351; x_wconf 91' lang='lat' dir='ltr'><strong>in</strong></span> <span class='ocrx_word' id='word_1_116' title='bbox 2866 308 3152 351; x_wconf 89' lang='lat' dir='ltr'><strong>commune</strong></span> <span class='ocrx_word' id='word_1_117' title='bbox 3195 295 3373 363; x_wconf 84' lang='lat' dir='ltr'><strong>possi-</strong></span> 
     </span>
    </p>
   </div>
   <div class='ocr_carea' id='block_1_17' title="bbox 1769 385 3368 463">
    <p class='ocr_par' dir='ltr' id='par_1_17' title="bbox 1769 385 3368 463">
     <span class='ocr_line' id='line_1_17' title="bbox 1769 385 3368 463; baseline -0.006 -13"><span class='ocrx_word' id='word_1_118' title='bbox 1769 394 1950 450; x_wconf 89' lang='lat' dir='ltr'><strong>deant.</strong></span> <span class='ocrx_word' id='word_1_119' title='bbox 1982 394 2132 448; x_wconf 87' lang='lat' dir='ltr'><strong>Ferri</strong></span> <span class='ocrx_word' id='word_1_120' title='bbox 2183 394 2286 449; x_wconf 90' lang='lat' dir='ltr'><strong>hoc</strong></span> <span class='ocrx_word' id='word_1_121' title='bbox 2333 401 2528 463; x_wconf 87' lang='lat' dir='ltr'><strong>potest,</strong></span> <span class='ocrx_word' id='word_1_122' title='bbox 2579 389 2833 462; x_wconf 84' lang='lat' dir='ltr'><strong>quamdiu</strong></span> <span class='ocrx_word' id='word_1_123' title='bbox 2872 388 2940 443; x_wconf 93' lang='lat' dir='ltr'><strong>de</strong></span> <span class='ocrx_word' id='word_1_124' title='bbox 2989 385 3212 457; x_wconf 88' lang='lat' dir='ltr'><strong>pecunia</strong></span> <span class='ocrx_word' id='word_1_125' title='bbox 3263 385 3368 441; x_wconf 93' lang='lat' dir='ltr'><strong>dici</strong></span> 
     </span>
    </p>
   </div>
   <div class='ocr_carea' id='block_1_18' title="bbox 1771 480 3368 556">
    <p class='ocr_par' dir='ltr' id='par_1_18' title="bbox 1771 480 3368 556">
     <span class='ocr_line' id='line_1_18' title="bbox 1771 480 3368 556; baseline -0.006 -14"><span class='ocrx_word' id='word_1_126' title='bbox 1771 487 2004 542; x_wconf 88' lang='lat' dir='ltr'><strong>videtur.</strong></span> <span class='ocrx_word' id='word_1_127' title='bbox 2036 484 2190 555; x_wconf 89' lang='lat' dir='ltr'><strong>Quod</strong></span> <span class='ocrx_word' id='word_1_128' title='bbox 2221 487 2397 556; x_wconf 92' lang='lat' dir='ltr'><strong>ipsum</strong></span> <span class='ocrx_word' id='word_1_129' title='bbox 2441 499 2608 556; x_wconf 86' lang='lat' dir='ltr'><strong>quam</strong></span> <span class='ocrx_word' id='word_1_130' title='bbox 2636 480 2976 552; x_wconf 88' lang='lat' dir='ltr'><strong>impossibile</strong></span> <span class='ocrx_word' id='word_1_131' title='bbox 3005 480 3096 546; x_wconf 89' lang='lat' dir='ltr'><strong>sit,</strong></span> <span class='ocrx_word' id='word_1_132' title='bbox 3125 488 3178 534; x_wconf 93' lang='lat' dir='ltr'><strong>et</strong></span> <span class='ocrx_word' id='word_1_133' title='bbox 3207 493 3368 547; x_wconf 93' lang='lat' dir='ltr'><strong>quam</strong></span> 
     </span>
    </p>
   </div>
   <div class='ocr_carea' id='block_1_19' title="bbox 3255 179 3359 234">
    <p class='ocr_par' dir='ltr' id='par_1_19' title="bbox 3255 179 3359 234">
     <span class='ocr_line' id='line_1_19' title="bbox 3255 179 3359 234; baseline 0 -1"><span class='ocrx_word' id='word_1_134' title='bbox 3255 179 3359 234; x_wconf 73' lang='lat' dir='ltr'><strong>H8</strong></span> 
     </span>
    </p>
   </div>
   <div class='ocr_carea' id='block_1_20' title="bbox 1774 570 3374 652">
    <p class='ocr_par' dir='ltr' id='par_1_20' title="bbox 1774 570 3374 652">
     <span class='ocr_line' id='line_1_20' title="bbox 1774 570 3374 652; baseline -0.006 -16"><span class='ocrx_word' id='word_1_135' title='bbox 1774 581 2054 652; x_wconf 89' lang='lat' dir='ltr'><strong>iujustum,</strong></span> <span class='ocrx_word' id='word_1_136' title='bbox 2103 590 2350 652; x_wconf 88' lang='lat' dir='ltr'><strong>poteram</strong></span> <span class='ocrx_word' id='word_1_137' title='bbox 2393 578 2576 633; x_wconf 90' lang='lat' dir='ltr'><strong>multis</strong></span> <span class='ocrx_word' id='word_1_138' title='bbox 2620 576 2786 631; x_wconf 88' lang='lat' dir='ltr'><strong>rebus</strong></span> <span class='ocrx_word' id='word_1_139' title='bbox 2815 574 3122 630; x_wconf 85' lang='lat' dir='ltr'><strong>ostendere.</strong></span> <span class='ocrx_word' id='word_1_140' title='bbox 3169 570 3374 627; x_wconf 88' lang='lat' dir='ltr'><strong>Conce-</strong></span> 
     </span>
    </p>
   </div>
   <div class='ocr_carea' id='block_1_21' title="bbox 1775 666 3376 740">
    <p class='ocr_par' dir='ltr' id='par_1_21' title="bbox 1775 666 3376 740">
     <span class='ocr_line' id='line_1_21' title="bbox 1775 666 3376 740; baseline -0.006 -12"><span class='ocrx_word' id='word_1_141' title='bbox 1775 673 1966 728; x_wconf 88' lang='lat' dir='ltr'><strong>datnus</strong></span> <span class='ocrx_word' id='word_1_142' title='bbox 2020 682 2244 738; x_wconf 89' lang='lat' dir='ltr'><strong>tamen,</strong></span> <span class='ocrx_word' id='word_1_143' title='bbox 2306 680 2365 726; x_wconf 94' lang='lat' dir='ltr'><strong>ut</strong></span> <span class='ocrx_word' id='word_1_144' title='bbox 2419 671 2589 740; x_wconf 87' lang='lat' dir='ltr'><strong>possit</strong></span> <span class='ocrx_word' id='word_1_145' title='bbox 2657 669 2794 724; x_wconf 88' lang='lat' dir='ltr'><strong>ﬁeri.</strong></span> <span class='ocrx_word' id='word_1_146' title='bbox 2844 666 3047 722; x_wconf 86' lang='lat' dir='ltr'><strong>Omnes</strong></span> <span class='ocrx_word' id='word_1_147' title='bbox 3101 666 3244 720; x_wconf 90' lang='lat' dir='ltr'><strong>enim</strong></span> <span class='ocrx_word' id='word_1_148' title='bbox 3290 679 3376 718; x_wconf 89' lang='lat' dir='ltr'><strong>sa-</strong></span> 
     </span>
    </p>
   </div>
   <div class='ocr_carea' id='block_1_22' title="bbox 1777 756 3377 836">
    <p class='ocr_par' dir='ltr' id='par_1_22' title="bbox 1777 756 3377 836">
     <span class='ocr_line' id='line_1_22' title="bbox 1777 756 3377 836; baseline -0.006 -16"><span class='ocrx_word' id='word_1_149' title='bbox 1777 766 1988 836; x_wconf 87' lang='lat' dir='ltr'><strong>pientes</strong></span> <span class='ocrx_word' id='word_1_150' title='bbox 2015 773 2210 831; x_wconf 91' lang='lat' dir='ltr'><strong>erunt,</strong></span> <span class='ocrx_word' id='word_1_151' title='bbox 2245 774 2300 818; x_wconf 90' lang='lat' dir='ltr'><strong>et</strong></span> <span class='ocrx_word' id='word_1_152' title='bbox 2329 762 2613 833; x_wconf 89' lang='lat' dir='ltr'><strong>pecuniam</strong></span> <span class='ocrx_word' id='word_1_153' title='bbox 2659 767 3031 816; x_wconf 89' lang='lat' dir='ltr'><strong>contemnent.</strong></span> <span class='ocrx_word' id='word_1_154' title='bbox 3081 756 3200 824; x_wconf 87' lang='lat' dir='ltr'><strong>Quo</strong></span> <span class='ocrx_word' id='word_1_155' title='bbox 3249 771 3377 828; x_wconf 89' lang='lat' dir='ltr'><strong>ergo</strong></span> 
     </span>
    </p>
   </div>
   <div class='ocr_carea' id='block_1_23' title="bbox 1775 850 3379 924">
    <p class='ocr_par' dir='ltr' id='par_1_23' title="bbox 1775 850 3379 924">
     <span class='ocr_line' id='line_1_23' title="bbox 1775 850 3379 924; baseline -0.003 -13"><span class='ocrx_word' id='word_1_156' title='bbox 1775 857 1926 912; x_wconf 90' lang='lat' dir='ltr'><strong>illum</strong></span> <span class='ocrx_word' id='word_1_157' title='bbox 1953 855 2313 913; x_wconf 85' lang='lat' dir='ltr'><strong>communitas</strong></span> <span class='ocrx_word' id='word_1_158' title='bbox 2343 856 2443 909; x_wconf 90' lang='lat' dir='ltr'><strong>ista</strong></span> <span class='ocrx_word' id='word_1_159' title='bbox 2477 853 2764 924; x_wconf 86' lang='lat' dir='ltr'><strong>perduxit?</strong></span> <span class='ocrx_word' id='word_1_160' title='bbox 2791 850 3132 908; x_wconf 87' lang='lat' dir='ltr'><strong>Matrimonia</strong></span> <span class='ocrx_word' id='word_1_161' title='bbox 3163 864 3379 920; x_wconf 85' lang='lat' dir='ltr'><strong>quoque</strong></span> 
     </span>
    </p>
   </div>
   <div class='ocr_carea' id='block_1_24' title="bbox 1776 941 3382 1018">
    <p class='ocr_par' dir='ltr' id='par_1_24' title="bbox 1776 941 3382 1018">
     <span class='ocr_line' id='line_1_24' title="bbox 1776 941 3382 1018; baseline -0.004 -16"><span class='ocrx_word' id='word_1_162' title='bbox 1776 948 1966 1018; x_wconf 81' lang='lat' dir='ltr'><strong>inquit,</strong></span> <span class='ocrx_word' id='word_1_163' title='bbox 1996 947 2303 1004; x_wconf 88' lang='lat' dir='ltr'><strong>communia</strong></span> <span class='ocrx_word' id='word_1_164' title='bbox 2333 961 2455 1002; x_wconf 91' lang='lat' dir='ltr'><strong>esse</strong></span> <span class='ocrx_word' id='word_1_165' title='bbox 2480 946 2757 1002; x_wconf 88' lang='lat' dir='ltr'><strong>debebunt</strong></span> <span class='ocrx_word' id='word_1_166' title='bbox 2785 962 2798 999; x_wconf 91' lang='lat'><strong>:</strong></span> <span class='ocrx_word' id='word_1_167' title='bbox 2823 945 3034 1000; x_wconf 88' lang='lat' dir='ltr'><strong>scilicet</strong></span> <span class='ocrx_word' id='word_1_168' title='bbox 3059 951 3118 998; x_wconf 91' lang='lat' dir='ltr'><strong>ut</strong></span> <span class='ocrx_word' id='word_1_169' title='bbox 3141 941 3207 998; x_wconf 93' lang='lat' dir='ltr'><strong>ad</strong></span> <span class='ocrx_word' id='word_1_170' title='bbox 3233 957 3382 997; x_wconf 84' lang='lat' dir='ltr'><strong>eam-</strong></span> 
     </span>
    </p>
   </div>
   <div class='ocr_carea' id='block_1_25' title="bbox 1776 1037 3382 1107">
    <p class='ocr_par' dir='ltr' id='par_1_25' title="bbox 1776 1037 3382 1107">
     <span class='ocr_line' id='line_1_25' title="bbox 1776 1037 3382 1107; baseline -0.005 -12"><span class='ocrx_word' id='word_1_171' title='bbox 1776 1039 1901 1095; x_wconf 91' lang='lat' dir='ltr'><strong>dem</strong></span> <span class='ocrx_word' id='word_1_172' title='bbox 1958 1040 2237 1095; x_wconf 89' lang='lat' dir='ltr'><strong>mulierem</strong></span> <span class='ocrx_word' id='word_1_173' title='bbox 2295 1037 2451 1093; x_wconf 93' lang='lat' dir='ltr'><strong>multi</strong></span> <span class='ocrx_word' id='word_1_174' title='bbox 2503 1037 2650 1102; x_wconf 88' lang='lat' dir='ltr'><strong>viri,</strong></span> <span class='ocrx_word' id='word_1_175' title='bbox 2705 1045 2979 1107; x_wconf 89' lang='lat' dir='ltr'><strong>tamquam</strong></span> <span class='ocrx_word' id='word_1_176' title='bbox 3031 1047 3192 1089; x_wconf 88' lang='lat' dir='ltr'><strong>canes</strong></span> <span class='ocrx_word' id='word_1_177' title='bbox 3249 1046 3382 1088; x_wconf 90' lang='lat' dir='ltr'><strong>con-</strong></span> 
     </span>
    </p>
   </div>
   <div class='ocr_carea' id='block_1_26' title="bbox 1778 1127 3385 1201">
    <p class='ocr_par' dir='ltr' id='par_1_26' title="bbox 1778 1127 3385 1201">
     <span class='ocr_line' id='line_1_26' title="bbox 1778 1127 3385 1201; baseline -0.003 -14"><span class='ocrx_word' id='word_1_178' title='bbox 1778 1132 1982 1198; x_wconf 88' lang='lat' dir='ltr'><strong>ﬂuant;</strong></span> <span class='ocrx_word' id='word_1_179' title='bbox 2014 1143 2068 1187; x_wconf 91' lang='lat' dir='ltr'><strong>et</strong></span> <span class='ocrx_word' id='word_1_180' title='bbox 2094 1133 2140 1187; x_wconf 92' lang='lat' dir='ltr'><strong>is</strong></span> <span class='ocrx_word' id='word_1_181' title='bbox 2172 1131 2358 1201; x_wconf 81' lang='lat' dir='ltr'><strong>utique</strong></span> <span class='ocrx_word' id='word_1_182' title='bbox 2387 1130 2650 1195; x_wconf 91' lang='lat' dir='ltr'><strong>obtineat,</strong></span> <span class='ocrx_word' id='word_1_183' title='bbox 2683 1128 2775 1198; x_wconf 88' lang='lat' dir='ltr'><strong>qui</strong></span> <span class='ocrx_word' id='word_1_184' title='bbox 2800 1127 3008 1183; x_wconf 89' lang='lat' dir='ltr'><strong>viribus</strong></span> <span class='ocrx_word' id='word_1_185' title='bbox 3031 1127 3221 1183; x_wconf 88' lang='lat' dir='ltr'><strong>vicerit</strong></span> <span class='ocrx_word' id='word_1_186' title='bbox 3253 1133 3385 1182; x_wconf 88' lang='lat' dir='ltr'><strong>:aut</strong></span> 
     </span>
    </p>
   </div>
   <div class='ocr_carea' id='block_1_27' title="bbox 1779 1220 3387 1297">
    <p class='ocr_par' dir='ltr' id='par_1_27' title="bbox 1779 1220 3387 1297">
     <span class='ocr_line' id='line_1_27' title="bbox 1779 1220 3387 1297; baseline -0.006 -14"><span class='ocrx_word' id='word_1_187' title='bbox 1779 1226 1827 1283; x_wconf 89' lang='lat' dir='ltr'><strong>si</strong></span> <span class='ocrx_word' id='word_1_188' title='bbox 1858 1226 2124 1297; x_wconf 89' lang='lat' dir='ltr'><strong>patientes</strong></span> <span class='ocrx_word' id='word_1_189' title='bbox 2151 1233 2296 1290; x_wconf 89' lang='lat' dir='ltr'><strong>sunt,</strong></span> <span class='ocrx_word' id='word_1_190' title='bbox 2330 1233 2392 1279; x_wconf 91' lang='lat' dir='ltr'><strong>ut</strong></span> <span class='ocrx_word' id='word_1_191' title='bbox 2443 1222 2775 1294; x_wconf 89' lang='lat' dir='ltr'><strong>philosophi,</strong></span> <span class='ocrx_word' id='word_1_192' title='bbox 2826 1230 3138 1293; x_wconf 82' lang='lat' dir='ltr'><strong>expectent,</strong></span> <span class='ocrx_word' id='word_1_193' title='bbox 3170 1230 3228 1276; x_wconf 95' lang='lat' dir='ltr'><strong>ut</strong></span> <span class='ocrx_word' id='word_1_194' title='bbox 3254 1220 3387 1276; x_wconf 87' lang='lat' dir='ltr'><strong>vici-</strong></span> 
     </span>
    </p>
   </div>
   <div class='ocr_carea' id='block_1_28' title="bbox 1783 1313 3390 1390">
    <p class='ocr_par' dir='ltr' id='par_1_28' title="bbox 1783 1313 3390 1390">
     <span class='ocr_line' id='line_1_28' title="bbox 1783 1313 3390 1390; baseline -0.001 -16"><span class='ocrx_word' id='word_1_195' title='bbox 1783 1320 1906 1387; x_wconf 91' lang='lat' dir='ltr'><strong>bus,</strong></span> <span class='ocrx_word' id='word_1_196' title='bbox 1955 1328 2230 1390; x_wconf 85' lang='lat' dir='ltr'><strong>tamquam</strong></span> <span class='ocrx_word' id='word_1_197' title='bbox 2281 1319 2507 1389; x_wconf 92' lang='lat' dir='ltr'><strong>lupanar</strong></span> <span class='ocrx_word' id='word_1_198' title='bbox 2555 1317 2772 1372; x_wconf 89' lang='lat' dir='ltr'><strong>obeant.</strong></span> <span class='ocrx_word' id='word_1_199' title='bbox 2820 1315 2865 1371; x_wconf 90' lang='grc' dir='ltr'>Ο</span> <span class='ocrx_word' id='word_1_200' title='bbox 2910 1316 3102 1370; x_wconf 90' lang='lat' dir='ltr'><strong>miram</strong></span> <span class='ocrx_word' id='word_1_201' title='bbox 3148 1313 3390 1372; x_wconf 87' lang='lat' dir='ltr'><strong>Platonis</strong></span> 
     </span>
    </p>
   </div>
   <div class='ocr_carea' id='block_1_29' title="bbox 1782 1407 3388 1483">
    <p class='ocr_par' dir='ltr' id='par_1_29' title="bbox 1782 1407 3388 1483">
     <span class='ocr_line' id='line_1_29' title="bbox 1782 1407 3388 1483; baseline -0.002 -16"><span class='ocrx_word' id='word_1_202' title='bbox 1782 1411 2125 1483; x_wconf 70' lang='lat' dir='ltr'><strong>aequitatem!</strong></span> <span class='ocrx_word' id='word_1_203' title='bbox 2155 1410 2257 1467; x_wconf 89' lang='lat' dir='ltr'><strong>Ubi</strong></span> <span class='ocrx_word' id='word_1_204' title='bbox 2285 1419 2371 1467; x_wconf 87' lang='lat' dir='ltr'><strong>est</strong></span> <span class='ocrx_word' id='word_1_205' title='bbox 2407 1411 2571 1481; x_wconf 84' lang='lat' dir='ltr'><strong>igitur</strong></span> <span class='ocrx_word' id='word_1_206' title='bbox 2602 1409 2772 1464; x_wconf 90' lang='lat' dir='ltr'><strong>virtus</strong></span> <span class='ocrx_word' id='word_1_207' title='bbox 2802 1409 3102 1464; x_wconf 83' lang='lat' dir='ltr'><strong>castitatis?</strong></span> <span class='ocrx_word' id='word_1_208' title='bbox 3130 1407 3218 1463; x_wconf 90' lang='lat' dir='ltr'><strong>ubi</strong></span> <span class='ocrx_word' id='word_1_209' title='bbox 3251 1407 3388 1464; x_wconf 89' lang='lat' dir='ltr'><strong>ﬁdes</strong></span> 
     </span>
    </p>
   </div>
   <div class='ocr_carea' id='block_1_30' title="bbox 1784 1498 3387 1573">
    <p class='ocr_par' dir='ltr' id='par_1_30' title="bbox 1784 1498 3387 1573">
     <span class='ocr_line' id='line_1_30' title="bbox 1784 1498 3387 1573; baseline -0.003 -16"><span class='ocrx_word' id='word_1_210' title='bbox 1784 1501 2128 1573; x_wconf 71' lang='lat' dir='ltr'><strong>coniugalis?</strong></span> <span class='ocrx_word' id='word_1_211' title='bbox 2157 1516 2281 1572; x_wconf 65' lang='lat' dir='ltr'><strong>quae</strong></span> <span class='ocrx_word' id='word_1_212' title='bbox 2310 1503 2358 1556; x_wconf 89' lang='lat' dir='ltr'><strong>si</strong></span> <span class='ocrx_word' id='word_1_213' title='bbox 2388 1500 2564 1568; x_wconf 89' lang='lat' dir='ltr'><strong>tollas,</strong></span> <span class='ocrx_word' id='word_1_214' title='bbox 2593 1501 2770 1555; x_wconf 91' lang='lat' dir='ltr'><strong>omnis</strong></span> <span class='ocrx_word' id='word_1_215' title='bbox 2804 1499 3011 1569; x_wconf 90' lang='lat' dir='ltr'><strong>justitia</strong></span> <span class='ocrx_word' id='word_1_216' title='bbox 3043 1498 3252 1554; x_wconf 90' lang='lat' dir='ltr'><strong>sublata</strong></span> <span class='ocrx_word' id='word_1_217' title='bbox 3282 1506 3387 1554; x_wconf 89' lang='lat' dir='ltr'><strong>est.</strong></span> 
     </span>
    </p>
   </div>
   <div class='ocr_carea' id='block_1_31' title="bbox 1787 1591 3392 1658">
    <p class='ocr_par' dir='ltr' id='par_1_31' title="bbox 1787 1591 3392 1658">
     <span class='ocr_line' id='line_1_31' title="bbox 1787 1591 3392 1658; baseline -0.001 -10"><span class='ocrx_word' id='word_1_218' title='bbox 1787 1593 1856 1648; x_wconf 92' lang='lat' dir='ltr'><strong>At</strong></span> <span class='ocrx_word' id='word_1_219' title='bbox 1885 1593 2028 1648; x_wconf 91' lang='lat' dir='ltr'><strong>idem</strong></span> <span class='ocrx_word' id='word_1_220' title='bbox 2055 1593 2215 1657; x_wconf 82' lang='lat' dir='ltr'><strong>dixit,</strong></span> <span class='ocrx_word' id='word_1_221' title='bbox 2243 1593 2428 1648; x_wconf 87' lang='lat' dir='ltr'><strong>beatas</strong></span> <span class='ocrx_word' id='word_1_222' title='bbox 2456 1592 2704 1648; x_wconf 83' lang='lat' dir='ltr'><strong>civitates</strong></span> <span class='ocrx_word' id='word_1_223' title='bbox 2734 1591 2944 1646; x_wconf 86' lang='lat' dir='ltr'><strong>futuras</strong></span> <span class='ocrx_word' id='word_1_224' title='bbox 2978 1591 3142 1646; x_wconf 84' lang='lat' dir='ltr'><strong>fuisse</strong></span> <span class='ocrx_word' id='word_1_225' title='bbox 3162 1633 3178 1658; x_wconf 93' lang='lat'><strong>,</strong></span> <span class='ocrx_word' id='word_1_226' title='bbox 3206 1592 3251 1646; x_wconf 90' lang='lat' dir='ltr'><strong>si</strong></span> <span class='ocrx_word' id='word_1_227' title='bbox 3298 1598 3392 1646; x_wconf 86' lang='lat' dir='ltr'><strong>aut</strong></span> 
     </span>
    </p>
   </div>
   <div class='ocr_carea' id='block_1_32' title="bbox 143 1685 3388 1767">
    <p class='ocr_par' dir='ltr' id='par_1_32' title="bbox 143 1685 3388 1767">
     <span class='ocr_line' id='line_1_32' title="bbox 143 1685 3388 1767; baseline -0 -26"><span class='ocrx_word' id='word_1_228' title='bbox 143 1686 450 1744; x_wconf 87' lang='lat' dir='ltr'><strong>Videamus</strong></span> <span class='ocrx_word' id='word_1_229' title='bbox 499 1696 698 1754; x_wconf 90' lang='lat' dir='ltr'><strong>tamen,</strong></span> <span class='ocrx_word' id='word_1_230' title='bbox 744 1685 871 1756; x_wconf 92' lang='lat' dir='ltr'><strong>quid</strong></span> <span class='ocrx_word' id='word_1_231' title='bbox 924 1685 1074 1740; x_wconf 92' lang='lat' dir='ltr'><strong>illum</strong></span> <span class='ocrx_word' id='word_1_232' title='bbox 1125 1686 1376 1742; x_wconf 89' lang='lat' dir='ltr'><strong>Socrates</strong></span> <span class='ocrx_word' id='word_1_233' title='bbox 1403 1685 1680 1752; x_wconf 86' lang='lat' dir='ltr'><strong>docuerit,</strong></span> <span class='ocrx_word' id='word_1_234' title='bbox 1713 1686 2099 1767; x_wconf 81' lang='lat' dir='ltr'><strong>Bphilusophi</strong></span> <span class='ocrx_word' id='word_1_235' title='bbox 2151 1697 2470 1758; x_wconf 89' lang='lat' dir='ltr'><strong>regnarent,</strong></span> <span class='ocrx_word' id='word_1_236' title='bbox 2509 1697 2602 1741; x_wconf 90' lang='lat' dir='ltr'><strong>aut</strong></span> <span class='ocrx_word' id='word_1_237' title='bbox 2654 1701 2810 1757; x_wconf 90' lang='lat' dir='ltr'><strong>reges</strong></span> <span class='ocrx_word' id='word_1_238' title='bbox 2853 1685 3388 1756; x_wconf 89' lang='lat' dir='ltr'><strong>philosopharentur.</strong></span> 
     </span>
    </p>
   </div>
   <div class='ocr_carea' id='block_1_33' title="bbox 60 1777 1682 1851">
    <p class='ocr_par' dir='ltr' id='par_1_33' title="bbox 60 1777 1682 1851">
     <span class='ocr_line' id='line_1_33' title="bbox 60 1777 1682 1851; baseline -0.001 -17"><span class='ocrx_word' id='word_1_239' title='bbox 60 1779 170 1851; x_wconf 87' lang='lat' dir='ltr'><strong>qui</strong></span> <span class='ocrx_word' id='word_1_240' title='bbox 199 1795 327 1834; x_wconf 90' lang='lat' dir='ltr'><strong>cum</strong></span> <span class='ocrx_word' id='word_1_241' title='bbox 358 1789 524 1834; x_wconf 91' lang='lat' dir='ltr'><strong>totam</strong></span> <span class='ocrx_word' id='word_1_242' title='bbox 555 1778 840 1849; x_wconf 86' lang='lat' dir='ltr'><strong>Pbysicam</strong></span> <span class='ocrx_word' id='word_1_243' title='bbox 869 1777 1229 1848; x_wconf 87' lang='lat' dir='ltr'><strong>repudiasset,</strong></span> <span class='ocrx_word' id='word_1_244' title='bbox 1258 1793 1325 1834; x_wconf 91' lang='lat' dir='ltr'><strong>eo</strong></span> <span class='ocrx_word' id='word_1_245' title='bbox 1351 1793 1410 1833; x_wconf 88' lang='lat' dir='ltr'><strong>se</strong></span> <span class='ocrx_word' id='word_1_246' title='bbox 1436 1778 1682 1846; x_wconf 90' lang='lat' dir='ltr'><strong>contulit,</strong></span> 
     </span>
    </p>
   </div>
   <div class='ocr_carea' id='block_1_34' title="bbox 57 1869 1684 1940">
    <p class='ocr_par' dir='ltr' id='par_1_34' title="bbox 57 1869 1684 1940">
     <span class='ocr_line' id='line_1_34' title="bbox 57 1869 1684 1940; baseline -0.001 -14"><span class='ocrx_word' id='word_1_247' title='bbox 57 1882 129 1926; x_wconf 92' lang='lat' dir='ltr'><strong>ut</strong></span> <span class='ocrx_word' id='word_1_248' title='bbox 157 1871 231 1927; x_wconf 91' lang='lat' dir='ltr'><strong>de</strong></span> <span class='ocrx_word' id='word_1_249' title='bbox 277 1871 481 1926; x_wconf 89' lang='lat' dir='ltr'><strong>virtute</strong></span> <span class='ocrx_word' id='word_1_250' title='bbox 518 1879 680 1940; x_wconf 86' lang='lat' dir='ltr'><strong>atque</strong></span> <span class='ocrx_word' id='word_1_251' title='bbox 709 1869 890 1925; x_wconf 88' lang='lat' dir='ltr'><strong>ofﬁcio</strong></span> <span class='ocrx_word' id='word_1_252' title='bbox 917 1880 1208 1940; x_wconf 61' lang='lat' dir='ltr'><strong>quaereret.</strong></span> <span class='ocrx_word' id='word_1_253' title='bbox 1239 1869 1422 1940; x_wconf 91' lang='lat' dir='ltr'><strong>Itaque</strong></span> <span class='ocrx_word' id='word_1_254' title='bbox 1450 1885 1554 1924; x_wconf 92' lang='lat' dir='ltr'><strong>non</strong></span> <span class='ocrx_word' id='word_1_255' title='bbox 1583 1871 1684 1925; x_wconf 83' lang='lat' dir='ltr'><strong>du-</strong></span> 
     </span>
    </p>
   </div>
   <div class='ocr_carea' id='block_1_35' title="bbox 56 1962 1679 2036">
    <p class='ocr_par' dir='ltr' id='par_1_35' title="bbox 56 1962 1679 2036">
     <span class='ocr_line' id='line_1_35' title="bbox 56 1962 1679 2036; baseline -0.002 -16"><span class='ocrx_word' id='word_1_256' title='bbox 56 1966 213 2032; x_wconf 87' lang='lat' dir='ltr'><strong>hito,</strong></span> <span class='ocrx_word' id='word_1_257' title='bbox 240 1965 368 2036; x_wconf 91' lang='lat' dir='ltr'><strong>quin</strong></span> <span class='ocrx_word' id='word_1_258' title='bbox 391 1962 666 2019; x_wconf 90' lang='lat' dir='ltr'><strong>auditores</strong></span> <span class='ocrx_word' id='word_1_259' title='bbox 687 1977 814 2018; x_wconf 92' lang='lat' dir='ltr'><strong>suos</strong></span> <span class='ocrx_word' id='word_1_260' title='bbox 830 1963 1055 2033; x_wconf 71' lang='lat' dir='ltr'><strong>iustitiae</strong></span> <span class='ocrx_word' id='word_1_261' title='bbox 1097 1963 1377 2034; x_wconf 85' lang='lat' dir='ltr'><strong>praeceptis</strong></span> <span class='ocrx_word' id='word_1_262' title='bbox 1398 1963 1679 2020; x_wconf 89' lang='lat' dir='ltr'><strong>erudierit.</strong></span> 
     </span>
    </p>
   </div>
   <div class='ocr_carea' id='block_1_36' title="bbox 59 2053 1683 2127">
    <p class='ocr_par' dir='ltr' id='par_1_36' title="bbox 59 2053 1683 2127">
     <span class='ocr_line' id='line_1_36' title="bbox 59 2053 1683 2127; baseline -0.003 -14"><span class='ocrx_word' id='word_1_263' title='bbox 59 2058 323 2114; x_wconf 83' lang='lat' dir='ltr'><strong>Docente</strong></span> <span class='ocrx_word' id='word_1_264' title='bbox 349 2057 509 2127; x_wconf 81' lang='lat' dir='ltr'><strong>igitur</strong></span> <span class='ocrx_word' id='word_1_265' title='bbox 533 2056 785 2118; x_wconf 89' lang='lat' dir='ltr'><strong>Socrate,</strong></span> <span class='ocrx_word' id='word_1_266' title='bbox 813 2070 919 2110; x_wconf 89' lang='lat' dir='ltr'><strong>non</strong></span> <span class='ocrx_word' id='word_1_267' title='bbox 963 2054 1099 2126; x_wconf 87' lang='lat' dir='ltr'><strong>fugit</strong></span> <span class='ocrx_word' id='word_1_268' title='bbox 1126 2055 1433 2122; x_wconf 91' lang='lat' dir='ltr'><strong>Platonem,</strong></span> <span class='ocrx_word' id='word_1_269' title='bbox 1460 2053 1683 2125; x_wconf 73' lang='lat' dir='ltr'><strong>iustitia:</strong></span> 
     </span>
    </p>
   </div>
   <div class='ocr_carea' id='block_1_37' title="bbox 63 2147 1680 2220">
    <p class='ocr_par' dir='ltr' id='par_1_37' title="bbox 63 2147 1680 2220">
     <span class='ocr_line' id='line_1_37' title="bbox 63 2147 1680 2220; baseline 0 -18"><span class='ocrx_word' id='word_1_270' title='bbox 63 2151 192 2205; x_wconf 76' lang='lat' dir='ltr'><strong>vim</strong></span> <span class='ocrx_word' id='word_1_271' title='bbox 242 2150 294 2206; x_wconf 91' lang='lat' dir='ltr'><strong>in</strong></span> <span class='ocrx_word' id='word_1_272' title='bbox 338 2151 592 2220; x_wconf 59' lang='lat' dir='ltr'><strong>aequitate</strong></span> <span class='ocrx_word' id='word_1_273' title='bbox 637 2149 978 2214; x_wconf 88' lang='lat' dir='ltr'><strong>consistere;</strong></span> <span class='ocrx_word' id='word_1_274' title='bbox 1030 2147 1295 2218; x_wconf 90' lang='lat' dir='ltr'><strong>siquidem</strong></span> <span class='ocrx_word' id='word_1_275' title='bbox 1346 2163 1537 2203; x_wconf 91' lang='lat' dir='ltr'><strong>omnes</strong></span> <span class='ocrx_word' id='word_1_276' title='bbox 1568 2148 1680 2218; x_wconf 88' lang='lat' dir='ltr'><strong>pari</strong></span> 
     </span>
    </p>
   </div>
   <div class='ocr_carea' id='block_1_38' title="bbox 68 2241 1683 2315">
    <p class='ocr_par' dir='ltr' id='par_1_38' title="bbox 68 2241 1683 2315">
     <span class='ocr_line' id='line_1_38' title="bbox 68 2241 1683 2315; baseline -0.002 -15"><span class='ocrx_word' id='word_1_277' title='bbox 68 2244 395 2301; x_wconf 77' lang='lat' dir='ltr'><strong>conditione</strong></span> <span class='ocrx_word' id='word_1_278' title='bbox 417 2253 731 2299; x_wconf 90' lang='lat' dir='ltr'><strong>nascuntur.</strong></span> <span class='ocrx_word' id='word_1_279' title='bbox 767 2241 912 2315; x_wconf 84' lang='lat' dir='ltr'><strong>Ergo</strong></span> <span class='ocrx_word' id='word_1_280' title='bbox 941 2242 1075 2297; x_wconf 88' lang='lat' dir='ltr'><strong>nihil</strong></span> <span class='ocrx_word' id='word_1_281' title='bbox 1122 2241 1342 2315; x_wconf 90' lang='lat' dir='ltr'><strong>(inquit)</strong></span> <span class='ocrx_word' id='word_1_282' title='bbox 1377 2242 1570 2313; x_wconf 89' lang='lat' dir='ltr'><strong>privati</strong></span> <span class='ocrx_word' id='word_1_283' title='bbox 1621 2257 1683 2296; x_wconf 91' lang='lat' dir='ltr'><strong>ac</strong></span> 
     </span>
    </p>
   </div>
   <div class='ocr_carea' id='block_1_39' title="bbox 69 2333 1685 2410">
    <p class='ocr_par' dir='ltr' id='par_1_39' title="bbox 69 2333 1685 2410">
     <span class='ocr_line' id='line_1_39' title="bbox 69 2333 1685 2410; baseline -0.002 -17"><span class='ocrx_word' id='word_1_284' title='bbox 69 2338 292 2410; x_wconf 86' lang='lat' dir='ltr'><strong>proprii</strong></span> <span class='ocrx_word' id='word_1_285' title='bbox 336 2336 611 2393; x_wconf 88' lang='lat' dir='ltr'><strong>habeant:</strong></span> <span class='ocrx_word' id='word_1_286' title='bbox 661 2335 758 2392; x_wconf 90' lang='lat' dir='ltr'><strong>sed</strong></span> <span class='ocrx_word' id='word_1_287' title='bbox 786 2344 844 2392; x_wconf 92' lang='lat' dir='ltr'><strong>ut</strong></span> <span class='ocrx_word' id='word_1_288' title='bbox 890 2350 1051 2406; x_wconf 87' lang='lat' dir='ltr'><strong>pares</strong></span> <span class='ocrx_word' id='word_1_289' title='bbox 1089 2350 1210 2392; x_wconf 88' lang='lat' dir='ltr'><strong>esse</strong></span> <span class='ocrx_word' id='word_1_290' title='bbox 1262 2336 1492 2406; x_wconf 82' lang='lat' dir='ltr'><strong>possint,</strong></span> <span class='ocrx_word' id='word_1_291' title='bbox 1539 2333 1685 2405; x_wconf 90' lang='lat' dir='ltr'><strong>quod</strong></span> 
     </span>
    </p>
   </div>
   <div class='ocr_carea' id='block_1_40' title="bbox 1793 1777 3389 1849">
    <p class='ocr_par' dir='ltr' id='par_1_40' title="bbox 1793 1777 3389 1849">
     <span class='ocr_line' id='line_1_40' title="bbox 1793 1777 3389 1849; baseline -0.002 -15"><span class='ocrx_word' id='word_1_292' title='bbox 1793 1780 1932 1836; x_wconf 84' lang='lat' dir='ltr'><strong>Huic</strong></span> <span class='ocrx_word' id='word_1_293' title='bbox 1962 1796 2092 1836; x_wconf 85' lang='lat' dir='ltr'><strong>vero</strong></span> <span class='ocrx_word' id='word_1_294' title='bbox 2122 1789 2228 1834; x_wconf 92' lang='lat' dir='ltr'><strong>tam</strong></span> <span class='ocrx_word' id='word_1_295' title='bbox 2254 1781 2424 1849; x_wconf 89' lang='lat' dir='ltr'><strong>justo,</strong></span> <span class='ocrx_word' id='word_1_296' title='bbox 2458 1787 2565 1833; x_wconf 89' lang='lat' dir='ltr'><strong>tam</strong></span> <span class='ocrx_word' id='word_1_297' title='bbox 2610 1793 2766 1848; x_wconf 68' lang='lat' dir='ltr'><strong>arquo</strong></span> <span class='ocrx_word' id='word_1_298' title='bbox 2791 1779 2909 1832; x_wconf 91' lang='lat' dir='ltr'><strong>viro</strong></span> <span class='ocrx_word' id='word_1_299' title='bbox 2951 1791 3176 1847; x_wconf 80' lang='lat' dir='ltr'><strong>regnum</strong></span> <span class='ocrx_word' id='word_1_300' title='bbox 3206 1777 3389 1845; x_wconf 90' lang='lat' dir='ltr'><strong>dares,</strong></span> 
     </span>
    </p>
   </div>
   <div class='ocr_carea' id='block_1_41' title="bbox 1792 1869 3388 1942">
    <p class='ocr_par' dir='ltr' id='par_1_41' title="bbox 1792 1869 3388 1942">
     <span class='ocr_line' id='line_1_41' title="bbox 1792 1869 3388 1942; baseline -0.001 -16"><span class='ocrx_word' id='word_1_301' title='bbox 1792 1874 1882 1942; x_wconf 88' lang='lat' dir='ltr'><strong>qtti</strong></span> <span class='ocrx_word' id='word_1_302' title='bbox 1928 1874 2048 1928; x_wconf 91' lang='lat' dir='ltr'><strong>aliis</strong></span> <span class='ocrx_word' id='word_1_303' title='bbox 2095 1874 2411 1928; x_wconf 90' lang='lat' dir='ltr'><strong>abstulisset</strong></span> <span class='ocrx_word' id='word_1_304' title='bbox 2438 1887 2534 1926; x_wconf 87' lang='lat' dir='ltr'><strong>sua</strong></span> <span class='ocrx_word' id='word_1_305' title='bbox 2559 1913 2575 1937; x_wconf 93' lang='lat'><strong>,</strong></span> <span class='ocrx_word' id='word_1_306' title='bbox 2619 1872 2741 1926; x_wconf 88' lang='lat' dir='ltr'><strong>aliis</strong></span> <span class='ocrx_word' id='word_1_307' title='bbox 2781 1870 3142 1926; x_wconf 91' lang='lat' dir='ltr'><strong>condonasset</strong></span> <span class='ocrx_word' id='word_1_308' title='bbox 3176 1869 3388 1938; x_wconf 89' lang='lat' dir='ltr'><strong>aliena;</strong></span> 
     </span>
    </p>
   </div>
   <div class='ocr_carea' id='block_1_42' title="bbox 1790 1963 3395 2036">
    <p class='ocr_par' dir='ltr' id='par_1_42' title="bbox 1790 1963 3395 2036">
     <span class='ocr_line' id='line_1_42' title="bbox 1790 1963 3395 2036; baseline 0 -15"><span class='ocrx_word' id='word_1_309' title='bbox 1790 1967 2162 2036; x_wconf 90' lang='lat' dir='ltr'><strong>prostituisset</strong></span> <span class='ocrx_word' id='word_1_310' title='bbox 2188 1965 2499 2034; x_wconf 87' lang='lat' dir='ltr'><strong>pudicitiam</strong></span> <span class='ocrx_word' id='word_1_311' title='bbox 2529 1963 2868 2020; x_wconf 59' lang='lat' dir='ltr'><strong>laminarum</strong></span> <span class='ocrx_word' id='word_1_312' title='bbox 2895 1983 2908 2019; x_wconf 87' lang='lat'><strong>:</strong></span> <span class='ocrx_word' id='word_1_313' title='bbox 2939 1979 3060 2035; x_wconf 65' lang='lat' dir='ltr'><strong>quae</strong></span> <span class='ocrx_word' id='word_1_314' title='bbox 3085 1964 3265 2020; x_wconf 89' lang='lat' dir='ltr'><strong>nullus</strong></span> <span class='ocrx_word' id='word_1_315' title='bbox 3296 1981 3395 2021; x_wconf 86' lang='lat' dir='ltr'><strong>un-</strong></span> 
     </span>
    </p>
   </div>
   <div class='ocr_carea' id='block_1_43' title="bbox 1791 2056 3392 2130">
    <p class='ocr_par' dir='ltr' id='par_1_43' title="bbox 1791 2056 3392 2130">
     <span class='ocr_line' id='line_1_43' title="bbox 1791 2056 3392 2130; baseline 0 -18"><span class='ocrx_word' id='word_1_316' title='bbox 1791 2074 1949 2130; x_wconf 92' lang='lat' dir='ltr'><strong>quam</strong></span> <span class='ocrx_word' id='word_1_317' title='bbox 1983 2074 2089 2113; x_wconf 92' lang='lat' dir='ltr'><strong>non</strong></span> <span class='ocrx_word' id='word_1_318' title='bbox 2118 2059 2281 2113; x_wconf 94' lang='lat' dir='ltr'><strong>modo</strong></span> <span class='ocrx_word' id='word_1_319' title='bbox 2310 2073 2435 2124; x_wconf 81' lang='lat' dir='ltr'><strong>rex,</strong></span> <span class='ocrx_word' id='word_1_320' title='bbox 2468 2056 2564 2112; x_wconf 91' lang='lat' dir='ltr'><strong>sed</strong></span> <span class='ocrx_word' id='word_1_321' title='bbox 2608 2072 2677 2112; x_wconf 92' lang='lat' dir='ltr'><strong>ne</strong></span> <span class='ocrx_word' id='word_1_322' title='bbox 2709 2067 2972 2128; x_wconf 86' lang='lat' dir='ltr'><strong>tyrannus</strong></span> <span class='ocrx_word' id='word_1_323' title='bbox 3000 2058 3218 2127; x_wconf 91' lang='lat' dir='ltr'><strong>quidem</strong></span> <span class='ocrx_word' id='word_1_324' title='bbox 3241 2056 3392 2114; x_wconf 88' lang='lat' dir='ltr'><strong>fecit.</strong></span> 
     </span>
    </p>
   </div>
   <div class='ocr_carea' id='block_1_44' title="bbox 1863 2149 3397 2222">
    <p class='ocr_par' dir='ltr' id='par_1_44' title="bbox 1863 2149 3397 2222">
     <span class='ocr_line' id='line_1_44' title="bbox 1863 2149 3397 2222; baseline 0 -18"><span class='ocrx_word' id='word_1_325' title='bbox 1863 2151 2033 2218; x_wconf 85' lang='lat' dir='ltr'><strong>Quam</strong></span> <span class='ocrx_word' id='word_1_326' title='bbox 2065 2165 2195 2205; x_wconf 89' lang='lat' dir='ltr'><strong>vero</strong></span> <span class='ocrx_word' id='word_1_327' title='bbox 2226 2150 2408 2204; x_wconf 92' lang='lat' dir='ltr'><strong>intulit</strong></span> <span class='ocrx_word' id='word_1_328' title='bbox 2452 2149 2717 2204; x_wconf 88' lang='lat' dir='ltr'><strong>rationem</strong></span> <span class='ocrx_word' id='word_1_329' title='bbox 2751 2149 3048 2221; x_wconf 90' lang='lat' dir='ltr'><strong>turpissimi</strong></span> <span class='ocrx_word' id='word_1_330' title='bbox 3080 2149 3238 2222; x_wconf 88' lang='lat' dir='ltr'><strong>hujus</strong></span> <span class='ocrx_word' id='word_1_331' title='bbox 3264 2165 3397 2205; x_wconf 80' lang='lat' dir='ltr'><strong>con-</strong></span> 
     </span>
    </p>
   </div>
   <div class='ocr_carea' id='block_1_45' title="bbox 1785 2243 3397 2314">
    <p class='ocr_par' dir='ltr' id='par_1_45' title="bbox 1785 2243 3397 2314">
     <span class='ocr_line' id='line_1_45' title="bbox 1785 2243 3397 2314; baseline -0.001 -14"><span class='ocrx_word' id='word_1_332' title='bbox 1785 2244 1929 2300; x_wconf 90' lang='lat' dir='ltr'><strong>silii?</strong></span> <span class='ocrx_word' id='word_1_333' title='bbox 1979 2243 2069 2300; x_wconf 90' lang='lat' dir='ltr'><strong>Sic</strong></span> <span class='ocrx_word' id='word_1_334' title='bbox 2113 2244 2285 2314; x_wconf 89' lang='lat' dir='ltr'><strong>inquit</strong></span> <span class='ocrx_word' id='word_1_335' title='bbox 2331 2261 2350 2297; x_wconf 90' lang='lat'><strong><em>:</em></strong></span> <span class='ocrx_word' id='word_1_336' title='bbox 2399 2243 2602 2300; x_wconf 87' lang='lat' dir='ltr'><strong>Civitas</strong></span> <span class='ocrx_word' id='word_1_337' title='bbox 2648 2258 2879 2299; x_wconf 87' lang='lat' dir='ltr'><strong>concors</strong></span> <span class='ocrx_word' id='word_1_338' title='bbox 2925 2244 3048 2309; x_wconf 88' lang='lat' dir='ltr'><strong>erit,</strong></span> <span class='ocrx_word' id='word_1_339' title='bbox 3098 2255 3153 2300; x_wconf 90' lang='lat' dir='ltr'><strong>et</strong></span> <span class='ocrx_word' id='word_1_340' title='bbox 3195 2244 3397 2300; x_wconf 88' lang='lat' dir='ltr'><strong>amoris</strong></span> 
     </span>
    </p>
   </div>
   <div class='ocr_carea' id='block_1_46' title="bbox 1787 2335 3400 2403">
    <p class='ocr_par' dir='ltr' id='par_1_46' title="bbox 1787 2335 3400 2403">
     <span class='ocr_line' id='line_1_46' title="bbox 1787 2335 3400 2403; baseline 0 -11"><span class='ocrx_word' id='word_1_341' title='bbox 1787 2337 1960 2392; x_wconf 91' lang='lat' dir='ltr'><strong>mutui</strong></span> <span class='ocrx_word' id='word_1_342' title='bbox 1987 2337 2281 2393; x_wconf 88' lang='lat' dir='ltr'><strong>constricta</strong></span> <span class='ocrx_word' id='word_1_343' title='bbox 2307 2336 2563 2403; x_wconf 87' lang='lat' dir='ltr'><strong>vinculis,</strong></span> <span class='ocrx_word' id='word_1_344' title='bbox 2593 2336 2640 2393; x_wconf 90' lang='lat' dir='ltr'><strong>si</strong></span> <span class='ocrx_word' id='word_1_345' title='bbox 2680 2351 2871 2393; x_wconf 90' lang='lat' dir='ltr'><strong>omnes</strong></span> <span class='ocrx_word' id='word_1_346' title='bbox 2909 2337 3151 2392; x_wconf 92' lang='lat' dir='ltr'><strong>omnium</strong></span> <span class='ocrx_word' id='word_1_347' title='bbox 3194 2335 3400 2392; x_wconf 88' lang='lat' dir='ltr'><strong>fuerint</strong></span> 
     </span>
    </p>
   </div>
   <div class='ocr_carea' id='block_1_47' title="bbox 1443 2469 2061 2528">
    <p class='ocr_par' dir='ltr' id='par_1_47' title="bbox 1443 2469 2061 2528">
     <span class='ocr_line' id='line_1_47' title="bbox 1443 2469 2061 2528; baseline 0.005 -3"><span class='ocrx_word' id='word_1_348' title='bbox 1443 2469 1809 2528; x_wconf 84' lang='lat' dir='ltr'><strong>VARIORUM</strong></span> <span class='ocrx_word' id='word_1_349' title='bbox 1835 2471 2061 2528; x_wconf 66' lang='lat' dir='ltr'><strong>NOT/E.</strong></span> 
     </span>
    </p>
   </div>
   <div class='ocr_carea' id='block_1_48' title="bbox 163 2609 1699 2685">
    <p class='ocr_par' dir='ltr' id='par_1_48' title="bbox 163 2609 1699 2685">
     <span class='ocr_line' id='line_1_48' title="bbox 163 2609 1699 2685; baseline -0.003 -15"><span class='ocrx_word' id='word_1_350' title='bbox 163 2613 478 2684; x_wconf 58' lang='lat' dir='ltr'><strong>{Esculapio</strong></span> <span class='ocrx_word' id='word_1_351' title='bbox 507 2614 724 2685; x_wconf 77' lang='lat' dir='ltr'><strong>gallum.</strong></span> <span class='ocrx_word' id='word_1_352' title='bbox 743 2613 856 2680; x_wconf 85' lang='lat' dir='ltr'><strong>Qua</strong></span> <span class='ocrx_word' id='word_1_353' title='bbox 880 2611 948 2667; x_wconf 89' lang='lat' dir='ltr'><strong>de</strong></span> <span class='ocrx_word' id='word_1_354' title='bbox 975 2627 1034 2668; x_wconf 90' lang='lat' dir='ltr'><strong>re</strong></span> <span class='ocrx_word' id='word_1_355' title='bbox 1060 2611 1182 2668; x_wconf 86' lang='lat' dir='ltr'><strong>vide</strong></span> <span class='ocrx_word' id='word_1_356' title='bbox 1212 2609 1605 2666; x_wconf 86' lang='lat' dir='ltr'><strong>Tertullianum</strong></span> <span class='ocrx_word' id='word_1_357' title='bbox 1629 2609 1699 2666; x_wconf 89' lang='lat' dir='ltr'><strong>de</strong></span> 
     </span>
    </p>
   </div>
   <div class='ocr_carea' id='block_1_49' title="bbox 83 2685 545 2741">
    <p class='ocr_par' dir='ltr' id='par_1_49' title="bbox 83 2685 545 2741">
     <span class='ocr_line' id='line_1_49' title="bbox 83 2685 545 2741; baseline -0.006 0"><span class='ocrx_word' id='word_1_358' title='bbox 83 2686 311 2741; x_wconf 65' lang='lat' dir='ltr'><strong>Corona</strong></span> <span class='ocrx_word' id='word_1_359' title='bbox 344 2685 545 2740; x_wconf 90' lang='lat' dir='ltr'><strong>militis.</strong></span> 
     </span>
    </p>
   </div>
   <div class='ocr_carea' id='block_1_50' title="bbox 164 2751 1699 2821">
    <p class='ocr_par' dir='ltr' id='par_1_50' title="bbox 164 2751 1699 2821">
     <span class='ocr_line' id='line_1_50' title="bbox 164 2751 1699 2821; baseline -0.004 -9"><span class='ocrx_word' id='word_1_360' title='bbox 164 2757 279 2813; x_wconf 88' lang='lat' dir='ltr'><strong>Pro</strong></span> <span class='ocrx_word' id='word_1_361' title='bbox 309 2773 362 2811; x_wconf 91' lang='lat' dir='ltr'><strong>se</strong></span> <span class='ocrx_word' id='word_1_362' title='bbox 381 2766 660 2810; x_wconf 82' lang='lat' dir='ltr'><strong>sacrarent.</strong></span> <span class='ocrx_word' id='word_1_363' title='bbox 693 2755 783 2811; x_wconf 92' lang='lat' dir='ltr'><strong>Sic</strong></span> <span class='ocrx_word' id='word_1_364' title='bbox 806 2754 985 2809; x_wconf 89' lang='lat' dir='ltr'><strong>ferunt</strong></span> <span class='ocrx_word' id='word_1_365' title='bbox 1012 2768 1204 2809; x_wconf 90' lang='lat' dir='ltr'><strong>omnes</strong></span> <span class='ocrx_word' id='word_1_366' title='bbox 1245 2753 1377 2809; x_wconf 91' lang='lat' dir='ltr'><strong>editi</strong></span> <span class='ocrx_word' id='word_1_367' title='bbox 1406 2751 1699 2821; x_wconf 89' lang='lat' dir='ltr'><strong>cunctique</strong></span> 
     </span>
    </p>
   </div>
   <div class='ocr_carea' id='block_1_51' title="bbox 90 2824 1694 2896">
    <p class='ocr_par' dir='ltr' id='par_1_51' title="bbox 90 2824 1694 2896">
     <span class='ocr_line' id='line_1_51' title="bbox 90 2824 1694 2896; baseline -0.006 -12"><span class='ocrx_word' id='word_1_368' title='bbox 90 2830 212 2884; x_wconf 84' lang='lat' dir='ltr'><strong>fere</strong></span> <span class='ocrx_word' id='word_1_369' title='bbox 237 2844 367 2882; x_wconf 89' lang='lat' dir='ltr'><strong>mss.</strong></span> <span class='ocrx_word' id='word_1_370' title='bbox 402 2829 543 2882; x_wconf 90' lang='lat' dir='ltr'><strong>inter</strong></span> <span class='ocrx_word' id='word_1_371' title='bbox 567 2842 704 2896; x_wconf 87' lang='lat' dir='ltr'><strong>quos</strong></span> <span class='ocrx_word' id='word_1_372' title='bbox 726 2838 852 2881; x_wconf 86' lang='lat' dir='ltr'><strong>sunt</strong></span> <span class='ocrx_word' id='word_1_373' title='bbox 875 2828 930 2891; x_wconf 70' lang='grc'><strong>4,</strong></span> <span class='ocrx_word' id='word_1_374' title='bbox 955 2825 1251 2879; x_wconf 88' lang='lat' dir='ltr'><strong>veterrimi.</strong></span> <span class='ocrx_word' id='word_1_375' title='bbox 1285 2826 1396 2878; x_wconf 88' lang='lat' dir='ltr'><strong>Duo</strong></span> <span class='ocrx_word' id='word_1_376' title='bbox 1423 2824 1557 2887; x_wconf 77' lang='lat' dir='ltr'><strong>Reg.</strong></span> <span class='ocrx_word' id='word_1_377' title='bbox 1585 2831 1694 2896; x_wconf 69' lang='lat' dir='ltr'><strong>vet.</strong></span> 
     </span>
    </p>
   </div>
   <div class='ocr_carea' id='block_1_52' title="bbox 91 2894 1698 2970">
    <p class='ocr_par' dir='ltr' id='par_1_52' title="bbox 91 2894 1698 2970">
     <span class='ocr_line' id='line_1_52' title="bbox 91 2894 1698 2970; baseline -0.003 -16"><span class='ocrx_word' id='word_1_378' title='bbox 91 2900 324 2964; x_wconf 84' lang='lat' dir='ltr'><strong>habent,</strong></span> <span class='ocrx_word' id='word_1_379' title='bbox 348 2908 406 2953; x_wconf 90' lang='lat' dir='ltr'><strong>ut</strong></span> <span class='ocrx_word' id='word_1_380' title='bbox 435 2911 489 2953; x_wconf 93' lang='lat' dir='ltr'><strong>et</strong></span> <span class='ocrx_word' id='word_1_381' title='bbox 517 2900 567 2952; x_wconf 91' lang='lat' dir='ltr'><strong>in</strong></span> <span class='ocrx_word' id='word_1_382' title='bbox 587 2894 861 2970; x_wconf 83' lang='lat' dir='ltr'><strong>Epitom.,</strong></span> <span class='ocrx_word' id='word_1_383' title='bbox 883 2912 1002 2970; x_wconf 87' lang='lat' dir='ltr'><strong>cap.</strong></span> <span class='ocrx_word' id='word_1_384' title='bbox 1035 2896 1127 2970; x_wconf 69' lang='lat'><strong>57,</strong></span> <span class='ocrx_word' id='word_1_385' title='bbox 1160 2905 1530 2970; x_wconf 65' lang='lat' dir='ltr'><strong>prosecrarenl,</strong></span> <span class='ocrx_word' id='word_1_386' title='bbox 1553 2894 1698 2970; x_wconf 86' lang='lat' dir='ltr'><strong>quod</strong></span> 
     </span>
    </p>
   </div>
   <div class='ocr_carea' id='block_1_53' title="bbox 92 2963 1770 3037">
    <p class='ocr_par' dir='ltr' id='par_1_53' title="bbox 92 2963 1770 3037">
     <span class='ocr_line' id='line_1_53' title="bbox 92 2963 1770 3037; baseline -0.004 -13"><span class='ocrx_word' id='word_1_387' title='bbox 92 2971 332 3026; x_wconf 72' lang='lat' dir='ltr'><strong>verbum</strong></span> <span class='ocrx_word' id='word_1_388' title='bbox 363 2985 468 3024; x_wconf 93' lang='lat' dir='ltr'><strong>non</strong></span> <span class='ocrx_word' id='word_1_389' title='bbox 499 2963 735 3024; x_wconf 77' lang='lat' dir='ltr'><strong>admiitit</strong></span> <span class='ocrx_word' id='word_1_390' title='bbox 759 2963 1541 3037; x_wconf 50' lang='lat' dir='ltr'><strong>lingua&#39;latina.Recentiores</strong></span> <span class='ocrx_word' id='word_1_391' title='bbox 1564 2967 1693 3037; x_wconf 80' lang='lat' dir='ltr'><strong>duo,</strong></span> <span class='ocrx_word' id='word_1_392' title='bbox 1725 2963 1770 3026; x_wconf 87' lang='lat' dir='ltr'><strong><em>C</em></strong></span> 
     </span>
    </p>
   </div>
   <div class='ocr_carea' id='block_1_54' title="bbox 92 3036 1699 3111">
    <p class='ocr_par' dir='ltr' id='par_1_54' title="bbox 92 3036 1699 3111">
     <span class='ocr_line' id='line_1_54' title="bbox 92 3036 1699 3111; baseline -0.002 -19"><span class='ocrx_word' id='word_1_393' title='bbox 92 3050 373 3111; x_wconf 77' lang='lat' dir='ltr'><strong>prosecttnt</strong></span> <span class='ocrx_word' id='word_1_394' title='bbox 393 3058 408 3104; x_wconf 90' lang='lat'><strong>;</strong></span> <span class='ocrx_word' id='word_1_395' title='bbox 432 3041 546 3104; x_wconf 89' lang='lat' dir='ltr'><strong>alii,</strong></span> <span class='ocrx_word' id='word_1_396' title='bbox 571 3036 940 3111; x_wconf 76' lang='lat' dir='ltr'><strong>procurarent;</strong></span> <span class='ocrx_word' id='word_1_397' title='bbox 963 3040 1018 3102; x_wconf 76' lang='grc' dir='ltr'><strong>ὅ,</strong></span> <span class='ocrx_word' id='word_1_398' title='bbox 1043 3048 1490 3111; x_wconf 77' lang='lat' dir='ltr'><strong>consecrarenl.-</strong></span> <span class='ocrx_word' id='word_1_399' title='bbox 1509 3039 1574 3111; x_wconf 76' lang='lat' dir='ltr'><strong>At</strong></span> <span class='ocrx_word' id='word_1_400' title='bbox 1595 3036 1699 3111; x_wconf 80' lang='lat' dir='ltr'><strong>Le-</strong></span> 
     </span>
    </p>
   </div>
   <div class='ocr_carea' id='block_1_55' title="bbox 90 3107 1702 3186">
    <p class='ocr_par' dir='ltr' id='par_1_55' title="bbox 90 3107 1702 3186">
     <span class='ocr_line' id='line_1_55' title="bbox 90 3107 1702 3186; baseline -0.003 -19"><span class='ocrx_word' id='word_1_401' title='bbox 90 3107 246 3186; x_wconf 74' lang='lat' dir='ltr'><strong>gitur</strong></span> <span class='ocrx_word' id='word_1_402' title='bbox 273 3107 627 3186; x_wconf 82' lang='lat' dir='ltr'><strong>prosecrarent</strong></span> <span class='ocrx_word' id='word_1_403' title='bbox 653 3111 798 3186; x_wconf 80' lang='lat' dir='ltr'><strong>apud</strong></span> <span class='ocrx_word' id='word_1_404' title='bbox 830 3109 1130 3186; x_wconf 71' lang='lat' dir='ltr'><strong>Bunetnan,</strong></span> <span class='ocrx_word' id='word_1_405' title='bbox 1155 3109 1247 3176; x_wconf 86' lang='lat' dir='ltr'><strong>qui</strong></span> <span class='ocrx_word' id='word_1_406' title='bbox 1273 3111 1430 3186; x_wconf 81' lang='lat' dir='ltr'><strong>hujus</strong></span> <span class='ocrx_word' id='word_1_407' title='bbox 1455 3108 1602 3186; x_wconf 81' lang='lat' dir='ltr'><strong>vocis</strong></span> <span class='ocrx_word' id='word_1_408' title='bbox 1623 3107 1702 3162; x_wconf 90' lang='lat' dir='ltr'><strong>sic</strong></span> 
     </span>
    </p>
   </div>
   <div class='ocr_carea' id='block_1_56' title="bbox 92 3181 1701 3241">
    <p class='ocr_par' dir='ltr' id='par_1_56' title="bbox 92 3181 1701 3241">
     <span class='ocr_line' id='line_1_56' title="bbox 92 3181 1701 3241; baseline -0.005 0"><span class='ocrx_word' id='word_1_409' title='bbox 92 3181 374 3241; x_wconf 64' lang='lat' dir='ltr'><strong>rationem</strong></span> <span class='ocrx_word' id='word_1_410' title='bbox 407 3183 586 3239; x_wconf 89' lang='lat' dir='ltr'><strong>reddit</strong></span> <span class='ocrx_word' id='word_1_411' title='bbox 607 3201 696 3237; x_wconf 91' lang='lat'><strong>:-—</strong></span> <span class='ocrx_word' id='word_1_412' title='bbox 717 3183 774 3238; x_wconf 91' lang='lat' dir='ltr'><strong>1n</strong></span> <span class='ocrx_word' id='word_1_413' title='bbox 799 3193 944 3235; x_wconf 89' lang='lat' dir='ltr'><strong>tanta</strong></span> <span class='ocrx_word' id='word_1_414' title='bbox 988 3181 1249 3236; x_wconf 90' lang='lat' dir='ltr'><strong>librorum</strong></span> <span class='ocrx_word' id='word_1_415' title='bbox 1286 3181 1590 3234; x_wconf 89' lang='lat' dir='ltr'><strong>variatione</strong></span> <span class='ocrx_word' id='word_1_416' title='bbox 1615 3189 1701 3233; x_wconf 93' lang='lat' dir='ltr'><strong>tu-</strong></span> 
     </span>
    </p>
   </div>
   <div class='ocr_carea' id='block_1_57' title="bbox 97 3251 1703 3324">
    <p class='ocr_par' dir='ltr' id='par_1_57' title="bbox 97 3251 1703 3324">
     <span class='ocr_line' id='line_1_57' title="bbox 97 3251 1703 3324; baseline -0.004 -14"><span class='ocrx_word' id='word_1_417' title='bbox 97 3259 211 3310; x_wconf 85' lang='lat' dir='ltr'><strong>tius</strong></span> <span class='ocrx_word' id='word_1_418' title='bbox 279 3255 459 3324; x_wconf 90' lang='lat' dir='ltr'><strong>putavi</strong></span> <span class='ocrx_word' id='word_1_419' title='bbox 516 3253 1016 3323; x_wconf 85' lang='lat' dir='ltr'><strong>antiquissimorum</strong></span> <span class='ocrx_word' id='word_1_420' title='bbox 1076 3252 1325 3324; x_wconf 81' lang='lat' dir='ltr'><strong>codicum</strong></span> <span class='ocrx_word' id='word_1_421' title='bbox 1374 3251 1703 3324; x_wconf 73' lang='lat' dir='ltr'><strong>scripturam</strong></span> 
     </span>
    </p>
   </div>
   <div class='ocr_carea' id='block_1_58' title="bbox 93 3321 1704 3394">
    <p class='ocr_par' dir='ltr' id='par_1_58' title="bbox 93 3321 1704 3394">
     <span class='ocr_line' id='line_1_58' title="bbox 93 3321 1704 3394; baseline -0.006 -11"><span class='ocrx_word' id='word_1_422' title='bbox 93 3321 384 3383; x_wconf 75' lang='lat' dir='ltr'><strong>exhibere.</strong></span> <span class='ocrx_word' id='word_1_423' title='bbox 417 3321 723 3394; x_wconf 84' lang='lat' dir='ltr'><strong>Stephanus</strong></span> <span class='ocrx_word' id='word_1_424' title='bbox 752 3324 1001 3378; x_wconf 88' lang='lat' dir='ltr'><strong>Baluzius</strong></span> <span class='ocrx_word' id='word_1_425' title='bbox 1029 3323 1095 3377; x_wconf 90' lang='lat' dir='ltr'><strong>ad</strong></span> <span class='ocrx_word' id='word_1_426' title='bbox 1120 3324 1244 3377; x_wconf 91' lang='lat' dir='ltr'><strong>libr.</strong></span> <span class='ocrx_word' id='word_1_427' title='bbox 1277 3323 1346 3377; x_wconf 89' lang='lat' dir='ltr'><strong>de</strong></span> <span class='ocrx_word' id='word_1_428' title='bbox 1381 3323 1539 3394; x_wconf 90' lang='lat' dir='ltr'><strong>Mort.</strong></span> <span class='ocrx_word' id='word_1_429' title='bbox 1575 3321 1704 3394; x_wconf 83' lang='lat' dir='ltr'><strong>Pcr-</strong></span> 
     </span>
    </p>
   </div>
   <div class='ocr_carea' id='block_1_59' title="bbox 91 3393 1707 3466">
    <p class='ocr_par' dir='ltr' id='par_1_59' title="bbox 91 3393 1707 3466">
     <span class='ocr_line' id='line_1_59' title="bbox 91 3393 1707 3466; baseline -0.004 -13"><span class='ocrx_word' id='word_1_430' title='bbox 91 3413 244 3456; x_wconf 83' lang='lat' dir='ltr'><strong>sec..</strong></span> <span class='ocrx_word' id='word_1_431' title='bbox 268 3413 320 3452; x_wconf 93' lang='lat' dir='ltr'><strong>c.</strong></span> <span class='ocrx_word' id='word_1_432' title='bbox 355 3398 425 3453; x_wconf 75' lang='grc'><strong>55</strong></span> <span class='ocrx_word' id='word_1_433' title='bbox 457 3414 472 3454; x_wconf 88' lang='lat'><strong>:</strong></span> <span class='ocrx_word' id='word_1_434' title='bbox 503 3396 712 3463; x_wconf 86' lang='lat' dir='ltr'><strong>Melius,</strong></span> <span class='ocrx_word' id='word_1_435' title='bbox 744 3395 938 3466; x_wconf 89' lang='lat' dir='ltr'><strong>inquit,</strong></span> <span class='ocrx_word' id='word_1_436' title='bbox 967 3404 1024 3449; x_wconf 92' lang='lat' dir='ltr'><strong>ut</strong></span> <span class='ocrx_word' id='word_1_437' title='bbox 1047 3395 1303 3462; x_wconf 90' lang='lat' dir='ltr'><strong>arbitror,</strong></span> <span class='ocrx_word' id='word_1_438' title='bbox 1335 3393 1505 3466; x_wconf 74' lang='lat' dir='ltr'><strong>codex</strong></span> <span class='ocrx_word' id='word_1_439' title='bbox 1527 3393 1707 3463; x_wconf 87' lang='lat' dir='ltr'><strong>regius</strong></span> 
     </span>
    </p>
   </div>
   <div class='ocr_carea' id='block_1_60' title="bbox 82 3465 1516 3539">
    <p class='ocr_par' dir='ltr' id='par_1_60' title="bbox 82 3465 1516 3539">
     <span class='ocr_line' id='line_1_60' title="bbox 82 3465 1516 3539; baseline -0.005 -13"><span class='ocrx_word' id='word_1_440' title='bbox 82 3470 270 3536; x_wconf 74' lang='grc'><strong>5755,</strong></span> <span class='ocrx_word' id='word_1_441' title='bbox 300 3476 703 3539; x_wconf 37' lang='grc' dir='ltr'><strong>ρτοςεσνανεηιη</strong></span> <span class='ocrx_word' id='word_1_442' title='bbox 757 3537 768 3539; x_wconf 93' lang='lat'><em>_</em></span> <span class='ocrx_word' id='word_1_443' title='bbox 827 3465 835 3466; x_wconf 28' lang='grc' dir='ltr'>ί</span> <span class='ocrx_word' id='word_1_444' title='bbox 1009 3537 1018 3539; x_wconf 95' lang='lat'><em>_</em></span> <span class='ocrx_word' id='word_1_445' title='bbox 1081 3537 1112 3539; x_wconf 93' lang='lat'>__</span> <span class='ocrx_word' id='word_1_446' title='bbox 1278 3535 1339 3539; x_wconf 43' lang='grc' dir='ltr'><strong>ψ</strong></span> <span class='ocrx_word' id='word_1_447' title='bbox 1384 3465 1516 3539; x_wconf 80' lang='lat' dir='ltr'><strong>Burt.</strong></span> 
     </span>
    </p>
   </div>
   <div class='ocr_carea' id='block_1_61' title="bbox 171 3535 1708 3667">
    <p class='ocr_par' dir='ltr' id='par_1_61' title="bbox 171 3535 1708 3667">
     <span class='ocr_line' id='line_1_61' title="bbox 171 3535 1708 3667; baseline -0.002 -72"><span class='ocrx_word' id='word_1_448' title='bbox 171 3535 661 3667; x_wconf 62' lang='lat' dir='ltr'><strong>thagggtanthum.</strong></span> <span class='ocrx_word' id='word_1_449' title='bbox 684 3537 985 3594; x_wconf 82' lang='lat' dir='ltr'><strong>lnferorutn</strong></span> <span class='ocrx_word' id='word_1_450' title='bbox 1002 3537 1259 3608; x_wconf 88' lang='lat' dir='ltr'><strong>judicetn.</strong></span> <span class='ocrx_word' id='word_1_451' title='bbox 1278 3535 1470 3606; x_wconf 85' lang='lat' dir='ltr'><strong>Virgil.</strong></span> <span class='ocrx_word' id='word_1_452' title='bbox 1487 3535 1708 3592; x_wconf 62' lang='lat' dir='ltr'><strong>IEneid.</strong></span> 
     </span>
     <span class='ocr_line' id='line_1_62' title="bbox 171 3627 429 3667; baseline -0.012 0"><span class='ocrx_word' id='word_1_453' title='bbox 171 3654 181 3667; x_wconf 92' lang='lat'><strong>.</strong></span> <span class='ocrx_word' id='word_1_454' title='bbox 215 3627 273 3664; x_wconf 85' lang='lat' dir='ltr'><strong>v.</strong></span> <span class='ocrx_word' id='word_1_455' title='bbox 417 3652 429 3664; x_wconf 93' lang='lat'><strong>.</strong></span> 
     </span>
    </p>
   </div>
   <div class='ocr_carea' id='block_1_62' title="bbox 90 3616 429 3667">
    <p class='ocr_par' dir='ltr' id='par_1_62' title="bbox 90 3616 429 3667">
     <span class='ocr_line' id='line_1_63' title="bbox 90 3616 429 3667; baseline -0.009 0"><span class='ocrx_word' id='word_1_456' title='bbox 90 3629 181 3667; x_wconf 76' lang='lat' dir='ltr'><strong>Vl.</strong></span> <span class='ocrx_word' id='word_1_457' title='bbox 215 3627 273 3664; x_wconf 86' lang='lat' dir='ltr'><strong>v.</strong></span> <span class='ocrx_word' id='word_1_458' title='bbox 305 3616 429 3667; x_wconf 87' lang='grc'><strong>566.</strong></span> 
     </span>
    </p>
   </div>
   <div class='ocr_carea' id='block_1_63' title="bbox 161 3654 1711 3751">
    <p class='ocr_par' dir='ltr' id='par_1_63' title="bbox 161 3654 1711 3751">
     <span class='ocr_line' id='line_1_64' title="bbox 161 3654 1711 3751; baseline -0.004 -15"><span class='ocrx_word' id='word_1_459' title='bbox 161 3654 624 3751; x_wconf 58' lang='grc' dir='ltr'><strong>Ἰέεσίρείίαεονιειιι⁸</strong></span> <span class='ocrx_word' id='word_1_460' title='bbox 651 3681 725 3735; x_wconf 91' lang='lat' dir='ltr'><strong>Ita</strong></span> <span class='ocrx_word' id='word_1_461' title='bbox 747 3680 963 3750; x_wconf 87' lang='lat' dir='ltr'><strong>reposui</strong></span> <span class='ocrx_word' id='word_1_462' title='bbox 986 3695 1049 3734; x_wconf 77' lang='lat' dir='ltr'><strong>ex</strong></span> <span class='ocrx_word' id='word_1_463' title='bbox 1067 3677 1444 3749; x_wconf 89' lang='lat' dir='ltr'><strong>antiquissimo</strong></span> <span class='ocrx_word' id='word_1_464' title='bbox 1466 3677 1570 3732; x_wconf 88' lang='lat'><strong>900</strong></span> <span class='ocrx_word' id='word_1_465' title='bbox 1615 3692 1711 3731; x_wconf 90' lang='lat' dir='ltr'><strong>an-</strong></span> 
     </span>
    </p>
   </div>
   <div class='ocr_carea' id='block_1_64' title="bbox 88 3751 1711 3822">
    <p class='ocr_par' dir='ltr' id='par_1_64' title="bbox 88 3751 1711 3822">
     <span class='ocr_line' id='line_1_65' title="bbox 88 3751 1711 3822; baseline -0.004 -12"><span class='ocrx_word' id='word_1_466' title='bbox 88 3770 237 3810; x_wconf 86' lang='lat' dir='ltr'><strong>nor.</strong></span> <span class='ocrx_word' id='word_1_467' title='bbox 273 3770 377 3808; x_wconf 89' lang='lat' dir='ltr'><strong>ms.</strong></span> <span class='ocrx_word' id='word_1_468' title='bbox 411 3753 596 3809; x_wconf 86' lang='lat' dir='ltr'><strong>codice</strong></span> <span class='ocrx_word' id='word_1_469' title='bbox 628 3753 826 3822; x_wconf 86' lang='lat' dir='ltr'><strong>Regio;</strong></span> <span class='ocrx_word' id='word_1_470' title='bbox 876 3758 931 3806; x_wconf 91' lang='lat' dir='ltr'><strong>et</strong></span> <span class='ocrx_word' id='word_1_471' title='bbox 950 3751 1028 3806; x_wconf 86' lang='lat' dir='ltr'><strong>sic</strong></span> <span class='ocrx_word' id='word_1_472' title='bbox 1055 3751 1335 3822; x_wconf 73' lang='lat' dir='ltr'><strong>legendum</strong></span> <span class='ocrx_word' id='word_1_473' title='bbox 1366 3764 1487 3822; x_wconf 75' lang='lat' dir='ltr'><strong>esse</strong></span> <span class='ocrx_word' id='word_1_474' title='bbox 1517 3763 1711 3822; x_wconf 81' lang='lat' dir='ltr'><strong>cense-</strong></span> 
     </span>
    </p>
   </div>
   <div class='ocr_carea' id='block_1_65' title="bbox 86 3819 1707 3887">
    <p class='ocr_par' dir='ltr' id='par_1_65' title="bbox 86 3819 1707 3887">
     <span class='ocr_line' id='line_1_66' title="bbox 86 3819 1707 3887; baseline -0.005 -6"><span class='ocrx_word' id='word_1_475' title='bbox 86 3829 239 3881; x_wconf 77' lang='lat' dir='ltr'><strong>bant</strong></span> <span class='ocrx_word' id='word_1_476' title='bbox 264 3825 465 3881; x_wconf 86' lang='lat' dir='ltr'><strong>eruditi</strong></span> <span class='ocrx_word' id='word_1_477' title='bbox 492 3825 590 3879; x_wconf 86' lang='lat' dir='ltr'><strong>viri</strong></span> <span class='ocrx_word' id='word_1_478' title='bbox 610 3819 730 3878; x_wconf 46' lang='lat' dir='ltr'><strong>Th.—</strong></span> <span class='ocrx_word' id='word_1_479' title='bbox 748 3822 1036 3887; x_wconf 83' lang='lat' dir='ltr'><strong>Canterus,</strong></span> <span class='ocrx_word' id='word_1_480' title='bbox 1063 3819 1146 3876; x_wconf 72' lang='lat' dir='ltr'><strong>to.</strong></span> <span class='ocrx_word' id='word_1_481' title='bbox 1177 3819 1364 3885; x_wconf 81' lang='lat' dir='ltr'><strong>Cauci,</strong></span> <span class='ocrx_word' id='word_1_482' title='bbox 1384 3819 1707 3874; x_wconf 65' lang='lat' dir='ltr'><strong>etGallwus.</strong></span> 
     </span>
    </p>
   </div>
   <div class='ocr_carea' id='block_1_66' title="bbox 85 3891 1716 3967">
    <p class='ocr_par' dir='ltr' id='par_1_66' title="bbox 85 3891 1716 3967">
     <span class='ocr_line' id='line_1_67' title="bbox 85 3891 1716 3967; baseline -0.004 -14"><span class='ocrx_word' id='word_1_483' title='bbox 85 3898 469 3967; x_wconf 81' lang='lat' dir='ltr'><strong>Recuperator</strong></span> <span class='ocrx_word' id='word_1_484' title='bbox 495 3895 637 3949; x_wconf 91' lang='lat' dir='ltr'><strong>enim</strong></span> <span class='ocrx_word' id='word_1_485' title='bbox 661 3904 713 3948; x_wconf 93' lang='lat' dir='ltr'><strong>et</strong></span> <span class='ocrx_word' id='word_1_486' title='bbox 744 3909 986 3962; x_wconf 80' lang='lat' dir='ltr'><strong>recupera</strong></span> <span class='ocrx_word' id='word_1_487' title='bbox 1031 3902 1156 3967; x_wconf 79' lang='lat' dir='ltr'><strong>sunt</strong></span> <span class='ocrx_word' id='word_1_488' title='bbox 1181 3893 1250 3967; x_wconf 84' lang='lat' dir='ltr'><strong>ab</strong></span> <span class='ocrx_word' id='word_1_489' title='bbox 1291 3891 1512 3967; x_wconf 56' lang='lat' dir='ltr'><strong>antiquo</strong></span> <span class='ocrx_word' id='word_1_490' title='bbox 1547 3892 1716 3967; x_wconf 66' lang='lat' dir='ltr'><strong>verbo</strong></span> 
     </span>
    </p>
   </div>
   <div class='ocr_carea' id='block_1_67' title="bbox 85 3961 1716 4036">
    <p class='ocr_par' dir='ltr' id='par_1_67' title="bbox 85 3961 1716 4036">
     <span class='ocr_line' id='line_1_68' title="bbox 85 3961 1716 4036; baseline -0.004 -13"><span class='ocrx_word' id='word_1_491' title='bbox 85 3961 434 4036; x_wconf 74' lang='lat' dir='ltr'><strong>reciperare,</strong></span> <span class='ocrx_word' id='word_1_492' title='bbox 471 3977 527 4020; x_wconf 92' lang='lat' dir='ltr'><strong>ut</strong></span> <span class='ocrx_word' id='word_1_493' title='bbox 566 3975 712 4020; x_wconf 88' lang='lat' dir='ltr'><strong>recte</strong></span> <span class='ocrx_word' id='word_1_494' title='bbox 756 3961 1035 4019; x_wconf 86' lang='lat' dir='ltr'><strong>annotavit</strong></span> <span class='ocrx_word' id='word_1_495' title='bbox 1072 3964 1267 4036; x_wconf 75' lang='lat' dir='ltr'><strong>Paulus</strong></span> <span class='ocrx_word' id='word_1_496' title='bbox 1296 3962 1552 4036; x_wconf 81' lang='lat' dir='ltr'><strong>Francius</strong></span> <span class='ocrx_word' id='word_1_497' title='bbox 1581 3961 1716 4036; x_wconf 28' lang='lat' dir='ltr'><strong>‘Bes-</strong></span> 
     </span>
    </p>
   </div>
   <div class='ocr_carea' id='block_1_68' title="bbox 87 4031 1714 4100">
    <p class='ocr_par' dir='ltr' id='par_1_68' title="bbox 87 4031 1714 4100">
     <span class='ocr_line' id='line_1_69' title="bbox 87 4031 1714 4100; baseline -0.006 -5"><span class='ocrx_word' id='word_1_498' title='bbox 87 4031 391 4095; x_wconf 65' lang='lat' dir='ltr'><strong>etiviensis</strong></span> <span class='ocrx_word' id='word_1_499' title='bbox 420 4031 483 4091; x_wconf 81' lang='lat' dir='ltr'><strong>in</strong></span> <span class='ocrx_word' id='word_1_500' title='bbox 516 4052 615 4091; x_wconf 91' lang='lat' dir='ltr'><strong>suo</strong></span> <span class='ocrx_word' id='word_1_501' title='bbox 653 4036 935 4091; x_wconf 86' lang='lat' dir='ltr'><strong>Thesauro</strong></span> <span class='ocrx_word' id='word_1_502' title='bbox 975 4035 1294 4088; x_wconf 90' lang='lat' dir='ltr'><strong>eruditionis</strong></span> <span class='ocrx_word' id='word_1_503' title='bbox 1337 4031 1714 4100; x_wconf 69' lang='lat' dir='ltr'><strong>scholasticae,</strong></span> 
     </span>
    </p>
   </div>
   <div class='ocr_carea' id='block_1_69' title="bbox 90 4105 1718 4176">
    <p class='ocr_par' dir='ltr' id='par_1_69' title="bbox 90 4105 1718 4176">
     <span class='ocr_line' id='line_1_70' title="bbox 90 4105 1718 4176; baseline -0.004 -12"><span class='ocrx_word' id='word_1_504' title='bbox 90 4109 361 4176; x_wconf 82' lang='lat' dir='ltr'><strong>in-folio,</strong></span> <span class='ocrx_word' id='word_1_505' title='bbox 407 4109 765 4169; x_wconf 83' lang='lat' dir='ltr'><strong>Francolurti,</strong></span> <span class='ocrx_word' id='word_1_506' title='bbox 817 4106 979 4160; x_wconf 65' lang='lat'><strong>162:2.</strong></span> <span class='ocrx_word' id='word_1_507' title='bbox 1005 4105 1143 4160; x_wconf 83' lang='lat' dir='ltr'><strong>Huic</strong></span> <span class='ocrx_word' id='word_1_508' title='bbox 1169 4105 1384 4159; x_wconf 90' lang='lat' dir='ltr'><strong>lectioni</strong></span> <span class='ocrx_word' id='word_1_509' title='bbox 1412 4113 1614 4176; x_wconf 75' lang='lat' dir='ltr'><strong>nostrae</strong></span> <span class='ocrx_word' id='word_1_510' title='bbox 1638 4106 1718 4157; x_wconf 87' lang='lat' dir='ltr'><strong>la-</strong></span> 
     </span>
    </p>
   </div>
   <div class='ocr_carea' id='block_1_70' title="bbox 92 4174 1721 4246">
    <p class='ocr_par' dir='ltr' id='par_1_70' title="bbox 92 4174 1721 4246">
     <span class='ocr_line' id='line_1_71' title="bbox 92 4174 1721 4246; baseline -0.003 -12"><span class='ocrx_word' id='word_1_511' title='bbox 92 4191 247 4236; x_wconf 85' lang='lat' dir='ltr'><strong>vent</strong></span> <span class='ocrx_word' id='word_1_512' title='bbox 299 4174 432 4234; x_wconf 85' lang='lat' dir='ltr'><strong>mss.</strong></span> <span class='ocrx_word' id='word_1_513' title='bbox 465 4179 654 4234; x_wconf 87' lang='lat' dir='ltr'><strong>Martn.</strong></span> <span class='ocrx_word' id='word_1_514' title='bbox 684 4179 770 4232; x_wconf 90' lang='lat' dir='ltr'><strong>cui</strong></span> <span class='ocrx_word' id='word_1_515' title='bbox 816 4187 898 4231; x_wconf 90' lang='lat' dir='ltr'><strong>est</strong></span> <span class='ocrx_word' id='word_1_516' title='bbox 941 4188 1377 4246; x_wconf 87' lang='lat' dir='ltr'><strong>receperatorem;</strong></span> <span class='ocrx_word' id='word_1_517' title='bbox 1411 4191 1514 4228; x_wconf 90' lang='lat' dir='ltr'><strong>ms.</strong></span> <span class='ocrx_word' id='word_1_518' title='bbox 1545 4174 1616 4229; x_wconf 78' lang='lat'><strong>‘29</strong></span> <span class='ocrx_word' id='word_1_519' title='bbox 1664 4182 1721 4229; x_wconf 90' lang='lat' dir='ltr'><strong>et</strong></span> 
     </span>
    </p>
   </div>
   <div class='ocr_carea' id='block_1_71' title="bbox 93 4247 1716 4320">
    <p class='ocr_par' dir='ltr' id='par_1_71' title="bbox 93 4247 1716 4320">
     <span class='ocr_line' id='line_1_72' title="bbox 93 4247 1716 4320; baseline -0.006 -13"><span class='ocrx_word' id='word_1_520' title='bbox 93 4253 249 4307; x_wconf 83' lang='lat' dir='ltr'><strong>edit.</strong></span> <span class='ocrx_word' id='word_1_521' title='bbox 285 4252 356 4316; x_wconf 85' lang='lat'><strong>9,</strong></span> <span class='ocrx_word' id='word_1_522' title='bbox 399 4265 493 4320; x_wconf 87' lang='lat' dir='ltr'><strong>per</strong></span> <span class='ocrx_word' id='word_1_523' title='bbox 521 4248 936 4319; x_wconf 88' lang='lat' dir='ltr'><strong>compendium,</strong></span> <span class='ocrx_word' id='word_1_524' title='bbox 983 4258 1326 4320; x_wconf 70' lang='lat' dir='ltr'><strong>receptaret»;</strong></span> <span class='ocrx_word' id='word_1_525' title='bbox 1363 4248 1387 4301; x_wconf 88' lang='lat' dir='ltr'><strong>l</strong></span> <span class='ocrx_word' id='word_1_526' title='bbox 1436 4247 1568 4316; x_wconf 89' lang='lat' dir='ltr'><strong>Reg.</strong></span> <span class='ocrx_word' id='word_1_527' title='bbox 1603 4261 1716 4300; x_wconf 89' lang='lat' dir='ltr'><strong>rec.</strong></span> 
     </span>
    </p>
   </div>
   <div class='ocr_carea' id='block_1_72' title="bbox 97 4318 1705 4386">
    <p class='ocr_par' dir='ltr' id='par_1_72' title="bbox 97 4318 1705 4386">
     <span class='ocr_line' id='line_1_73' title="bbox 97 4318 1705 4386; baseline -0.006 -7"><span class='ocrx_word' id='word_1_528' title='bbox 97 4335 162 4379; x_wconf 82' lang='lat' dir='ltr'><strong>et</strong></span> <span class='ocrx_word' id='word_1_529' title='bbox 186 4324 228 4379; x_wconf 92' lang='lat'><strong>9</strong></span> <span class='ocrx_word' id='word_1_530' title='bbox 249 4318 550 4386; x_wconf 44' lang='lat' dir='ltr'><strong>edit.&#39;rec.,</strong></span> <span class='ocrx_word' id='word_1_531' title='bbox 575 4318 1011 4386; x_wconf 82' lang='lat' dir='ltr'><strong>recuperatorem;</strong></span> <span class='ocrx_word' id='word_1_532' title='bbox 1033 4334 1132 4373; x_wconf 93' lang='lat' dir='ltr'><strong>ms.</strong></span> <span class='ocrx_word' id='word_1_533' title='bbox 1167 4318 1303 4374; x_wconf 91' lang='lat' dir='ltr'><strong>Ultr.</strong></span> <span class='ocrx_word' id='word_1_534' title='bbox 1329 4319 1705 4383; x_wconf 82' lang='lat' dir='ltr'><strong>imperatorem,</strong></span> 
     </span>
    </p>
   </div>
   <div class='ocr_carea' id='block_1_73' title="bbox 100 4388 1710 4465">
    <p class='ocr_par' dir='ltr' id='par_1_73' title="bbox 100 4388 1710 4465">
     <span class='ocr_line' id='line_1_74' title="bbox 100 4388 1710 4465; baseline -0.005 -15"><span class='ocrx_word' id='word_1_535' title='bbox 100 4400 400 4463; x_wconf 84' lang='lat' dir='ltr'><strong>corrupte.</strong></span> <span class='ocrx_word' id='word_1_536' title='bbox 435 4392 814 4465; x_wconf 79' lang='lat' dir='ltr'><strong>Reciperatores</strong></span> <span class='ocrx_word' id='word_1_537' title='bbox 843 4400 1057 4465; x_wconf 70' lang='lat' dir='ltr'><strong>autent,</strong></span> <span class='ocrx_word' id='word_1_538' title='bbox 1089 4391 1172 4444; x_wconf 93' lang='lat' dir='ltr'><strong>vel</strong></span> <span class='ocrx_word' id='word_1_539' title='bbox 1201 4394 1244 4465; x_wconf 83' lang='lat' dir='ltr'><strong>si</strong></span> <span class='ocrx_word' id='word_1_540' title='bbox 1270 4388 1437 4465; x_wconf 78' lang='lat' dir='ltr'><strong>mavis</strong></span> <span class='ocrx_word' id='word_1_541' title='bbox 1457 4430 1472 4452; x_wconf 90' lang='lat'><strong>,</strong></span> <span class='ocrx_word' id='word_1_542' title='bbox 1502 4403 1710 4465; x_wconf 51' lang='lat' dir='ltr'><strong>recupef</strong></span> 
     </span>
    </p>
   </div>
   <div class='ocr_carea' id='block_1_74' title="bbox 1801 2610 3401 2687">
    <p class='ocr_par' dir='ltr' id='par_1_74' title="bbox 1801 2610 3401 2687">
     <span class='ocr_line' id='line_1_75' title="bbox 1801 2610 3401 2687; baseline 0.006 -24"><span class='ocrx_word' id='word_1_543' title='bbox 1801 2610 1966 2687; x_wconf 70' lang='lat' dir='ltr'><strong>etiam</strong></span> <span class='ocrx_word' id='word_1_544' title='bbox 1994 2611 2286 2687; x_wconf 71' lang='lat' dir='ltr'><strong>aequitatem</strong></span> <span class='ocrx_word' id='word_1_545' title='bbox 2313 2611 2666 2687; x_wconf 63' lang='lat' dir='ltr'><strong>transferunt,</strong></span> <span class='ocrx_word' id='word_1_546' title='bbox 2701 2614 3237 2687; x_wconf 77' lang='lat' dir='ltr'><strong>eamintelligentes,</strong></span> <span class='ocrx_word' id='word_1_547' title='bbox 3279 2632 3401 2687; x_wconf 61' lang='lat' dir='ltr'><strong>qua!</strong></span> 
     </span>
    </p>
   </div>
   <div class='ocr_carea' id='block_1_75' title="bbox 1802 2681 3401 2757">
    <p class='ocr_par' dir='ltr' id='par_1_75' title="bbox 1802 2681 3401 2757">
     <span class='ocr_line' id='line_1_76' title="bbox 1802 2681 3401 2757; baseline 0.005 -20"><span class='ocrx_word' id='word_1_548' title='bbox 1802 2681 2034 2737; x_wconf 79' lang='lat' dir='ltr'><strong>Varroni</strong></span> <span class='ocrx_word' id='word_1_549' title='bbox 2083 2693 2165 2736; x_wconf 86' lang='lat' dir='ltr'><strong>est</strong></span> <span class='ocrx_word' id='word_1_550' title='bbox 2217 2683 2472 2757; x_wconf 77' lang='lat' dir='ltr'><strong>parilitas.</strong></span> <span class='ocrx_word' id='word_1_551' title='bbox 2517 2683 2677 2757; x_wconf 73' lang='lat' dir='ltr'><strong>Plato</strong></span> <span class='ocrx_word' id='word_1_552' title='bbox 2714 2684 2784 2740; x_wconf 95' lang='lat' dir='ltr'><strong>de</strong></span> <span class='ocrx_word' id='word_1_553' title='bbox 2827 2681 3059 2756; x_wconf 75' lang='lat' dir='ltr'><strong>Legibus</strong></span> <span class='ocrx_word' id='word_1_554' title='bbox 3107 2681 3310 2757; x_wconf 56' lang='lat' dir='ltr'><strong>quinto&#39;</strong></span> <span class='ocrx_word' id='word_1_555' title='bbox 3344 2697 3401 2745; x_wconf 90' lang='lat' dir='ltr'><strong>et</strong></span> 
     </span>
    </p>
   </div>
   <div class='ocr_carea' id='block_1_76' title="bbox 1806 2753 3398 2821">
    <p class='ocr_par' dir='ltr' id='par_1_76' title="bbox 1806 2753 3398 2821">
     <span class='ocr_line' id='line_1_77' title="bbox 1806 2753 3398 2821; baseline 0.003 -12"><span class='ocrx_word' id='word_1_556' title='bbox 1806 2762 1983 2817; x_wconf 80' lang='lat' dir='ltr'><strong>sexto,</strong></span> <span class='ocrx_word' id='word_1_557' title='bbox 2017 2768 2226 2808; x_wconf 85' lang='lat' dir='ltr'><strong>necnon</strong></span> <span class='ocrx_word' id='word_1_558' title='bbox 2266 2753 2591 2809; x_wconf 79' lang='lat' dir='ltr'><strong>Aristoteles</strong></span> <span class='ocrx_word' id='word_1_559' title='bbox 2623 2756 2675 2809; x_wconf 92' lang='lat' dir='ltr'><strong>in</strong></span> <span class='ocrx_word' id='word_1_560' title='bbox 2705 2757 2894 2821; x_wconf 87' lang='lat' dir='ltr'><strong>quinto</strong></span> <span class='ocrx_word' id='word_1_561' title='bbox 2909 2753 3155 2813; x_wconf 74' lang='lat' dir='ltr'><strong>Etlticor.</strong></span> <span class='ocrx_word' id='word_1_562' title='bbox 3191 2759 3398 2816; x_wconf 81' lang='lat' dir='ltr'><strong>BETUL.</strong></span> 
     </span>
    </p>
   </div>
   <div class='ocr_carea' id='block_1_77' title="bbox 1877 2821 3403 2896">
    <p class='ocr_par' dir='ltr' id='par_1_77' title="bbox 1877 2821 3403 2896">
     <span class='ocr_line' id='line_1_78' title="bbox 1877 2821 3403 2896; baseline 0.007 -21"><span class='ocrx_word' id='word_1_563' title='bbox 1877 2821 1944 2877; x_wconf 88' lang='lat' dir='ltr'><strong>In</strong></span> <span class='ocrx_word' id='word_1_564' title='bbox 1973 2825 2230 2896; x_wconf 71' lang='lat' dir='ltr'><strong>(equitate.</strong></span> <span class='ocrx_word' id='word_1_565' title='bbox 2263 2825 2480 2895; x_wconf 77' lang='lat' dir='ltr'><strong>Legitur</strong></span> <span class='ocrx_word' id='word_1_566' title='bbox 2502 2842 2632 2880; x_wconf 91' lang='lat' dir='ltr'><strong>vero</strong></span> <span class='ocrx_word' id='word_1_567' title='bbox 2672 2828 2723 2880; x_wconf 90' lang='lat' dir='ltr'><strong>in</strong></span> <span class='ocrx_word' id='word_1_568' title='bbox 2753 2829 3029 2896; x_wconf 81' lang='lat' dir='ltr'><strong>aqualilale</strong></span> <span class='ocrx_word' id='word_1_569' title='bbox 3054 2831 3194 2896; x_wconf 92' lang='lat' dir='ltr'><strong>apud</strong></span> <span class='ocrx_word' id='word_1_570' title='bbox 3225 2831 3403 2886; x_wconf 89' lang='lat' dir='ltr'><strong>Bune-</strong></span> 
     </span>
    </p>
   </div>
   <div class='ocr_carea' id='block_1_78' title="bbox 1805 2895 3406 2971">
    <p class='ocr_par' dir='ltr' id='par_1_78' title="bbox 1805 2895 3406 2971">
     <span class='ocr_line' id='line_1_79' title="bbox 1805 2895 3406 2971; baseline 0.004 -23"><span class='ocrx_word' id='word_1_571' title='bbox 1805 2909 1950 2961; x_wconf 89' lang='lat' dir='ltr'><strong>man,</strong></span> <span class='ocrx_word' id='word_1_572' title='bbox 1987 2895 2298 2971; x_wconf 70' lang='lat' dir='ltr'><strong>quinotatn</strong></span> <span class='ocrx_word' id='word_1_573' title='bbox 2347 2905 2665 2971; x_wconf 80' lang='lat' dir='ltr'><strong>sequentem</strong></span> <span class='ocrx_word' id='word_1_574' title='bbox 2715 2895 3141 2971; x_wconf 23' lang='lat' dir='ltr'><strong>exl’nbet.-—In</strong></span> <span class='ocrx_word' id='word_1_575' title='bbox 3190 2903 3406 2971; x_wconf 60' lang='lat' dir='ltr'><strong>aequali-</strong></span> 
     </span>
    </p>
   </div>
   <div class='ocr_carea' id='block_1_79' title="bbox 1805 2967 3408 3038">
    <p class='ocr_par' dir='ltr' id='par_1_79' title="bbox 1805 2967 3408 3038">
     <span class='ocr_line' id='line_1_80' title="bbox 1805 2967 3408 3038; baseline 0.004 -18"><span class='ocrx_word' id='word_1_576' title='bbox 1805 2976 1925 3020; x_wconf 86' lang='lat' dir='ltr'><strong>tate.</strong></span> <span class='ocrx_word' id='word_1_577' title='bbox 1982 2967 2070 3022; x_wconf 87' lang='lat' dir='ltr'><strong>Sic</strong></span> <span class='ocrx_word' id='word_1_578' title='bbox 2112 2968 2148 3022; x_wconf 94' lang='grc'><strong>1.</strong></span> <span class='ocrx_word' id='word_1_579' title='bbox 2201 2983 2253 3031; x_wconf 85' lang='lat' dir='ltr'><strong>v,</strong></span> <span class='ocrx_word' id='word_1_580' title='bbox 2281 2983 2402 3037; x_wconf 89' lang='lat' dir='ltr'><strong>cap.</strong></span> <span class='ocrx_word' id='word_1_581' title='bbox 2453 2967 2558 3034; x_wconf 72' lang='grc'><strong>14,</strong></span> <span class='ocrx_word' id='word_1_582' title='bbox 2606 2984 2689 3038; x_wconf 92' lang='lat' dir='ltr'><strong>sq.</strong></span> <span class='ocrx_word' id='word_1_583' title='bbox 2724 2987 2736 3022; x_wconf 91' lang='lat'><strong>:</strong></span> <span class='ocrx_word' id='word_1_584' title='bbox 2770 2968 3088 3037; x_wconf 61' lang='lat' dir='ltr'><strong>Equitatem</strong></span> <span class='ocrx_word' id='word_1_585' title='bbox 3119 2967 3301 3026; x_wconf 72' lang='grc' dir='ltr'><strong>άὶεοζ..</strong></span> <span class='ocrx_word' id='word_1_586' title='bbox 3353 2988 3408 3026; x_wconf 85' lang='lat' dir='ltr'><strong>se</strong></span> 
     </span>
    </p>
   </div>
   <div class='ocr_carea' id='block_1_80' title="bbox 1805 3039 3408 3113">
    <p class='ocr_par' dir='ltr' id='par_1_80' title="bbox 1805 3039 3408 3113">
     <span class='ocr_line' id='line_1_81' title="bbox 1805 3039 3408 3113; baseline 0.004 -23"><span class='ocrx_word' id='word_1_587' title='bbox 1805 3054 1920 3090; x_wconf 87' lang='lat' dir='ltr'><strong>cum</strong></span> <span class='ocrx_word' id='word_1_588' title='bbox 1962 3039 2154 3092; x_wconf 68' lang='lat' dir='ltr'><strong>caeteris</strong></span> <span class='ocrx_word' id='word_1_589' title='bbox 2193 3039 2539 3113; x_wconf 69' lang='lat' dir='ltr'><strong>coaequandi,</strong></span> <span class='ocrx_word' id='word_1_590' title='bbox 2593 3057 2742 3109; x_wconf 89' lang='lat' dir='ltr'><strong>quam</strong></span> <span class='ocrx_word' id='word_1_591' title='bbox 2798 3041 2974 3096; x_wconf 87' lang='lat' dir='ltr'><strong>Cicero</strong></span> <span class='ocrx_word' id='word_1_592' title='bbox 3017 3044 3408 3113; x_wconf 66' lang='lat' dir='ltr'><strong>aequabilitatem</strong></span> 
     </span>
    </p>
   </div>
   <div class='ocr_carea' id='block_1_81' title="bbox 1807 3111 3408 3180">
    <p class='ocr_par' dir='ltr' id='par_1_81' title="bbox 1807 3111 3408 3180">
     <span class='ocr_line' id='line_1_82' title="bbox 1807 3111 3408 3180; baseline 0.006 -20"><span class='ocrx_word' id='word_1_593' title='bbox 1807 3121 2019 3164; x_wconf 84' lang='lat' dir='ltr'><strong>uocat...</strong></span> <span class='ocrx_word' id='word_1_594' title='bbox 2045 3126 2216 3164; x_wconf 88' lang='lat' dir='ltr'><strong>omnes</strong></span> <span class='ocrx_word' id='word_1_595' title='bbox 2244 3126 2448 3180; x_wconf 62' lang='lat' dir='ltr'><strong>arquos,</strong></span> <span class='ocrx_word' id='word_1_596' title='bbox 2477 3111 2524 3164; x_wconf 89' lang='lat' dir='ltr'><strong>id</strong></span> <span class='ocrx_word' id='word_1_597' title='bbox 2556 3122 2660 3176; x_wconf 89' lang='lat' dir='ltr'><strong>est,</strong></span> <span class='ocrx_word' id='word_1_598' title='bbox 2693 3129 2840 3180; x_wconf 85' lang='lat' dir='ltr'><strong>pares</strong></span> <span class='ocrx_word' id='word_1_599' title='bbox 2871 3111 3138 3168; x_wconf 74' lang='lat' dir='ltr'><strong>esse.......</strong></span> <span class='ocrx_word' id='word_1_600' title='bbox 3176 3114 3408 3170; x_wconf 84' lang='lat' dir='ltr'><strong>omnibus</strong></span> 
     </span>
    </p>
   </div>
   <div class='ocr_carea' id='block_1_82' title="bbox 1806 3181 2810 3256">
    <p class='ocr_par' dir='ltr' id='par_1_82' title="bbox 1806 3181 2810 3256">
     <span class='ocr_line' id='line_1_83' title="bbox 1806 3181 2810 3256; baseline 0.002 -21"><span class='ocrx_word' id='word_1_601' title='bbox 1806 3183 2159 3256; x_wconf 70' lang='lat' dir='ltr'><strong>aequitatem...</strong></span> <span class='ocrx_word' id='word_1_602' title='bbox 2195 3181 2478 3256; x_wconf 55' lang='lat' dir='ltr'><strong>largitur...</strong></span> <span class='ocrx_word' id='word_1_603' title='bbox 2509 3199 2652 3253; x_wconf 74' lang='lat' dir='ltr'><strong>wquo</strong></span> <span class='ocrx_word' id='word_1_604' title='bbox 2668 3186 2810 3256; x_wconf 86' lang='lat' dir='ltr'><strong>jure.</strong></span> 
     </span>
    </p>
   </div>
   <div class='ocr_carea' id='block_1_83' title="bbox 1880 3251 3261 3324">
    <p class='ocr_par' dir='ltr' id='par_1_83' title="bbox 1880 3251 3261 3324">
     <span class='ocr_line' id='line_1_84' title="bbox 1880 3251 3261 3324; baseline 0.004 -18"><span class='ocrx_word' id='word_1_605' title='bbox 1880 3251 2212 3324; x_wconf 57' lang='lat' dir='ltr'><strong>ﬂossideant.</strong></span> <span class='ocrx_word' id='word_1_606' title='bbox 2246 3251 2344 3307; x_wconf 88' lang='lat' dir='ltr'><strong>Ms.</strong></span> <span class='ocrx_word' id='word_1_607' title='bbox 2373 3253 2400 3306; x_wconf 90' lang='grc'><strong>1</strong></span> <span class='ocrx_word' id='word_1_608' title='bbox 2437 3251 2645 3307; x_wconf 82' lang='lat' dir='ltr'><strong>Bonon.</strong></span> <span class='ocrx_word' id='word_1_609' title='bbox 2669 3251 2874 3324; x_wconf 58' lang='lat' dir='ltr'><strong>&#39;antiq.,</strong></span> <span class='ocrx_word' id='word_1_610' title='bbox 2906 3256 3261 3323; x_wconf 83' lang='lat' dir='ltr'><strong>possidebunt.</strong></span> 
     </span>
    </p>
   </div>
   <div class='ocr_carea' id='block_1_84' title="bbox 1881 3321 3410 3397">
    <p class='ocr_par' dir='ltr' id='par_1_84' title="bbox 1881 3321 3410 3397">
     <span class='ocr_line' id='line_1_85' title="bbox 1881 3321 3410 3397; baseline 0.005 -21"><span class='ocrx_word' id='word_1_611' title='bbox 1881 3321 2036 3397; x_wconf 56' lang='lat' dir='ltr'><strong>Ferri</strong></span> <span class='ocrx_word' id='word_1_612' title='bbox 2065 3327 2159 3376; x_wconf 81' lang='lat' dir='ltr'><strong>ltoc</strong></span> <span class='ocrx_word' id='word_1_613' title='bbox 2204 3334 2388 3397; x_wconf 86' lang='lat' dir='ltr'><strong>p_otest.</strong></span> <span class='ocrx_word' id='word_1_614' title='bbox 2424 3324 2552 3380; x_wconf 90' lang='lat' dir='ltr'><strong>Mss.</strong></span> <span class='ocrx_word' id='word_1_615' title='bbox 2583 3325 2617 3378; x_wconf 77' lang='lat'><strong>‘2</strong></span> <span class='ocrx_word' id='word_1_616' title='bbox 2655 3341 2760 3380; x_wconf 86' lang='lat' dir='ltr'><strong>rec.</strong></span> <span class='ocrx_word' id='word_1_617' title='bbox 2807 3321 2951 3397; x_wconf 45' lang='lat' dir='ltr'><strong>cuni</strong></span> <span class='ocrx_word' id='word_1_618' title='bbox 2963 3328 2996 3382; x_wconf 84' lang='lat'><strong>5</strong></span> <span class='ocrx_word' id='word_1_619' title='bbox 3037 3328 3228 3396; x_wconf 83' lang='lat' dir='ltr'><strong>editis,</strong></span> <span class='ocrx_word' id='word_1_620' title='bbox 3258 3328 3410 3397; x_wconf 81' lang='lat' dir='ltr'><strong>ﬁeri;</strong></span> 
     </span>
    </p>
   </div>
   <div class='ocr_carea' id='block_1_85' title="bbox 1812 3393 3407 3468">
    <p class='ocr_par' dir='ltr' id='par_1_85' title="bbox 1812 3393 3407 3468">
     <span class='ocr_line' id='line_1_86' title="bbox 1812 3393 3407 3468; baseline 0.004 -21"><span class='ocrx_word' id='word_1_621' title='bbox 1812 3394 1839 3447; x_wconf 89' lang='grc'><strong>1</strong></span> <span class='ocrx_word' id='word_1_622' title='bbox 1874 3393 2006 3464; x_wconf 91' lang='lat' dir='ltr'><strong>Reg.</strong></span> <span class='ocrx_word' id='word_1_623' title='bbox 2043 3411 2176 3468; x_wconf 82' lang='lat' dir='ltr'><strong>rec.,</strong></span> <span class='ocrx_word' id='word_1_624' title='bbox 2204 3394 2347 3448; x_wconf 83' lang='lat' dir='ltr'><strong>Fieri</strong></span> <span class='ocrx_word' id='word_1_625' title='bbox 2379 3396 2474 3449; x_wconf 85' lang='lat' dir='ltr'><strong>hoc</strong></span> <span class='ocrx_word' id='word_1_626' title='bbox 2496 3413 2596 3450; x_wconf 86' lang='lat' dir='ltr'><strong>non</strong></span> <span class='ocrx_word' id='word_1_627' title='bbox 2623 3409 2881 3468; x_wconf 85' lang='lat' dir='ltr'><strong>potest.——</strong></span> <span class='ocrx_word' id='word_1_628' title='bbox 2907 3395 3059 3452; x_wconf 83' lang='lat' dir='ltr'><strong>Ferri</strong></span> <span class='ocrx_word' id='word_1_629' title='bbox 3101 3401 3195 3453; x_wconf 84' lang='lat' dir='ltr'><strong>ltoc</strong></span> <span class='ocrx_word' id='word_1_630' title='bbox 3214 3393 3407 3468; x_wconf 66' lang='lat' dir='ltr'><strong>potest,</strong></span> 
     </span>
    </p>
   </div>
   <div class='ocr_carea' id='block_1_86' title="bbox 1809 3467 3414 3539">
    <p class='ocr_par' dir='ltr' id='par_1_86' title="bbox 1809 3467 3414 3539">
     <span class='ocr_line' id='line_1_87' title="bbox 1809 3467 3414 3539; baseline 0.004 -21"><span class='ocrx_word' id='word_1_631' title='bbox 1809 3467 2074 3539; x_wconf 82' lang='lat' dir='ltr'><strong>quamdiu.</strong></span> <span class='ocrx_word' id='word_1_632' title='bbox 2109 3467 2210 3539; x_wconf 74' lang='lat' dir='ltr'><strong>l’ro</strong></span> <span class='ocrx_word' id='word_1_633' title='bbox 2241 3476 2454 3539; x_wconf 82' lang='lat' dir='ltr'><strong>recepta</strong></span> <span class='ocrx_word' id='word_1_634' title='bbox 2476 3508 2491 3532; x_wconf 95' lang='lat'><strong>,</strong></span> <span class='ocrx_word' id='word_1_635' title='bbox 2524 3477 2606 3522; x_wconf 77' lang='lat' dir='ltr'><strong>est</strong></span> <span class='ocrx_word' id='word_1_636' title='bbox 2652 3469 2884 3537; x_wconf 86' lang='lat' dir='ltr'><strong>Epitom.</strong></span> <span class='ocrx_word' id='word_1_637' title='bbox 2909 3484 3028 3536; x_wconf 90' lang='lat' dir='ltr'><strong>cap.</strong></span> <span class='ocrx_word' id='word_1_638' title='bbox 3061 3471 3130 3526; x_wconf 76' lang='grc'><strong>58</strong></span> <span class='ocrx_word' id='word_1_639' title='bbox 3157 3488 3169 3523; x_wconf 91' lang='lat'>:</span> <span class='ocrx_word' id='word_1_640' title='bbox 3199 3470 3279 3524; x_wconf 86' lang='lat' dir='ltr'><strong>De</strong></span> <span class='ocrx_word' id='word_1_641' title='bbox 3319 3490 3414 3539; x_wconf 79' lang='lat' dir='ltr'><strong>pa—</strong></span> 
     </span>
    </p>
   </div>
   <div class='ocr_carea' id='block_1_87' title="bbox 1813 3536 3408 3609">
    <p class='ocr_par' dir='ltr' id='par_1_87' title="bbox 1813 3536 3408 3609">
     <span class='ocr_line' id='line_1_88' title="bbox 1813 3536 3408 3609; baseline 0.006 -20"><span class='ocrx_word' id='word_1_642' title='bbox 1813 3538 2066 3609; x_wconf 82' lang='lat' dir='ltr'><strong>trimoniis</strong></span> <span class='ocrx_word' id='word_1_643' title='bbox 2093 3536 2356 3609; x_wconf 84' lang='lat' dir='ltr'><strong>tolerabile</strong></span> <span class='ocrx_word' id='word_1_644' title='bbox 2381 3547 2518 3592; x_wconf 87' lang='lat' dir='ltr'><strong>est...</strong></span> <span class='ocrx_word' id='word_1_645' title='bbox 2553 3536 2712 3605; x_wconf 81' lang='lat' dir='ltr'><strong>potest</strong></span> <span class='ocrx_word' id='word_1_646' title='bbox 2741 3540 2913 3609; x_wconf 86' lang='lat' dir='ltr'><strong>aliquo</strong></span> <span class='ocrx_word' id='word_1_647' title='bbox 2935 3542 3084 3594; x_wconf 83' lang='lat' dir='ltr'><strong>modo</strong></span> <span class='ocrx_word' id='word_1_648' title='bbox 3110 3543 3253 3609; x_wconf 74' lang='lat' dir='ltr'><strong>ferri.</strong></span> <span class='ocrx_word' id='word_1_649' title='bbox 3277 3536 3408 3598; x_wconf 78' lang='lat' dir='ltr'><strong>Btnv.</strong></span> 
     </span>
    </p>
   </div>
   <div class='ocr_carea' id='block_1_88' title="bbox 1886 3608 3414 3677">
    <p class='ocr_par' dir='ltr' id='par_1_88' title="bbox 1886 3608 3414 3677">
     <span class='ocr_line' id='line_1_89' title="bbox 1886 3608 3414 3677; baseline 0.005 -17"><span class='ocrx_word' id='word_1_650' title='bbox 1886 3608 2224 3662; x_wconf 81' lang='lat' dir='ltr'><strong>Matrimonia</strong></span> <span class='ocrx_word' id='word_1_651' title='bbox 2252 3623 2483 3677; x_wconf 89' lang='lat' dir='ltr'><strong>quoque,</strong></span> <span class='ocrx_word' id='word_1_652' title='bbox 2515 3618 2618 3664; x_wconf 88' lang='lat' dir='ltr'><strong>etc.</strong></span> <span class='ocrx_word' id='word_1_653' title='bbox 2649 3610 2784 3664; x_wconf 87' lang='lat' dir='ltr'><strong>Cum</strong></span> <span class='ocrx_word' id='word_1_654' title='bbox 2821 3608 2972 3671; x_wconf 86' lang='lat' dir='ltr'><strong>alibi,</strong></span> <span class='ocrx_word' id='word_1_655' title='bbox 3005 3608 3139 3664; x_wconf 91' lang='lat' dir='ltr'><strong>tum.</strong></span> <span class='ocrx_word' id='word_1_656' title='bbox 3191 3613 3242 3664; x_wconf 91' lang='lat' dir='ltr'><strong>in</strong></span> <span class='ocrx_word' id='word_1_657' title='bbox 3273 3614 3306 3667; x_wconf 82' lang='lat'><strong>5</strong></span> <span class='ocrx_word' id='word_1_658' title='bbox 3345 3614 3414 3668; x_wconf 86' lang='lat' dir='ltr'><strong>de</strong></span> 
     </span>
    </p>
   </div>
   <div class='ocr_carea' id='block_1_89' title="bbox 1815 3679 3408 3750">
    <p class='ocr_par' dir='ltr' id='par_1_89' title="bbox 1815 3679 3408 3750">
     <span class='ocr_line' id='line_1_90' title="bbox 1815 3679 3408 3750; baseline 0.003 -18"><span class='ocrx_word' id='word_1_659' title='bbox 1815 3679 1952 3748; x_wconf 87' lang='lat' dir='ltr'><strong>Rep.</strong></span> <span class='ocrx_word' id='word_1_660' title='bbox 1981 3681 2223 3747; x_wconf 86' lang='lat' dir='ltr'><strong>Disputat</strong></span> <span class='ocrx_word' id='word_1_661' title='bbox 2249 3688 2436 3750; x_wconf 84' lang='lat' dir='ltr'><strong>contra</strong></span> <span class='ocrx_word' id='word_1_662' title='bbox 2481 3682 2617 3750; x_wconf 83' lang='lat' dir='ltr'><strong>hanc</strong></span> <span class='ocrx_word' id='word_1_663' title='bbox 2660 3680 2979 3750; x_wconf 78' lang='lat' dir='ltr'><strong>Aristotcles</strong></span> <span class='ocrx_word' id='word_1_664' title='bbox 3009 3682 3059 3734; x_wconf 91' lang='lat' dir='ltr'><strong>in</strong></span> <span class='ocrx_word' id='word_1_665' title='bbox 3107 3697 3146 3734; x_wconf 88' lang='grc' dir='ltr'><strong>ιι</strong></span> <span class='ocrx_word' id='word_1_666' title='bbox 3177 3682 3243 3735; x_wconf 94' lang='lat' dir='ltr'><strong>de</strong></span> <span class='ocrx_word' id='word_1_667' title='bbox 3272 3683 3408 3750; x_wconf 87' lang='lat' dir='ltr'><strong>Rep.</strong></span> 
     </span>
    </p>
   </div>
   <div class='ocr_carea' id='block_1_90' title="bbox 1816 3748 3415 3818">
    <p class='ocr_par' dir='ltr' id='par_1_90' title="bbox 1816 3748 3415 3818">
     <span class='ocr_line' id='line_1_91' title="bbox 1816 3748 3415 3818; baseline 0.003 -14"><span class='ocrx_word' id='word_1_668' title='bbox 1816 3751 1943 3804; x_wconf 90' lang='lat' dir='ltr'><strong>item</strong></span> <span class='ocrx_word' id='word_1_669' title='bbox 1973 3765 2038 3804; x_wconf 86' lang='lat' dir='ltr'><strong>ex</strong></span> <span class='ocrx_word' id='word_1_670' title='bbox 2072 3748 2469 3803; x_wconf 82' lang='lat' dir='ltr'><strong>Ecclesiasticis</strong></span> <span class='ocrx_word' id='word_1_671' title='bbox 2499 3749 2868 3818; x_wconf 89' lang='lat' dir='ltr'><strong>Scriptoribus</strong></span> <span class='ocrx_word' id='word_1_672' title='bbox 2904 3749 3168 3806; x_wconf 69' lang='lat' dir='ltr'><strong>Eusebius</strong></span> <span class='ocrx_word' id='word_1_673' title='bbox 3198 3751 3292 3804; x_wconf 92' lang='lat' dir='ltr'><strong>lib.</strong></span> <span class='ocrx_word' id='word_1_674' title='bbox 3319 3748 3415 3808; x_wconf 74' lang='lat' dir='ltr'><strong>sit!</strong></span> 
     </span>
    </p>
   </div>
   <div class='ocr_carea' id='block_1_91' title="bbox 1816 3818 3414 3891">
    <p class='ocr_par' dir='ltr' id='par_1_91' title="bbox 1816 3818 3414 3891">
     <span class='ocr_line' id='line_1_92' title="bbox 1816 3818 3414 3891; baseline 0.003 -17"><span class='ocrx_word' id='word_1_675' title='bbox 1816 3821 1885 3874; x_wconf 91' lang='lat' dir='ltr'><strong>de</strong></span> <span class='ocrx_word' id='word_1_676' title='bbox 1918 3821 2212 3890; x_wconf 61' lang='lat' dir='ltr'><strong>Praeparat.</strong></span> <span class='ocrx_word' id='word_1_677' title='bbox 2245 3819 2476 3888; x_wconf 89' lang='lat' dir='ltr'><strong>Evang.,</strong></span> <span class='ocrx_word' id='word_1_678' title='bbox 2507 3835 2628 3890; x_wconf 87' lang='lat' dir='ltr'><strong>cap.</strong></span> <span class='ocrx_word' id='word_1_679' title='bbox 2657 3821 2744 3874; x_wconf 75' lang='grc'><strong>12.</strong></span> <span class='ocrx_word' id='word_1_680' title='bbox 2769 3818 2996 3874; x_wconf 85' lang='lat' dir='ltr'><strong>Notatur</strong></span> <span class='ocrx_word' id='word_1_681' title='bbox 3014 3823 3082 3876; x_wconf 87' lang='lat' dir='ltr'><strong>ab</strong></span> <span class='ocrx_word' id='word_1_682' title='bbox 3107 3821 3414 3891; x_wconf 82' lang='lat' dir='ltr'><strong>Epiphanio</strong></span> 
     </span>
    </p>
   </div>
   <div class='ocr_carea' id='block_1_92' title="bbox 1821 3890 3411 3963">
    <p class='ocr_par' dir='ltr' id='par_1_92' title="bbox 1821 3890 3411 3963">
     <span class='ocr_line' id='line_1_93' title="bbox 1821 3890 3411 3963; baseline 0 -17"><span class='ocrx_word' id='word_1_683' title='bbox 1821 3902 1952 3946; x_wconf 89' lang='lat' dir='ltr'><strong>tom.</strong></span> <span class='ocrx_word' id='word_1_684' title='bbox 1987 3908 2044 3953; x_wconf 88' lang='grc' dir='ltr'>ιι,</span> <span class='ocrx_word' id='word_1_685' title='bbox 2073 3891 2166 3945; x_wconf 90' lang='lat' dir='ltr'><strong>lib.</strong></span> <span class='ocrx_word' id='word_1_686' title='bbox 2191 3906 2272 3951; x_wconf 85' lang='grc' dir='ltr'>ιιι,</span> <span class='ocrx_word' id='word_1_687' title='bbox 2303 3906 2333 3944; x_wconf 92' lang='lat' dir='ltr'><strong>a</strong></span> <span class='ocrx_word' id='word_1_688' title='bbox 2363 3891 2772 3963; x_wconf 81' lang='lat' dir='ltr'><strong>Cltrysostomo,</strong></span> <span class='ocrx_word' id='word_1_689' title='bbox 2805 3890 3024 3963; x_wconf 87' lang='lat' dir='ltr'><strong>homilia</strong></span> <span class='ocrx_word' id='word_1_690' title='bbox 3054 3894 3077 3946; x_wconf 85' lang='grc'><strong>1</strong></span> <span class='ocrx_word' id='word_1_691' title='bbox 3119 3890 3170 3946; x_wconf 82' lang='grc' dir='ltr'>ιη</span> <span class='ocrx_word' id='word_1_692' title='bbox 3219 3893 3411 3947; x_wconf 86' lang='lat' dir='ltr'><strong>Matth.</strong></span> 
     </span>
    </p>
   </div>
   <div class='ocr_carea' id='block_1_93' title="bbox 1818 3961 3412 4032">
    <p class='ocr_par' dir='ltr' id='par_1_93' title="bbox 1818 3961 3412 4032">
     <span class='ocr_line' id='line_1_94' title="bbox 1818 3961 3412 4032; baseline 0.001 -14"><span class='ocrx_word' id='word_1_693' title='bbox 1818 3973 1874 4018; x_wconf 89' lang='lat' dir='ltr'><strong>et</strong></span> <span class='ocrx_word' id='word_1_694' title='bbox 1898 3963 2047 4017; x_wconf 85' lang='lat' dir='ltr'><strong>Actis</strong></span> <span class='ocrx_word' id='word_1_695' title='bbox 2076 3963 2252 4028; x_wconf 82' lang='lat' dir='ltr'><strong>capite</strong></span> <span class='ocrx_word' id='word_1_696' title='bbox 2278 3978 2336 4016; x_wconf 87' lang='grc' dir='ltr'>ιι.</span> <span class='ocrx_word' id='word_1_697' title='bbox 2365 3961 2540 4032; x_wconf 84' lang='lat' dir='ltr'><strong>Atque</strong></span> <span class='ocrx_word' id='word_1_698' title='bbox 2568 3962 2708 4017; x_wconf 82' lang='lat' dir='ltr'><strong>idem</strong></span> <span class='ocrx_word' id='word_1_699' title='bbox 2741 3961 2938 4030; x_wconf 85' lang='lat' dir='ltr'><strong>Epiph.</strong></span> <span class='ocrx_word' id='word_1_700' title='bbox 2970 3975 3007 4016; x_wconf 94' lang='lat' dir='ltr'><strong>t.</strong></span> <span class='ocrx_word' id='word_1_701' title='bbox 3039 3980 3097 4025; x_wconf 86' lang='grc' dir='ltr'>ιι,</span> <span class='ocrx_word' id='word_1_702' title='bbox 3132 3965 3168 4017; x_wconf 94' lang='grc'><strong>1.</strong></span> <span class='ocrx_word' id='word_1_703' title='bbox 3210 3980 3247 4018; x_wconf 86' lang='grc' dir='ltr'>ι.</span> <span class='ocrx_word' id='word_1_704' title='bbox 3276 3964 3412 4019; x_wconf 76' lang='grc' dir='ltr'><strong>ΒΕΤ.</strong></span> 
     </span>
    </p>
   </div>
   <div class='ocr_carea' id='block_1_94' title="bbox 1893 4032 3418 4107">
    <p class='ocr_par' dir='ltr' id='par_1_94' title="bbox 1893 4032 3418 4107">
     <span class='ocr_line' id='line_1_95' title="bbox 1893 4032 3418 4107; baseline 0 -18"><span class='ocrx_word' id='word_1_705' title='bbox 1893 4035 1954 4089; x_wconf 79' lang='lat' dir='ltr'><strong>Si</strong></span> <span class='ocrx_word' id='word_1_706' title='bbox 1981 4035 2229 4107; x_wconf 78' lang='lat' dir='ltr'><strong>patientes</strong></span> <span class='ocrx_word' id='word_1_707' title='bbox 2250 4032 2468 4107; x_wconf 88' lang='lat' dir='ltr'><strong>sunl._ln</strong></span> <span class='ocrx_word' id='word_1_708' title='bbox 2492 4033 2707 4104; x_wconf 86' lang='lat' dir='ltr'><strong>scriptis</strong></span> <span class='ocrx_word' id='word_1_709' title='bbox 2731 4035 2797 4089; x_wconf 84' lang='grc'><strong>10</strong></span> <span class='ocrx_word' id='word_1_710' title='bbox 2817 4043 2873 4088; x_wconf 89' lang='lat' dir='ltr'><strong>et</strong></span> <span class='ocrx_word' id='word_1_711' title='bbox 2893 4036 3122 4105; x_wconf 78' lang='lat' dir='ltr'><strong>vulgatis</strong></span> <span class='ocrx_word' id='word_1_712' title='bbox 3143 4035 3174 4090; x_wconf 73' lang='grc'>4</span> <span class='ocrx_word' id='word_1_713' title='bbox 3200 4035 3418 4107; x_wconf 83' lang='lat' dir='ltr'><strong>legitur,</strong></span> 
     </span>
    </p>
   </div>
   <div class='ocr_carea' id='block_1_95' title="bbox 1820 4102 2567 4178">
    <p class='ocr_par' dir='ltr' id='par_1_95' title="bbox 1820 4102 2567 4178">
     <span class='ocr_line' id='line_1_96' title="bbox 1820 4102 2567 4178; baseline -0.001 -19"><span class='ocrx_word' id='word_1_714' title='bbox 1820 4107 2091 4178; x_wconf 66' lang='lat' dir='ltr'><strong>patientes.</strong></span> <span class='ocrx_word' id='word_1_715' title='bbox 2119 4102 2279 4178; x_wconf 61' lang='lat' dir='ltr'><strong>Ald.,_</strong></span> <span class='ocrx_word' id='word_1_716' title='bbox 2293 4105 2567 4178; x_wconf 84' lang='lat' dir='ltr'><strong>sapientes.</strong></span> 
     </span>
    </p>
   </div>
   <div class='ocr_carea' id='block_1_96' title="bbox 1897 4175 3421 4245">
    <p class='ocr_par' dir='ltr' id='par_1_96' title="bbox 1897 4175 3421 4245">
     <span class='ocr_line' id='line_1_97' title="bbox 1897 4175 3421 4245; baseline 0.001 -13"><span class='ocrx_word' id='word_1_717' title='bbox 1897 4176 1964 4232; x_wconf 89' lang='lat' dir='ltr'><strong>Ut</strong></span> <span class='ocrx_word' id='word_1_718' title='bbox 1988 4178 2196 4230; x_wconf 82' lang='lat' dir='ltr'><strong>vicibus.</strong></span> <span class='ocrx_word' id='word_1_719' title='bbox 2227 4175 2315 4231; x_wconf 88' lang='lat' dir='ltr'><strong>Sic</strong></span> <span class='ocrx_word' id='word_1_720' title='bbox 2338 4177 2552 4245; x_wconf 89' lang='lat' dir='ltr'><strong>reposui</strong></span> <span class='ocrx_word' id='word_1_721' title='bbox 2576 4192 2638 4230; x_wconf 86' lang='lat' dir='ltr'><strong>ex</strong></span> <span class='ocrx_word' id='word_1_722' title='bbox 2669 4176 2983 4231; x_wconf 89' lang='lat' dir='ltr'><strong>melioribus</strong></span> <span class='ocrx_word' id='word_1_723' title='bbox 3011 4178 3220 4234; x_wconf 90' lang='lat' dir='ltr'><strong>cunctis</strong></span> <span class='ocrx_word' id='word_1_724' title='bbox 3249 4178 3421 4234; x_wconf 88' lang='lat' dir='ltr'><strong>ferme</strong></span> 
     </span>
    </p>
   </div>
   <div class='ocr_carea' id='block_1_97' title="bbox 1823 4247 3417 4320">
    <p class='ocr_par' dir='ltr' id='par_1_97' title="bbox 1823 4247 3417 4320">
     <span class='ocr_line' id='line_1_98' title="bbox 1823 4247 3417 4320; baseline 0.001 -18"><span class='ocrx_word' id='word_1_725' title='bbox 1823 4265 1952 4302; x_wconf 86' lang='lat' dir='ltr'><strong>mss.</strong></span> <span class='ocrx_word' id='word_1_726' title='bbox 1987 4260 2040 4302; x_wconf 91' lang='lat' dir='ltr'><strong>et</strong></span> <span class='ocrx_word' id='word_1_727' title='bbox 2065 4248 2097 4302; x_wconf 93' lang='lat'>9</span> <span class='ocrx_word' id='word_1_728' title='bbox 2129 4249 2510 4320; x_wconf 83' lang='lat' dir='ltr'><strong>vetustioribus</strong></span> <span class='ocrx_word' id='word_1_729' title='bbox 2541 4249 2722 4303; x_wconf 89' lang='lat' dir='ltr'><strong>editis.</strong></span> <span class='ocrx_word' id='word_1_730' title='bbox 2755 4248 2809 4302; x_wconf 88' lang='lat' dir='ltr'><strong>ltt</strong></span> <span class='ocrx_word' id='word_1_731' title='bbox 2849 4247 2879 4301; x_wconf 92' lang='lat'><strong>7</strong></span> <span class='ocrx_word' id='word_1_732' title='bbox 2911 4249 3130 4320; x_wconf 87' lang='lat' dir='ltr'><strong>scriptis</strong></span> <span class='ocrx_word' id='word_1_733' title='bbox 3161 4258 3214 4306; x_wconf 90' lang='lat' dir='ltr'><strong>et</strong></span> <span class='ocrx_word' id='word_1_734' title='bbox 3241 4251 3274 4305; x_wconf 91' lang='lat'>8</span> <span class='ocrx_word' id='word_1_735' title='bbox 3303 4265 3417 4306; x_wconf 86' lang='lat' dir='ltr'><strong>rec.</strong></span> 
     </span>
    </p>
   </div>
   <div class='ocr_carea' id='block_1_98' title="bbox 1822 4319 2504 4389">
    <p class='ocr_par' dir='ltr' id='par_1_98' title="bbox 1822 4319 2504 4389">
     <span class='ocr_line' id='line_1_99' title="bbox 1822 4319 2504 4389; baseline 0 -16"><span class='ocrx_word' id='word_1_736' title='bbox 1822 4320 2055 4389; x_wconf 85' lang='lat' dir='ltr'><strong>vulgatis</strong></span> <span class='ocrx_word' id='word_1_737' title='bbox 2081 4327 2183 4384; x_wconf 87' lang='lat' dir='ltr'><strong>est,</strong></span> <span class='ocrx_word' id='word_1_738' title='bbox 2218 4329 2263 4374; x_wconf 89' lang='lat' dir='ltr'><strong>et</strong></span> <span class='ocrx_word' id='word_1_739' title='bbox 2291 4319 2504 4373; x_wconf 81' lang='lat' dir='ltr'><strong>vicibus.</strong></span> 
     </span>
    </p>
   </div>
   <div class='ocr_carea' id='block_1_99' title="bbox 1899 4409 3424 4482">
    <p class='ocr_par' dir='ltr' id='par_1_99' title="bbox 1899 4409 3424 4482">
     <span class='ocr_line' id='line_1_100' title="bbox 1899 4409 3424 4482; baseline 0.002 -18"><span class='ocrx_word' id='word_1_740' title='bbox 1899 4411 2086 4466; x_wconf 87' lang='lat' dir='ltr'><strong>Beatas</strong></span> <span class='ocrx_word' id='word_1_741' title='bbox 2112 4412 2335 4465; x_wconf 84' lang='lat' dir='ltr'><strong>civitates</strong></span> <span class='ocrx_word' id='word_1_742' title='bbox 2358 4416 2578 4482; x_wconf 83' lang='lat' dir='ltr'><strong>futuras.</strong></span> <span class='ocrx_word' id='word_1_743' title='bbox 2612 4411 2738 4482; x_wconf 55' lang='lat' dir='ltr'><strong>Hac</strong></span> <span class='ocrx_word' id='word_1_744' title='bbox 2779 4409 3017 4482; x_wconf 80' lang='lat' dir='ltr'><strong>Socratis</strong></span> <span class='ocrx_word' id='word_1_745' title='bbox 3038 4411 3307 4482; x_wconf 89' lang='lat' dir='ltr'><strong>sententia</strong></span> <span class='ocrx_word' id='word_1_746' title='bbox 3336 4420 3424 4467; x_wconf 88' lang='lat' dir='ltr'><strong>est</strong></span> 
     </span>
    </p>
   </div>
   <div class='ocr_carea' id='block_1_100' title="bbox 3407 280 3666 336">
    <p class='ocr_par' dir='ltr' id='par_1_100' title="bbox 3407 280 3666 336">
     <span class='ocr_line' id='line_1_101' title="bbox 3407 280 3666 336; baseline -0.008 0"><span class='ocrx_word' id='word_1_747' title='bbox 3407 280 3629 336; x_wconf 48' lang='lat' dir='ltr'><strong>iterant.</strong></span> <span class='ocrx_word' id='word_1_748' title='bbox 3661 327 3666 334; x_wconf 83' lang='lat'><strong>.</strong></span> 
     </span>
    </p>
   </div>
   <div class='ocr_carea' id='block_1_101' title="bbox 3399 340 3721 383">
    <p class='ocr_par' dir='ltr' id='par_1_101' title="bbox 3399 340 3721 383">
     <span class='ocr_line' id='line_1_102' title="bbox 3399 340 3721 383; baseline -0.006 -3"><span class='ocrx_word' id='word_1_749' title='bbox 3399 340 3634 381; x_wconf 62' lang='grc' dir='ltr'><strong>ωΜνκιικκ</strong></span> <span class='ocrx_word' id='word_1_750' title='bbox 3638 349 3669 378; x_wconf 80' lang='grc' dir='ltr'><strong>ιι</strong></span> <span class='ocrx_word' id='word_1_751' title='bbox 3675 354 3721 383; x_wconf 60' lang='grc' dir='ltr'>ιι..</span> 
     </span>
    </p>
   </div>
   <div class='ocr_carea' id='block_1_102' title="bbox 103 4458 1726 4532">
    <p class='ocr_par' dir='ltr' id='par_1_102' title="bbox 103 4458 1726 4532">
     <span class='ocr_line' id='line_1_103' title="bbox 103 4458 1726 4532; baseline -0.003 -15"><span class='ocrx_word' id='word_1_752' title='bbox 103 4458 326 4519; x_wconf 77' lang='lat' dir='ltr'><strong>ratores</strong></span> <span class='ocrx_word' id='word_1_753' title='bbox 375 4465 502 4520; x_wconf 89' lang='lat' dir='ltr'><strong>dicti</strong></span> <span class='ocrx_word' id='word_1_754' title='bbox 531 4458 689 4529; x_wconf 76' lang='lat' dir='ltr'><strong>sunt,</strong></span> <span class='ocrx_word' id='word_1_755' title='bbox 722 4464 812 4532; x_wconf 91' lang='lat' dir='ltr'><strong>qui</strong></span> <span class='ocrx_word' id='word_1_756' title='bbox 859 4461 928 4516; x_wconf 87' lang='lat' dir='ltr'><strong>de</strong></span> <span class='ocrx_word' id='word_1_757' title='bbox 956 4460 1116 4515; x_wconf 88' lang='lat' dir='ltr'><strong>rebus</strong></span> <span class='ocrx_word' id='word_1_758' title='bbox 1167 4462 1388 4529; x_wconf 86' lang='lat' dir='ltr'><strong>privatis</strong></span> <span class='ocrx_word' id='word_1_759' title='bbox 1424 4458 1726 4532; x_wconf 76' lang='lat' dir='ltr'><strong>recipiendis</strong></span> 
     </span>
    </p>
   </div>
   <div class='ocr_carea' id='block_1_103' title="bbox 106 4530 1726 4606">
    <p class='ocr_par' dir='ltr' id='par_1_103' title="bbox 106 4530 1726 4606">
     <span class='ocr_line' id='line_1_104' title="bbox 106 4530 1726 4606; baseline -0.006 -14"><span class='ocrx_word' id='word_1_760' title='bbox 106 4535 531 4606; x_wconf 88' lang='lat' dir='ltr'><strong>reddendisque</strong></span> <span class='ocrx_word' id='word_1_761' title='bbox 559 4550 659 4606; x_wconf 89' lang='lat' dir='ltr'><strong>suo</strong></span> <span class='ocrx_word' id='word_1_762' title='bbox 685 4530 912 4606; x_wconf 77' lang='lat' dir='ltr'><strong>domino</strong></span> <span class='ocrx_word' id='word_1_763' title='bbox 948 4533 1090 4606; x_wconf 73' lang='lat' dir='ltr'><strong>dolo</strong></span> <span class='ocrx_word' id='word_1_764' title='bbox 1121 4547 1184 4586; x_wconf 91' lang='lat' dir='ltr'><strong>ac</strong></span> <span class='ocrx_word' id='word_1_765' title='bbox 1220 4532 1420 4606; x_wconf 78' lang='lat' dir='ltr'><strong>fraude</strong></span> <span class='ocrx_word' id='word_1_766' title='bbox 1438 4530 1726 4606; x_wconf 71' lang='lat' dir='ltr'><strong>subductis</strong></span> 
     </span>
    </p>
   </div>
   <div class='ocr_carea' id='block_1_104' title="bbox 105 4601 1483 4676">
    <p class='ocr_par' dir='ltr' id='par_1_104' title="bbox 105 4601 1483 4676">
     <span class='ocr_line' id='line_1_105' title="bbox 105 4601 1483 4676; baseline -0.008 -11"><span class='ocrx_word' id='word_1_767' title='bbox 105 4601 544 4676; x_wconf 75' lang='lat' dir='ltr'><strong>cognoscebant.</strong></span> <span class='ocrx_word' id='word_1_768' title='bbox 584 4605 726 4662; x_wconf 85' lang='lat' dir='ltr'><strong>Gell.</strong></span> <span class='ocrx_word' id='word_1_769' title='bbox 759 4619 856 4663; x_wconf 79' lang='lat' dir='ltr'><strong>xx,</strong></span> <span class='ocrx_word' id='word_1_770' title='bbox 891 4604 945 4676; x_wconf 58' lang='lat' dir='ltr'><strong>tl;</strong></span> <span class='ocrx_word' id='word_1_771' title='bbox 978 4602 1182 4668; x_wconf 83' lang='lat' dir='ltr'><strong>Livius,</strong></span> <span class='ocrx_word' id='word_1_772' title='bbox 1211 4619 1364 4664; x_wconf 75' lang='lat' dir='ltr'><strong>xxvr.</strong></span> <span class='ocrx_word' id='word_1_773' title='bbox 1395 4601 1483 4656; x_wconf 74' lang='grc'><strong>48.</strong></span> 
     </span>
    </p>
   </div>
   <div class='ocr_carea' id='block_1_105' title="bbox 105 4670 1730 4744">
    <p class='ocr_par' dir='ltr' id='par_1_105' title="bbox 105 4670 1730 4744">
     <span class='ocr_line' id='line_1_106' title="bbox 105 4670 1730 4744; baseline -0.005 -11"><span class='ocrx_word' id='word_1_774' title='bbox 105 4695 155 4738; x_wconf 51' lang='grc'><strong>³,-</strong></span> <span class='ocrx_word' id='word_1_775' title='bbox 187 4670 388 4732; x_wconf 74' lang='grc' dir='ltr'><strong>Ῥυιαι.</strong></span> <span class='ocrx_word' id='word_1_776' title='bbox 416 4677 496 4732; x_wconf 80' lang='lat' dir='ltr'><strong>Ex</strong></span> <span class='ocrx_word' id='word_1_777' title='bbox 529 4679 598 4732; x_wconf 82' lang='grc'><strong>18</strong></span> <span class='ocrx_word' id='word_1_778' title='bbox 628 4690 758 4730; x_wconf 88' lang='lat' dir='ltr'><strong>tnss.</strong></span> <span class='ocrx_word' id='word_1_779' title='bbox 788 4682 892 4741; x_wconf 90' lang='lat' dir='ltr'><strong>est,</strong></span> <span class='ocrx_word' id='word_1_780' title='bbox 919 4675 1059 4728; x_wconf 89' lang='lat' dir='ltr'><strong>inter</strong></span> <span class='ocrx_word' id='word_1_781' title='bbox 1097 4690 1234 4744; x_wconf 91' lang='lat' dir='ltr'><strong>quos</strong></span> <span class='ocrx_word' id='word_1_782' title='bbox 1277 4683 1404 4727; x_wconf 92' lang='lat' dir='ltr'><strong>sunt</strong></span> <span class='ocrx_word' id='word_1_783' title='bbox 1428 4670 1730 4729; x_wconf 88' lang='lat' dir='ltr'><strong>vetustissi-</strong></span> 
     </span>
    </p>
   </div>
   <div class='ocr_carea' id='block_1_106' title="bbox 112 4745 1419 4819">
    <p class='ocr_par' dir='ltr' id='par_1_106' title="bbox 112 4745 1419 4819">
     <span class='ocr_line' id='line_1_107' title="bbox 112 4745 1419 4819; baseline -0.008 -12"><span class='ocrx_word' id='word_1_784' title='bbox 112 4751 199 4808; x_wconf 84' lang='lat' dir='ltr'><strong>mi</strong></span> <span class='ocrx_word' id='word_1_785' title='bbox 235 4748 414 4819; x_wconf 88' lang='lat' dir='ltr'><strong>Regii.</strong></span> <span class='ocrx_word' id='word_1_786' title='bbox 442 4748 640 4802; x_wconf 63' lang='lat' dir='ltr'><strong>Caneri</strong></span> <span class='ocrx_word' id='word_1_787' title='bbox 670 4762 792 4801; x_wconf 91' lang='lat' dir='ltr'><strong>cum</strong></span> <span class='ocrx_word' id='word_1_788' title='bbox 824 4745 1224 4819; x_wconf 81' lang='lat' dir='ltr'><strong>editisltabent,</strong></span> <span class='ocrx_word' id='word_1_789' title='bbox 1258 4753 1419 4814; x_wconf 83' lang='lat' dir='ltr'><strong>putet.</strong></span> 
     </span>
    </p>
   </div>
   <div class='ocr_carea' id='block_1_107' title="bbox 199 4813 1731 4884">
    <p class='ocr_par' dir='ltr' id='par_1_107' title="bbox 199 4813 1731 4884">
     <span class='ocr_line' id='line_1_108' title="bbox 199 4813 1731 4884; baseline -0.005 -10"><span class='ocrx_word' id='word_1_790' title='bbox 199 4813 416 4874; x_wconf 70' lang='lat' dir='ltr'><strong>Fuisse.</strong></span> <span class='ocrx_word' id='word_1_791' title='bbox 447 4819 598 4874; x_wconf 82' lang='lat' dir='ltr'><strong>Haud</strong></span> <span class='ocrx_word' id='word_1_792' title='bbox 643 4833 801 4872; x_wconf 87' lang='lat' dir='ltr'><strong>secus</strong></span> <span class='ocrx_word' id='word_1_793' title='bbox 842 4817 945 4884; x_wconf 89' lang='lat' dir='ltr'><strong>legi</strong></span> <span class='ocrx_word' id='word_1_794' title='bbox 976 4815 1135 4870; x_wconf 90' lang='lat' dir='ltr'><strong>debet</strong></span> <span class='ocrx_word' id='word_1_795' title='bbox 1159 4831 1224 4871; x_wconf 84' lang='lat' dir='ltr'><strong>ex</strong></span> <span class='ocrx_word' id='word_1_796' title='bbox 1258 4813 1388 4869; x_wconf 87' lang='lat' dir='ltr'><strong>mss.</strong></span> <span class='ocrx_word' id='word_1_797' title='bbox 1417 4813 1731 4884; x_wconf 85' lang='lat' dir='ltr'><strong>antiquissi-</strong></span> 
     </span>
    </p>
   </div>
   <div class='ocr_carea' id='block_1_108' title="bbox 119 4888 1732 4959">
    <p class='ocr_par' dir='ltr' id='par_1_108' title="bbox 119 4888 1732 4959">
     <span class='ocr_line' id='line_1_109' title="bbox 119 4888 1732 4959; baseline -0.007 -10"><span class='ocrx_word' id='word_1_798' title='bbox 119 4894 287 4958; x_wconf 86' lang='lat' dir='ltr'><strong>mis.,</strong></span> <span class='ocrx_word' id='word_1_799' title='bbox 316 4892 344 4946; x_wconf 86' lang='grc'><strong>1</strong></span> <span class='ocrx_word' id='word_1_800' title='bbox 376 4892 608 4953; x_wconf 88' lang='grc' dir='ltr'>Βοιιοιι.,</span> <span class='ocrx_word' id='word_1_801' title='bbox 633 4890 671 4942; x_wconf 77' lang='lat'><strong>2</strong></span> <span class='ocrx_word' id='word_1_802' title='bbox 702 4890 834 4959; x_wconf 87' lang='lat' dir='ltr'><strong>Reg.</strong></span> <span class='ocrx_word' id='word_1_803' title='bbox 860 4889 1088 4957; x_wconf 89' lang='lat' dir='ltr'><strong>aliisque</strong></span> <span class='ocrx_word' id='word_1_804' title='bbox 1117 4888 1318 4952; x_wconf 89' lang='lat' dir='ltr'><strong>tribus;</strong></span> <span class='ocrx_word' id='word_1_805' title='bbox 1344 4888 1534 4942; x_wconf 90' lang='lat' dir='ltr'><strong>melius</strong></span> <span class='ocrx_word' id='word_1_806' title='bbox 1568 4898 1732 4956; x_wconf 86' lang='lat' dir='ltr'><strong>quam</strong></span> 
     </span>
    </p>
   </div>
   <div class='ocr_carea' id='block_1_109' title="bbox 118 4961 581 5020">
    <p class='ocr_par' dir='ltr' id='par_1_109' title="bbox 118 4961 581 5020">
     <span class='ocr_line' id='line_1_110' title="bbox 118 4961 581 5020; baseline -0.015 1"><span class='ocrx_word' id='word_1_807' title='bbox 118 4982 246 5020; x_wconf 84' lang='lat' dir='ltr'><strong>esse</strong></span> <span class='ocrx_word' id='word_1_808' title='bbox 266 4963 322 5016; x_wconf 92' lang='lat' dir='ltr'><strong>in</strong></span> <span class='ocrx_word' id='word_1_809' title='bbox 354 4961 581 5017; x_wconf 67' lang='lat' dir='ltr'><strong>caeteris.</strong></span> 
     </span>
    </p>
   </div>
   <div class='ocr_carea' id='block_1_110' title="bbox 206 5025 1734 5101">
    <p class='ocr_par' dir='ltr' id='par_1_110' title="bbox 206 5025 1734 5101">
     <span class='ocr_line' id='line_1_111' title="bbox 206 5025 1734 5101; baseline -0.005 -15"><span class='ocrx_word' id='word_1_810' title='bbox 206 5033 460 5098; x_wconf 76' lang='lat' dir='ltr'><strong>Justitite,</strong></span> <span class='ocrx_word' id='word_1_811' title='bbox 491 5044 596 5088; x_wconf 89' lang='lat' dir='ltr'><strong>etc.</strong></span> <span class='ocrx_word' id='word_1_812' title='bbox 629 5031 837 5087; x_wconf 88' lang='lat' dir='ltr'><strong>Mallem</strong></span> <span class='ocrx_word' id='word_1_813' title='bbox 882 5046 1002 5085; x_wconf 91' lang='lat' dir='ltr'><strong>cum</strong></span> <span class='ocrx_word' id='word_1_814' title='bbox 1053 5029 1254 5101; x_wconf 89' lang='lat' dir='ltr'><strong>Thysio</strong></span> <span class='ocrx_word' id='word_1_815' title='bbox 1296 5029 1476 5100; x_wconf 89' lang='lat' dir='ltr'><strong>legere</strong></span> <span class='ocrx_word' id='word_1_816' title='bbox 1519 5025 1734 5098; x_wconf 65' lang='lat' dir='ltr'><strong>aequali-</strong></span> 
     </span>
    </p>
   </div>
   <div class='ocr_carea' id='block_1_111' title="bbox 131 5101 1737 5175">
    <p class='ocr_par' dir='ltr' id='par_1_111' title="bbox 131 5101 1737 5175">
     <span class='ocr_line' id='line_1_112' title="bbox 131 5101 1737 5175; baseline -0.006 -14"><span class='ocrx_word' id='word_1_817' title='bbox 131 5117 267 5169; x_wconf 79' lang='lat' dir='ltr'><strong>tate,</strong></span> <span class='ocrx_word' id='word_1_818' title='bbox 293 5104 366 5159; x_wconf 89' lang='lat' dir='ltr'><strong>ob</strong></span> <span class='ocrx_word' id='word_1_819' title='bbox 390 5119 450 5159; x_wconf 83' lang='lat' dir='ltr'><strong>ea</strong></span> <span class='ocrx_word' id='word_1_820' title='bbox 480 5120 600 5175; x_wconf 68' lang='lat' dir='ltr'><strong>quae</strong></span> <span class='ocrx_word' id='word_1_821' title='bbox 626 5112 943 5174; x_wconf 88' lang='lat' dir='ltr'><strong>sequuntur,</strong></span> <span class='ocrx_word' id='word_1_822' title='bbox 976 5102 1089 5172; x_wconf 82' lang='lat' dir='ltr'><strong>pari</strong></span> <span class='ocrx_word' id='word_1_823' title='bbox 1115 5101 1467 5175; x_wconf 80' lang='lat' dir='ltr'><strong>conditione...</strong></span> <span class='ocrx_word' id='word_1_824' title='bbox 1498 5111 1552 5153; x_wconf 83' lang='lat' dir='ltr'><strong>ut</strong></span> <span class='ocrx_word' id='word_1_825' title='bbox 1590 5113 1737 5167; x_wconf 83' lang='lat' dir='ltr'><strong>pares</strong></span> 
     </span>
    </p>
   </div>
   <div class='ocr_carea' id='block_1_112' title="bbox 131 5173 1739 5246">
    <p class='ocr_par' dir='ltr' id='par_1_112' title="bbox 131 5173 1739 5246">
     <span class='ocr_line' id='line_1_113' title="bbox 131 5173 1739 5246; baseline -0.007 -13"><span class='ocrx_word' id='word_1_826' title='bbox 131 5193 252 5233; x_wconf 84' lang='lat' dir='ltr'><strong>esse</strong></span> <span class='ocrx_word' id='word_1_827' title='bbox 293 5173 514 5246; x_wconf 58' lang='lat' dir='ltr'><strong>possint:</strong></span> <span class='ocrx_word' id='word_1_828' title='bbox 550 5175 656 5232; x_wconf 90' lang='lat' dir='ltr'><strong>Sed</strong></span> <span class='ocrx_word' id='word_1_829' title='bbox 685 5173 736 5230; x_wconf 82' lang='lat' dir='ltr'><strong>et</strong></span> <span class='ocrx_word' id='word_1_830' title='bbox 776 5176 987 5244; x_wconf 67' lang='lat' dir='ltr'><strong>aequitas</strong></span> <span class='ocrx_word' id='word_1_831' title='bbox 1016 5189 1112 5244; x_wconf 92' lang='lat' dir='ltr'><strong>pro</strong></span> <span class='ocrx_word' id='word_1_832' title='bbox 1137 5173 1426 5246; x_wconf 60' lang='lat' dir='ltr'><strong>aequalitate</strong></span> <span class='ocrx_word' id='word_1_833' title='bbox 1450 5177 1739 5239; x_wconf 89' lang='lat' dir='ltr'><strong>usurpatur</strong></span> 
     </span>
    </p>
   </div>
   <div class='ocr_carea' id='block_1_113' title="bbox 137 5243 1739 5313">
    <p class='ocr_par' dir='ltr' id='par_1_113' title="bbox 137 5243 1739 5313">
     <span class='ocr_line' id='line_1_114' title="bbox 137 5243 1739 5313; baseline -0.005 -10"><span class='ocrx_word' id='word_1_834' title='bbox 137 5267 170 5302; x_wconf 86' lang='lat' dir='ltr'><strong>a</strong></span> <span class='ocrx_word' id='word_1_835' title='bbox 201 5243 437 5303; x_wconf 82' lang='lat' dir='ltr'><strong>Seneca.</strong></span> <span class='ocrx_word' id='word_1_836' title='bbox 468 5246 696 5301; x_wconf 69' lang='lat' dir='ltr'><strong>Iustitia:</strong></span> <span class='ocrx_word' id='word_1_837' title='bbox 719 5246 820 5298; x_wconf 82' lang='lat' dir='ltr'><strong>vim</strong></span> <span class='ocrx_word' id='word_1_838' title='bbox 836 5243 900 5298; x_wconf 79' lang='lat' dir='ltr'><strong>in</strong></span> <span class='ocrx_word' id='word_1_839' title='bbox 938 5243 1188 5313; x_wconf 74' lang='lat' dir='ltr'><strong>aequitate.</strong></span> <span class='ocrx_word' id='word_1_840' title='bbox 1214 5243 1599 5311; x_wconf 64' lang='lat' dir='ltr'><strong>IEqnalitatem</strong></span> <span class='ocrx_word' id='word_1_841' title='bbox 1640 5256 1739 5310; x_wconf 87' lang='lat' dir='ltr'><strong>ego</strong></span> 
     </span>
    </p>
   </div>
   <div class='ocr_carea' id='block_1_114' title="bbox 142 5312 1738 5388">
    <p class='ocr_par' dir='ltr' id='par_1_114' title="bbox 142 5312 1738 5388">
     <span class='ocr_line' id='line_1_115' title="bbox 142 5312 1738 5388; baseline -0.008 -13"><span class='ocrx_word' id='word_1_842' title='bbox 142 5320 366 5382; x_wconf 85' lang='lat' dir='ltr'><strong>malim,</strong></span> <span class='ocrx_word' id='word_1_843' title='bbox 385 5335 490 5373; x_wconf 91' lang='lat' dir='ltr'><strong>non</strong></span> <span class='ocrx_word' id='word_1_844' title='bbox 509 5316 650 5388; x_wconf 90' lang='lat' dir='ltr'><strong>quod</strong></span> <span class='ocrx_word' id='word_1_845' title='bbox 671 5315 916 5386; x_wconf 57' lang='lat' dir='ltr'><strong>aequitas,</strong></span> <span class='ocrx_word' id='word_1_846' title='bbox 935 5312 1052 5385; x_wconf 74' lang='lat' dir='ltr'><strong>qua:</strong></span> <span class='ocrx_word' id='word_1_847' title='bbox 1065 5315 1266 5388; x_wconf 68' lang='lat' dir='ltr'><strong>Grmcis</strong></span> <span class='ocrx_word' id='word_1_848' title='bbox 1289 5315 1506 5388; x_wconf 55' lang='grc' dir='ltr'><strong>ἐπιεικὲς</strong></span> <span class='ocrx_word' id='word_1_849' title='bbox 1521 5312 1738 5388; x_wconf 79' lang='lat' dir='ltr'><strong>dicitur,</strong></span> 
     </span>
    </p>
   </div>
   <div class='ocr_carea' id='block_1_115' title="bbox 141 5383 1742 5458">
    <p class='ocr_par' dir='ltr' id='par_1_115' title="bbox 141 5383 1742 5458">
     <span class='ocr_line' id='line_1_116' title="bbox 141 5383 1742 5458; baseline -0.007 -12"><span class='ocrx_word' id='word_1_850' title='bbox 141 5383 564 5446; x_wconf 80' lang='lat' dir='ltr'><strong>fundamentum</strong></span> <span class='ocrx_word' id='word_1_851' title='bbox 584 5383 806 5458; x_wconf 84' lang='lat' dir='ltr'><strong>justitiac</strong></span> <span class='ocrx_word' id='word_1_852' title='bbox 834 5401 938 5458; x_wconf 82' lang='lat' dir='ltr'><strong>non</strong></span> <span class='ocrx_word' id='word_1_853' title='bbox 953 5383 1062 5450; x_wconf 54' lang='lat' dir='ltr'><strong>&#39;sit,</strong></span> <span class='ocrx_word' id='word_1_854' title='bbox 1089 5399 1141 5440; x_wconf 88' lang='lat' dir='ltr'><strong>ut</strong></span> <span class='ocrx_word' id='word_1_855' title='bbox 1167 5387 1276 5458; x_wconf 84' lang='lat' dir='ltr'><strong>ipse</strong></span> <span class='ocrx_word' id='word_1_856' title='bbox 1295 5385 1468 5458; x_wconf 72' lang='lat' dir='ltr'><strong>Plato,</strong></span> <span class='ocrx_word' id='word_1_857' title='bbox 1495 5383 1661 5458; x_wconf 76' lang='lat' dir='ltr'><strong>Arist.</strong></span> <span class='ocrx_word' id='word_1_858' title='bbox 1687 5389 1742 5435; x_wconf 93' lang='lat' dir='ltr'><strong>et</strong></span> 
     </span>
    </p>
   </div>
   <div class='ocr_carea' id='block_1_116' title="bbox 152 5453 1741 5532">
    <p class='ocr_par' dir='ltr' id='par_1_116' title="bbox 152 5453 1741 5532">
     <span class='ocr_line' id='line_1_117' title="bbox 152 5453 1741 5532; baseline -0.006 -17"><span class='ocrx_word' id='word_1_859' title='bbox 152 5473 280 5532; x_wconf 89' lang='lat' dir='ltr'><strong>post</strong></span> <span class='ocrx_word' id='word_1_860' title='bbox 308 5462 411 5516; x_wconf 86' lang='lat' dir='ltr'><strong>hos</strong></span> <span class='ocrx_word' id='word_1_861' title='bbox 439 5459 552 5514; x_wconf 83' lang='lat' dir='ltr'><strong>Cic.</strong></span> <span class='ocrx_word' id='word_1_862' title='bbox 584 5453 800 5532; x_wconf 77' lang='lat' dir='ltr'><strong>quoque</strong></span> <span class='ocrx_word' id='word_1_863' title='bbox 827 5456 983 5512; x_wconf 80' lang='lat' dir='ltr'><strong>docet</strong></span> <span class='ocrx_word' id='word_1_864' title='bbox 1009 5453 1218 5532; x_wconf 84' lang='lat' dir='ltr'><strong>abu_n_de</strong></span> <span class='ocrx_word' id='word_1_865' title='bbox 1242 5473 1255 5510; x_wconf 89' lang='lat'><strong>:</strong></span> <span class='ocrx_word' id='word_1_866' title='bbox 1281 5456 1372 5532; x_wconf 85' lang='lat' dir='ltr'><strong>sed</strong></span> <span class='ocrx_word' id='word_1_867' title='bbox 1399 5453 1741 5532; x_wconf 71' lang='lat' dir='ltr'><strong>Lactantium</strong></span> 
     </span>
    </p>
   </div>
   <div class='ocr_carea' id='block_1_117' title="bbox 148 5525 1744 5597">
    <p class='ocr_par' dir='ltr' id='par_1_117' title="bbox 148 5525 1744 5597">
     <span class='ocr_line' id='line_1_118' title="bbox 148 5525 1744 5597; baseline -0.008 -7"><span class='ocrx_word' id='word_1_868' title='bbox 148 5525 207 5590; x_wconf 62' lang='grc' dir='ltr'><strong>’Ξό</strong></span> <span class='ocrx_word' id='word_1_869' title='bbox 231 5533 372 5596; x_wconf 79' lang='grc' dir='ltr'><strong>ἴσον,</strong></span> <span class='ocrx_word' id='word_1_870' title='bbox 397 5534 519 5586; x_wconf 89' lang='lat' dir='ltr'><strong>sive</strong></span> <span class='ocrx_word' id='word_1_871' title='bbox 542 5525 630 5590; x_wconf 60' lang='lat' dir='ltr'><strong>na</strong></span> <span class='ocrx_word' id='word_1_872' title='bbox 656 5529 893 5594; x_wconf 78' lang='grc' dir='ltr'><strong>ἰσότητα,</strong></span> <span class='ocrx_word' id='word_1_873' title='bbox 918 5541 1074 5597; x_wconf 91' lang='lat' dir='ltr'><strong>quam</strong></span> <span class='ocrx_word' id='word_1_874' title='bbox 1098 5527 1207 5582; x_wconf 91' lang='lat' dir='ltr'><strong>Cic.</strong></span> <span class='ocrx_word' id='word_1_875' title='bbox 1227 5528 1364 5582; x_wconf 91' lang='lat' dir='ltr'><strong>solet</strong></span> <span class='ocrx_word' id='word_1_876' title='bbox 1380 5525 1744 5596; x_wconf 71' lang='lat' dir='ltr'><strong>aequalitatem</strong></span> 
     </span>
    </p>
   </div>
   <div class='ocr_carea' id='block_1_118' title="bbox 151 5597 1744 5672">
    <p class='ocr_par' dir='ltr' id='par_1_118' title="bbox 151 5597 1744 5672">
     <span class='ocr_line' id='line_1_119' title="bbox 151 5597 1744 5672; baseline -0.008 -13"><span class='ocrx_word' id='word_1_877' title='bbox 151 5605 534 5672; x_wconf 89' lang='lat' dir='ltr'><strong>interpretari,</strong></span> <span class='ocrx_word' id='word_1_878' title='bbox 562 5599 880 5672; x_wconf 85' lang='lat' dir='ltr'><strong>intelligere,</strong></span> <span class='ocrx_word' id='word_1_879' title='bbox 909 5601 1023 5668; x_wconf 89' lang='lat' dir='ltr'><strong>ipsa</strong></span> <span class='ocrx_word' id='word_1_880' title='bbox 1053 5599 1357 5672; x_wconf 82' lang='lat' dir='ltr'><strong>communio</strong></span> <span class='ocrx_word' id='word_1_881' title='bbox 1378 5597 1445 5651; x_wconf 91' lang='lat' dir='ltr'><strong>de</strong></span> <span class='ocrx_word' id='word_1_882' title='bbox 1465 5611 1568 5672; x_wconf 82' lang='lat' dir='ltr'><strong>qua</strong></span> <span class='ocrx_word' id='word_1_883' title='bbox 1593 5609 1744 5672; x_wconf 73' lang='lat' dir='ltr'><strong>qua:-</strong></span> 
     </span>
    </p>
   </div>
   <div class='ocr_carea' id='block_1_119' title="bbox 678 5667 1747 5742">
    <p class='ocr_par' dir='ltr' id='par_1_119' title="bbox 678 5667 1747 5742">
     <span class='ocr_line' id='line_1_120' title="bbox 678 5667 1747 5742; baseline -0.006 -16"><span class='ocrx_word' id='word_1_884' title='bbox 678 5667 1013 5742; x_wconf 81' lang='lat' dir='ltr'><strong>Quamquam</strong></span> <span class='ocrx_word' id='word_1_885' title='bbox 1043 5684 1151 5725; x_wconf 89' lang='lat' dir='ltr'><strong>non</strong></span> <span class='ocrx_word' id='word_1_886' title='bbox 1188 5667 1385 5735; x_wconf 90' lang='lat' dir='ltr'><strong>desint,</strong></span> <span class='ocrx_word' id='word_1_887' title='bbox 1403 5669 1496 5739; x_wconf 91' lang='lat' dir='ltr'><strong>qui</strong></span> <span class='ocrx_word' id='word_1_888' title='bbox 1523 5667 1747 5724; x_wconf 74' lang='grc' dir='ltr'><strong>ἰσότητα</strong></span> 
     </span>
    </p>
   </div>
   <div class='ocr_carea' id='block_1_120' title="bbox 1832 4481 3418 4552">
    <p class='ocr_par' dir='ltr' id='par_1_120' title="bbox 1832 4481 3418 4552">
     <span class='ocr_line' id='line_1_121' title="bbox 1832 4481 3418 4552; baseline -0.001 -13"><span class='ocrx_word' id='word_1_889' title='bbox 1832 4486 1885 4539; x_wconf 92' lang='lat' dir='ltr'><strong>in</strong></span> <span class='ocrx_word' id='word_1_890' title='bbox 1912 4500 1941 4535; x_wconf 92' lang='lat' dir='ltr'><strong>v</strong></span> <span class='ocrx_word' id='word_1_891' title='bbox 1969 4484 2036 4538; x_wconf 90' lang='lat' dir='ltr'><strong>de</strong></span> <span class='ocrx_word' id='word_1_892' title='bbox 2063 4483 2195 4552; x_wconf 85' lang='lat' dir='ltr'><strong>Rep.</strong></span> <span class='ocrx_word' id='word_1_893' title='bbox 2233 4481 2366 4537; x_wconf 81' lang='lat' dir='ltr'><strong>Vide</strong></span> <span class='ocrx_word' id='word_1_894' title='bbox 2394 4483 2509 4536; x_wconf 75' lang='lat' dir='ltr'><strong>Uic.</strong></span> <span class='ocrx_word' id='word_1_895' title='bbox 2543 4484 2607 4535; x_wconf 90' lang='lat' dir='ltr'><strong>ad</strong></span> <span class='ocrx_word' id='word_1_896' title='bbox 2640 4481 2892 4548; x_wconf 83' lang='lat' dir='ltr'><strong>Quintum</strong></span> <span class='ocrx_word' id='word_1_897' title='bbox 2926 4481 3143 4552; x_wconf 87' lang='lat' dir='ltr'><strong>fratrem</strong></span> <span class='ocrx_word' id='word_1_898' title='bbox 3175 4481 3334 4547; x_wconf 88' lang='lat' dir='ltr'><strong>epist.</strong></span> <span class='ocrx_word' id='word_1_899' title='bbox 3366 4483 3418 4546; x_wconf 84' lang='grc'><strong>1,</strong></span> 
     </span>
    </p>
   </div>
   <div class='ocr_carea' id='block_1_121' title="bbox 1831 4550 3425 4625">
    <p class='ocr_par' dir='ltr' id='par_1_121' title="bbox 1831 4550 3425 4625">
     <span class='ocr_line' id='line_1_122' title="bbox 1831 4550 3425 4625; baseline -0.003 -14"><span class='ocrx_word' id='word_1_900' title='bbox 1831 4555 1984 4625; x_wconf 88' lang='lat' dir='ltr'><strong>cujus</strong></span> <span class='ocrx_word' id='word_1_901' title='bbox 2007 4554 2120 4608; x_wconf 64' lang='lat' dir='ltr'><strong>lucc</strong></span> <span class='ocrx_word' id='word_1_902' title='bbox 2141 4550 2268 4609; x_wconf 82' lang='lat' dir='ltr'><strong>sunt</strong></span> <span class='ocrx_word' id='word_1_903' title='bbox 2291 4553 2454 4625; x_wconf 75' lang='lat' dir='ltr'><strong>verba</strong></span> <span class='ocrx_word' id='word_1_904' title='bbox 2481 4570 2496 4605; x_wconf 85' lang='lat'><strong>:</strong></span> <span class='ocrx_word' id='word_1_905' title='bbox 2520 4553 2686 4625; x_wconf 81' lang='lat' dir='ltr'><strong>Atque</strong></span> <span class='ocrx_word' id='word_1_906' title='bbox 2719 4552 2808 4625; x_wconf 81' lang='lat' dir='ltr'><strong>ille</strong></span> <span class='ocrx_word' id='word_1_907' title='bbox 2837 4550 3042 4625; x_wconf 84' lang='lat' dir='ltr'><strong>quidem</strong></span> <span class='ocrx_word' id='word_1_908' title='bbox 3080 4552 3317 4625; x_wconf 74' lang='lat' dir='ltr'><strong>princeps</strong></span> <span class='ocrx_word' id='word_1_909' title='bbox 3342 4553 3425 4607; x_wconf 84' lang='lat' dir='ltr'><strong>in-</strong></span> 
     </span>
    </p>
   </div>
   <div class='ocr_carea' id='block_1_122' title="bbox 1831 4622 3426 4700">
    <p class='ocr_par' dir='ltr' id='par_1_122' title="bbox 1831 4622 3426 4700">
     <span class='ocr_line' id='line_1_123' title="bbox 1831 4622 3426 4700; baseline -0.002 -20"><span class='ocrx_word' id='word_1_910' title='bbox 1831 4622 1966 4700; x_wconf 86' lang='lat' dir='ltr'><strong>genii</strong></span> <span class='ocrx_word' id='word_1_911' title='bbox 1990 4636 2036 4680; x_wconf 84' lang='lat' dir='ltr'><strong>et</strong></span> <span class='ocrx_word' id='word_1_912' title='bbox 2065 4623 2499 4700; x_wconf 80' lang='lat' dir='ltr'><strong>doctrina_Plato,_</strong></span> <span class='ocrx_word' id='word_1_913' title='bbox 2526 4632 2632 4700; x_wconf 84' lang='lat' dir='ltr'><strong>tum</strong></span> <span class='ocrx_word' id='word_1_914' title='bbox 2653 4622 2869 4691; x_wconf 87' lang='lat' dir='ltr'><strong>denique</strong></span> <span class='ocrx_word' id='word_1_915' title='bbox 2894 4622 3002 4700; x_wconf 73' lang='lat' dir='ltr'><strong>[ore</strong></span> <span class='ocrx_word' id='word_1_916' title='bbox 3026 4622 3426 4700; x_wconf 72' lang='lat' dir='ltr'><strong>beatas_liespu-</strong></span> 
     </span>
    </p>
   </div>
   <div class='ocr_carea' id='block_1_123' title="bbox 1833 4693 3428 4768">
    <p class='ocr_par' dir='ltr' id='par_1_123' title="bbox 1833 4693 3428 4768">
     <span class='ocr_line' id='line_1_124' title="bbox 1833 4693 3428 4768; baseline -0.001 -16"><span class='ocrx_word' id='word_1_917' title='bbox 1833 4693 1989 4753; x_wconf 65' lang='lat' dir='ltr'><strong>blicas</strong></span> <span class='ocrx_word' id='word_1_918' title='bbox 2017 4697 2233 4768; x_wconf 88' lang='lat' dir='ltr'><strong>putavit,</strong></span> <span class='ocrx_word' id='word_1_919' title='bbox 2275 4697 2320 4749; x_wconf 84' lang='lat' dir='ltr'><strong>si</strong></span> <span class='ocrx_word' id='word_1_920' title='bbox 2350 4704 2438 4748; x_wconf 89' lang='lat' dir='ltr'><strong>aut</strong></span> <span class='ocrx_word' id='word_1_921' title='bbox 2465 4694 2632 4768; x_wconf 83' lang='lat' dir='ltr'><strong>docti,</strong></span> <span class='ocrx_word' id='word_1_922' title='bbox 2663 4703 2752 4745; x_wconf 89' lang='lat' dir='ltr'><strong>aut</strong></span> <span class='ocrx_word' id='word_1_923' title='bbox 2790 4694 3044 4761; x_wconf 84' lang='lat' dir='ltr'><strong>sapientes</strong></span> <span class='ocrx_word' id='word_1_924' title='bbox 3072 4693 3428 4768; x_wconf 57' lang='lat' dir='ltr'><strong>homineset“</strong></span> 
     </span>
    </p>
   </div>
   <div class='ocr_carea' id='block_1_124' title="bbox 1834 4765 3431 4841">
    <p class='ocr_par' dir='ltr' id='par_1_124' title="bbox 1834 4765 3431 4841">
     <span class='ocr_line' id='line_1_125' title="bbox 1834 4765 3431 4841; baseline -0.002 -18"><span class='ocrx_word' id='word_1_925' title='bbox 1834 4765 2312 4841; x_wconf 50' lang='lat' dir='ltr'><strong>reget&#39;e&#39;caepissettt,</strong></span> <span class='ocrx_word' id='word_1_926' title='bbox 2344 4775 2435 4841; x_wconf 82' lang='lat' dir='ltr'><strong>aut</strong></span> <span class='ocrx_word' id='word_1_927' title='bbox 2455 4765 2540 4841; x_wconf 80' lang='lat' dir='ltr'><strong>qui</strong></span> <span class='ocrx_word' id='word_1_928' title='bbox 2569 4774 2820 4841; x_wconf 76' lang='lat' dir='ltr'><strong>regerent,</strong></span> <span class='ocrx_word' id='word_1_929' title='bbox 2854 4780 3002 4841; x_wconf 57' lang='lat' dir='ltr'><strong>omne</strong></span> <span class='ocrx_word' id='word_1_930' title='bbox 3020 4780 3178 4841; x_wconf 25' lang='lat' dir='ltr'><strong>suum‘</strong></span> <span class='ocrx_word' id='word_1_931' title='bbox 3200 4765 3431 4841; x_wconf 82' lang='lat' dir='ltr'><strong>studium</strong></span> 
     </span>
    </p>
   </div>
   <div class='ocr_carea' id='block_1_125' title="bbox 1833 4835 3430 4906">
    <p class='ocr_par' dir='ltr' id='par_1_125' title="bbox 1833 4835 3430 4906">
     <span class='ocr_line' id='line_1_126' title="bbox 1833 4835 3430 4906; baseline -0.001 -11"><span class='ocrx_word' id='word_1_932' title='bbox 1833 4835 2152 4895; x_wconf 52' lang='lat' dir='ltr'><strong>in&#39;doctrinu</strong></span> <span class='ocrx_word' id='word_1_933' title='bbox 2185 4854 2246 4891; x_wconf 93' lang='lat' dir='ltr'><strong>ac</strong></span> <span class='ocrx_word' id='word_1_934' title='bbox 2291 4835 2543 4906; x_wconf 83' lang='lat' dir='ltr'><strong>sapientia</strong></span> <span class='ocrx_word' id='word_1_935' title='bbox 2573 4836 2928 4906; x_wconf 79' lang='lat' dir='ltr'><strong>collocassent.</strong></span> <span class='ocrx_word' id='word_1_936' title='bbox 2963 4835 3120 4890; x_wconf 85' lang='lat' dir='ltr'><strong>Extat</strong></span> <span class='ocrx_word' id='word_1_937' title='bbox 3147 4835 3213 4890; x_wconf 90' lang='lat' dir='ltr'><strong>de</strong></span> <span class='ocrx_word' id='word_1_938' title='bbox 3235 4837 3430 4893; x_wconf 88' lang='lat' dir='ltr'><strong>eodem</strong></span> 
     </span>
    </p>
   </div>
   <div class='ocr_carea' id='block_1_126' title="bbox 1837 4905 3432 4980">
    <p class='ocr_par' dir='ltr' id='par_1_126' title="bbox 1837 4905 3432 4980">
     <span class='ocr_line' id='line_1_127' title="bbox 1837 4905 3432 4980; baseline -0.003 -14"><span class='ocrx_word' id='word_1_939' title='bbox 1837 4921 2156 4980; x_wconf 87' lang='lat' dir='ltr'><strong>argumento</strong></span> <span class='ocrx_word' id='word_1_940' title='bbox 2179 4905 2392 4980; x_wconf 82' lang='lat' dir='ltr'><strong>libellus</strong></span> <span class='ocrx_word' id='word_1_941' title='bbox 2416 4905 2710 4980; x_wconf 78' lang='lat' dir='ltr'><strong>Plutarchi.</strong></span> <span class='ocrx_word' id='word_1_942' title='bbox 2742 4905 2876 4980; x_wconf 77' lang='lat' dir='ltr'><strong>Non</strong></span> <span class='ocrx_word' id='word_1_943' title='bbox 2905 4905 2956 4960; x_wconf 90' lang='lat' dir='ltr'><strong>id</strong></span> <span class='ocrx_word' id='word_1_944' title='bbox 2986 4922 3114 4961; x_wconf 86' lang='lat' dir='ltr'><strong>vero</strong></span> <span class='ocrx_word' id='word_1_945' title='bbox 3145 4907 3256 4980; x_wconf 82' lang='lat' dir='ltr'><strong>agit</strong></span> <span class='ocrx_word' id='word_1_946' title='bbox 3298 4907 3432 4963; x_wconf 87' lang='lat' dir='ltr'><strong>Lac-</strong></span> 
     </span>
    </p>
   </div>
   <div class='ocr_carea' id='block_1_127' title="bbox 1839 4976 3435 5048">
    <p class='ocr_par' dir='ltr' id='par_1_127' title="bbox 1839 4976 3435 5048">
     <span class='ocr_line' id='line_1_128' title="bbox 1839 4976 3435 5048; baseline -0.002 -11"><span class='ocrx_word' id='word_1_947' title='bbox 1839 4976 2061 5046; x_wconf 76' lang='lat' dir='ltr'><strong>tantius,</strong></span> <span class='ocrx_word' id='word_1_948' title='bbox 2089 4988 2149 5034; x_wconf 92' lang='lat' dir='ltr'><strong>ut</strong></span> <span class='ocrx_word' id='word_1_949' title='bbox 2177 4979 2302 5035; x_wconf 90' lang='lat' dir='ltr'><strong>velit</strong></span> <span class='ocrx_word' id='word_1_950' title='bbox 2329 4979 2436 5032; x_wconf 91' lang='lat' dir='ltr'><strong>hoc</strong></span> <span class='ocrx_word' id='word_1_951' title='bbox 2459 4976 2661 5032; x_wconf 82' lang='lat' dir='ltr'><strong>dictum</strong></span> <span class='ocrx_word' id='word_1_952' title='bbox 2687 4977 2995 5046; x_wconf 88' lang='lat' dir='ltr'><strong>improbare</strong></span> <span class='ocrx_word' id='word_1_953' title='bbox 3027 4997 3040 5030; x_wconf 86' lang='lat'><strong>:</strong></span> <span class='ocrx_word' id='word_1_954' title='bbox 3074 4978 3167 5032; x_wconf 91' lang='lat' dir='ltr'><strong>sed</strong></span> <span class='ocrx_word' id='word_1_955' title='bbox 3187 4976 3435 5048; x_wconf 29' lang='lat' dir='ltr'><strong>‘utappa-</strong></span> 
     </span>
    </p>
   </div>
   <div class='ocr_carea' id='block_1_128' title="bbox 1840 5048 3435 5117">
    <p class='ocr_par' dir='ltr' id='par_1_128' title="bbox 1840 5048 3435 5117">
     <span class='ocr_line' id='line_1_129' title="bbox 1840 5048 3435 5117; baseline -0.002 -9"><span class='ocrx_word' id='word_1_956' title='bbox 1840 5063 1975 5117; x_wconf 78' lang='lat' dir='ltr'><strong>reat,</strong></span> <span class='ocrx_word' id='word_1_957' title='bbox 2009 5067 2111 5108; x_wconf 92' lang='lat' dir='ltr'><strong>nec</strong></span> <span class='ocrx_word' id='word_1_958' title='bbox 2141 5051 2444 5112; x_wconf 88' lang='lat' dir='ltr'><strong>Socratem,</strong></span> <span class='ocrx_word' id='word_1_959' title='bbox 2492 5063 2592 5104; x_wconf 89' lang='lat' dir='ltr'><strong>nec</strong></span> <span class='ocrx_word' id='word_1_960' title='bbox 2638 5048 2917 5103; x_wconf 88' lang='lat' dir='ltr'><strong>Platonem</strong></span> <span class='ocrx_word' id='word_1_961' title='bbox 2971 5049 3113 5103; x_wconf 91' lang='lat' dir='ltr'><strong>inter</strong></span> <span class='ocrx_word' id='word_1_962' title='bbox 3161 5051 3435 5116; x_wconf 84' lang='lat' dir='ltr'><strong>sapientes</strong></span> 
     </span>
    </p>
   </div>
   <div class='ocr_carea' id='block_1_129' title="bbox 1840 5119 3435 5191">
    <p class='ocr_par' dir='ltr' id='par_1_129' title="bbox 1840 5119 3435 5191">
     <span class='ocr_line' id='line_1_130' title="bbox 1840 5119 3435 5191; baseline -0.004 -12"><span class='ocrx_word' id='word_1_963' title='bbox 1840 5140 1962 5180; x_wconf 88' lang='lat' dir='ltr'><strong>esse</strong></span> <span class='ocrx_word' id='word_1_964' title='bbox 1992 5122 2374 5188; x_wconf 89' lang='lat' dir='ltr'><strong>numerandos,</strong></span> <span class='ocrx_word' id='word_1_965' title='bbox 2401 5121 2562 5191; x_wconf 90' lang='lat' dir='ltr'><strong>idque</strong></span> <span class='ocrx_word' id='word_1_966' title='bbox 2591 5135 2655 5175; x_wconf 78' lang='lat' dir='ltr'><strong>ex</strong></span> <span class='ocrx_word' id='word_1_967' title='bbox 2683 5130 2917 5191; x_wconf 86' lang='lat' dir='ltr'><strong>eventu;</strong></span> <span class='ocrx_word' id='word_1_968' title='bbox 2945 5129 3000 5174; x_wconf 91' lang='lat' dir='ltr'><strong>et</strong></span> <span class='ocrx_word' id='word_1_969' title='bbox 3025 5131 3080 5172; x_wconf 93' lang='lat' dir='ltr'><strong>ut</strong></span> <span class='ocrx_word' id='word_1_970' title='bbox 3101 5120 3174 5191; x_wconf 82' lang='lat' dir='ltr'><strong>ait</strong></span> <span class='ocrx_word' id='word_1_971' title='bbox 3205 5120 3263 5191; x_wconf 85' lang='lat' dir='ltr'><strong>S.</strong></span> <span class='ocrx_word' id='word_1_972' title='bbox 3305 5119 3435 5174; x_wconf 89' lang='lat' dir='ltr'><strong>Am-</strong></span> 
     </span>
    </p>
   </div>
   <div class='ocr_carea' id='block_1_130' title="bbox 1841 5189 3435 5264">
    <p class='ocr_par' dir='ltr' id='par_1_130' title="bbox 1841 5189 3435 5264">
     <span class='ocr_line' id='line_1_131' title="bbox 1841 5189 3435 5264; baseline -0.004 -13"><span class='ocrx_word' id='word_1_973' title='bbox 1841 5197 2072 5261; x_wconf 91' lang='lat' dir='ltr'><strong>brosius,</strong></span> <span class='ocrx_word' id='word_1_974' title='bbox 2108 5194 2252 5264; x_wconf 93' lang='lat' dir='ltr'><strong>quod</strong></span> <span class='ocrx_word' id='word_1_975' title='bbox 2281 5210 2386 5248; x_wconf 91' lang='lat' dir='ltr'><strong>non</strong></span> <span class='ocrx_word' id='word_1_976' title='bbox 2415 5189 2620 5259; x_wconf 83' lang='lat' dir='ltr'><strong>veram,</strong></span> <span class='ocrx_word' id='word_1_977' title='bbox 2644 5192 2742 5264; x_wconf 88' lang='lat' dir='ltr'><strong>sed</strong></span> <span class='ocrx_word' id='word_1_978' title='bbox 2771 5189 2948 5264; x_wconf 84' lang='lat' dir='ltr'><strong>ﬁctam</strong></span> <span class='ocrx_word' id='word_1_979' title='bbox 2977 5200 3047 5264; x_wconf 90' lang='lat' dir='ltr'><strong>et_</strong></span> <span class='ocrx_word' id='word_1_980' title='bbox 3057 5189 3435 5244; x_wconf 84' lang='lat' dir='ltr'><strong>adumbratam</strong></span> 
     </span>
    </p>
   </div>
   <div class='ocr_carea' id='block_1_131' title="bbox 1841 5260 3218 5334">
    <p class='ocr_par' dir='ltr' id='par_1_131' title="bbox 1841 5260 3218 5334">
     <span class='ocr_line' id='line_1_132' title="bbox 1841 5260 3218 5334; baseline -0.005 -14"><span class='ocrx_word' id='word_1_981' title='bbox 1841 5260 2555 5334; x_wconf 59' lang='lat' dir='ltr'><strong>dumtaXat&#39;Rempublicam</strong></span> <span class='ocrx_word' id='word_1_982' title='bbox 2571 5262 2978 5333; x_wconf 79' lang='lat' dir='ltr'><strong>descripseriut.</strong></span> <span class='ocrx_word' id='word_1_983' title='bbox 3012 5260 3218 5314; x_wconf 81' lang='lat' dir='ltr'><strong>BETUL.</strong></span> 
     </span>
    </p>
   </div>
   <div class='ocr_carea' id='block_1_132' title="bbox 1920 5349 3437 5421">
    <p class='ocr_par' dir='ltr' id='par_1_132' title="bbox 1920 5349 3437 5421">
     <span class='ocr_line' id='line_1_133' title="bbox 1920 5349 3437 5421; baseline -0.001 -14"><span class='ocrx_word' id='word_1_984' title='bbox 1920 5355 2037 5421; x_wconf 84' lang='lat' dir='ltr'><strong>Qui.</strong></span> <span class='ocrx_word' id='word_1_985' title='bbox 2071 5356 2219 5410; x_wconf 85' lang='lat' dir='ltr'><strong>Hanc</strong></span> <span class='ocrx_word' id='word_1_986' title='bbox 2248 5371 2434 5410; x_wconf 91' lang='lat' dir='ltr'><strong>vocem</strong></span> <span class='ocrx_word' id='word_1_987' title='bbox 2469 5354 2678 5409; x_wconf 88' lang='lat' dir='ltr'><strong>restitui</strong></span> <span class='ocrx_word' id='word_1_988' title='bbox 2707 5370 2772 5407; x_wconf 81' lang='lat' dir='ltr'><strong>ex</strong></span> <span class='ocrx_word' id='word_1_989' title='bbox 2806 5368 2937 5408; x_wconf 89' lang='lat' dir='ltr'><strong>tnss.</strong></span> <span class='ocrx_word' id='word_1_990' title='bbox 2969 5351 3002 5406; x_wconf 80' lang='grc' dir='ltr'><strong>ϐ</strong></span> <span class='ocrx_word' id='word_1_991' title='bbox 3030 5351 3190 5421; x_wconf 87' lang='lat' dir='ltr'><strong>Reg.,</strong></span> <span class='ocrx_word' id='word_1_992' title='bbox 3223 5350 3256 5404; x_wconf 86' lang='lat'><strong>6</strong></span> <span class='ocrx_word' id='word_1_993' title='bbox 3276 5349 3437 5406; x_wconf 89' lang='lat' dir='ltr'><strong>Colb.</strong></span> 
     </span>
    </p>
   </div>
   <div class='ocr_carea' id='block_1_133' title="bbox 1845 5422 3440 5496">
    <p class='ocr_par' dir='ltr' id='par_1_133' title="bbox 1845 5422 3440 5496">
     <span class='ocr_line' id='line_1_134' title="bbox 1845 5422 3440 5496; baseline -0.001 -16"><span class='ocrx_word' id='word_1_994' title='bbox 1845 5427 2070 5496; x_wconf 87' lang='lat' dir='ltr'><strong>aliisque</strong></span> <span class='ocrx_word' id='word_1_995' title='bbox 2099 5437 2328 5496; x_wconf 88' lang='lat' dir='ltr'><strong>septem,</strong></span> <span class='ocrx_word' id='word_1_996' title='bbox 2357 5425 2516 5480; x_wconf 86' lang='lat' dir='ltr'><strong>editis</strong></span> <span class='ocrx_word' id='word_1_997' title='bbox 2553 5433 2675 5480; x_wconf 92' lang='lat' dir='ltr'><strong>octo</strong></span> <span class='ocrx_word' id='word_1_998' title='bbox 2703 5436 2814 5480; x_wconf 90' lang='lat' dir='ltr'><strong>vet.</strong></span> <span class='ocrx_word' id='word_1_999' title='bbox 2843 5433 2898 5479; x_wconf 91' lang='lat' dir='ltr'><strong>et</strong></span> <span class='ocrx_word' id='word_1_1000' title='bbox 2923 5424 2956 5478; x_wconf 82' lang='grc'>5</span> <span class='ocrx_word' id='word_1_1001' title='bbox 2986 5438 3095 5479; x_wconf 87' lang='lat' dir='ltr'><strong>rec.</strong></span> <span class='ocrx_word' id='word_1_1002' title='bbox 3131 5423 3294 5478; x_wconf 87' lang='lat' dir='ltr'><strong>Deest</strong></span> <span class='ocrx_word' id='word_1_1003' title='bbox 3323 5422 3376 5476; x_wconf 92' lang='lat' dir='ltr'><strong>in</strong></span> <span class='ocrx_word' id='word_1_1004' title='bbox 3405 5423 3440 5478; x_wconf 81' lang='lat'><strong>5</strong></span> 
     </span>
    </p>
   </div>
   <div class='ocr_carea' id='block_1_134' title="bbox 1845 5498 2650 5570">
    <p class='ocr_par' dir='ltr' id='par_1_134' title="bbox 1845 5498 2650 5570">
     <span class='ocr_line' id='line_1_135' title="bbox 1845 5498 2650 5570; baseline -0.007 -17"><span class='ocrx_word' id='word_1_1005' title='bbox 1845 5499 2028 5570; x_wconf 88' lang='lat' dir='ltr'><strong>Regiis</strong></span> <span class='ocrx_word' id='word_1_1006' title='bbox 2059 5498 2389 5566; x_wconf 83' lang='lat' dir='ltr'><strong>totidemque</strong></span> <span class='ocrx_word' id='word_1_1007' title='bbox 2414 5498 2650 5552; x_wconf 77' lang='lat' dir='ltr'><strong>excusis.</strong></span> 
     </span>
    </p>
   </div>
   <div class='ocr_carea' id='block_1_135' title="bbox 1922 5583 3439 5657">
    <p class='ocr_par' dir='ltr' id='par_1_135' title="bbox 1922 5583 3439 5657">
     <span class='ocr_line' id='line_1_136' title="bbox 1922 5583 3439 5657; baseline -0.003 -13"><span class='ocrx_word' id='word_1_1008' title='bbox 1922 5590 2088 5657; x_wconf 81' lang='lat' dir='ltr'><strong>Quam</strong></span> <span class='ocrx_word' id='word_1_1009' title='bbox 2113 5605 2228 5644; x_wconf 83' lang='lat' dir='ltr'><strong>vero</strong></span> <span class='ocrx_word' id='word_1_1010' title='bbox 2253 5590 2428 5643; x_wconf 87' lang='lat' dir='ltr'><strong>intulit</strong></span> <span class='ocrx_word' id='word_1_1011' title='bbox 2451 5589 2700 5642; x_wconf 85' lang='lat' dir='ltr'><strong>rationem</strong></span> <span class='ocrx_word' id='word_1_1012' title='bbox 2727 5586 3011 5655; x_wconf 86' lang='lat' dir='ltr'><strong>turpissimi</strong></span> <span class='ocrx_word' id='word_1_1013' title='bbox 3037 5585 3191 5655; x_wconf 87' lang='lat' dir='ltr'><strong>hujus</strong></span> <span class='ocrx_word' id='word_1_1014' title='bbox 3217 5583 3439 5640; x_wconf 83' lang='lat' dir='ltr'><strong>consilii.</strong></span> 
     </span>
    </p>
   </div>
   <div class='ocr_carea' id='block_1_136' title="bbox 154 5657 3444 5740">
    <p class='ocr_par' dir='ltr' id='par_1_136' title="bbox 154 5657 3444 5740">
     <span class='ocr_line' id='line_1_137' title="bbox 154 5657 3444 5740; baseline -0.006 -8"><span class='ocrx_word' id='word_1_1015' title='bbox 154 5657 404 5740; x_wconf 17' lang='lat' dir='ltr'><strong>stioiést,</strong></span> <span class='ocrx_word' id='word_1_1016' title='bbox 425 5657 645 5731; x_wconf 78' lang='lat' dir='ltr'><strong>evincit.</strong></span> <span class='ocrx_word' id='word_1_1017' title='bbox 678 5657 1013 5740; x_wconf 67' lang='lat' dir='ltr'><strong>Quamquam</strong></span> <span class='ocrx_word' id='word_1_1018' title='bbox 1043 5684 1151 5725; x_wconf 90' lang='lat' dir='ltr'><strong>non</strong></span> <span class='ocrx_word' id='word_1_1019' title='bbox 1188 5667 1385 5735; x_wconf 90' lang='lat' dir='ltr'><strong>desint,</strong></span> <span class='ocrx_word' id='word_1_1020' title='bbox 1403 5657 1498 5739; x_wconf 85' lang='lat' dir='ltr'><strong>qui</strong></span> <span class='ocrx_word' id='word_1_1021' title='bbox 1523 5657 1747 5724; x_wconf 62' lang='grc' dir='ltr'><strong>ἰσόίτητα</strong></span> <span class='ocrx_word' id='word_1_1022' title='bbox 1853 5663 2001 5719; x_wconf 87' lang='lat' dir='ltr'><strong>Edili</strong></span> <span class='ocrx_word' id='word_1_1023' title='bbox 2027 5672 2152 5718; x_wconf 90' lang='lat' dir='ltr'><strong>octo</strong></span> <span class='ocrx_word' id='word_1_1024' title='bbox 2186 5675 2298 5716; x_wconf 89' lang='lat' dir='ltr'><strong>rec.</strong></span> <span class='ocrx_word' id='word_1_1025' title='bbox 2332 5661 2461 5716; x_wconf 79' lang='lat' dir='ltr'><strong>Cum</strong></span> <span class='ocrx_word' id='word_1_1026' title='bbox 2488 5675 2626 5714; x_wconf 84' lang='lat' dir='ltr'><strong>vero.</strong></span> <span class='ocrx_word' id='word_1_1027' title='bbox 2659 5657 2894 5728; x_wconf 87' lang='lat' dir='ltr'><strong>Reposui</strong></span> <span class='ocrx_word' id='word_1_1028' title='bbox 2929 5657 3096 5724; x_wconf 84' lang='lat' dir='ltr'><strong>Quam</strong></span> <span class='ocrx_word' id='word_1_1029' title='bbox 3143 5657 3444 5726; x_wconf 74' lang='lat' dir='ltr'><strong>interroga~</strong></span> 
     </span>
    </p>
   </div>
  </div>
